  <div class='ocr_page' id='page_1' title='image "/cluster/home/n/w/nwhite01/storage/ocr_20150623/44/hvd.32044069687945/477.png"; bbox 0 0 3972 6178; ppageno 0'>
   <div class='ocr_carea' id='block_1_1' title="bbox 386 302 492 358">
    <p class='ocr_par' dir='ltr' id='par_1_1' title="bbox 386 302 492 358">
     <span class='ocr_line' id='line_1_1' title="bbox 386 302 492 358; baseline 0 -1"><span class='ocrx_word' id='word_1_1' title='bbox 386 302 492 358; x_wconf 70' lang='lat'><strong>955</strong></span> 
     </span>
    </p>
   </div>
   <div class='ocr_carea' id='block_1_2' title="bbox 457 384 1972 462">
    <p class='ocr_par' dir='ltr' id='par_1_2' title="bbox 457 384 1972 462">
     <span class='ocr_line' id='line_1_2' title="bbox 457 384 1972 462; baseline -0.005 -16"><span class='ocrx_word' id='word_1_2' title='bbox 457 391 548 448; x_wconf 74' lang='grc' dir='ltr'><strong>ιι.</strong></span> <span class='ocrx_word' id='word_1_3' title='bbox 589 389 654 446; x_wconf 77' lang='lat' dir='ltr'><strong>Et</strong></span> <span class='ocrx_word' id='word_1_4' title='bbox 681 389 820 462; x_wconf 85' lang='lat' dir='ltr'><strong>quod</strong></span> <span class='ocrx_word' id='word_1_5' title='bbox 857 387 1110 458; x_wconf 87' lang='lat' dir='ltr'><strong>scriptum</strong></span> <span class='ocrx_word' id='word_1_6' title='bbox 1131 396 1240 450; x_wconf 85' lang='lat' dir='ltr'><strong>est,-</strong></span> <span class='ocrx_word' id='word_1_7' title='bbox 1259 385 1398 458; x_wconf 91' lang='lat' dir='ltr'><strong>quod</strong></span> <span class='ocrx_word' id='word_1_8' title='bbox 1423 385 1526 440; x_wconf 83' lang='lat' dir='ltr'><strong>vult</strong></span> <span class='ocrx_word' id='word_1_9' title='bbox 1551 400 1722 439; x_wconf 85' lang='lat' dir='ltr'><strong>omnes</strong></span> <span class='ocrx_word' id='word_1_10' title='bbox 1745 384 1972 438; x_wconf 73' lang='lat' dir='ltr'><strong>homines</strong></span> 
     </span>
    </p>
   </div>
   <div class='ocr_carea' id='block_1_3' title="bbox 387 477 1972 555">
    <p class='ocr_par' dir='ltr' id='par_1_3' title="bbox 387 477 1972 555">
     <span class='ocr_line' id='line_1_3' title="bbox 387 477 1972 555; baseline -0.005 -17"><span class='ocrx_word' id='word_1_11' title='bbox 387 485 554 538; x_wconf 81' lang='lat' dir='ltr'><strong>salvos</strong></span> <span class='ocrx_word' id='word_1_12' title='bbox 578 483 689 553; x_wconf 71' lang='lat' dir='ltr'><strong>fieri</strong></span> <span class='ocrx_word' id='word_1_13' title='bbox 715 482 755 555; x_wconf 86' lang='grc' dir='ltr'><strong>(ι</strong></span> <span class='ocrx_word' id='word_1_14' title='bbox 785 479 916 536; x_wconf 82' lang='lat' dir='ltr'><strong>Tim.</strong></span> <span class='ocrx_word' id='word_1_15' title='bbox 933 495 991 548; x_wconf 88' lang='lat' dir='ltr'><strong>tt,</strong></span> <span class='ocrx_word' id='word_1_16' title='bbox 1013 479 1094 552; x_wconf 73' lang='grc'><strong>4).</strong></span> <span class='ocrx_word' id='word_1_17' title='bbox 1123 494 1226 534; x_wconf 91' lang='lat' dir='ltr'><strong>nec</strong></span> <span class='ocrx_word' id='word_1_18' title='bbox 1250 489 1426 534; x_wconf 88' lang='lat' dir='ltr'><strong>tamen</strong></span> <span class='ocrx_word' id='word_1_19' title='bbox 1451 493 1639 534; x_wconf 88' lang='lat' dir='ltr'><strong>omnes</strong></span> <span class='ocrx_word' id='word_1_20' title='bbox 1661 477 1790 532; x_wconf 90' lang='lat' dir='ltr'><strong>salvi</strong></span> <span class='ocrx_word' id='word_1_21' title='bbox 1819 477 1972 541; x_wconf 88' lang='lat' dir='ltr'><strong>liunt,</strong></span> 
     </span>
    </p>
   </div>
   <div class='ocr_carea' id='block_1_4' title="bbox 389 566 1977 644">
    <p class='ocr_par' dir='ltr' id='par_1_4' title="bbox 389 566 1977 644">
     <span class='ocr_line' id='line_1_4' title="bbox 389 566 1977 644; baseline -0.006 -12"><span class='ocrx_word' id='word_1_22' title='bbox 389 575 570 632; x_wconf 85' lang='lat' dir='ltr'><strong>multis</strong></span> <span class='ocrx_word' id='word_1_23' title='bbox 593 573 806 644; x_wconf 85' lang='lat' dir='ltr'><strong>quidem</strong></span> <span class='ocrx_word' id='word_1_24' title='bbox 825 571 996 628; x_wconf 86' lang='lat' dir='ltr'><strong>modis</strong></span> <span class='ocrx_word' id='word_1_25' title='bbox 1017 569 1238 642; x_wconf 76' lang='lat' dir='ltr'><strong>intelligi</strong></span> <span class='ocrx_word' id='word_1_26' title='bbox 1261 578 1454 640; x_wconf 88' lang='lat' dir='ltr'><strong>potest,</strong></span> <span class='ocrx_word' id='word_1_27' title='bbox 1480 584 1542 624; x_wconf 79' lang='lat' dir='ltr'><strong>ex</strong></span> <span class='ocrx_word' id='word_1_28' title='bbox 1575 567 1834 640; x_wconf 89' lang='lat' dir='ltr'><strong>quibusin</strong></span> <span class='ocrx_word' id='word_1_29' title='bbox 1857 566 1977 622; x_wconf 85' lang='lat' dir='ltr'><strong>aliis</strong></span> 
     </span>
    </p>
   </div>
   <div class='ocr_carea' id='block_1_5' title="bbox 389 656 1974 737">
    <p class='ocr_par' dir='ltr' id='par_1_5' title="bbox 389 656 1974 737">
     <span class='ocr_line' id='line_1_5' title="bbox 389 656 1974 737; baseline -0.008 -15"><span class='ocrx_word' id='word_1_30' title='bbox 389 665 660 737; x_wconf 83' lang='lat' dir='ltr'><strong>epusculis</strong></span> <span class='ocrx_word' id='word_1_31' title='bbox 675 663 871 720; x_wconf 89' lang='lat' dir='ltr'><strong>nostris</strong></span> <span class='ocrx_word' id='word_1_32' title='bbox 895 663 1100 733; x_wconf 88' lang='lat' dir='ltr'><strong>aliquos</strong></span> <span class='ocrx_word' id='word_1_33' title='bbox 1119 661 1655 717; x_wconf 77' lang='lat' dir='ltr'><strong>commemoravimus</strong></span> <span class='ocrx_word' id='word_1_34' title='bbox 1678 656 1974 732; x_wconf 81' lang='lat' dir='ltr'><strong>(Encltirid.</strong></span> 
     </span>
    </p>
   </div>
   <div class='ocr_carea' id='block_1_6' title="bbox 390 749 1975 827">
    <p class='ocr_par' dir='ltr' id='par_1_6' title="bbox 390 749 1975 827">
     <span class='ocr_line' id='line_1_6' title="bbox 390 749 1975 827; baseline -0.005 -17"><span class='ocrx_word' id='word_1_35' title='bbox 390 774 504 827; x_wconf 82' lang='lat' dir='ltr'><strong>cap.</strong></span> <span class='ocrx_word' id='word_1_36' title='bbox 533 756 670 821; x_wconf 76' lang='lat'><strong>105;</strong></span> <span class='ocrx_word' id='word_1_37' title='bbox 695 753 780 810; x_wconf 83' lang='lat' dir='ltr'><strong>lib.</strong></span> <span class='ocrx_word' id='word_1_38' title='bbox 801 753 872 809; x_wconf 67' lang='grc' dir='ltr'><strong>ΞΕ).</strong></span> <span class='ocrx_word' id='word_1_39' title='bbox 892 754 956 809; x_wconf 87' lang='lat' dir='ltr'><strong>de</strong></span> <span class='ocrx_word' id='word_1_40' title='bbox 980 753 1127 810; x_wconf 77' lang='lat' dir='ltr'><strong>Civil.</strong></span> <span class='ocrx_word' id='word_1_41' title='bbox 1151 751 1266 816; x_wconf 86' lang='lat' dir='ltr'><strong>Dei,</strong></span> <span class='ocrx_word' id='word_1_42' title='bbox 1293 769 1446 822; x_wconf 84' lang='lat' dir='ltr'><strong><em>capp.</em></strong></span> <span class='ocrx_word' id='word_1_43' title='bbox 1477 753 1503 807; x_wconf 75' lang='grc'>1</span> <span class='ocrx_word' id='word_1_44' title='bbox 1530 750 1659 817; x_wconf 77' lang='lat' dir='ltr'><strong>et2;</strong></span> <span class='ocrx_word' id='word_1_45' title='bbox 1682 765 1857 820; x_wconf 61' lang='grc' dir='ltr'><strong>πεῖνα,</strong></span> <span class='ocrx_word' id='word_1_46' title='bbox 1885 749 1975 804; x_wconf 86' lang='lat' dir='ltr'><strong>lib.</strong></span> 
     </span>
    </p>
   </div>
   <div class='ocr_carea' id='block_1_7' title="bbox 389 841 1973 918">
    <p class='ocr_par' dir='ltr' id='par_1_7' title="bbox 389 841 1973 918">
     <span class='ocr_line' id='line_1_7' title="bbox 389 841 1973 918; baseline -0.004 -16"><span class='ocrx_word' id='word_1_47' title='bbox 389 847 424 902; x_wconf 70' lang='grc' dir='ltr'>ι</span> <span class='ocrx_word' id='word_1_48' title='bbox 453 856 630 901; x_wconf 88' lang='lat' dir='ltr'><strong>contra</strong></span> <span class='ocrx_word' id='word_1_49' title='bbox 653 845 878 910; x_wconf 84' lang='lat' dir='ltr'><strong>Julian.,</strong></span> <span class='ocrx_word' id='word_1_50' title='bbox 904 862 1018 918; x_wconf 86' lang='lat' dir='ltr'><strong>cap.</strong></span> <span class='ocrx_word' id='word_1_51' title='bbox 1047 843 1082 901; x_wconf 88' lang='lat'><strong><em>8</em></strong></span> <span class='ocrx_word' id='word_1_52' title='bbox 1107 887 1122 912; x_wconf 97' lang='lat'><strong>,</strong></span> <span class='ocrx_word' id='word_1_53' title='bbox 1151 843 1273 916; x_wconf 89' lang='lat' dir='ltr'><strong>etc.)</strong></span> <span class='ocrx_word' id='word_1_54' title='bbox 1307 862 1320 897; x_wconf 91' lang='lat'><strong>:</strong></span> <span class='ocrx_word' id='word_1_55' title='bbox 1347 843 1442 900; x_wconf 88' lang='lat' dir='ltr'><strong>sed</strong></span> <span class='ocrx_word' id='word_1_56' title='bbox 1471 843 1554 899; x_wconf 91' lang='lat' dir='ltr'><strong>hic</strong></span> <span class='ocrx_word' id='word_1_57' title='bbox 1585 859 1747 898; x_wconf 84' lang='lat' dir='ltr'><strong>unum</strong></span> <span class='ocrx_word' id='word_1_58' title='bbox 1776 841 1973 897; x_wconf 85' lang='lat' dir='ltr'><strong>dicam.</strong></span> 
     </span>
    </p>
   </div>
   <div class='ocr_carea' id='block_1_8' title="bbox 389 934 1980 1004">
    <p class='ocr_par' dir='ltr' id='par_1_8' title="bbox 389 934 1980 1004">
     <span class='ocr_line' id='line_1_8' title="bbox 389 934 1980 1004; baseline -0.004 -11"><span class='ocrx_word' id='word_1_59' title='bbox 389 939 464 993; x_wconf 84' lang='lat' dir='ltr'><strong>Ita</strong></span> <span class='ocrx_word' id='word_1_60' title='bbox 491 939 688 994; x_wconf 89' lang='lat' dir='ltr'><strong>dictum</strong></span> <span class='ocrx_word' id='word_1_61' title='bbox 718 947 820 1004; x_wconf 91' lang='lat' dir='ltr'><strong>est,</strong></span> <span class='ocrx_word' id='word_1_62' title='bbox 855 936 1041 993; x_wconf 89' lang='lat' dir='ltr'><strong>Omnes</strong></span> <span class='ocrx_word' id='word_1_63' title='bbox 1066 937 1293 992; x_wconf 75' lang='lat' dir='ltr'><strong>homines</strong></span> <span class='ocrx_word' id='word_1_64' title='bbox 1322 936 1426 990; x_wconf 81' lang='lat' dir='ltr'><strong>vult</strong></span> <span class='ocrx_word' id='word_1_65' title='bbox 1455 936 1622 990; x_wconf 84' lang='lat' dir='ltr'><strong>salvos</strong></span> <span class='ocrx_word' id='word_1_66' title='bbox 1651 935 1783 1004; x_wconf 80' lang='lat' dir='ltr'><strong>fieri,</strong></span> <span class='ocrx_word' id='word_1_67' title='bbox 1815 942 1872 988; x_wconf 92' lang='lat' dir='ltr'><strong>ut</strong></span> <span class='ocrx_word' id='word_1_68' title='bbox 1897 934 1980 988; x_wconf 85' lang='lat' dir='ltr'><strong>itt-</strong></span> 
     </span>
    </p>
   </div>
   <div class='ocr_carea' id='block_1_9' title="bbox 391 1028 1978 1102">
    <p class='ocr_par' dir='ltr' id='par_1_9' title="bbox 391 1028 1978 1102">
     <span class='ocr_line' id='line_1_9' title="bbox 391 1028 1978 1102; baseline -0.002 -18"><span class='ocrx_word' id='word_1_69' title='bbox 391 1033 694 1102; x_wconf 80' lang='lat' dir='ltr'><strong>tclligantur</strong></span> <span class='ocrx_word' id='word_1_70' title='bbox 734 1045 923 1086; x_wconf 88' lang='lat' dir='ltr'><strong>omnes</strong></span> <span class='ocrx_word' id='word_1_71' title='bbox 976 1029 1371 1101; x_wconf 71' lang='lat' dir='ltr'><strong>prmdestiuati;</strong></span> <span class='ocrx_word' id='word_1_72' title='bbox 1425 1028 1546 1097; x_wconf 90' lang='lat' dir='ltr'><strong>quia</strong></span> <span class='ocrx_word' id='word_1_73' title='bbox 1597 1042 1758 1082; x_wconf 88' lang='lat' dir='ltr'><strong>omne</strong></span> <span class='ocrx_word' id='word_1_74' title='bbox 1810 1040 1978 1097; x_wconf 85' lang='lat' dir='ltr'><strong>genus</strong></span> 
     </span>
    </p>
   </div>
   <div class='ocr_carea' id='block_1_10' title="bbox 389 1119 1980 1182">
    <p class='ocr_par' dir='ltr' id='par_1_10' title="bbox 389 1119 1980 1182">
     <span class='ocr_line' id='line_1_10' title="bbox 389 1119 1980 1182; baseline -0.004 -4"><span class='ocrx_word' id='word_1_75' title='bbox 389 1124 664 1178; x_wconf 80' lang='lat' dir='ltr'><strong>hominum</strong></span> <span class='ocrx_word' id='word_1_76' title='bbox 693 1123 746 1178; x_wconf 91' lang='lat' dir='ltr'><strong>in</strong></span> <span class='ocrx_word' id='word_1_77' title='bbox 772 1125 852 1178; x_wconf 90' lang='lat' dir='ltr'><strong>eis</strong></span> <span class='ocrx_word' id='word_1_78' title='bbox 875 1131 976 1178; x_wconf 90' lang='lat' dir='ltr'><strong>est.</strong></span> <span class='ocrx_word' id='word_1_79' title='bbox 1003 1122 1154 1178; x_wconf 92' lang='lat' dir='ltr'><strong>Sicut</strong></span> <span class='ocrx_word' id='word_1_80' title='bbox 1177 1122 1374 1178; x_wconf 89' lang='lat' dir='ltr'><strong>dictum</strong></span> <span class='ocrx_word' id='word_1_81' title='bbox 1396 1129 1474 1176; x_wconf 88' lang='lat' dir='ltr'><strong>est</strong></span> <span class='ocrx_word' id='word_1_82' title='bbox 1499 1119 1800 1182; x_wconf 76' lang='lat' dir='ltr'><strong>Pharismis,</strong></span> <span class='ocrx_word' id='word_1_83' title='bbox 1824 1119 1980 1174; x_wconf 82' lang='lat' dir='ltr'><strong>Deci-</strong></span> 
     </span>
    </p>
   </div>
   <div class='ocr_carea' id='block_1_11' title="bbox 390 1211 1980 1285">
    <p class='ocr_par' dir='ltr' id='par_1_11' title="bbox 390 1211 1980 1285">
     <span class='ocr_line' id='line_1_11' title="bbox 390 1211 1980 1285; baseline -0.003 -16"><span class='ocrx_word' id='word_1_84' title='bbox 390 1218 541 1270; x_wconf 84' lang='lat' dir='ltr'><strong>mntis</strong></span> <span class='ocrx_word' id='word_1_85' title='bbox 564 1233 711 1270; x_wconf 89' lang='lat' dir='ltr'><strong>omne</strong></span> <span class='ocrx_word' id='word_1_86' title='bbox 734 1215 846 1270; x_wconf 88' lang='lat' dir='ltr'><strong>olus</strong></span> <span class='ocrx_word' id='word_1_87' title='bbox 867 1213 1013 1281; x_wconf 88' lang='lat' dir='ltr'><strong>(Luc.</strong></span> <span class='ocrx_word' id='word_1_88' title='bbox 1048 1230 1122 1279; x_wconf 77' lang='grc' dir='ltr'><strong>ιι,</strong></span> <span class='ocrx_word' id='word_1_89' title='bbox 1148 1213 1240 1285; x_wconf 69' lang='grc'><strong>42)</strong></span> <span class='ocrx_word' id='word_1_90' title='bbox 1267 1231 1280 1268; x_wconf 90' lang='lat'><strong>:</strong></span> <span class='ocrx_word' id='word_1_91' title='bbox 1313 1213 1400 1268; x_wconf 92' lang='lat' dir='ltr'><strong>ubi</strong></span> <span class='ocrx_word' id='word_1_92' title='bbox 1431 1227 1534 1267; x_wconf 90' lang='lat' dir='ltr'><strong>non</strong></span> <span class='ocrx_word' id='word_1_93' title='bbox 1561 1222 1642 1266; x_wconf 86' lang='lat' dir='ltr'><strong>est</strong></span> <span class='ocrx_word' id='word_1_94' title='bbox 1675 1211 1980 1280; x_wconf 80' lang='lat' dir='ltr'><strong>intelligen-</strong></span> 
     </span>
    </p>
   </div>
   <div class='ocr_carea' id='block_1_12' title="bbox 389 1303 1981 1376">
    <p class='ocr_par' dir='ltr' id='par_1_12' title="bbox 389 1303 1981 1376">
     <span class='ocr_line' id='line_1_12' title="bbox 389 1303 1981 1376; baseline -0.004 -14"><span class='ocrx_word' id='word_1_95' title='bbox 389 1306 516 1362; x_wconf 88' lang='lat' dir='ltr'><strong>dum</strong></span> <span class='ocrx_word' id='word_1_96' title='bbox 559 1307 663 1376; x_wconf 78' lang='lat' dir='ltr'><strong>nisi</strong></span> <span class='ocrx_word' id='word_1_97' title='bbox 693 1321 852 1361; x_wconf 91' lang='lat' dir='ltr'><strong>omne</strong></span> <span class='ocrx_word' id='word_1_98' title='bbox 879 1305 1022 1376; x_wconf 89' lang='lat' dir='ltr'><strong>quod</strong></span> <span class='ocrx_word' id='word_1_99' title='bbox 1071 1305 1369 1376; x_wconf 87' lang='lat' dir='ltr'><strong>habebant;</strong></span> <span class='ocrx_word' id='word_1_100' title='bbox 1416 1319 1593 1374; x_wconf 89' lang='lat' dir='ltr'><strong>neque</strong></span> <span class='ocrx_word' id='word_1_101' title='bbox 1637 1303 1778 1358; x_wconf 90' lang='lat' dir='ltr'><strong>enim</strong></span> <span class='ocrx_word' id='word_1_102' title='bbox 1821 1314 1981 1356; x_wconf 80' lang='lat' dir='ltr'><strong>omne</strong></span> 
     </span>
    </p>
   </div>
   <div class='ocr_carea' id='block_1_13' title="bbox 391 1393 1977 1469">
    <p class='ocr_par' dir='ltr' id='par_1_13' title="bbox 391 1393 1977 1469">
     <span class='ocr_line' id='line_1_13' title="bbox 391 1393 1977 1469; baseline 0 -19"><span class='ocrx_word' id='word_1_103' title='bbox 391 1399 512 1452; x_wconf 85' lang='lat' dir='ltr'><strong>olus</strong></span> <span class='ocrx_word' id='word_1_104' title='bbox 547 1397 685 1469; x_wconf 91' lang='lat' dir='ltr'><strong>quod</strong></span> <span class='ocrx_word' id='word_1_105' title='bbox 731 1405 846 1452; x_wconf 84' lang='lat' dir='ltr'><strong>erat</strong></span> <span class='ocrx_word' id='word_1_106' title='bbox 887 1397 938 1452; x_wconf 91' lang='lat' dir='ltr'><strong>in</strong></span> <span class='ocrx_word' id='word_1_107' title='bbox 974 1405 1084 1452; x_wconf 90' lang='lat' dir='ltr'><strong>toto</strong></span> <span class='ocrx_word' id='word_1_108' title='bbox 1124 1406 1389 1452; x_wconf 87' lang='lat' dir='ltr'><strong>terrarum</strong></span> <span class='ocrx_word' id='word_1_109' title='bbox 1443 1395 1573 1452; x_wconf 85' lang='lat' dir='ltr'><strong>orbe</strong></span> <span class='ocrx_word' id='word_1_110' title='bbox 1621 1393 1977 1450; x_wconf 87' lang='lat' dir='ltr'><strong>decimabant.</strong></span> 
     </span>
    </p>
   </div>
   <div class='ocr_carea' id='block_1_14' title="bbox 389 1483 1980 1552">
    <p class='ocr_par' dir='ltr' id='par_1_14' title="bbox 389 1483 1980 1552">
     <span class='ocr_line' id='line_1_14' title="bbox 389 1483 1980 1552; baseline -0.004 -8"><span class='ocrx_word' id='word_1_111' title='bbox 389 1487 692 1544; x_wconf 86' lang='lat' dir='ltr'><strong>Secundum</strong></span> <span class='ocrx_word' id='word_1_112' title='bbox 721 1488 880 1544; x_wconf 88' lang='lat' dir='ltr'><strong>istum</strong></span> <span class='ocrx_word' id='word_1_113' title='bbox 921 1487 1204 1543; x_wconf 90' lang='lat' dir='ltr'><strong>locutionis</strong></span> <span class='ocrx_word' id='word_1_114' title='bbox 1233 1486 1446 1541; x_wconf 87' lang='lat' dir='ltr'><strong>modum</strong></span> <span class='ocrx_word' id='word_1_115' title='bbox 1475 1486 1674 1542; x_wconf 88' lang='lat' dir='ltr'><strong>dictum</strong></span> <span class='ocrx_word' id='word_1_116' title='bbox 1701 1494 1804 1552; x_wconf 91' lang='lat' dir='ltr'><strong>est,</strong></span> <span class='ocrx_word' id='word_1_117' title='bbox 1833 1483 1980 1538; x_wconf 86' lang='lat' dir='ltr'><strong>Sicut</strong></span> 
     </span>
    </p>
   </div>
   <div class='ocr_carea' id='block_1_15' title="bbox 391 1575 1980 1650">
    <p class='ocr_par' dir='ltr' id='par_1_15' title="bbox 391 1575 1980 1650">
     <span class='ocr_line' id='line_1_15' title="bbox 391 1575 1980 1650; baseline -0.004 -16"><span class='ocrx_word' id='word_1_118' title='bbox 391 1589 438 1634; x_wconf 91' lang='lat' dir='ltr'><strong>et</strong></span> <span class='ocrx_word' id='word_1_119' title='bbox 457 1595 548 1650; x_wconf 90' lang='lat' dir='ltr'><strong>ego</strong></span> <span class='ocrx_word' id='word_1_120' title='bbox 575 1579 802 1633; x_wconf 85' lang='lat' dir='ltr'><strong>omnibus</strong></span> <span class='ocrx_word' id='word_1_121' title='bbox 829 1595 917 1648; x_wconf 85' lang='lat' dir='ltr'><strong>per</strong></span> <span class='ocrx_word' id='word_1_122' title='bbox 961 1579 1128 1632; x_wconf 83' lang='lat' dir='ltr'><strong>omnia</strong></span> <span class='ocrx_word' id='word_1_123' title='bbox 1151 1580 1324 1648; x_wconf 84' lang='lat' dir='ltr'><strong>placeo</strong></span> <span class='ocrx_word' id='word_1_124' title='bbox 1355 1576 1396 1650; x_wconf 85' lang='grc' dir='ltr'><strong>(Ι</strong></span> <span class='ocrx_word' id='word_1_125' title='bbox 1424 1576 1541 1631; x_wconf 84' lang='lat' dir='ltr'><strong>Cor.</strong></span> <span class='ocrx_word' id='word_1_126' title='bbox 1574 1592 1606 1631; x_wconf 73' lang='grc' dir='ltr'><strong>ι</strong></span> <span class='ocrx_word' id='word_1_127' title='bbox 1624 1616 1639 1644; x_wconf 84' lang='grc'><strong><em>,</em></strong></span> <span class='ocrx_word' id='word_1_128' title='bbox 1670 1577 1782 1648; x_wconf 77' lang='grc'><strong>55).</strong></span> <span class='ocrx_word' id='word_1_129' title='bbox 1812 1575 1980 1630; x_wconf 84' lang='lat' dir='ltr'><strong>Num-</strong></span> 
     </span>
    </p>
   </div>
   <div class='ocr_carea' id='block_1_16' title="bbox 390 1665 1981 1738">
    <p class='ocr_par' dir='ltr' id='par_1_16' title="bbox 390 1665 1981 1738">
     <span class='ocr_line' id='line_1_16' title="bbox 390 1665 1981 1738; baseline -0.002 -16"><span class='ocrx_word' id='word_1_130' title='bbox 390 1668 516 1738; x_wconf 82' lang='lat' dir='ltr'><strong>quid</strong></span> <span class='ocrx_word' id='word_1_131' title='bbox 545 1669 688 1724; x_wconf 90' lang='lat' dir='ltr'><strong>cnim</strong></span> <span class='ocrx_word' id='word_1_132' title='bbox 717 1671 806 1738; x_wconf 89' lang='lat' dir='ltr'><strong>qui</strong></span> <span class='ocrx_word' id='word_1_133' title='bbox 852 1667 954 1722; x_wconf 91' lang='lat' dir='ltr'><strong>hoc</strong></span> <span class='ocrx_word' id='word_1_134' title='bbox 996 1667 1129 1722; x_wconf 71' lang='lat' dir='ltr'><strong>dixit</strong></span> <span class='ocrx_word' id='word_1_135' title='bbox 1148 1709 1163 1736; x_wconf 92' lang='lat'><strong>,</strong></span> <span class='ocrx_word' id='word_1_136' title='bbox 1207 1667 1450 1736; x_wconf 80' lang='lat' dir='ltr'><strong>placebat</strong></span> <span class='ocrx_word' id='word_1_137' title='bbox 1477 1665 1635 1722; x_wconf 88' lang='lat' dir='ltr'><strong>etiam</strong></span> <span class='ocrx_word' id='word_1_138' title='bbox 1663 1675 1770 1720; x_wconf 91' lang='lat' dir='ltr'><strong>tam</strong></span> <span class='ocrx_word' id='word_1_139' title='bbox 1801 1666 1981 1720; x_wconf 88' lang='lat' dir='ltr'><strong>multis</strong></span> 
     </span>
    </p>
   </div>
   <div class='ocr_carea' id='block_1_17' title="bbox 392 1755 1977 1829">
    <p class='ocr_par' dir='ltr' id='par_1_17' title="bbox 392 1755 1977 1829">
     <span class='ocr_line' id='line_1_17' title="bbox 392 1755 1977 1829; baseline -0.001 -17"><span class='ocrx_word' id='word_1_140' title='bbox 392 1759 824 1829; x_wconf 90' lang='lat' dir='ltr'><strong>persecutoribus</strong></span> <span class='ocrx_word' id='word_1_141' title='bbox 852 1759 999 1813; x_wconf 78' lang='lat' dir='ltr'><strong>suis?</strong></span> <span class='ocrx_word' id='word_1_142' title='bbox 1027 1757 1132 1814; x_wconf 80' lang='lat' dir='ltr'><strong>Sed</strong></span> <span class='ocrx_word' id='word_1_143' title='bbox 1163 1757 1404 1828; x_wconf 80' lang='lat' dir='ltr'><strong>placebat</strong></span> <span class='ocrx_word' id='word_1_144' title='bbox 1430 1759 1572 1812; x_wconf 91' lang='lat' dir='ltr'><strong>omni</strong></span> <span class='ocrx_word' id='word_1_145' title='bbox 1595 1755 1781 1827; x_wconf 77' lang='lat' dir='ltr'><strong>generi</strong></span> <span class='ocrx_word' id='word_1_146' title='bbox 1803 1757 1977 1810; x_wconf 83' lang='lat' dir='ltr'><strong>homi-</strong></span> 
     </span>
    </p>
   </div>
   <div class='ocr_carea' id='block_1_18' title="bbox 391 1848 1977 1921">
    <p class='ocr_par' dir='ltr' id='par_1_18' title="bbox 391 1848 1977 1921">
     <span class='ocr_line' id='line_1_18' title="bbox 391 1848 1977 1921; baseline -0.001 -17"><span class='ocrx_word' id='word_1_147' title='bbox 391 1865 542 1916; x_wconf 89' lang='lat' dir='ltr'><strong>num,</strong></span> <span class='ocrx_word' id='word_1_148' title='bbox 565 1849 706 1921; x_wconf 86' lang='lat' dir='ltr'><strong>quod</strong></span> <span class='ocrx_word' id='word_1_149' title='bbox 734 1849 931 1904; x_wconf 81' lang='lat' dir='ltr'><strong>Christi</strong></span> <span class='ocrx_word' id='word_1_150' title='bbox 954 1849 1312 1920; x_wconf 79' lang='lat' dir='ltr'><strong>congregabat</strong></span> <span class='ocrx_word' id='word_1_151' title='bbox 1340 1848 1596 1917; x_wconf 73' lang='lat' dir='ltr'><strong>Ecdlesia,</strong></span> <span class='ocrx_word' id='word_1_152' title='bbox 1627 1849 1740 1904; x_wconf 91' lang='lat' dir='ltr'><strong>sive</strong></span> <span class='ocrx_word' id='word_1_153' title='bbox 1759 1848 1869 1920; x_wconf 90' lang='lat' dir='ltr'><strong>jam</strong></span> <span class='ocrx_word' id='word_1_154' title='bbox 1892 1848 1977 1902; x_wconf 91' lang='lat' dir='ltr'><strong>in-</strong></span> 
     </span>
    </p>
   </div>
   <div class='ocr_carea' id='block_1_19' title="bbox 392 1940 1528 2012">
    <p class='ocr_par' dir='ltr' id='par_1_19' title="bbox 392 1940 1528 2012">
     <span class='ocr_line' id='line_1_19' title="bbox 392 1940 1528 2012; baseline -0.003 -17"><span class='ocrx_word' id='word_1_155' title='bbox 392 1949 480 1996; x_wconf 86' lang='lat' dir='ltr'><strong>tus</strong></span> <span class='ocrx_word' id='word_1_156' title='bbox 509 1942 715 2012; x_wconf 86' lang='lat' dir='ltr'><strong>positis,</strong></span> <span class='ocrx_word' id='word_1_157' title='bbox 741 1941 854 1996; x_wconf 88' lang='lat' dir='ltr'><strong>sive</strong></span> <span class='ocrx_word' id='word_1_158' title='bbox 877 1940 1280 1996; x_wconf 88' lang='lat' dir='ltr'><strong>iutroducendis</strong></span> <span class='ocrx_word' id='word_1_159' title='bbox 1308 1940 1361 1994; x_wconf 89' lang='lat' dir='ltr'><strong>in</strong></span> <span class='ocrx_word' id='word_1_160' title='bbox 1387 1955 1528 1996; x_wconf 87' lang='lat' dir='ltr'><strong>eam.</strong></span> 
     </span>
    </p>
   </div>
   <div class='ocr_carea' id='block_1_20' title="bbox 461 2029 1978 2102">
    <p class='ocr_par' dir='ltr' id='par_1_20' title="bbox 461 2029 1978 2102">
     <span class='ocr_line' id='line_1_20' title="bbox 461 2029 1978 2102; baseline -0.003 -14"><span class='ocrx_word' id='word_1_161' title='bbox 461 2032 554 2088; x_wconf 65' lang='lat'><strong>45.</strong></span> <span class='ocrx_word' id='word_1_162' title='bbox 593 2030 708 2086; x_wconf 88' lang='lat' dir='ltr'><strong>Non</strong></span> <span class='ocrx_word' id='word_1_163' title='bbox 737 2040 822 2087; x_wconf 90' lang='lat' dir='ltr'><strong>est</strong></span> <span class='ocrx_word' id='word_1_164' title='bbox 847 2032 1024 2102; x_wconf 85' lang='lat' dir='ltr'><strong>itaque</strong></span> <span class='ocrx_word' id='word_1_165' title='bbox 1055 2030 1428 2097; x_wconf 84' lang='lat' dir='ltr'><strong>dubitandum,</strong></span> <span class='ocrx_word' id='word_1_166' title='bbox 1461 2029 1718 2085; x_wconf 91' lang='lat' dir='ltr'><strong>voluntati</strong></span> <span class='ocrx_word' id='word_1_167' title='bbox 1741 2029 1856 2095; x_wconf 85' lang='lat' dir='ltr'><strong>Dei,</strong></span> <span class='ocrx_word' id='word_1_168' title='bbox 1889 2032 1978 2100; x_wconf 91' lang='lat' dir='ltr'><strong>qui</strong></span> 
     </span>
    </p>
   </div>
   <div class='ocr_carea' id='block_1_21' title="bbox 391 2115 1982 2192">
    <p class='ocr_par' dir='ltr' id='par_1_21' title="bbox 391 2115 1982 2192">
     <span class='ocr_line' id='line_1_21' title="bbox 391 2115 1982 2192; baseline -0.002 -15"><span class='ocrx_word' id='word_1_169' title='bbox 391 2123 445 2177; x_wconf 91' lang='lat' dir='ltr'><strong>in</strong></span> <span class='ocrx_word' id='word_1_170' title='bbox 495 2123 634 2178; x_wconf 71' lang='lat' dir='ltr'><strong>cmlo</strong></span> <span class='ocrx_word' id='word_1_171' title='bbox 679 2115 734 2178; x_wconf 81' lang='lat' dir='ltr'><strong>et</strong></span> <span class='ocrx_word' id='word_1_172' title='bbox 782 2121 834 2177; x_wconf 91' lang='lat' dir='ltr'><strong>in</strong></span> <span class='ocrx_word' id='word_1_173' title='bbox 881 2132 1020 2178; x_wconf 88' lang='lat' dir='ltr'><strong>terra</strong></span> <span class='ocrx_word' id='word_1_174' title='bbox 1066 2122 1243 2176; x_wconf 85' lang='lat' dir='ltr'><strong>omnia</strong></span> <span class='ocrx_word' id='word_1_175' title='bbox 1287 2135 1634 2192; x_wconf 68' lang='lat' dir='ltr'><strong>quaecumque</strong></span> <span class='ocrx_word' id='word_1_176' title='bbox 1661 2119 1827 2175; x_wconf 86' lang='lat' dir='ltr'><strong>voluit</strong></span> <span class='ocrx_word' id='word_1_177' title='bbox 1857 2119 1982 2175; x_wconf 87' lang='lat' dir='ltr'><strong>fecit</strong></span> 
     </span>
    </p>
   </div>
   <div class='ocr_carea' id='block_1_22' title="bbox 396 2211 1980 2286">
    <p class='ocr_par' dir='ltr' id='par_1_22' title="bbox 396 2211 1980 2286">
     <span class='ocr_line' id='line_1_22' title="bbox 396 2211 1980 2286; baseline -0.001 -18"><span class='ocrx_word' id='word_1_178' title='bbox 396 2213 415 2284; x_wconf 95' lang='lat'><strong>(</strong></span> <span class='ocrx_word' id='word_1_179' title='bbox 441 2211 584 2268; x_wconf 85' lang='lat' dir='ltr'><strong>Psul.</strong></span> <span class='ocrx_word' id='word_1_180' title='bbox 615 2228 842 2279; x_wconf 78' lang='lat' dir='ltr'><strong>cxxxw,</strong></span> <span class='ocrx_word' id='word_1_181' title='bbox 871 2212 968 2286; x_wconf 82' lang='lat'><strong>6),</strong></span> <span class='ocrx_word' id='word_1_182' title='bbox 999 2221 1053 2269; x_wconf 88' lang='lat' dir='ltr'><strong>et</strong></span> <span class='ocrx_word' id='word_1_183' title='bbox 1077 2213 1166 2284; x_wconf 87' lang='lat' dir='ltr'><strong>qui</strong></span> <span class='ocrx_word' id='word_1_184' title='bbox 1195 2212 1356 2268; x_wconf 89' lang='lat' dir='ltr'><strong>etiam</strong></span> <span class='ocrx_word' id='word_1_185' title='bbox 1387 2211 1475 2268; x_wconf 91' lang='lat' dir='ltr'><strong>illa</strong></span> <span class='ocrx_word' id='word_1_186' title='bbox 1511 2227 1630 2284; x_wconf 76' lang='lat' dir='ltr'><strong>qua:</strong></span> <span class='ocrx_word' id='word_1_187' title='bbox 1657 2211 1828 2266; x_wconf 88' lang='lat' dir='ltr'><strong>futura</strong></span> <span class='ocrx_word' id='word_1_188' title='bbox 1855 2220 1980 2266; x_wconf 90' lang='lat' dir='ltr'><strong>sunt</strong></span> 
     </span>
    </p>
   </div>
   <div class='ocr_carea' id='block_1_23' title="bbox 391 2302 1976 2374">
    <p class='ocr_par' dir='ltr' id='par_1_23' title="bbox 391 2302 1976 2374">
     <span class='ocr_line' id='line_1_23' title="bbox 391 2302 1976 2374; baseline -0.002 -15"><span class='ocrx_word' id='word_1_189' title='bbox 391 2305 518 2361; x_wconf 90' lang='lat' dir='ltr'><strong>fecit</strong></span> <span class='ocrx_word' id='word_1_190' title='bbox 547 2305 697 2374; x_wconf 86' lang='lat' dir='ltr'><strong>(Isai.</strong></span> <span class='ocrx_word' id='word_1_191' title='bbox 732 2321 853 2369; x_wconf 73' lang='lat' dir='ltr'><strong>xcv,</strong></span> <span class='ocrx_word' id='word_1_192' title='bbox 884 2321 984 2359; x_wconf 91' lang='lat' dir='ltr'><strong>sec.</strong></span> <span class='ocrx_word' id='word_1_193' title='bbox 1024 2303 1213 2374; x_wconf 80' lang='lat' dir='ltr'><strong>LXX),</strong></span> <span class='ocrx_word' id='word_1_194' title='bbox 1258 2303 1522 2359; x_wconf 70' lang='lat' dir='ltr'><strong>humanas</strong></span> <span class='ocrx_word' id='word_1_195' title='bbox 1546 2302 1848 2358; x_wconf 83' lang='lat' dir='ltr'><strong>voluntates</strong></span> <span class='ocrx_word' id='word_1_196' title='bbox 1872 2317 1976 2356; x_wconf 88' lang='lat' dir='ltr'><strong>non</strong></span> 
     </span>
    </p>
   </div>
   <div class='ocr_carea' id='block_1_24' title="bbox 391 2391 1975 2464">
    <p class='ocr_par' dir='ltr' id='par_1_24' title="bbox 391 2391 1975 2464">
     <span class='ocr_line' id='line_1_24' title="bbox 391 2391 1975 2464; baseline 0.001 -19"><span class='ocrx_word' id='word_1_197' title='bbox 391 2409 552 2464; x_wconf 60' lang='lat' dir='ltr'><strong>[insse</strong></span> <span class='ocrx_word' id='word_1_198' title='bbox 601 2396 852 2451; x_wconf 85' lang='lat' dir='ltr'><strong>resistere</strong></span> <span class='ocrx_word' id='word_1_199' title='bbox 877 2436 892 2460; x_wconf 90' lang='lat'><strong>,</strong></span> <span class='ocrx_word' id='word_1_200' title='bbox 941 2395 1227 2464; x_wconf 80' lang='lat' dir='ltr'><strong>quominus</strong></span> <span class='ocrx_word' id='word_1_201' title='bbox 1269 2392 1424 2448; x_wconf 88' lang='lat' dir='ltr'><strong>faciat</strong></span> <span class='ocrx_word' id='word_1_202' title='bbox 1467 2393 1582 2463; x_wconf 83' lang='lat' dir='ltr'><strong>ipse</strong></span> <span class='ocrx_word' id='word_1_203' title='bbox 1623 2391 1764 2462; x_wconf 88' lang='lat' dir='ltr'><strong>quod</strong></span> <span class='ocrx_word' id='word_1_204' title='bbox 1807 2392 1919 2446; x_wconf 90' lang='lat' dir='ltr'><strong>vult</strong></span> <span class='ocrx_word' id='word_1_205' title='bbox 1961 2409 1975 2446; x_wconf 89' lang='lat'><strong>:</strong></span> 
     </span>
    </p>
   </div>
   <div class='ocr_carea' id='block_1_25' title="bbox 392 2484 1974 2557">
    <p class='ocr_par' dir='ltr' id='par_1_25' title="bbox 392 2484 1974 2557">
     <span class='ocr_line' id='line_1_25' title="bbox 392 2484 1974 2557; baseline -0.001 -17"><span class='ocrx_word' id='word_1_206' title='bbox 392 2486 822 2557; x_wconf 87' lang='lat' dir='ltr'><strong>quandoquidem</strong></span> <span class='ocrx_word' id='word_1_207' title='bbox 847 2486 1008 2540; x_wconf 87' lang='lat' dir='ltr'><strong>etiam</strong></span> <span class='ocrx_word' id='word_1_208' title='bbox 1037 2485 1105 2540; x_wconf 90' lang='lat' dir='ltr'><strong>de</strong></span> <span class='ocrx_word' id='word_1_209' title='bbox 1135 2485 1262 2554; x_wconf 83' lang='lat' dir='ltr'><strong>ipsis</strong></span> <span class='ocrx_word' id='word_1_210' title='bbox 1293 2484 1567 2540; x_wconf 85' lang='lat' dir='ltr'><strong>hominum</strong></span> <span class='ocrx_word' id='word_1_211' title='bbox 1597 2484 1974 2548; x_wconf 84' lang='lat' dir='ltr'><strong>voluntatibus,</strong></span> 
     </span>
    </p>
   </div>
   <div class='ocr_carea' id='block_1_26' title="bbox 395 2574 1978 2648">
    <p class='ocr_par' dir='ltr' id='par_1_26' title="bbox 395 2574 1978 2648">
     <span class='ocr_line' id='line_1_26' title="bbox 395 2574 1978 2648; baseline -0.001 -17"><span class='ocrx_word' id='word_1_212' title='bbox 395 2579 540 2648; x_wconf 89' lang='lat' dir='ltr'><strong>quod</strong></span> <span class='ocrx_word' id='word_1_213' title='bbox 570 2578 715 2642; x_wconf 90' lang='lat' dir='ltr'><strong>vult,</strong></span> <span class='ocrx_word' id='word_1_214' title='bbox 745 2592 867 2632; x_wconf 87' lang='lat' dir='ltr'><strong>cum</strong></span> <span class='ocrx_word' id='word_1_215' title='bbox 910 2577 1054 2643; x_wconf 87' lang='lat' dir='ltr'><strong>vult,</strong></span> <span class='ocrx_word' id='word_1_216' title='bbox 1087 2575 1216 2632; x_wconf 84' lang='lat' dir='ltr'><strong>facit</strong></span> <span class='ocrx_word' id='word_1_217' title='bbox 1267 2575 1376 2632; x_wconf 84' lang='lat' dir='ltr'><strong>Nisi</strong></span> <span class='ocrx_word' id='word_1_218' title='bbox 1407 2574 1546 2632; x_wconf 86' lang='lat' dir='ltr'><strong>forte</strong></span> <span class='ocrx_word' id='word_1_219' title='bbox 1579 2579 1681 2647; x_wconf 83' lang='lat' dir='ltr'><strong>(ut</strong></span> <span class='ocrx_word' id='word_1_220' title='bbox 1701 2591 1767 2630; x_wconf 80' lang='lat' dir='ltr'><strong>ex</strong></span> <span class='ocrx_word' id='word_1_221' title='bbox 1797 2576 1978 2630; x_wconf 89' lang='lat' dir='ltr'><strong>multis</strong></span> 
     </span>
    </p>
   </div>
   <div class='ocr_carea' id='block_1_27' title="bbox 392 2667 1981 2742">
    <p class='ocr_par' dir='ltr' id='par_1_27' title="bbox 392 2667 1981 2742">
     <span class='ocr_line' id='line_1_27' title="bbox 392 2667 1981 2742; baseline 0.001 -20"><span class='ocrx_word' id='word_1_222' title='bbox 392 2670 568 2740; x_wconf 85' lang='lat' dir='ltr'><strong>aliqua</strong></span> <span class='ocrx_word' id='word_1_223' title='bbox 598 2667 1053 2742; x_wconf 86' lang='lat' dir='ltr'><strong>commemorem)</strong></span> <span class='ocrx_word' id='word_1_224' title='bbox 1079 2667 1292 2738; x_wconf 86' lang='lat' dir='ltr'><strong>quando</strong></span> <span class='ocrx_word' id='word_1_225' title='bbox 1323 2667 1464 2722; x_wconf 88' lang='lat' dir='ltr'><strong>Deus</strong></span> <span class='ocrx_word' id='word_1_226' title='bbox 1495 2667 1662 2722; x_wconf 83' lang='lat' dir='ltr'><strong>voluit</strong></span> <span class='ocrx_word' id='word_1_227' title='bbox 1705 2668 1852 2724; x_wconf 73' lang='lat' dir='ltr'><strong>Sauli</strong></span> <span class='ocrx_word' id='word_1_228' title='bbox 1895 2683 1981 2723; x_wconf 88' lang='lat' dir='ltr'><strong>re-</strong></span> 
     </span>
    </p>
   </div>
   <div class='ocr_carea' id='block_1_28' title="bbox 390 2757 1978 2832">
    <p class='ocr_par' dir='ltr' id='par_1_28' title="bbox 390 2757 1978 2832">
     <span class='ocr_line' id='line_1_28' title="bbox 390 2757 1978 2832; baseline 0.002 -20"><span class='ocrx_word' id='word_1_229' title='bbox 390 2777 550 2832; x_wconf 84' lang='lat' dir='ltr'><strong>gnum</strong></span> <span class='ocrx_word' id='word_1_230' title='bbox 580 2761 728 2827; x_wconf 86' lang='lat' dir='ltr'><strong>dare,</strong></span> <span class='ocrx_word' id='word_1_231' title='bbox 753 2761 830 2815; x_wconf 88' lang='lat' dir='ltr'><strong>sic</strong></span> <span class='ocrx_word' id='word_1_232' title='bbox 855 2769 972 2816; x_wconf 87' lang='lat' dir='ltr'><strong>erat</strong></span> <span class='ocrx_word' id='word_1_233' title='bbox 997 2761 1046 2814; x_wconf 90' lang='lat' dir='ltr'><strong>in</strong></span> <span class='ocrx_word' id='word_1_234' title='bbox 1075 2768 1344 2832; x_wconf 80' lang='lat' dir='ltr'><strong>potestate</strong></span> <span class='ocrx_word' id='word_1_235' title='bbox 1367 2758 1722 2814; x_wconf 85' lang='lat' dir='ltr'><strong>lsraclitarum</strong></span> <span class='ocrx_word' id='word_1_236' title='bbox 1749 2757 1978 2815; x_wconf 87' lang='lat' dir='ltr'><strong>subdere</strong></span> 
     </span>
    </p>
   </div>
   <div class='ocr_carea' id='block_1_29' title="bbox 391 2848 1976 2922">
    <p class='ocr_par' dir='ltr' id='par_1_29' title="bbox 391 2848 1976 2922">
     <span class='ocr_line' id='line_1_29' title="bbox 391 2848 1976 2922; baseline 0 -17"><span class='ocrx_word' id='word_1_237' title='bbox 391 2865 451 2906; x_wconf 87' lang='lat' dir='ltr'><strong>se</strong></span> <span class='ocrx_word' id='word_1_238' title='bbox 493 2860 788 2906; x_wconf 89' lang='lat' dir='ltr'><strong>memorato</strong></span> <span class='ocrx_word' id='word_1_239' title='bbox 811 2853 945 2913; x_wconf 88' lang='lat' dir='ltr'><strong>viro.</strong></span> <span class='ocrx_word' id='word_1_240' title='bbox 989 2849 1102 2905; x_wconf 86' lang='lat' dir='ltr'><strong>sive</strong></span> <span class='ocrx_word' id='word_1_241' title='bbox 1131 2864 1236 2904; x_wconf 90' lang='lat' dir='ltr'><strong>non</strong></span> <span class='ocrx_word' id='word_1_242' title='bbox 1265 2848 1511 2916; x_wconf 83' lang='lat' dir='ltr'><strong>subdere,</strong></span> <span class='ocrx_word' id='word_1_243' title='bbox 1549 2849 1689 2920; x_wconf 90' lang='lat' dir='ltr'><strong>quod</strong></span> <span class='ocrx_word' id='word_1_244' title='bbox 1717 2850 1897 2922; x_wconf 85' lang='lat' dir='ltr'><strong>utique</strong></span> <span class='ocrx_word' id='word_1_245' title='bbox 1925 2851 1976 2906; x_wconf 88' lang='lat' dir='ltr'><strong>in</strong></span> 
     </span>
    </p>
   </div>
   <div class='ocr_carea' id='block_1_30' title="bbox 391 2940 1976 3013">
    <p class='ocr_par' dir='ltr' id='par_1_30' title="bbox 391 2940 1976 3013">
     <span class='ocr_line' id='line_1_30' title="bbox 391 2940 1976 3013; baseline 0 -17"><span class='ocrx_word' id='word_1_246' title='bbox 391 2956 578 2997; x_wconf 88' lang='lat' dir='ltr'><strong>eorum</strong></span> <span class='ocrx_word' id='word_1_247' title='bbox 601 2949 716 2998; x_wconf 89' lang='lat' dir='ltr'><strong>erat</strong></span> <span class='ocrx_word' id='word_1_248' title='bbox 742 2941 976 3013; x_wconf 86' lang='lat' dir='ltr'><strong>positum</strong></span> <span class='ocrx_word' id='word_1_249' title='bbox 1008 2941 1305 3005; x_wconf 87' lang='lat' dir='ltr'><strong>voluntate,</strong></span> <span class='ocrx_word' id='word_1_250' title='bbox 1337 2948 1392 2995; x_wconf 90' lang='lat' dir='ltr'><strong>ut</strong></span> <span class='ocrx_word' id='word_1_251' title='bbox 1419 2940 1578 2996; x_wconf 86' lang='lat' dir='ltr'><strong>etiam</strong></span> <span class='ocrx_word' id='word_1_252' title='bbox 1610 2940 1717 2996; x_wconf 91' lang='lat' dir='ltr'><strong>Deo</strong></span> <span class='ocrx_word' id='word_1_253' title='bbox 1743 2940 1976 2996; x_wconf 85' lang='lat' dir='ltr'><strong>valerent</strong></span> 
     </span>
    </p>
   </div>
   <div class='ocr_carea' id='block_1_31' title="bbox 395 3031 1976 3104">
    <p class='ocr_par' dir='ltr' id='par_1_31' title="bbox 395 3031 1976 3104">
     <span class='ocr_line' id='line_1_31' title="bbox 395 3031 1976 3104; baseline 0.001 -17"><span class='ocrx_word' id='word_1_254' title='bbox 395 3036 668 3090; x_wconf 84' lang='lat' dir='ltr'><strong>resistere.</strong></span> <span class='ocrx_word' id='word_1_255' title='bbox 701 3034 805 3101; x_wconf 92' lang='lat' dir='ltr'><strong>Qui</strong></span> <span class='ocrx_word' id='word_1_256' title='bbox 831 3043 1008 3090; x_wconf 87' lang='lat' dir='ltr'><strong>tamen</strong></span> <span class='ocrx_word' id='word_1_257' title='bbox 1032 3033 1134 3088; x_wconf 90' lang='lat' dir='ltr'><strong>hoc</strong></span> <span class='ocrx_word' id='word_1_258' title='bbox 1163 3048 1267 3088; x_wconf 89' lang='lat' dir='ltr'><strong>non</strong></span> <span class='ocrx_word' id='word_1_259' title='bbox 1309 3031 1453 3100; x_wconf 88' lang='lat' dir='ltr'><strong>fecit,</strong></span> <span class='ocrx_word' id='word_1_260' title='bbox 1481 3033 1584 3087; x_wconf 92' lang='lat' dir='ltr'><strong>nisi</strong></span> <span class='ocrx_word' id='word_1_261' title='bbox 1613 3047 1708 3102; x_wconf 92' lang='lat' dir='ltr'><strong>per</strong></span> <span class='ocrx_word' id='word_1_262' title='bbox 1736 3033 1976 3104; x_wconf 85' lang='lat' dir='ltr'><strong>ipsorum</strong></span> 
     </span>
    </p>
   </div>
   <div class='ocr_carea' id='block_1_32' title="bbox 393 3124 1976 3190">
    <p class='ocr_par' dir='ltr' id='par_1_32' title="bbox 393 3124 1976 3190">
     <span class='ocr_line' id='line_1_32' title="bbox 393 3124 1976 3190; baseline 0.001 -11"><span class='ocrx_word' id='word_1_263' title='bbox 393 3125 668 3182; x_wconf 81' lang='lat' dir='ltr'><strong>hominum</strong></span> <span class='ocrx_word' id='word_1_264' title='bbox 697 3127 1031 3190; x_wconf 80' lang='lat' dir='ltr'><strong>voluntates,</strong></span> <span class='ocrx_word' id='word_1_265' title='bbox 1059 3125 1176 3180; x_wconf 84' lang='lat' dir='ltr'><strong>sine</strong></span> <span class='ocrx_word' id='word_1_266' title='bbox 1203 3124 1366 3180; x_wconf 90' lang='lat' dir='ltr'><strong>dubio</strong></span> <span class='ocrx_word' id='word_1_267' title='bbox 1394 3124 1595 3182; x_wconf 86' lang='lat' dir='ltr'><strong>habens</strong></span> <span class='ocrx_word' id='word_1_268' title='bbox 1626 3125 1976 3180; x_wconf 78' lang='lat' dir='ltr'><strong>humanorum</strong></span> 
     </span>
    </p>
   </div>
   <div class='ocr_carea' id='block_1_33' title="bbox 393 3215 1978 3288">
    <p class='ocr_par' dir='ltr' id='par_1_33' title="bbox 393 3215 1978 3288">
     <span class='ocr_line' id='line_1_33' title="bbox 393 3215 1978 3288; baseline -0.002 -14"><span class='ocrx_word' id='word_1_269' title='bbox 393 3218 634 3274; x_wconf 90' lang='lat' dir='ltr'><strong>cordium</strong></span> <span class='ocrx_word' id='word_1_270' title='bbox 659 3234 765 3288; x_wconf 92' lang='lat' dir='ltr'><strong>quo</strong></span> <span class='ocrx_word' id='word_1_271' title='bbox 792 3218 1027 3288; x_wconf 87' lang='lat' dir='ltr'><strong>placeret</strong></span> <span class='ocrx_word' id='word_1_272' title='bbox 1067 3215 1491 3272; x_wconf 82' lang='lat' dir='ltr'><strong>inclinandorum</strong></span> <span class='ocrx_word' id='word_1_273' title='bbox 1518 3217 1978 3287; x_wconf 69' lang='lat' dir='ltr'><strong>omnipotentissi—</strong></span> 
     </span>
    </p>
   </div>
   <div class='ocr_carea' id='block_1_34' title="bbox 396 3307 1979 3380">
    <p class='ocr_par' dir='ltr' id='par_1_34' title="bbox 396 3307 1979 3380">
     <span class='ocr_line' id='line_1_34' title="bbox 396 3307 1979 3380; baseline -0.002 -14"><span class='ocrx_word' id='word_1_274' title='bbox 396 3324 538 3366; x_wconf 86' lang='lat' dir='ltr'><strong>mam</strong></span> <span class='ocrx_word' id='word_1_275' title='bbox 583 3317 923 3380; x_wconf 86' lang='lat' dir='ltr'><strong>potestatem.</strong></span> <span class='ocrx_word' id='word_1_276' title='bbox 962 3308 1052 3362; x_wconf 86' lang='lat' dir='ltr'><strong>Sic</strong></span> <span class='ocrx_word' id='word_1_277' title='bbox 1082 3309 1224 3362; x_wconf 89' lang='lat' dir='ltr'><strong>enim</strong></span> <span class='ocrx_word' id='word_1_278' title='bbox 1255 3307 1511 3378; x_wconf 89' lang='lat' dir='ltr'><strong>scriptum</strong></span> <span class='ocrx_word' id='word_1_279' title='bbox 1539 3317 1654 3376; x_wconf 88' lang='lat' dir='ltr'><strong>est,</strong></span> <span class='ocrx_word' id='word_1_280' title='bbox 1693 3307 1762 3361; x_wconf 80' lang='lat' dir='ltr'><strong>Et</strong></span> <span class='ocrx_word' id='word_1_281' title='bbox 1791 3309 1979 3363; x_wconf 76' lang='lat' dir='ltr'><strong>dimisit</strong></span> 
     </span>
    </p>
   </div>
   <div class='ocr_carea' id='block_1_35' title="bbox 394 3399 1980 3471">
    <p class='ocr_par' dir='ltr' id='par_1_35' title="bbox 394 3399 1980 3471">
     <span class='ocr_line' id='line_1_35' title="bbox 394 3399 1980 3471; baseline -0.001 -14"><span class='ocrx_word' id='word_1_282' title='bbox 394 3400 629 3457; x_wconf 80' lang='lat' dir='ltr'><strong>Samuel.</strong></span> <span class='ocrx_word' id='word_1_283' title='bbox 645 3401 913 3471; x_wconf 78' lang='lat' dir='ltr'><strong>populum,</strong></span> <span class='ocrx_word' id='word_1_284' title='bbox 941 3409 990 3455; x_wconf 90' lang='lat' dir='ltr'><strong>et</strong></span> <span class='ocrx_word' id='word_1_285' title='bbox 1012 3400 1135 3454; x_wconf 88' lang='lat' dir='ltr'><strong>abiit</strong></span> <span class='ocrx_word' id='word_1_286' title='bbox 1161 3401 1501 3470; x_wconf 71' lang='lat' dir='ltr'><strong>unusquisque</strong></span> <span class='ocrx_word' id='word_1_287' title='bbox 1524 3400 1576 3454; x_wconf 87' lang='lat' dir='ltr'><strong>in</strong></span> <span class='ocrx_word' id='word_1_288' title='bbox 1604 3399 1771 3455; x_wconf 87' lang='lat' dir='ltr'><strong>locum</strong></span> <span class='ocrx_word' id='word_1_289' title='bbox 1796 3418 1980 3466; x_wconf 80' lang='lat' dir='ltr'><strong>suum;</strong></span> 
     </span>
    </p>
   </div>
   <div class='ocr_carea' id='block_1_36' title="bbox 357 3485 1981 3566">
    <p class='ocr_par' dir='ltr' id='par_1_36' title="bbox 357 3485 1981 3566">
     <span class='ocr_line' id='line_1_36' title="bbox 357 3485 1981 3566; baseline 0 -18"><span class='ocrx_word' id='word_1_290' title='bbox 357 3485 439 3548; x_wconf 78' lang='lat' dir='ltr'><strong>’et</strong></span> <span class='ocrx_word' id='word_1_291' title='bbox 466 3494 598 3550; x_wconf 73' lang='lat' dir='ltr'><strong>Sail</strong></span> <span class='ocrx_word' id='word_1_292' title='bbox 624 3493 744 3548; x_wconf 72' lang='lat' dir='ltr'><strong>abiit</strong></span> <span class='ocrx_word' id='word_1_293' title='bbox 770 3494 822 3548; x_wconf 88' lang='lat' dir='ltr'><strong>in</strong></span> <span class='ocrx_word' id='word_1_294' title='bbox 851 3492 1054 3547; x_wconf 83' lang='lat' dir='ltr'><strong>domum</strong></span> <span class='ocrx_word' id='word_1_295' title='bbox 1083 3509 1226 3548; x_wconf 87' lang='lat' dir='ltr'><strong>suam</strong></span> <span class='ocrx_word' id='word_1_296' title='bbox 1251 3493 1304 3546; x_wconf 89' lang='lat' dir='ltr'><strong>iu</strong></span> <span class='ocrx_word' id='word_1_297' title='bbox 1335 3491 1509 3547; x_wconf 73' lang='lat' dir='ltr'><strong>(iubae</strong></span> <span class='ocrx_word' id='word_1_298' title='bbox 1526 3508 1547 3558; x_wconf 79' lang='lat'><strong>,&#39;</strong></span> <span class='ocrx_word' id='word_1_299' title='bbox 1567 3503 1613 3547; x_wconf 92' lang='lat' dir='ltr'><strong>et</strong></span> <span class='ocrx_word' id='word_1_300' title='bbox 1641 3493 1869 3548; x_wconf 86' lang='lat' dir='ltr'><strong>abierunt</strong></span> <span class='ocrx_word' id='word_1_301' title='bbox 1889 3512 1981 3566; x_wconf 63' lang='lat' dir='ltr'><strong>p01-</strong></span> 
     </span>
    </p>
   </div>
   <div class='ocr_carea' id='block_1_37' title="bbox 391 3581 1981 3654">
    <p class='ocr_par' dir='ltr' id='par_1_37' title="bbox 391 3581 1981 3654">
     <span class='ocr_line' id='line_1_37' title="bbox 391 3581 1981 3654; baseline 0.002 -16"><span class='ocrx_word' id='word_1_302' title='bbox 391 3594 548 3639; x_wconf 86' lang='lat' dir='ltr'><strong>teutes</strong></span> <span class='ocrx_word' id='word_1_303' title='bbox 569 3598 788 3654; x_wconf 82' lang='lat' dir='ltr'><strong>quorum</strong></span> <span class='ocrx_word' id='word_1_304' title='bbox 817 3583 973 3652; x_wconf 81' lang='lat' dir='ltr'><strong>tetigit</strong></span> <span class='ocrx_word' id='word_1_305' title='bbox 1002 3581 1249 3637; x_wconf 75' lang='lat' dir='ltr'><strong>Dominus</strong></span> <span class='ocrx_word' id='word_1_306' title='bbox 1273 3583 1430 3637; x_wconf 88' lang='lat' dir='ltr'><strong>corda</strong></span> <span class='ocrx_word' id='word_1_307' title='bbox 1452 3599 1564 3637; x_wconf 87' lang='lat' dir='ltr'><strong>cum</strong></span> <span class='ocrx_word' id='word_1_308' title='bbox 1589 3583 1765 3640; x_wconf 72' lang='lat' dir='ltr'><strong>Soule.</strong></span> <span class='ocrx_word' id='word_1_309' title='bbox 1795 3585 1860 3638; x_wconf 82' lang='lat' dir='ltr'><strong>Et</strong></span> <span class='ocrx_word' id='word_1_310' title='bbox 1885 3586 1981 3654; x_wconf 80' lang='lat' dir='ltr'><strong>lilii</strong></span> 
     </span>
    </p>
   </div>
   <div class='ocr_carea' id='block_1_38' title="bbox 393 3671 1983 3744">
    <p class='ocr_par' dir='ltr' id='par_1_38' title="bbox 393 3671 1983 3744">
     <span class='ocr_line' id='line_1_38' title="bbox 393 3671 1983 3744; baseline 0.002 -18"><span class='ocrx_word' id='word_1_311' title='bbox 393 3671 678 3744; x_wconf 82' lang='lat' dir='ltr'><strong>pestilentes</strong></span> <span class='ocrx_word' id='word_1_312' title='bbox 708 3673 946 3728; x_wconf 71' lang='lat' dir='ltr'><strong>dixerunt</strong></span> <span class='ocrx_word' id='word_1_313' title='bbox 972 3687 991 3727; x_wconf 89' lang='lat'><strong><em>:</em></strong></span> <span class='ocrx_word' id='word_1_314' title='bbox 1021 3673 1146 3740; x_wconf 83' lang='lat' dir='ltr'><strong>Quis</strong></span> <span class='ocrx_word' id='word_1_315' title='bbox 1172 3673 1381 3728; x_wconf 79' lang='lat' dir='ltr'><strong>saluabit</strong></span> <span class='ocrx_word' id='word_1_316' title='bbox 1405 3674 1534 3728; x_wconf 73' lang='lat' dir='ltr'><strong>nos?</strong></span> <span class='ocrx_word' id='word_1_317' title='bbox 1555 3674 1636 3728; x_wconf 84' lang='lat' dir='ltr'><strong>hic</strong></span> <span class='ocrx_word' id='word_1_318' title='bbox 1658 3673 1715 3728; x_wconf 71' lang='grc'><strong>⁸2</strong></span> <span class='ocrx_word' id='word_1_319' title='bbox 1737 3672 1803 3727; x_wconf 78' lang='lat' dir='ltr'><strong>Et</strong></span> <span class='ocrx_word' id='word_1_320' title='bbox 1834 3675 1983 3729; x_wconf 84' lang='lat' dir='ltr'><strong>inho-</strong></span> 
     </span>
    </p>
   </div>
   <div class='ocr_carea' id='block_1_39' title="bbox 391 3751 1976 3838">
    <p class='ocr_par' dir='ltr' id='par_1_39' title="bbox 391 3751 1976 3838">
     <span class='ocr_line' id='line_1_39' title="bbox 391 3751 1976 3838; baseline 0 -16"><span class='ocrx_word' id='word_1_321' title='bbox 391 3774 694 3822; x_wconf 82' lang='lat' dir='ltr'><strong>normterunt</strong></span> <span class='ocrx_word' id='word_1_322' title='bbox 721 3782 854 3828; x_wconf 65' lang='lat' dir='ltr'><strong>am,</strong></span> <span class='ocrx_word' id='word_1_323' title='bbox 878 3775 1044 3820; x_wconf 87' lang='lat' dir='ltr'><strong>etnon</strong></span> <span class='ocrx_word' id='word_1_324' title='bbox 1069 3766 1346 3820; x_wconf 83' lang='lat' dir='ltr'><strong>attulerunt</strong></span> <span class='ocrx_word' id='word_1_325' title='bbox 1367 3765 1415 3820; x_wconf 82' lang='lat' dir='ltr'><strong>ei</strong></span> <span class='ocrx_word' id='word_1_326' title='bbox 1441 3783 1650 3820; x_wconf 82' lang='lat' dir='ltr'><strong>munera</strong></span> <span class='ocrx_word' id='word_1_327' title='bbox 1675 3767 1728 3838; x_wconf 93' lang='grc'>(1</span> <span class='ocrx_word' id='word_1_328' title='bbox 1761 3765 1890 3838; x_wconf 84' lang='lat' dir='ltr'><strong>Reg.</strong></span> <span class='ocrx_word' id='word_1_329' title='bbox 1923 3751 1976 3836; x_wconf 49' lang='grc' dir='ltr'><strong>ἡ,</strong></span> 
     </span>
    </p>
   </div>
   <div class='ocr_carea' id='block_1_40' title="bbox 392 3855 1978 3928">
    <p class='ocr_par' dir='ltr' id='par_1_40' title="bbox 392 3855 1978 3928">
     <span class='ocr_line' id='line_1_40' title="bbox 392 3855 1978 3928; baseline 0 -15"><span class='ocrx_word' id='word_1_330' title='bbox 392 3857 603 3928; x_wconf 71' lang='grc'><strong>25-27).</strong></span> <span class='ocrx_word' id='word_1_331' title='bbox 635 3855 896 3927; x_wconf 83' lang='lat' dir='ltr'><strong>Numquid</strong></span> <span class='ocrx_word' id='word_1_332' title='bbox 918 3856 1109 3928; x_wconf 84' lang='lat' dir='ltr'><strong>aliquis</strong></span> <span class='ocrx_word' id='word_1_333' title='bbox 1127 3856 1367 3911; x_wconf 84' lang='lat' dir='ltr'><strong>dicturus</strong></span> <span class='ocrx_word' id='word_1_334' title='bbox 1385 3865 1488 3920; x_wconf 82' lang='lat' dir='ltr'><strong>est,</strong></span> <span class='ocrx_word' id='word_1_335' title='bbox 1508 3872 1613 3912; x_wconf 89' lang='lat' dir='ltr'><strong>non</strong></span> <span class='ocrx_word' id='word_1_336' title='bbox 1633 3857 1824 3912; x_wconf 89' lang='lat' dir='ltr'><strong>iturum</strong></span> <span class='ocrx_word' id='word_1_337' title='bbox 1850 3859 1978 3913; x_wconf 81' lang='lat' dir='ltr'><strong>fuis-</strong></span> 
     </span>
    </p>
   </div>
   <div class='ocr_carea' id='block_1_41' title="bbox 397 3943 1977 4018">
    <p class='ocr_par' dir='ltr' id='par_1_41' title="bbox 397 3943 1977 4018">
     <span class='ocr_line' id='line_1_41' title="bbox 397 3943 1977 4018; baseline -0.002 -12"><span class='ocrx_word' id='word_1_338' title='bbox 397 3964 458 4006; x_wconf 88' lang='lat' dir='ltr'><strong>se</strong></span> <span class='ocrx_word' id='word_1_339' title='bbox 486 3963 606 4004; x_wconf 90' lang='lat' dir='ltr'><strong>cum</strong></span> <span class='ocrx_word' id='word_1_340' title='bbox 630 3943 780 4012; x_wconf 68' lang='lat' dir='ltr'><strong>83in,</strong></span> <span class='ocrx_word' id='word_1_341' title='bbox 807 3960 1130 4018; x_wconf 87' lang='lat' dir='ltr'><strong>quemquam</strong></span> <span class='ocrx_word' id='word_1_342' title='bbox 1162 3962 1347 4002; x_wconf 88' lang='lat' dir='ltr'><strong>eorum</strong></span> <span class='ocrx_word' id='word_1_343' title='bbox 1365 3987 1380 4014; x_wconf 89' lang='lat'><strong>,</strong></span> <span class='ocrx_word' id='word_1_344' title='bbox 1410 3961 1634 4017; x_wconf 82' lang='lat' dir='ltr'><strong>quorum</strong></span> <span class='ocrx_word' id='word_1_345' title='bbox 1659 3947 1828 4018; x_wconf 84' lang='lat' dir='ltr'><strong>tetigit</strong></span> <span class='ocrx_word' id='word_1_346' title='bbox 1855 3963 1977 4003; x_wconf 85' lang='lat' dir='ltr'><strong>cor-</strong></span> 
     </span>
    </p>
   </div>
   <div class='ocr_carea' id='block_1_42' title="bbox 395 4038 1980 4111">
    <p class='ocr_par' dir='ltr' id='par_1_42' title="bbox 395 4038 1980 4111">
     <span class='ocr_line' id='line_1_42' title="bbox 395 4038 1980 4111; baseline 0.001 -16"><span class='ocrx_word' id='word_1_347' title='bbox 395 4040 462 4096; x_wconf 84' lang='lat' dir='ltr'><strong>da</strong></span> <span class='ocrx_word' id='word_1_348' title='bbox 497 4039 750 4096; x_wconf 80' lang='lat' dir='ltr'><strong>Dominus</strong></span> <span class='ocrx_word' id='word_1_349' title='bbox 779 4050 838 4095; x_wconf 91' lang='lat' dir='ltr'><strong>ut</strong></span> <span class='ocrx_word' id='word_1_350' title='bbox 867 4040 1004 4094; x_wconf 87' lang='lat' dir='ltr'><strong>irent</strong></span> <span class='ocrx_word' id='word_1_351' title='bbox 1027 4053 1148 4094; x_wconf 89' lang='lat' dir='ltr'><strong>cum</strong></span> <span class='ocrx_word' id='word_1_352' title='bbox 1179 4038 1305 4104; x_wconf 92' lang='lat' dir='ltr'><strong>illo;</strong></span> <span class='ocrx_word' id='word_1_353' title='bbox 1345 4047 1437 4093; x_wconf 86' lang='lat' dir='ltr'><strong>aut</strong></span> <span class='ocrx_word' id='word_1_354' title='bbox 1475 4039 1580 4094; x_wconf 83' lang='lat' dir='ltr'><strong>isse</strong></span> <span class='ocrx_word' id='word_1_355' title='bbox 1617 4039 1844 4111; x_wconf 80' lang='lat' dir='ltr'><strong>aliquem</strong></span> <span class='ocrx_word' id='word_1_356' title='bbox 1883 4055 1980 4111; x_wconf 85' lang='lat' dir='ltr'><strong>pe-</strong></span> 
     </span>
    </p>
   </div>
   <div class='ocr_carea' id='block_1_43' title="bbox 397 4129 1982 4204">
    <p class='ocr_par' dir='ltr' id='par_1_43' title="bbox 397 4129 1982 4204">
     <span class='ocr_line' id='line_1_43' title="bbox 397 4129 1982 4204; baseline 0.001 -18"><span class='ocrx_word' id='word_1_357' title='bbox 397 4132 710 4198; x_wconf 83' lang='lat' dir='ltr'><strong>stilentium,</strong></span> <span class='ocrx_word' id='word_1_358' title='bbox 734 4145 959 4200; x_wconf 89' lang='lat' dir='ltr'><strong>quorum</strong></span> <span class='ocrx_word' id='word_1_359' title='bbox 987 4140 1046 4186; x_wconf 93' lang='lat' dir='ltr'><strong>ut</strong></span> <span class='ocrx_word' id='word_1_360' title='bbox 1066 4131 1167 4186; x_wconf 89' lang='lat' dir='ltr'><strong>hoc</strong></span> <span class='ocrx_word' id='word_1_361' title='bbox 1189 4129 1426 4186; x_wconf 87' lang='lat' dir='ltr'><strong>facerent</strong></span> <span class='ocrx_word' id='word_1_362' title='bbox 1449 4131 1609 4187; x_wconf 88' lang='lat' dir='ltr'><strong>corda</strong></span> <span class='ocrx_word' id='word_1_363' title='bbox 1638 4147 1742 4187; x_wconf 92' lang='lat' dir='ltr'><strong>non</strong></span> <span class='ocrx_word' id='word_1_364' title='bbox 1775 4133 1982 4204; x_wconf 77' lang='lat' dir='ltr'><strong>tetigit?</strong></span> 
     </span>
    </p>
   </div>
   <div class='ocr_carea' id='block_1_44' title="bbox 394 4223 1980 4295">
    <p class='ocr_par' dir='ltr' id='par_1_44' title="bbox 394 4223 1980 4295">
     <span class='ocr_line' id='line_1_44' title="bbox 394 4223 1980 4295; baseline 0.003 -20"><span class='ocrx_word' id='word_1_365' title='bbox 394 4223 527 4280; x_wconf 76' lang='lat' dir='ltr'><strong>item</strong></span> <span class='ocrx_word' id='word_1_366' title='bbox 568 4224 638 4280; x_wconf 89' lang='lat' dir='ltr'><strong>de</strong></span> <span class='ocrx_word' id='word_1_367' title='bbox 683 4223 870 4290; x_wconf 88' lang='lat' dir='ltr'><strong>David,</strong></span> <span class='ocrx_word' id='word_1_368' title='bbox 897 4239 1056 4294; x_wconf 86' lang='lat' dir='ltr'><strong>quem</strong></span> <span class='ocrx_word' id='word_1_369' title='bbox 1095 4223 1349 4278; x_wconf 88' lang='lat' dir='ltr'><strong>Dominus</strong></span> <span class='ocrx_word' id='word_1_370' title='bbox 1379 4223 1432 4279; x_wconf 90' lang='lat' dir='ltr'><strong>in</strong></span> <span class='ocrx_word' id='word_1_371' title='bbox 1469 4239 1690 4295; x_wconf 85' lang='lat' dir='ltr'><strong>regnum</strong></span> <span class='ocrx_word' id='word_1_372' title='bbox 1731 4239 1980 4280; x_wconf 87' lang='lat' dir='ltr'><strong>successu</strong></span> 
     </span>
    </p>
   </div>
   <div class='ocr_carea' id='block_1_45' title="bbox 397 4316 1978 4388">
    <p class='ocr_par' dir='ltr' id='par_1_45' title="bbox 397 4316 1978 4388">
     <span class='ocr_line' id='line_1_45' title="bbox 397 4316 1978 4388; baseline -0.001 -16"><span class='ocrx_word' id='word_1_373' title='bbox 397 4316 734 4388; x_wconf 83' lang='lat' dir='ltr'><strong>prosperiore</strong></span> <span class='ocrx_word' id='word_1_374' title='bbox 757 4317 1056 4382; x_wconf 87' lang='lat' dir='ltr'><strong>constituit,</strong></span> <span class='ocrx_word' id='word_1_375' title='bbox 1084 4316 1156 4374; x_wconf 82' lang='lat' dir='ltr'><strong>ita</strong></span> <span class='ocrx_word' id='word_1_376' title='bbox 1185 4317 1384 4388; x_wconf 78' lang='lat' dir='ltr'><strong>legitur</strong></span> <span class='ocrx_word' id='word_1_377' title='bbox 1413 4335 1426 4371; x_wconf 91' lang='lat'><strong>:</strong></span> <span class='ocrx_word' id='word_1_378' title='bbox 1463 4317 1528 4372; x_wconf 84' lang='lat' dir='ltr'><strong>Et</strong></span> <span class='ocrx_word' id='word_1_379' title='bbox 1555 4318 1840 4372; x_wconf 81' lang='lat' dir='ltr'><strong>ambulabat</strong></span> <span class='ocrx_word' id='word_1_380' title='bbox 1867 4317 1978 4371; x_wconf 81' lang='lat' dir='ltr'><strong>Da-</strong></span> 
     </span>
    </p>
   </div>
   <div class='ocr_carea' id='block_1_46' title="bbox 398 4407 1982 4480">
    <p class='ocr_par' dir='ltr' id='par_1_46' title="bbox 398 4407 1982 4480">
     <span class='ocr_line' id='line_1_46' title="bbox 398 4407 1982 4480; baseline 0.001 -20"><span class='ocrx_word' id='word_1_381' title='bbox 398 4409 482 4462; x_wconf 79' lang='lat' dir='ltr'><strong>uid</strong></span> <span class='ocrx_word' id='word_1_382' title='bbox 514 4408 803 4478; x_wconf 78' lang='lat' dir='ltr'><strong>proﬁciens,</strong></span> <span class='ocrx_word' id='word_1_383' title='bbox 841 4416 890 4462; x_wconf 87' lang='lat' dir='ltr'><strong>et</strong></span> <span class='ocrx_word' id='word_1_384' title='bbox 915 4409 1352 4480; x_wconf 80' lang='lat' dir='ltr'><strong>magniﬁcabatur,</strong></span> <span class='ocrx_word' id='word_1_385' title='bbox 1383 4418 1429 4463; x_wconf 87' lang='lat' dir='ltr'><strong>et</strong></span> <span class='ocrx_word' id='word_1_386' title='bbox 1467 4407 1712 4463; x_wconf 76' lang='lat' dir='ltr'><strong>Dominus</strong></span> <span class='ocrx_word' id='word_1_387' title='bbox 1733 4418 1842 4464; x_wconf 87' lang='lat' dir='ltr'><strong>erat</strong></span> <span class='ocrx_word' id='word_1_388' title='bbox 1869 4424 1982 4463; x_wconf 88' lang='lat' dir='ltr'><strong>cum</strong></span> 
     </span>
    </p>
   </div>
   <div class='ocr_carea' id='block_1_47' title="bbox 400 4495 1984 4570">
    <p class='ocr_par' dir='ltr' id='par_1_47' title="bbox 400 4495 1984 4570">
     <span class='ocr_line' id='line_1_47' title="bbox 400 4495 1984 4570; baseline 0 -18"><span class='ocrx_word' id='word_1_389' title='bbox 400 4499 489 4552; x_wconf 88' lang='lat' dir='ltr'><strong>illo</strong></span> <span class='ocrx_word' id='word_1_390' title='bbox 511 4498 555 4568; x_wconf 81' lang='lat' dir='ltr'><strong>(l</strong></span> <span class='ocrx_word' id='word_1_391' title='bbox 591 4495 715 4550; x_wconf 84' lang='lat' dir='ltr'><strong>Par.</strong></span> <span class='ocrx_word' id='word_1_392' title='bbox 745 4511 824 4564; x_wconf 73' lang='lat' dir='ltr'><strong>ar,</strong></span> <span class='ocrx_word' id='word_1_393' title='bbox 849 4497 929 4570; x_wconf 86' lang='lat'><strong>9).</strong></span> <span class='ocrx_word' id='word_1_394' title='bbox 961 4497 1074 4553; x_wconf 79' lang='lat' dir='ltr'><strong>Hoc</strong></span> <span class='ocrx_word' id='word_1_395' title='bbox 1099 4513 1219 4553; x_wconf 91' lang='lat' dir='ltr'><strong>cum</strong></span> <span class='ocrx_word' id='word_1_396' title='bbox 1244 4499 1575 4568; x_wconf 73' lang='lat' dir='ltr'><strong>praemissum</strong></span> <span class='ocrx_word' id='word_1_397' title='bbox 1599 4496 1805 4563; x_wconf 85' lang='lat' dir='ltr'><strong>fuisset,</strong></span> <span class='ocrx_word' id='word_1_398' title='bbox 1825 4499 1984 4568; x_wconf 90' lang='lat' dir='ltr'><strong>paulo</strong></span> 
     </span>
    </p>
   </div>
   <div class='ocr_carea' id='block_1_48' title="bbox 403 4587 1986 4662">
    <p class='ocr_par' dir='ltr' id='par_1_48' title="bbox 403 4587 1986 4662">
     <span class='ocr_line' id='line_1_48' title="bbox 403 4587 1986 4662; baseline -0.003 -16"><span class='ocrx_word' id='word_1_399' title='bbox 403 4599 522 4662; x_wconf 90' lang='lat' dir='ltr'><strong>post</strong></span> <span class='ocrx_word' id='word_1_400' title='bbox 546 4589 860 4662; x_wconf 70' lang='lat' dir='ltr'><strong>dictumcst</strong></span> <span class='ocrx_word' id='word_1_401' title='bbox 887 4607 903 4646; x_wconf 89' lang='lat'><strong>:</strong></span> <span class='ocrx_word' id='word_1_402' title='bbox 934 4587 999 4642; x_wconf 85' lang='lat' dir='ltr'><strong>Et</strong></span> <span class='ocrx_word' id='word_1_403' title='bbox 1024 4589 1249 4659; x_wconf 77' lang='lat' dir='ltr'><strong>Spiritus</strong></span> <span class='ocrx_word' id='word_1_404' title='bbox 1278 4588 1446 4642; x_wconf 87' lang='lat' dir='ltr'><strong>induit</strong></span> <span class='ocrx_word' id='word_1_405' title='bbox 1475 4588 1681 4642; x_wconf 77' lang='grc' dir='ltr'><strong><em>Δηιαδαί</em></strong></span> <span class='ocrx_word' id='word_1_406' title='bbox 1707 4587 1986 4658; x_wconf 79' lang='lat' dir='ltr'><strong>principem</strong></span> 
     </span>
    </p>
   </div>
   <div class='ocr_carea' id='block_1_49' title="bbox 399 4677 1984 4754">
    <p class='ocr_par' dir='ltr' id='par_1_49' title="bbox 399 4677 1984 4754">
     <span class='ocr_line' id='line_1_49' title="bbox 399 4677 1984 4754; baseline -0.004 -16"><span class='ocrx_word' id='word_1_407' title='bbox 399 4683 658 4754; x_wconf 81' lang='lat' dir='ltr'><strong>triginta&#39;,</strong></span> <span class='ocrx_word' id='word_1_408' title='bbox 683 4690 728 4734; x_wconf 89' lang='lat' dir='ltr'><strong>et</strong></span> <span class='ocrx_word' id='word_1_409' title='bbox 754 4681 882 4736; x_wconf 74' lang='lat' dir='ltr'><strong>dixit</strong></span> <span class='ocrx_word' id='word_1_410' title='bbox 905 4678 1042 4735; x_wconf 87' lang='lat' dir='ltr'><strong>:Tui</strong></span> <span class='ocrx_word' id='word_1_411' title='bbox 1069 4695 1262 4745; x_wconf 83' lang='lat' dir='ltr'><strong>sumus,</strong></span> <span class='ocrx_word' id='word_1_412' title='bbox 1285 4695 1316 4732; x_wconf 88' lang='grc' dir='ltr'><strong>ο</strong></span> <span class='ocrx_word' id='word_1_413' title='bbox 1342 4677 1526 4743; x_wconf 80' lang='lat' dir='ltr'><strong>Dauid,</strong></span> <span class='ocrx_word' id='word_1_414' title='bbox 1546 4687 1593 4734; x_wconf 84' lang='lat' dir='ltr'><strong>et</strong></span> <span class='ocrx_word' id='word_1_415' title='bbox 1615 4688 1774 4734; x_wconf 84' lang='lat' dir='ltr'><strong>tecum</strong></span> <span class='ocrx_word' id='word_1_416' title='bbox 1805 4680 1984 4750; x_wconf 77' lang='lat' dir='ltr'><strong>futuri,</strong></span> 
     </span>
    </p>
   </div>
   <div class='ocr_carea' id='block_1_50' title="bbox 403 4773 1985 4849">
    <p class='ocr_par' dir='ltr' id='par_1_50' title="bbox 403 4773 1985 4849">
     <span class='ocr_line' id='line_1_50' title="bbox 403 4773 1985 4849; baseline -0.006 -15"><span class='ocrx_word' id='word_1_417' title='bbox 403 4779 479 4849; x_wconf 79' lang='lat' dir='ltr'><strong>ﬁli</strong></span> <span class='ocrx_word' id='word_1_418' title='bbox 494 4778 518 4810; x_wconf 83' lang='grc'><strong>⁸</strong></span> <span class='ocrx_word' id='word_1_419' title='bbox 547 4777 711 4833; x_wconf 84' lang='lat' dir='ltr'><strong>Jesse.</strong></span> <span class='ocrx_word' id='word_1_420' title='bbox 748 4775 892 4841; x_wconf 75' lang='lat' dir='ltr'><strong>Pax,</strong></span> <span class='ocrx_word' id='word_1_421' title='bbox 917 4791 1020 4846; x_wconf 78' lang='lat' dir='ltr'><strong>pax</strong></span> <span class='ocrx_word' id='word_1_422' title='bbox 1052 4775 1159 4834; x_wconf 85' lang='lat' dir='ltr'><strong>tibi.</strong></span> <span class='ocrx_word' id='word_1_423' title='bbox 1184 4783 1230 4828; x_wconf 87' lang='lat' dir='ltr'><strong>et</strong></span> <span class='ocrx_word' id='word_1_424' title='bbox 1256 4789 1360 4844; x_wconf 72' lang='lat' dir='ltr'><strong>pax</strong></span> <span class='ocrx_word' id='word_1_425' title='bbox 1381 4773 1699 4845; x_wconf 87' lang='lat' dir='ltr'><strong>adjutoribus</strong></span> <span class='ocrx_word' id='word_1_426' title='bbox 1716 4774 1836 4840; x_wconf 86' lang='lat' dir='ltr'><strong>tuis,</strong></span> <span class='ocrx_word' id='word_1_427' title='bbox 1867 4774 1985 4844; x_wconf 84' lang='lat' dir='ltr'><strong>quia</strong></span> 
     </span>
    </p>
   </div>
   <div class='ocr_carea' id='block_1_51' title="bbox 402 4863 1982 4936">
    <p class='ocr_par' dir='ltr' id='par_1_51' title="bbox 402 4863 1982 4936">
     <span class='ocr_line' id='line_1_51' title="bbox 402 4863 1982 4936; baseline -0.004 -12"><span class='ocrx_word' id='word_1_428' title='bbox 402 4867 686 4924; x_wconf 62' lang='lat' dir='ltr'><strong>auxiliatur:</strong></span> <span class='ocrx_word' id='word_1_429' title='bbox 700 4879 772 4922; x_wconf 89' lang='lat' dir='ltr'><strong>est</strong></span> <span class='ocrx_word' id='word_1_430' title='bbox 797 4867 884 4922; x_wconf 82' lang='lat' dir='ltr'><strong>tibi</strong></span> <span class='ocrx_word' id='word_1_431' title='bbox 907 4864 1060 4922; x_wconf 88' lang='lat' dir='ltr'><strong>Deus.</strong></span> <span class='ocrx_word' id='word_1_432' title='bbox 1089 4863 1354 4936; x_wconf 80' lang='lat' dir='ltr'><strong>Numquid</strong></span> <span class='ocrx_word' id='word_1_433' title='bbox 1385 4865 1484 4919; x_wconf 85' lang='lat' dir='ltr'><strong>iste</strong></span> <span class='ocrx_word' id='word_1_434' title='bbox 1513 4875 1690 4934; x_wconf 88' lang='lat' dir='ltr'><strong>posset</strong></span> <span class='ocrx_word' id='word_1_435' title='bbox 1713 4863 1982 4920; x_wconf 81' lang='lat' dir='ltr'><strong>adversari</strong></span> 
     </span>
    </p>
   </div>
   <div class='ocr_carea' id='block_1_52' title="bbox 403 4956 1990 5030">
    <p class='ocr_par' dir='ltr' id='par_1_52' title="bbox 403 4956 1990 5030">
     <span class='ocr_line' id='line_1_52' title="bbox 403 4956 1990 5030; baseline -0.003 -13"><span class='ocrx_word' id='word_1_436' title='bbox 403 4963 662 5018; x_wconf 73' lang='lat' dir='ltr'><strong>voluntati</strong></span> <span class='ocrx_word' id='word_1_437' title='bbox 690 4961 805 5027; x_wconf 85' lang='lat' dir='ltr'><strong>Dei,</strong></span> <span class='ocrx_word' id='word_1_438' title='bbox 839 4969 891 5016; x_wconf 89' lang='lat' dir='ltr'><strong>et</strong></span> <span class='ocrx_word' id='word_1_439' title='bbox 931 4973 1034 5015; x_wconf 90' lang='lat' dir='ltr'><strong>non</strong></span> <span class='ocrx_word' id='word_1_440' title='bbox 1071 4960 1246 5030; x_wconf 87' lang='lat' dir='ltr'><strong>potius</strong></span> <span class='ocrx_word' id='word_1_441' title='bbox 1278 4958 1394 5028; x_wconf 84' lang='lat' dir='ltr'><strong>ejus</strong></span> <span class='ocrx_word' id='word_1_442' title='bbox 1424 4956 1596 5012; x_wconf 88' lang='lat' dir='ltr'><strong>facere</strong></span> <span class='ocrx_word' id='word_1_443' title='bbox 1625 4957 1990 5025; x_wconf 88' lang='lat' dir='ltr'><strong>voluntatem,</strong></span> 
     </span>
    </p>
   </div>
   <div class='ocr_carea' id='block_1_53' title="bbox 403 5046 1986 5127">
    <p class='ocr_par' dir='ltr' id='par_1_53' title="bbox 403 5046 1986 5127">
     <span class='ocr_line' id='line_1_53' title="bbox 403 5046 1986 5127; baseline -0.004 -19"><span class='ocrx_word' id='word_1_444' title='bbox 403 5057 490 5127; x_wconf 86' lang='lat' dir='ltr'><strong>qui</strong></span> <span class='ocrx_word' id='word_1_445' title='bbox 534 5056 588 5111; x_wconf 90' lang='lat' dir='ltr'><strong>in</strong></span> <span class='ocrx_word' id='word_1_446' title='bbox 631 5054 748 5125; x_wconf 79' lang='lat' dir='ltr'><strong>ejus</strong></span> <span class='ocrx_word' id='word_1_447' title='bbox 774 5053 936 5113; x_wconf 81' lang='lat' dir='ltr'><strong>corde</strong></span> <span class='ocrx_word' id='word_1_448' title='bbox 982 5060 1235 5122; x_wconf 74' lang='lat' dir='ltr'><strong>operatus</strong></span> <span class='ocrx_word' id='word_1_449' title='bbox 1270 5059 1352 5104; x_wconf 92' lang='lat' dir='ltr'><strong>est</strong></span> <span class='ocrx_word' id='word_1_450' title='bbox 1393 5066 1488 5119; x_wconf 91' lang='lat' dir='ltr'><strong>per</strong></span> <span class='ocrx_word' id='word_1_451' title='bbox 1529 5046 1783 5120; x_wconf 72' lang='lat' dir='ltr'><strong>Spiritum</strong></span> <span class='ocrx_word' id='word_1_452' title='bbox 1830 5064 1986 5103; x_wconf 89' lang='lat' dir='ltr'><strong>suum</strong></span> 
     </span>
    </p>
   </div>
   <div class='ocr_carea' id='block_1_54' title="bbox 404 5137 1989 5218">
    <p class='ocr_par' dir='ltr' id='par_1_54' title="bbox 404 5137 1989 5218">
     <span class='ocr_line' id='line_1_54' title="bbox 404 5137 1989 5218; baseline -0.004 -17"><span class='ocrx_word' id='word_1_453' title='bbox 404 5165 510 5218; x_wconf 78' lang='lat' dir='ltr'><strong>quo</strong></span> <span class='ocrx_word' id='word_1_454' title='bbox 538 5150 753 5204; x_wconf 83' lang='lat' dir='ltr'><strong>indutus</strong></span> <span class='ocrx_word' id='word_1_455' title='bbox 783 5155 900 5214; x_wconf 77' lang='lat' dir='ltr'><strong>est,</strong></span> <span class='ocrx_word' id='word_1_456' title='bbox 937 5155 994 5200; x_wconf 92' lang='lat' dir='ltr'><strong>ut</strong></span> <span class='ocrx_word' id='word_1_457' title='bbox 1023 5147 1126 5200; x_wconf 88' lang='lat' dir='ltr'><strong>hoc</strong></span> <span class='ocrx_word' id='word_1_458' title='bbox 1151 5142 1346 5210; x_wconf 65' lang='lat' dir='ltr'><strong>vellet,</strong></span> <span class='ocrx_word' id='word_1_459' title='bbox 1377 5143 1598 5207; x_wconf 80' lang='lat' dir='ltr'><strong>diceret,</strong></span> <span class='ocrx_word' id='word_1_460' title='bbox 1632 5151 1684 5196; x_wconf 89' lang='lat' dir='ltr'><strong>et</strong></span> <span class='ocrx_word' id='word_1_461' title='bbox 1716 5137 1989 5196; x_wconf 75' lang='lat' dir='ltr'><strong>faceret&quot;?</strong></span> 
     </span>
    </p>
   </div>
   <div class='ocr_carea' id='block_1_55' title="bbox 408 5231 1988 5310">
    <p class='ocr_par' dir='ltr' id='par_1_55' title="bbox 408 5231 1988 5310">
     <span class='ocr_line' id='line_1_55' title="bbox 408 5231 1988 5310; baseline -0.003 -18"><span class='ocrx_word' id='word_1_462' title='bbox 408 5238 536 5294; x_wconf 83' lang='lat' dir='ltr'><strong>Item</strong></span> <span class='ocrx_word' id='word_1_463' title='bbox 570 5239 726 5310; x_wconf 87' lang='lat' dir='ltr'><strong>paulo</strong></span> <span class='ocrx_word' id='word_1_464' title='bbox 755 5245 874 5308; x_wconf 87' lang='lat' dir='ltr'><strong>post</strong></span> <span class='ocrx_word' id='word_1_465' title='bbox 909 5235 984 5291; x_wconf 76' lang='lat' dir='ltr'><strong>ait</strong></span> <span class='ocrx_word' id='word_1_466' title='bbox 1013 5235 1200 5291; x_wconf 84' lang='lat' dir='ltr'><strong>eadem</strong></span> <span class='ocrx_word' id='word_1_467' title='bbox 1240 5233 1512 5304; x_wconf 82' lang='lat' dir='ltr'><strong>Scriptura</strong></span> <span class='ocrx_word' id='word_1_468' title='bbox 1551 5251 1564 5287; x_wconf 96' lang='lat'><strong>:</strong></span> <span class='ocrx_word' id='word_1_469' title='bbox 1599 5231 1786 5286; x_wconf 82' lang='lat' dir='ltr'><strong>Omnes</strong></span> <span class='ocrx_word' id='word_1_470' title='bbox 1813 5232 1867 5286; x_wconf 83' lang='lat' dir='ltr'><strong>lti</strong></span> <span class='ocrx_word' id='word_1_471' title='bbox 1893 5232 1988 5288; x_wconf 81' lang='lat' dir='ltr'><strong>uiri</strong></span> 
     </span>
    </p>
   </div>
   <div class='ocr_carea' id='block_1_56' title="bbox 473 5437 1994 5518">
    <p class='ocr_par' dir='ltr' id='par_1_56' title="bbox 473 5437 1994 5518">
     <span class='ocr_line' id='line_1_56' title="bbox 473 5437 1994 5518; baseline -0.002 -24"><span class='ocrx_word' id='word_1_472' title='bbox 473 5449 488 5478; x_wconf 82' lang='grc' dir='ltr'>ι</span> <span class='ocrx_word' id='word_1_473' title='bbox 525 5447 597 5518; x_wconf 79' lang='lat' dir='ltr'><strong>ste</strong></span> <span class='ocrx_word' id='word_1_474' title='bbox 617 5452 722 5496; x_wconf 76' lang='lat' dir='ltr'><strong>uss.</strong></span> <span class='ocrx_word' id='word_1_475' title='bbox 754 5445 894 5518; x_wconf 71' lang='lat' dir='ltr'><strong>juxta</strong></span> <span class='ocrx_word' id='word_1_476' title='bbox 933 5443 1060 5518; x_wconf 48' lang='lat' dir='ltr'><strong>exit.</strong></span> <span class='ocrx_word' id='word_1_477' title='bbox 1083 5446 1264 5518; x_wconf 49' lang='lat' dir='ltr'><strong>Aram;</strong></span> <span class='ocrx_word' id='word_1_478' title='bbox 1283 5449 1375 5504; x_wconf 83' lang='lat' dir='ltr'><strong>Er.,</strong></span> <span class='ocrx_word' id='word_1_479' title='bbox 1401 5449 1521 5492; x_wconf 77' lang='lat' dir='ltr'><strong>.vum</strong></span> <span class='ocrx_word' id='word_1_480' title='bbox 1539 5437 1735 5491; x_wconf 83' lang='lat' dir='ltr'><strong>salvabit</strong></span> <span class='ocrx_word' id='word_1_481' title='bbox 1759 5453 1845 5490; x_wconf 90' lang='lat' dir='ltr'><strong>nos</strong></span> <span class='ocrx_word' id='word_1_482' title='bbox 1867 5437 1947 5490; x_wconf 86' lang='lat' dir='ltr'><strong>lu&#39;c</strong></span> <span class='ocrx_word' id='word_1_483' title='bbox 1967 5437 1994 5491; x_wconf 67' lang='lat'><strong>.9</strong></span> 
     </span>
    </p>
   </div>
   <div class='ocr_carea' id='block_1_57' title="bbox 408 5503 1726 5574">
    <p class='ocr_par' dir='ltr' id='par_1_57' title="bbox 408 5503 1726 5574">
     <span class='ocr_line' id='line_1_57' title="bbox 408 5503 1726 5574; baseline 0.003 -16"><span class='ocrx_word' id='word_1_484' title='bbox 408 5514 540 5574; x_wconf 67' lang='grc' dir='ltr'><strong>ιω..</strong></span> <span class='ocrx_word' id='word_1_485' title='bbox 566 5503 1264 5574; x_wconf 64' lang='lat' dir='ltr'><strong>.wunquidsalvabztnpsltic?</strong></span> <span class='ocrx_word' id='word_1_486' title='bbox 1362 5503 1400 5574; x_wconf 25' lang='lat'><strong>’_</strong></span> <span class='ocrx_word' id='word_1_487' title='bbox 1434 5563 1446 5574; x_wconf 38' lang='grc' dir='ltr'><strong>θ</strong></span> <span class='ocrx_word' id='word_1_488' title='bbox 1485 5563 1495 5573; x_wconf 37' lang='grc' dir='ltr'><strong>ε</strong></span> <span class='ocrx_word' id='word_1_489' title='bbox 1535 5571 1544 5574; x_wconf 94' lang='lat'>_</span> <span class='ocrx_word' id='word_1_490' title='bbox 1613 5562 1726 5574; x_wconf 51' lang='grc' dir='ltr'><strong>-Μ</strong></span> 
     </span>
    </p>
   </div>
   <div class='ocr_carea' id='block_1_58' title="bbox 471 5561 1990 5637">
    <p class='ocr_par' dir='ltr' id='par_1_58' title="bbox 471 5561 1990 5637">
     <span class='ocr_line' id='line_1_58' title="bbox 471 5561 1990 5637; baseline -0.001 -23"><span class='ocrx_word' id='word_1_491' title='bbox 471 5573 492 5603; x_wconf 65' lang='grc' dir='ltr'><strong><em>α</em></strong></span> <span class='ocrx_word' id='word_1_492' title='bbox 526 5561 576 5634; x_wconf 74' lang='lat' dir='ltr'><strong>in</strong></span> <span class='ocrx_word' id='word_1_493' title='bbox 739 5565 1360 5637; x_wconf 64' lang='lat' dir='ltr'><strong>induitsumaiprintipem</strong></span> <span class='ocrx_word' id='word_1_494' title='bbox 1383 5563 1594 5637; x_wconf 65' lang='lat' dir='ltr'><strong>triginta.</strong></span> <span class='ocrx_word' id='word_1_495' title='bbox 1612 5561 1990 5637; x_wconf 58' lang='lat' dir='ltr'><strong>Fditiferehaat,</strong></span> 
     </span>
    </p>
   </div>
   <div class='ocr_carea' id='block_1_59' title="bbox 414 5626 1836 5690">
    <p class='ocr_par' dir='ltr' id='par_1_59' title="bbox 414 5626 1836 5690">
     <span class='ocr_line' id='line_1_59' title="bbox 414 5626 1836 5690; baseline 0 -17"><span class='ocrx_word' id='word_1_496' title='bbox 414 5628 678 5689; x_wconf 67' lang='lat' dir='ltr'><strong>prtiuipcm</strong></span> <span class='ocrx_word' id='word_1_497' title='bbox 697 5626 826 5690; x_wconf 59' lang='lat' dir='ltr'><strong>inter:</strong></span> <span class='ocrx_word' id='word_1_498' title='bbox 838 5626 1053 5690; x_wconf 71' lang='lat' dir='ltr'><strong>triginta.</strong></span> <span class='ocrx_word' id='word_1_499' title='bbox 1075 5626 1238 5690; x_wconf 55' lang='lat' dir='ltr'><strong>abest,</strong></span> <span class='ocrx_word' id='word_1_500' title='bbox 1253 5626 1405 5685; x_wconf 72' lang='lat' dir='ltr'><strong>inter,</strong></span> <span class='ocrx_word' id='word_1_501' title='bbox 1429 5626 1458 5674; x_wconf 81' lang='lat' dir='ltr'><strong>a</strong></span> <span class='ocrx_word' id='word_1_502' title='bbox 1480 5633 1588 5674; x_wconf 72' lang='lat' dir='ltr'><strong>Lxx</strong></span> <span class='ocrx_word' id='word_1_503' title='bbox 1613 5633 1666 5675; x_wconf 86' lang='lat' dir='ltr'><strong>et</strong></span> <span class='ocrx_word' id='word_1_504' title='bbox 1687 5639 1713 5674; x_wconf 88' lang='lat' dir='ltr'><strong>a</strong></span> <span class='ocrx_word' id='word_1_505' title='bbox 1733 5632 1836 5674; x_wconf 71' lang='lat' dir='ltr'><strong>uss.</strong></span> 
     </span>
    </p>
   </div>
   <div class='ocr_carea' id='block_1_60' title="bbox 478 5687 1199 5745">
    <p class='ocr_par' dir='ltr' id='par_1_60' title="bbox 478 5687 1199 5745">
     <span class='ocr_line' id='line_1_60' title="bbox 478 5687 1199 5745; baseline -0.003 -9"><span class='ocrx_word' id='word_1_506' title='bbox 478 5696 496 5722; x_wconf 63' lang='grc' dir='ltr'><em>ι</em></span> <span class='ocrx_word' id='word_1_507' title='bbox 531 5687 603 5736; x_wconf 76' lang='lat' dir='ltr'><strong>tir.</strong></span> <span class='ocrx_word' id='word_1_508' title='bbox 641 5695 770 5745; x_wconf 86' lang='lat' dir='ltr'><strong>I.ov.,</strong></span> <span class='ocrx_word' id='word_1_509' title='bbox 793 5687 881 5744; x_wconf 78' lang='lat' dir='ltr'><strong>filii</strong></span> <span class='ocrx_word' id='word_1_510' title='bbox 905 5687 926 5735; x_wconf 66' lang='grc' dir='ltr'><strong>’ἐ</strong></span> <span class='ocrx_word' id='word_1_511' title='bbox 952 5687 1199 5736; x_wconf 81' lang='lat' dir='ltr'><strong>mendose.</strong></span> 
     </span>
    </p>
   </div>
   <div class='ocr_carea' id='block_1_61' title="bbox 477 5745 1986 5810">
    <p class='ocr_par' dir='ltr' id='par_1_61' title="bbox 477 5745 1986 5810">
     <span class='ocr_line' id='line_1_61' title="bbox 477 5745 1986 5810; baseline 0 -14"><span class='ocrx_word' id='word_1_512' title='bbox 477 5751 498 5782; x_wconf 72' lang='grc' dir='ltr'><strong>ι</strong></span> <span class='ocrx_word' id='word_1_513' title='bbox 531 5751 746 5810; x_wconf 57' lang='lat' dir='ltr'><strong>quinque</strong></span> <span class='ocrx_word' id='word_1_514' title='bbox 771 5755 895 5808; x_wconf 66' lang='grc' dir='ltr'><strong>λιες..</strong></span> <span class='ocrx_word' id='word_1_515' title='bbox 917 5746 1050 5796; x_wconf 77' lang='lat' dir='ltr'><strong>vellet</strong></span> <span class='ocrx_word' id='word_1_516' title='bbox 1072 5747 1234 5798; x_wconf 79' lang='lat' dir='ltr'><strong>dicere</strong></span> <span class='ocrx_word' id='word_1_517' title='bbox 1261 5760 1304 5800; x_wconf 83' lang='lat' dir='ltr'><strong>et</strong></span> <span class='ocrx_word' id='word_1_518' title='bbox 1329 5748 1504 5805; x_wconf 77' lang='lat' dir='ltr'><strong>facere.</strong></span> <span class='ocrx_word' id='word_1_519' title='bbox 1528 5748 1826 5808; x_wconf 74' lang='lat' dir='ltr'><strong>Sorboziicus,</strong></span> <span class='ocrx_word' id='word_1_520' title='bbox 1853 5745 1986 5797; x_wconf 72' lang='lat' dir='ltr'><strong>uellet</strong></span> 
     </span>
    </p>
   </div>
   <div class='ocr_carea' id='block_1_62' title="bbox 1026 288 3060 358">
    <p class='ocr_par' dir='ltr' id='par_1_62' title="bbox 1026 288 3060 358">
     <span class='ocr_line' id='line_1_62' title="bbox 1026 288 3060 358; baseline 0.001 -6"><span class='ocrx_word' id='word_1_521' title='bbox 1026 297 1112 352; x_wconf 86' lang='lat' dir='ltr'><strong>DE</strong></span> <span class='ocrx_word' id='word_1_522' title='bbox 1149 292 1628 352; x_wconf 74' lang='lat' dir='ltr'><strong>CORREPTIONE</strong></span> <span class='ocrx_word' id='word_1_523' title='bbox 1666 291 1754 348; x_wconf 84' lang='lat' dir='ltr'><strong>ET</strong></span> <span class='ocrx_word' id='word_1_524' title='bbox 1793 288 2072 357; x_wconf 74' lang='lat' dir='ltr'><strong>GRA&#39;I‘IA,</strong></span> <span class='ocrx_word' id='word_1_525' title='bbox 2114 289 2172 347; x_wconf 89' lang='lat' dir='ltr'><strong>S.</strong></span> <span class='ocrx_word' id='word_1_526' title='bbox 2214 289 2580 350; x_wconf 78' lang='lat' dir='ltr'><strong>AUCUSTINI</strong></span> <span class='ocrx_word' id='word_1_527' title='bbox 2621 294 2822 352; x_wconf 79' lang='lat' dir='ltr'><strong>LIBER</strong></span> <span class='ocrx_word' id='word_1_528' title='bbox 2859 296 3060 358; x_wconf 84' lang='lat' dir='ltr'><strong>UNUS.</strong></span> 
     </span>
    </p>
   </div>
   <div class='ocr_carea' id='block_1_63' title="bbox 3559 311 3656 368">
    <p class='ocr_par' dir='ltr' id='par_1_63' title="bbox 3559 311 3656 368">
     <span class='ocr_line' id='line_1_63' title="bbox 3559 311 3656 368; baseline 0 -1"><span class='ocrx_word' id='word_1_529' title='bbox 3559 311 3656 368; x_wconf 70' lang='grc' dir='ltr'><strong>θςι</strong></span> 
     </span>
    </p>
   </div>
   <div class='ocr_carea' id='block_1_64' title="bbox 2083 381 3660 466">
    <p class='ocr_par' dir='ltr' id='par_1_64' title="bbox 2083 381 3660 466">
     <span class='ocr_line' id='line_1_64' title="bbox 2083 381 3660 466; baseline 0.013 -31"><span class='ocrx_word' id='word_1_530' title='bbox 2083 381 2376 450; x_wconf 78' lang='lat' dir='ltr'><strong>bellatores,</strong></span> <span class='ocrx_word' id='word_1_531' title='bbox 2411 385 2680 456; x_wconf 80' lang='lat' dir='ltr'><strong>dirigentes</strong></span> <span class='ocrx_word' id='word_1_532' title='bbox 2715 389 2874 444; x_wconf 88' lang='lat' dir='ltr'><strong>aciem</strong></span> <span class='ocrx_word' id='word_1_533' title='bbox 2913 392 3064 446; x_wconf 80' lang='lat' dir='ltr'><strong>corde</strong></span> <span class='ocrx_word' id='word_1_534' title='bbox 3099 393 3312 466; x_wconf 77' lang='lat' dir='ltr'><strong>paciﬁca</strong></span> <span class='ocrx_word' id='word_1_535' title='bbox 3349 411 3586 454; x_wconf 76' lang='lat' dir='ltr'><strong>venerunt</strong></span> <span class='ocrx_word' id='word_1_536' title='bbox 3611 404 3660 455; x_wconf 74' lang='lat' dir='ltr'><strong>in</strong></span> 
     </span>
    </p>
   </div>
   <div class='ocr_carea' id='block_1_65' title="bbox 2085 470 3662 554">
    <p class='ocr_par' dir='ltr' id='par_1_65' title="bbox 2085 470 3662 554">
     <span class='ocr_line' id='line_1_65' title="bbox 2085 470 3662 554; baseline 0.013 -29"><span class='ocrx_word' id='word_1_537' title='bbox 2085 470 2312 540; x_wconf 82' lang='lat' dir='ltr'><strong>Hebron,</strong></span> <span class='ocrx_word' id='word_1_538' title='bbox 2342 485 2393 526; x_wconf 91' lang='lat' dir='ltr'><strong>ut</strong></span> <span class='ocrx_word' id='word_1_539' title='bbox 2421 478 2776 532; x_wconf 83' lang='lat' dir='ltr'><strong>constituerent</strong></span> <span class='ocrx_word' id='word_1_540' title='bbox 2818 477 2983 534; x_wconf 80' lang='lat' dir='ltr'><strong>David</strong></span> <span class='ocrx_word' id='word_1_541' title='bbox 3013 499 3167 553; x_wconf 85' lang='lat' dir='ltr'><strong>super</strong></span> <span class='ocrx_word' id='word_1_542' title='bbox 3186 501 3382 540; x_wconf 87' lang='lat' dir='ltr'><strong>omnem</strong></span> <span class='ocrx_word' id='word_1_543' title='bbox 3407 486 3572 544; x_wconf 78' lang='lat' dir='ltr'><strong>Israel</strong></span> <span class='ocrx_word' id='word_1_544' title='bbox 3613 493 3662 554; x_wconf 84' lang='lat' dir='ltr'><strong>ll</strong></span> 
     </span>
    </p>
   </div>
   <div class='ocr_carea' id='block_1_66' title="bbox 2086 561 3664 646">
    <p class='ocr_par' dir='ltr' id='par_1_66' title="bbox 2086 561 3664 646">
     <span class='ocr_line' id='line_1_66' title="bbox 2086 561 3664 646; baseline 0.013 -30"><span class='ocrx_word' id='word_1_545' title='bbox 2086 561 2214 618; x_wconf 85' lang='lat' dir='ltr'><strong>Par.</strong></span> <span class='ocrx_word' id='word_1_546' title='bbox 2255 579 2349 631; x_wconf 69' lang='lat' dir='ltr'><strong>an,</strong></span> <span class='ocrx_word' id='word_1_547' title='bbox 2383 565 2469 631; x_wconf 79' lang='lat' dir='ltr'><strong>l8,</strong></span> <span class='ocrx_word' id='word_1_548' title='bbox 2506 565 2626 638; x_wconf 77' lang='lat'><strong>&#39;58).</strong></span> <span class='ocrx_word' id='word_1_549' title='bbox 2665 568 2771 624; x_wconf 88' lang='lat' dir='ltr'><strong>Sua</strong></span> <span class='ocrx_word' id='word_1_550' title='bbox 2817 571 3089 628; x_wconf 86' lang='lat' dir='ltr'><strong>voluntate</strong></span> <span class='ocrx_word' id='word_1_551' title='bbox 3129 575 3314 646; x_wconf 86' lang='lat' dir='ltr'><strong>utique</strong></span> <span class='ocrx_word' id='word_1_552' title='bbox 3357 577 3442 632; x_wconf 78' lang='lat' dir='ltr'><strong>iSti</strong></span> <span class='ocrx_word' id='word_1_553' title='bbox 3471 584 3664 636; x_wconf 85' lang='lat' dir='ltr'><strong>consti-</strong></span> 
     </span>
    </p>
   </div>
   <div class='ocr_carea' id='block_1_67' title="bbox 2083 660 3664 739">
    <p class='ocr_par' dir='ltr' id='par_1_67' title="bbox 2083 660 3664 739">
     <span class='ocr_line' id='line_1_67' title="bbox 2083 660 3664 739; baseline 0.011 -29"><span class='ocrx_word' id='word_1_554' title='bbox 2083 663 2300 711; x_wconf 90' lang='lat' dir='ltr'><strong>tuerunt</strong></span> <span class='ocrx_word' id='word_1_555' title='bbox 2321 673 2498 728; x_wconf 86' lang='lat' dir='ltr'><strong>regem</strong></span> <span class='ocrx_word' id='word_1_556' title='bbox 2527 660 2712 717; x_wconf 85' lang='lat' dir='ltr'><strong>David.</strong></span> <span class='ocrx_word' id='word_1_557' title='bbox 2745 661 2876 730; x_wconf 89' lang='lat' dir='ltr'><strong>Quis</strong></span> <span class='ocrx_word' id='word_1_558' title='bbox 2911 679 3016 718; x_wconf 91' lang='lat' dir='ltr'><strong>non</strong></span> <span class='ocrx_word' id='word_1_559' title='bbox 3055 665 3268 722; x_wconf 76' lang='lat' dir='ltr'><strong>videat!</strong></span> <span class='ocrx_word' id='word_1_560' title='bbox 3293 671 3413 739; x_wconf 88' lang='lat' dir='ltr'><strong>quis</strong></span> <span class='ocrx_word' id='word_1_561' title='bbox 3439 669 3539 726; x_wconf 89' lang='lat' dir='ltr'><strong>hoc</strong></span> <span class='ocrx_word' id='word_1_562' title='bbox 3571 689 3664 727; x_wconf 83' lang='lat' dir='ltr'><strong>nc-</strong></span> 
     </span>
    </p>
   </div>
   <div class='ocr_carea' id='block_1_68' title="bbox 2082 750 3664 824">
    <p class='ocr_par' dir='ltr' id='par_1_68' title="bbox 2082 750 3664 824">
     <span class='ocr_line' id='line_1_68' title="bbox 2082 750 3664 824; baseline 0.011 -20"><span class='ocrx_word' id='word_1_563' title='bbox 2082 751 2205 822; x_wconf 84' lang='lat' dir='ltr'><strong>gct‘l</strong></span> <span class='ocrx_word' id='word_1_564' title='bbox 2233 750 2348 806; x_wconf 89' lang='lat' dir='ltr'><strong>Non</strong></span> <span class='ocrx_word' id='word_1_565' title='bbox 2381 753 2522 808; x_wconf 89' lang='lat' dir='ltr'><strong>enim</strong></span> <span class='ocrx_word' id='word_1_566' title='bbox 2559 753 2670 810; x_wconf 81' lang='lat' dir='ltr'><strong>hoc</strong></span> <span class='ocrx_word' id='word_1_567' title='bbox 2708 771 2812 812; x_wconf 90' lang='lat' dir='ltr'><strong>non</strong></span> <span class='ocrx_word' id='word_1_568' title='bbox 2841 772 2904 812; x_wconf 78' lang='lat' dir='ltr'><strong>ex</strong></span> <span class='ocrx_word' id='word_1_569' title='bbox 2935 758 3112 814; x_wconf 89' lang='lat' dir='ltr'><strong>animo</strong></span> <span class='ocrx_word' id='word_1_570' title='bbox 3135 801 3150 824; x_wconf 94' lang='lat'><strong>,</strong></span> <span class='ocrx_word' id='word_1_571' title='bbox 3191 771 3280 816; x_wconf 88' lang='lat' dir='ltr'><strong>aut</strong></span> <span class='ocrx_word' id='word_1_572' title='bbox 3309 777 3415 817; x_wconf 89' lang='lat' dir='ltr'><strong>non</strong></span> <span class='ocrx_word' id='word_1_573' title='bbox 3442 779 3507 818; x_wconf 78' lang='lat' dir='ltr'><strong>ex</strong></span> <span class='ocrx_word' id='word_1_574' title='bbox 3536 763 3664 822; x_wconf 68' lang='lat' dir='ltr'><strong>[MHR</strong></span> 
     </span>
    </p>
   </div>
   <div class='ocr_carea' id='block_1_69' title="bbox 2083 843 3663 924">
    <p class='ocr_par' dir='ltr' id='par_1_69' title="bbox 2083 843 3663 924">
     <span class='ocr_line' id='line_1_69' title="bbox 2083 843 3663 924; baseline 0.011 -30"><span class='ocrx_word' id='word_1_575' title='bbox 2083 843 2352 899; x_wconf 88' lang='lat' dir='ltr'><strong>voluntate</strong></span> <span class='ocrx_word' id='word_1_576' title='bbox 2409 845 2650 902; x_wconf 88' lang='lat' dir='ltr'><strong>fecerunt</strong></span> <span class='ocrx_word' id='word_1_577' title='bbox 2684 888 2698 912; x_wconf 91' lang='lat'><strong>,</strong></span> <span class='ocrx_word' id='word_1_578' title='bbox 2753 849 2893 918; x_wconf 90' lang='lat' dir='ltr'><strong>quod</strong></span> <span class='ocrx_word' id='word_1_579' title='bbox 2957 849 3197 906; x_wconf 79' lang='lat' dir='ltr'><strong>fecerunt</strong></span> <span class='ocrx_word' id='word_1_580' title='bbox 3226 854 3248 886; x_wconf 75' lang='grc'><strong>⁸</strong></span> <span class='ocrx_word' id='word_1_581' title='bbox 3298 855 3461 910; x_wconf 80' lang='lat' dir='ltr'><strong>corde</strong></span> <span class='ocrx_word' id='word_1_582' title='bbox 3529 858 3663 924; x_wconf 75' lang='lat' dir='ltr'><strong>paci~</strong></span> 
     </span>
    </p>
   </div>
   <div class='ocr_carea' id='block_1_70' title="bbox 2086 933 3666 1012">
    <p class='ocr_par' dir='ltr' id='par_1_70' title="bbox 2086 933 3666 1012">
     <span class='ocr_line' id='line_1_70' title="bbox 2086 933 3666 1012; baseline 0.009 -25"><span class='ocrx_word' id='word_1_583' title='bbox 2086 933 2188 988; x_wconf 88' lang='lat' dir='ltr'><strong>lico</strong></span> <span class='ocrx_word' id='word_1_584' title='bbox 2216 951 2229 988; x_wconf 89' lang='lat'>:</span> <span class='ocrx_word' id='word_1_585' title='bbox 2257 943 2312 991; x_wconf 88' lang='lat' dir='ltr'><strong>et</strong></span> <span class='ocrx_word' id='word_1_586' title='bbox 2339 945 2515 992; x_wconf 89' lang='lat' dir='ltr'><strong>tamen</strong></span> <span class='ocrx_word' id='word_1_587' title='bbox 2545 937 2645 993; x_wconf 88' lang='lat' dir='ltr'><strong>hoc</strong></span> <span class='ocrx_word' id='word_1_588' title='bbox 2671 939 2723 993; x_wconf 90' lang='lat' dir='ltr'><strong>in</strong></span> <span class='ocrx_word' id='word_1_589' title='bbox 2755 941 2835 994; x_wconf 89' lang='lat' dir='ltr'><strong>eis</strong></span> <span class='ocrx_word' id='word_1_590' title='bbox 2861 943 2986 1012; x_wconf 85' lang='lat' dir='ltr'><strong>egit,</strong></span> <span class='ocrx_word' id='word_1_591' title='bbox 3017 943 3106 1012; x_wconf 89' lang='lat' dir='ltr'><strong>qui</strong></span> <span class='ocrx_word' id='word_1_592' title='bbox 3137 949 3186 996; x_wconf 90' lang='lat' dir='ltr'><strong>in</strong></span> <span class='ocrx_word' id='word_1_593' title='bbox 3212 945 3467 1000; x_wconf 89' lang='lat' dir='ltr'><strong>cordibus</strong></span> <span class='ocrx_word' id='word_1_594' title='bbox 3496 946 3666 1002; x_wconf 83' lang='lat' dir='ltr'><strong>homi-</strong></span> 
     </span>
    </p>
   </div>
   <div class='ocr_carea' id='block_1_71' title="bbox 2084 1027 3666 1108">
    <p class='ocr_par' dir='ltr' id='par_1_71' title="bbox 2084 1027 3666 1108">
     <span class='ocr_line' id='line_1_71' title="bbox 2084 1027 3666 1108; baseline 0.009 -29"><span class='ocrx_word' id='word_1_595' title='bbox 2084 1040 2210 1080; x_wconf 92' lang='lat' dir='ltr'><strong>num</strong></span> <span class='ocrx_word' id='word_1_596' title='bbox 2234 1027 2373 1097; x_wconf 88' lang='lat' dir='ltr'><strong>quod</strong></span> <span class='ocrx_word' id='word_1_597' title='bbox 2410 1029 2635 1084; x_wconf 87' lang='lat' dir='ltr'><strong>voluerit</strong></span> <span class='ocrx_word' id='word_1_598' title='bbox 2664 1041 2933 1100; x_wconf 86' lang='lat' dir='ltr'><strong>operatur.</strong></span> <span class='ocrx_word' id='word_1_599' title='bbox 2977 1032 3201 1104; x_wconf 83' lang='lat' dir='ltr'><strong>Propter</strong></span> <span class='ocrx_word' id='word_1_600' title='bbox 3229 1037 3370 1106; x_wconf 90' lang='lat' dir='ltr'><strong>quod</strong></span> <span class='ocrx_word' id='word_1_601' title='bbox 3408 1039 3666 1108; x_wconf 58' lang='lat' dir='ltr'><strong>pra&#39;misit</strong></span> 
     </span>
    </p>
   </div>
   <div class='ocr_carea' id='block_1_72' title="bbox 2084 1116 3660 1200">
    <p class='ocr_par' dir='ltr' id='par_1_72' title="bbox 2084 1116 3660 1200">
     <span class='ocr_line' id='line_1_72' title="bbox 2084 1116 3660 1200; baseline 0.007 -28"><span class='ocrx_word' id='word_1_602' title='bbox 2084 1116 2377 1188; x_wconf 82' lang='lat' dir='ltr'><strong>Scriptura,</strong></span> <span class='ocrx_word' id='word_1_603' title='bbox 2407 1119 2470 1174; x_wconf 82' lang='lat' dir='ltr'><strong>Et</strong></span> <span class='ocrx_word' id='word_1_604' title='bbox 2497 1121 2796 1176; x_wconf 80' lang='lat' dir='ltr'><strong>ambulabat</strong></span> <span class='ocrx_word' id='word_1_605' title='bbox 2817 1121 2980 1177; x_wconf 80' lang='lat' dir='ltr'><strong>David</strong></span> <span class='ocrx_word' id='word_1_606' title='bbox 3007 1125 3278 1195; x_wconf 75' lang='lat' dir='ltr'><strong>proﬁciens</strong></span> <span class='ocrx_word' id='word_1_607' title='bbox 3296 1169 3311 1189; x_wconf 91' lang='lat'><strong>,</strong></span> <span class='ocrx_word' id='word_1_608' title='bbox 3351 1139 3398 1181; x_wconf 91' lang='lat' dir='ltr'><strong>et</strong></span> <span class='ocrx_word' id='word_1_609' title='bbox 3424 1130 3660 1200; x_wconf 73' lang='grc' dir='ltr'><em>ηιαςηὶρο</em></span> 
     </span>
    </p>
   </div>
   <div class='ocr_carea' id='block_1_73' title="bbox 2083 1207 3672 1290">
    <p class='ocr_par' dir='ltr' id='par_1_73' title="bbox 2083 1207 3672 1290">
     <span class='ocr_line' id='line_1_73' title="bbox 2083 1207 3672 1290; baseline 0.009 -30"><span class='ocrx_word' id='word_1_610' title='bbox 2083 1207 2314 1276; x_wconf 77' lang='lat' dir='ltr'><strong>cabatur,</strong></span> <span class='ocrx_word' id='word_1_611' title='bbox 2343 1220 2390 1265; x_wconf 88' lang='lat' dir='ltr'><strong>et</strong></span> <span class='ocrx_word' id='word_1_612' title='bbox 2419 1209 2670 1267; x_wconf 83' lang='lat' dir='ltr'><strong>Dominus</strong></span> <span class='ocrx_word' id='word_1_613' title='bbox 2703 1214 3018 1284; x_wconf 83' lang='lat' dir='ltr'><strong>omnipotens</strong></span> <span class='ocrx_word' id='word_1_614' title='bbox 3044 1224 3150 1268; x_wconf 90' lang='lat' dir='ltr'><strong>erat</strong></span> <span class='ocrx_word' id='word_1_615' title='bbox 3183 1233 3296 1270; x_wconf 89' lang='lat' dir='ltr'><strong>cum</strong></span> <span class='ocrx_word' id='word_1_616' title='bbox 3325 1218 3434 1271; x_wconf 87' lang='lat' dir='ltr'><strong>illo.</strong></span> <span class='ocrx_word' id='word_1_617' title='bbox 3477 1221 3555 1274; x_wconf 80' lang='lat' dir='ltr'><strong>Ac</strong></span> <span class='ocrx_word' id='word_1_618' title='bbox 3581 1235 3672 1290; x_wconf 88' lang='lat' dir='ltr'><strong>per</strong></span> 
     </span>
    </p>
   </div>
   <div class='ocr_carea' id='block_1_74' title="bbox 2085 1299 3665 1376">
    <p class='ocr_par' dir='ltr' id='par_1_74' title="bbox 2085 1299 3665 1376">
     <span class='ocr_line' id='line_1_74' title="bbox 2085 1299 3665 1376; baseline 0.01 -24"><span class='ocrx_word' id='word_1_619' title='bbox 2085 1299 2187 1354; x_wconf 93' lang='lat' dir='ltr'><strong>hoc</strong></span> <span class='ocrx_word' id='word_1_620' title='bbox 2218 1299 2474 1356; x_wconf 85' lang='lat' dir='ltr'><strong>Dominus</strong></span> <span class='ocrx_word' id='word_1_621' title='bbox 2498 1303 2840 1373; x_wconf 85' lang='lat' dir='ltr'><strong>omnipotens</strong></span> <span class='ocrx_word' id='word_1_622' title='bbox 2883 1305 2969 1376; x_wconf 91' lang='lat' dir='ltr'><strong>qui</strong></span> <span class='ocrx_word' id='word_1_623' title='bbox 2998 1314 3115 1361; x_wconf 87' lang='lat' dir='ltr'><strong>erat</strong></span> <span class='ocrx_word' id='word_1_624' title='bbox 3143 1323 3264 1362; x_wconf 90' lang='lat' dir='ltr'><strong>cum</strong></span> <span class='ocrx_word' id='word_1_625' title='bbox 3295 1309 3386 1364; x_wconf 93' lang='lat' dir='ltr'><strong>illo</strong></span> <span class='ocrx_word' id='word_1_626' title='bbox 3407 1352 3424 1375; x_wconf 90' lang='lat'><strong>,</strong></span> <span class='ocrx_word' id='word_1_627' title='bbox 3452 1309 3665 1368; x_wconf 79' lang='lat' dir='ltr'><strong>adduxit</strong></span> 
     </span>
    </p>
   </div>
   <div class='ocr_carea' id='block_1_75' title="bbox 2085 1386 3665 1468">
    <p class='ocr_par' dir='ltr' id='par_1_75' title="bbox 2085 1386 3665 1468">
     <span class='ocr_line' id='line_1_75' title="bbox 2085 1386 3665 1468; baseline 0.008 -24"><span class='ocrx_word' id='word_1_628' title='bbox 2085 1389 2219 1446; x_wconf 88' lang='lat' dir='ltr'><strong>istos</strong></span> <span class='ocrx_word' id='word_1_629' title='bbox 2245 1399 2301 1445; x_wconf 91' lang='lat' dir='ltr'><strong>ut</strong></span> <span class='ocrx_word' id='word_1_630' title='bbox 2329 1407 2450 1447; x_wconf 89' lang='lat' dir='ltr'><strong>eum</strong></span> <span class='ocrx_word' id='word_1_631' title='bbox 2479 1407 2658 1464; x_wconf 81' lang='lat' dir='ltr'><strong>regem</strong></span> <span class='ocrx_word' id='word_1_632' title='bbox 2679 1396 3087 1450; x_wconf 74' lang='lat' dir='ltr'><strong>constituerent.</strong></span> <span class='ocrx_word' id='word_1_633' title='bbox 3120 1386 3183 1451; x_wconf 69' lang='lat' dir='ltr'><strong>Et</strong></span> <span class='ocrx_word' id='word_1_634' title='bbox 3203 1399 3471 1468; x_wconf 88' lang='lat' dir='ltr'><strong>quomodo</strong></span> <span class='ocrx_word' id='word_1_635' title='bbox 3503 1402 3665 1456; x_wconf 69' lang='lat' dir='ltr'><strong>addu-</strong></span> 
     </span>
    </p>
   </div>
   <div class='ocr_carea' id='block_1_76' title="bbox 2085 1483 3666 1562">
    <p class='ocr_par' dir='ltr' id='par_1_76' title="bbox 2085 1483 3666 1562">
     <span class='ocr_line' id='line_1_76' title="bbox 2085 1483 3666 1562; baseline 0.004 -26"><span class='ocrx_word' id='word_1_636' title='bbox 2085 1483 2195 1536; x_wconf 74' lang='lat' dir='ltr'><strong>sit?</strong></span> <span class='ocrx_word' id='word_1_637' title='bbox 2225 1484 2480 1554; x_wconf 90' lang='lat' dir='ltr'><strong>numquid</strong></span> <span class='ocrx_word' id='word_1_638' title='bbox 2497 1486 2876 1555; x_wconf 81' lang='lat' dir='ltr'><strong>corporalibus</strong></span> <span class='ocrx_word' id='word_1_639' title='bbox 2908 1487 3028 1541; x_wconf 88' lang='lat' dir='ltr'><strong>ullis</strong></span> <span class='ocrx_word' id='word_1_640' title='bbox 3049 1487 3275 1542; x_wconf 86' lang='lat' dir='ltr'><strong>vinculis</strong></span> <span class='ocrx_word' id='word_1_641' title='bbox 3294 1489 3566 1562; x_wconf 78' lang='lat' dir='ltr'><strong>alligavit?</strong></span> <span class='ocrx_word' id='word_1_642' title='bbox 3593 1494 3666 1546; x_wconf 83' lang='lat' dir='ltr'><strong>ln-</strong></span> 
     </span>
    </p>
   </div>
   <div class='ocr_carea' id='block_1_77' title="bbox 2086 1575 3667 1652">
    <p class='ocr_par' dir='ltr' id='par_1_77' title="bbox 2086 1575 3667 1652">
     <span class='ocr_line' id='line_1_77' title="bbox 2086 1575 3667 1652; baseline 0.005 -26"><span class='ocrx_word' id='word_1_643' title='bbox 2086 1582 2170 1628; x_wconf 90' lang='lat' dir='ltr'><strong>tus</strong></span> <span class='ocrx_word' id='word_1_644' title='bbox 2196 1575 2322 1643; x_wconf 85' lang='lat' dir='ltr'><strong>egit,</strong></span> <span class='ocrx_word' id='word_1_645' title='bbox 2345 1575 2503 1632; x_wconf 89' lang='lat' dir='ltr'><strong>corda</strong></span> <span class='ocrx_word' id='word_1_646' title='bbox 2523 1577 2718 1639; x_wconf 66' lang='lat' dir='ltr'><strong>tenuit.</strong></span> <span class='ocrx_word' id='word_1_647' title='bbox 2759 1577 2922 1632; x_wconf 88' lang='lat' dir='ltr'><strong>corda</strong></span> <span class='ocrx_word' id='word_1_648' title='bbox 2951 1579 3135 1645; x_wconf 82' lang='lat' dir='ltr'><strong>movit,</strong></span> <span class='ocrx_word' id='word_1_649' title='bbox 3161 1595 3364 1652; x_wconf 89' lang='lat' dir='ltr'><strong>eosque</strong></span> <span class='ocrx_word' id='word_1_650' title='bbox 3385 1583 3667 1638; x_wconf 83' lang='lat' dir='ltr'><strong>voluntati-</strong></span> 
     </span>
    </p>
   </div>
   <div class='ocr_carea' id='block_1_78' title="bbox 2087 1663 3667 1741">
    <p class='ocr_par' dir='ltr' id='par_1_78' title="bbox 2087 1663 3667 1741">
     <span class='ocr_line' id='line_1_78' title="bbox 2087 1663 3667 1741; baseline 0.007 -23"><span class='ocrx_word' id='word_1_651' title='bbox 2087 1663 2186 1719; x_wconf 79' lang='lat' dir='ltr'><strong>bus</strong></span> <span class='ocrx_word' id='word_1_652' title='bbox 2215 1681 2400 1722; x_wconf 85' lang='lat' dir='ltr'><strong>eorum</strong></span> <span class='ocrx_word' id='word_1_653' title='bbox 2419 1712 2440 1738; x_wconf 79' lang='lat'><strong>,</strong></span> <span class='ocrx_word' id='word_1_654' title='bbox 2462 1683 2593 1738; x_wconf 86' lang='lat' dir='ltr'><strong>quas</strong></span> <span class='ocrx_word' id='word_1_655' title='bbox 2625 1668 2738 1739; x_wconf 90' lang='lat' dir='ltr'><strong>ipse</strong></span> <span class='ocrx_word' id='word_1_656' title='bbox 2764 1668 2816 1723; x_wconf 91' lang='lat' dir='ltr'><strong>in</strong></span> <span class='ocrx_word' id='word_1_657' title='bbox 2855 1669 2960 1724; x_wconf 88' lang='lat' dir='ltr'><strong>illis</strong></span> <span class='ocrx_word' id='word_1_658' title='bbox 2989 1679 3240 1741; x_wconf 86' lang='lat' dir='ltr'><strong>operatus</strong></span> <span class='ocrx_word' id='word_1_659' title='bbox 3277 1680 3380 1737; x_wconf 87' lang='lat' dir='ltr'><strong>est,</strong></span> <span class='ocrx_word' id='word_1_660' title='bbox 3409 1674 3592 1728; x_wconf 84' lang='lat' dir='ltr'><strong>traxit.</strong></span> <span class='ocrx_word' id='word_1_661' title='bbox 3615 1674 3667 1729; x_wconf 89' lang='lat' dir='ltr'><strong>Si</strong></span> 
     </span>
    </p>
   </div>
   <div class='ocr_carea' id='block_1_79' title="bbox 2081 1756 3663 1828">
    <p class='ocr_par' dir='ltr' id='par_1_79' title="bbox 2081 1756 3663 1828">
     <span class='ocr_line' id='line_1_79' title="bbox 2081 1756 3663 1828; baseline 0.006 -22"><span class='ocrx_word' id='word_1_662' title='bbox 2081 1768 2210 1825; x_wconf 80' lang='lat' dir='ltr'><strong>ergo</strong></span> <span class='ocrx_word' id='word_1_663' title='bbox 2249 1769 2370 1810; x_wconf 91' lang='lat' dir='ltr'><strong>cum</strong></span> <span class='ocrx_word' id='word_1_664' title='bbox 2411 1756 2641 1811; x_wconf 88' lang='lat' dir='ltr'><strong>voluerit</strong></span> <span class='ocrx_word' id='word_1_665' title='bbox 2670 1771 2823 1828; x_wconf 81' lang='lat' dir='ltr'><strong>reges</strong></span> <span class='ocrx_word' id='word_1_666' title='bbox 2867 1758 2918 1813; x_wconf 92' lang='lat' dir='ltr'><strong>in</strong></span> <span class='ocrx_word' id='word_1_667' title='bbox 2953 1767 3093 1813; x_wconf 88' lang='lat' dir='ltr'><strong>terra</strong></span> <span class='ocrx_word' id='word_1_668' title='bbox 3135 1759 3278 1815; x_wconf 85' lang='lat' dir='ltr'><strong>Deus</strong></span> <span class='ocrx_word' id='word_1_669' title='bbox 3309 1764 3663 1827; x_wconf 80' lang='lat' dir='ltr'><strong>constituere,</strong></span> 
     </span>
    </p>
   </div>
   <div class='ocr_carea' id='block_1_80' title="bbox 2087 1845 3665 1922">
    <p class='ocr_par' dir='ltr' id='par_1_80' title="bbox 2087 1845 3665 1922">
     <span class='ocr_line' id='line_1_80' title="bbox 2087 1845 3665 1922; baseline 0.005 -24"><span class='ocrx_word' id='word_1_670' title='bbox 2087 1845 2256 1916; x_wconf 83' lang='lat' dir='ltr'><strong>magis</strong></span> <span class='ocrx_word' id='word_1_671' title='bbox 2298 1846 2457 1901; x_wconf 82' lang='lat' dir='ltr'><strong>habet</strong></span> <span class='ocrx_word' id='word_1_672' title='bbox 2484 1847 2536 1902; x_wconf 90' lang='lat' dir='ltr'><strong>in</strong></span> <span class='ocrx_word' id='word_1_673' title='bbox 2577 1853 2842 1918; x_wconf 80' lang='lat' dir='ltr'><strong>potestate</strong></span> <span class='ocrx_word' id='word_1_674' title='bbox 2867 1849 3166 1904; x_wconf 86' lang='lat' dir='ltr'><strong>voluntates</strong></span> <span class='ocrx_word' id='word_1_675' title='bbox 3197 1849 3468 1906; x_wconf 84' lang='lat' dir='ltr'><strong>hominum</strong></span> <span class='ocrx_word' id='word_1_676' title='bbox 3507 1869 3665 1922; x_wconf 83' lang='lat' dir='ltr'><strong>quam</strong></span> 
     </span>
    </p>
   </div>
   <div class='ocr_carea' id='block_1_81' title="bbox 2086 1935 3667 2013">
    <p class='ocr_par' dir='ltr' id='par_1_81' title="bbox 2086 1935 3667 2013">
     <span class='ocr_line' id='line_1_81' title="bbox 2086 1935 3667 2013; baseline 0.006 -23"><span class='ocrx_word' id='word_1_677' title='bbox 2086 1935 2184 2006; x_wconf 81' lang='lat' dir='ltr'><strong>ipsi</strong></span> <span class='ocrx_word' id='word_1_678' title='bbox 2213 1953 2370 2003; x_wconf 88' lang='lat' dir='ltr'><strong>suas;</strong></span> <span class='ocrx_word' id='word_1_679' title='bbox 2398 1939 2517 2008; x_wconf 89' lang='lat' dir='ltr'><strong>quis</strong></span> <span class='ocrx_word' id='word_1_680' title='bbox 2544 1939 2682 1994; x_wconf 89' lang='lat' dir='ltr'><strong>alius</strong></span> <span class='ocrx_word' id='word_1_681' title='bbox 2703 1939 2829 1994; x_wconf 81' lang='lat' dir='ltr'><strong>facit</strong></span> <span class='ocrx_word' id='word_1_682' title='bbox 2854 1949 2911 1995; x_wconf 93' lang='lat' dir='ltr'><strong>ut</strong></span> <span class='ocrx_word' id='word_1_683' title='bbox 2941 1939 3172 1996; x_wconf 88' lang='lat' dir='ltr'><strong>salubris</strong></span> <span class='ocrx_word' id='word_1_684' title='bbox 3195 1942 3261 1996; x_wconf 87' lang='lat' dir='ltr'><strong>sit</strong></span> <span class='ocrx_word' id='word_1_685' title='bbox 3287 1943 3588 2013; x_wconf 84' lang='lat' dir='ltr'><strong>correptio,</strong></span> <span class='ocrx_word' id='word_1_686' title='bbox 3618 1956 3667 1999; x_wconf 81' lang='lat' dir='ltr'><strong>et</strong></span> 
     </span>
    </p>
   </div>
   <div class='ocr_carea' id='block_1_82' title="bbox 2083 2025 3665 2098">
    <p class='ocr_par' dir='ltr' id='par_1_82' title="bbox 2083 2025 3665 2098">
     <span class='ocr_line' id='line_1_82' title="bbox 2083 2025 3665 2098; baseline 0.006 -19"><span class='ocrx_word' id='word_1_687' title='bbox 2083 2025 2176 2080; x_wconf 83' lang='lat' dir='ltr'><strong>flat</strong></span> <span class='ocrx_word' id='word_1_688' title='bbox 2199 2026 2252 2080; x_wconf 92' lang='lat' dir='ltr'><strong>in</strong></span> <span class='ocrx_word' id='word_1_689' title='bbox 2279 2028 2512 2098; x_wconf 88' lang='lat' dir='ltr'><strong>correpti</strong></span> <span class='ocrx_word' id='word_1_690' title='bbox 2537 2027 2702 2084; x_wconf 89' lang='lat' dir='ltr'><strong>corde</strong></span> <span class='ocrx_word' id='word_1_691' title='bbox 2741 2030 3026 2097; x_wconf 85' lang='lat' dir='ltr'><strong>correctio,</strong></span> <span class='ocrx_word' id='word_1_692' title='bbox 3058 2039 3116 2086; x_wconf 91' lang='lat' dir='ltr'><strong>ut</strong></span> <span class='ocrx_word' id='word_1_693' title='bbox 3140 2031 3345 2087; x_wconf 75' lang='lat' dir='ltr'><strong>cmlcsti</strong></span> <span class='ocrx_word' id='word_1_694' title='bbox 3367 2035 3665 2092; x_wconf 78' lang='lat' dir='ltr'><strong>constitua-</strong></span> 
     </span>
    </p>
   </div>
   <div class='ocr_carea' id='block_1_83' title="bbox 2083 2113 2788 2187">
    <p class='ocr_par' dir='ltr' id='par_1_83' title="bbox 2083 2113 2788 2187">
     <span class='ocr_line' id='line_1_83' title="bbox 2083 2113 2788 2187; baseline 0.001 -18"><span class='ocrx_word' id='word_1_695' title='bbox 2083 2125 2168 2170; x_wconf 87' lang='lat' dir='ltr'><strong>tur</strong></span> <span class='ocrx_word' id='word_1_696' title='bbox 2196 2115 2246 2170; x_wconf 90' lang='lat' dir='ltr'><strong>in</strong></span> <span class='ocrx_word' id='word_1_697' title='bbox 2274 2117 2482 2187; x_wconf 79' lang='lat' dir='ltr'><strong>regno?</strong></span> <span class='ocrx_word' id='word_1_698' title='bbox 2783 2113 2788 2116; x_wconf 58' lang='grc'><strong><em>⁷</em></strong></span> 
     </span>
    </p>
   </div>
   <div class='ocr_carea' id='block_1_84' title="bbox 2144 2207 3666 2288">
    <p class='ocr_par' dir='ltr' id='par_1_84' title="bbox 2144 2207 3666 2288">
     <span class='ocr_line' id='line_1_84' title="bbox 2144 2207 3666 2288; baseline 0.009 -26"><span class='ocrx_word' id='word_1_699' title='bbox 2144 2207 2378 2264; x_wconf 67' lang='grc' dir='ltr'><strong>(ᾺΡυΤ</strong></span> <span class='ocrx_word' id='word_1_700' title='bbox 2411 2208 2535 2264; x_wconf 78' lang='lat' dir='ltr'><strong>XV.</strong></span> <span class='ocrx_word' id='word_1_701' title='bbox 2567 2240 2638 2252; x_wconf 89' lang='lat'><strong>—-</strong></span> <span class='ocrx_word' id='word_1_702' title='bbox 2664 2210 2754 2276; x_wconf 66' lang='lat'><strong>46.</strong></span> <span class='ocrx_word' id='word_1_703' title='bbox 2797 2211 3168 2283; x_wconf 86' lang='lat' dir='ltr'><strong>Corripiantur</strong></span> <span class='ocrx_word' id='word_1_704' title='bbox 3195 2213 3370 2285; x_wconf 82' lang='lat' dir='ltr'><strong>itaque</strong></span> <span class='ocrx_word' id='word_1_705' title='bbox 3395 2231 3424 2272; x_wconf 83' lang='lat' dir='ltr'><strong>s</strong></span> <span class='ocrx_word' id='word_1_706' title='bbox 3458 2232 3666 2288; x_wconf 61' lang='grc' dir='ltr'><strong>μιτρο-</strong></span> 
     </span>
    </p>
   </div>
   <div class='ocr_carea' id='block_1_85' title="bbox 2081 2297 3664 2374">
    <p class='ocr_par' dir='ltr' id='par_1_85' title="bbox 2081 2297 3664 2374">
     <span class='ocr_line' id='line_1_85' title="bbox 2081 2297 3664 2374; baseline 0.006 -21"><span class='ocrx_word' id='word_1_707' title='bbox 2081 2297 2198 2354; x_wconf 90' lang='lat' dir='ltr'><strong>sitis</strong></span> <span class='ocrx_word' id='word_1_708' title='bbox 2235 2299 2346 2353; x_wconf 89' lang='lat' dir='ltr'><strong>suis</strong></span> <span class='ocrx_word' id='word_1_709' title='bbox 2383 2299 2578 2355; x_wconf 89' lang='lat' dir='ltr'><strong>subditi</strong></span> <span class='ocrx_word' id='word_1_710' title='bbox 2610 2299 2802 2358; x_wconf 82' lang='lat' dir='ltr'><strong>fratres</strong></span> <span class='ocrx_word' id='word_1_711' title='bbox 2849 2304 3280 2374; x_wconf 88' lang='lat' dir='ltr'><strong>eorreptiouibus</strong></span> <span class='ocrx_word' id='word_1_712' title='bbox 3307 2305 3377 2361; x_wconf 88' lang='lat' dir='ltr'><strong>de</strong></span> <span class='ocrx_word' id='word_1_713' title='bbox 3405 2307 3664 2365; x_wconf 84' lang='lat' dir='ltr'><strong>charitate</strong></span> 
     </span>
    </p>
   </div>
   <div class='ocr_carea' id='block_1_86' title="bbox 2082 2392 3663 2469">
    <p class='ocr_par' dir='ltr' id='par_1_86' title="bbox 2082 2392 3663 2469">
     <span class='ocr_line' id='line_1_86' title="bbox 2082 2392 3663 2469; baseline 0.009 -25"><span class='ocrx_word' id='word_1_714' title='bbox 2082 2392 2452 2458; x_wconf 88' lang='lat' dir='ltr'><strong>venientibus,</strong></span> <span class='ocrx_word' id='word_1_715' title='bbox 2497 2409 2593 2464; x_wconf 88' lang='lat' dir='ltr'><strong>pro</strong></span> <span class='ocrx_word' id='word_1_716' title='bbox 2631 2397 2909 2466; x_wconf 88' lang='lat' dir='ltr'><strong>culparum</strong></span> <span class='ocrx_word' id='word_1_717' title='bbox 2951 2397 3262 2456; x_wconf 85' lang='lat' dir='ltr'><strong>diversitate</strong></span> <span class='ocrx_word' id='word_1_718' title='bbox 3299 2399 3554 2469; x_wconf 86' lang='lat' dir='ltr'><strong>diversis,</strong></span> <span class='ocrx_word' id='word_1_719' title='bbox 3585 2403 3663 2460; x_wconf 81' lang='lat' dir='ltr'><strong>vel</strong></span> 
     </span>
    </p>
   </div>
   <div class='ocr_carea' id='block_1_87' title="bbox 2081 2482 3661 2561">
    <p class='ocr_par' dir='ltr' id='par_1_87' title="bbox 2081 2482 3661 2561">
     <span class='ocr_line' id='line_1_87' title="bbox 2081 2482 3661 2561; baseline 0.006 -25"><span class='ocrx_word' id='word_1_720' title='bbox 2081 2482 2396 2552; x_wconf 79' lang='lat' dir='ltr'><strong>minoribus,</strong></span> <span class='ocrx_word' id='word_1_721' title='bbox 2424 2485 2508 2540; x_wconf 88' lang='lat' dir='ltr'><strong>vel</strong></span> <span class='ocrx_word' id='word_1_722' title='bbox 2535 2487 2901 2556; x_wconf 88' lang='lat' dir='ltr'><strong>amplioribtts.</strong></span> <span class='ocrx_word' id='word_1_723' title='bbox 2933 2488 3066 2556; x_wconf 83' lang='lat' dir='ltr'><strong>Quia</strong></span> <span class='ocrx_word' id='word_1_724' title='bbox 3084 2500 3138 2544; x_wconf 90' lang='lat' dir='ltr'><strong>et</strong></span> <span class='ocrx_word' id='word_1_725' title='bbox 3160 2490 3269 2560; x_wconf 87' lang='lat' dir='ltr'><strong>ipsa</strong></span> <span class='ocrx_word' id='word_1_726' title='bbox 3300 2507 3417 2561; x_wconf 77' lang='lat' dir='ltr'><strong>qua:</strong></span> <span class='ocrx_word' id='word_1_727' title='bbox 3437 2492 3661 2548; x_wconf 82' lang='lat' dir='ltr'><strong>damna-</strong></span> 
     </span>
    </p>
   </div>
   <div class='ocr_carea' id='block_1_88' title="bbox 2083 2573 3657 2655">
    <p class='ocr_par' dir='ltr' id='par_1_88' title="bbox 2083 2573 3657 2655">
     <span class='ocr_line' id='line_1_88' title="bbox 2083 2573 3657 2655; baseline 0.008 -29"><span class='ocrx_word' id='word_1_728' title='bbox 2083 2573 2156 2628; x_wconf 89' lang='lat' dir='ltr'><strong>tio</strong></span> <span class='ocrx_word' id='word_1_729' title='bbox 2193 2575 2529 2643; x_wconf 90' lang='lat' dir='ltr'><strong>nominatur,</strong></span> <span class='ocrx_word' id='word_1_730' title='bbox 2561 2593 2719 2648; x_wconf 87' lang='lat' dir='ltr'><strong>quam</strong></span> <span class='ocrx_word' id='word_1_731' title='bbox 2752 2577 2878 2635; x_wconf 86' lang='lat' dir='ltr'><strong>facit</strong></span> <span class='ocrx_word' id='word_1_732' title='bbox 2901 2581 3206 2652; x_wconf 86' lang='lat' dir='ltr'><strong>episcopale</strong></span> <span class='ocrx_word' id='word_1_733' title='bbox 3237 2582 3518 2652; x_wconf 89' lang='lat' dir='ltr'><strong>judicium,</strong></span> <span class='ocrx_word' id='word_1_734' title='bbox 3553 2600 3657 2655; x_wconf 80' lang='lat' dir='ltr'><strong>qua</strong></span> 
     </span>
    </p>
   </div>
   <div class='ocr_carea' id='block_1_89' title="bbox 2081 2666 3664 2742">
    <p class='ocr_par' dir='ltr' id='par_1_89' title="bbox 2081 2666 3664 2742">
     <span class='ocr_line' id='line_1_89' title="bbox 2081 2666 3664 2742; baseline 0.007 -22"><span class='ocrx_word' id='word_1_735' title='bbox 2081 2678 2237 2733; x_wconf 71' lang='lat' dir='ltr'><strong>praua</strong></span> <span class='ocrx_word' id='word_1_736' title='bbox 2289 2667 2341 2719; x_wconf 90' lang='lat' dir='ltr'><strong>in</strong></span> <span class='ocrx_word' id='word_1_737' title='bbox 2388 2666 2624 2722; x_wconf 86' lang='lat' dir='ltr'><strong>Ecclesia</strong></span> <span class='ocrx_word' id='word_1_738' title='bbox 2678 2669 2824 2724; x_wconf 90' lang='lat' dir='ltr'><strong>nulla</strong></span> <span class='ocrx_word' id='word_1_739' title='bbox 2867 2670 3036 2740; x_wconf 80' lang='lat' dir='ltr'><strong>major</strong></span> <span class='ocrx_word' id='word_1_740' title='bbox 3063 2680 3174 2734; x_wconf 89' lang='lat' dir='ltr'><strong>est,</strong></span> <span class='ocrx_word' id='word_1_741' title='bbox 3217 2682 3421 2742; x_wconf 87' lang='lat' dir='ltr'><strong>potest,</strong></span> <span class='ocrx_word' id='word_1_742' title='bbox 3449 2675 3492 2729; x_wconf 90' lang='lat' dir='ltr'><strong>si</strong></span> <span class='ocrx_word' id='word_1_743' title='bbox 3523 2675 3664 2731; x_wconf 85' lang='lat' dir='ltr'><strong>Deus</strong></span> 
     </span>
    </p>
   </div>
   <div class='ocr_carea' id='block_1_90' title="bbox 2081 2751 3664 2837">
    <p class='ocr_par' dir='ltr' id='par_1_90' title="bbox 2081 2751 3664 2837">
     <span class='ocr_line' id='line_1_90' title="bbox 2081 2751 3664 2837; baseline 0.008 -28"><span class='ocrx_word' id='word_1_744' title='bbox 2081 2756 2332 2822; x_wconf 85' lang='lat' dir='ltr'><strong>voluerit,</strong></span> <span class='ocrx_word' id='word_1_745' title='bbox 2358 2755 2414 2811; x_wconf 88' lang='lat' dir='ltr'><strong>in</strong></span> <span class='ocrx_word' id='word_1_746' title='bbox 2435 2759 2829 2828; x_wconf 87' lang='lat' dir='ltr'><strong>correptioncm</strong></span> <span class='ocrx_word' id='word_1_747' title='bbox 2861 2751 3262 2817; x_wconf 81' lang='lat' dir='ltr'><strong>saluberrimam</strong></span> <span class='ocrx_word' id='word_1_748' title='bbox 3289 2767 3480 2821; x_wconf 64' lang='lat' dir='ltr'><strong>calere</strong></span> <span class='ocrx_word' id='word_1_749' title='bbox 3505 2777 3664 2837; x_wconf 81' lang='lat' dir='ltr'><strong>atque.</strong></span> 
     </span>
    </p>
   </div>
   <div class='ocr_carea' id='block_1_91' title="bbox 2081 2848 3664 2928">
    <p class='ocr_par' dir='ltr' id='par_1_91' title="bbox 2081 2848 3664 2928">
     <span class='ocr_line' id='line_1_91' title="bbox 2081 2848 3664 2928; baseline 0.009 -28"><span class='ocrx_word' id='word_1_750' title='bbox 2081 2849 2358 2918; x_wconf 83' lang='lat' dir='ltr'><strong>prolicere.</strong></span> <span class='ocrx_word' id='word_1_751' title='bbox 2381 2848 2564 2921; x_wconf 87' lang='lat' dir='ltr'><strong>Neque</strong></span> <span class='ocrx_word' id='word_1_752' title='bbox 2585 2854 2726 2906; x_wconf 88' lang='lat' dir='ltr'><strong>enim</strong></span> <span class='ocrx_word' id='word_1_753' title='bbox 2751 2853 2948 2909; x_wconf 85' lang='lat' dir='ltr'><strong>scimus</strong></span> <span class='ocrx_word' id='word_1_754' title='bbox 2968 2854 3092 2924; x_wconf 90' lang='lat' dir='ltr'><strong>quid</strong></span> <span class='ocrx_word' id='word_1_755' title='bbox 3123 2855 3394 2927; x_wconf 78' lang='lat' dir='ltr'><strong>continga;</strong></span> <span class='ocrx_word' id='word_1_756' title='bbox 3422 2859 3664 2928; x_wconf 85' lang='lat' dir='ltr'><strong>sequenti</strong></span> 
     </span>
    </p>
   </div>
   <div class='ocr_carea' id='block_1_92' title="bbox 2080 2937 3665 3018">
    <p class='ocr_par' dir='ltr' id='par_1_92' title="bbox 2080 2937 3665 3018">
     <span class='ocr_line' id='line_1_92' title="bbox 2080 2937 3665 3018; baseline 0.005 -22"><span class='ocrx_word' id='word_1_757' title='bbox 2080 2937 2197 3006; x_wconf 89' lang='lat' dir='ltr'><strong>die;</strong></span> <span class='ocrx_word' id='word_1_758' title='bbox 2220 2950 2312 2995; x_wconf 90' lang='lat' dir='ltr'><strong>aut</strong></span> <span class='ocrx_word' id='word_1_759' title='bbox 2335 2951 2456 2996; x_wconf 89' lang='lat' dir='ltr'><strong>ante</strong></span> <span class='ocrx_word' id='word_1_760' title='bbox 2479 2943 2636 2998; x_wconf 83' lang='lat' dir='ltr'><strong>liuent</strong></span> <span class='ocrx_word' id='word_1_761' title='bbox 2662 2945 2784 3000; x_wconf 64' lang='lat' dir='ltr'><strong>vitae</strong></span> <span class='ocrx_word' id='word_1_762' title='bbox 2807 2944 2964 3016; x_wconf 90' lang='lat' dir='ltr'><strong>hujus</strong></span> <span class='ocrx_word' id='word_1_763' title='bbox 2988 2945 3055 3001; x_wconf 91' lang='lat' dir='ltr'><strong>de</strong></span> <span class='ocrx_word' id='word_1_764' title='bbox 3082 2946 3260 3017; x_wconf 91' lang='lat' dir='ltr'><strong>aliquo</strong></span> <span class='ocrx_word' id='word_1_765' title='bbox 3277 2949 3665 3018; x_wconf 73' lang='lat' dir='ltr'><strong>desperandum</strong></span> 
     </span>
    </p>
   </div>
   <div class='ocr_carea' id='block_1_93' title="bbox 2081 3032 3667 3110">
    <p class='ocr_par' dir='ltr' id='par_1_93' title="bbox 2081 3032 3667 3110">
     <span class='ocr_line' id='line_1_93' title="bbox 2081 3032 3667 3110; baseline 0.006 -24"><span class='ocrx_word' id='word_1_766' title='bbox 2081 3038 2190 3096; x_wconf 90' lang='lat' dir='ltr'><strong>est;</strong></span> <span class='ocrx_word' id='word_1_767' title='bbox 2218 3041 2308 3086; x_wconf 88' lang='lat' dir='ltr'><strong>aut</strong></span> <span class='ocrx_word' id='word_1_768' title='bbox 2331 3032 2623 3088; x_wconf 85' lang='lat' dir='ltr'><strong>contradici</strong></span> <span class='ocrx_word' id='word_1_769' title='bbox 2653 3034 2764 3089; x_wconf 89' lang='lat' dir='ltr'><strong>Deo</strong></span> <span class='ocrx_word' id='word_1_770' title='bbox 2784 3044 2979 3103; x_wconf 84' lang='lat' dir='ltr'><strong>potest,</strong></span> <span class='ocrx_word' id='word_1_771' title='bbox 3011 3052 3076 3092; x_wconf 91' lang='lat' dir='ltr'><strong>ne</strong></span> <span class='ocrx_word' id='word_1_772' title='bbox 3103 3038 3348 3108; x_wconf 89' lang='lat' dir='ltr'><strong>respiciat</strong></span> <span class='ocrx_word' id='word_1_773' title='bbox 3373 3039 3527 3094; x_wconf 81' lang='lat' dir='ltr'><strong>etdet</strong></span> <span class='ocrx_word' id='word_1_774' title='bbox 3557 3056 3667 3110; x_wconf 71' lang='lat' dir='ltr'><strong>prn-</strong></span> 
     </span>
    </p>
   </div>
   <div class='ocr_carea' id='block_1_94' title="bbox 2082 3121 3665 3196">
    <p class='ocr_par' dir='ltr' id='par_1_94' title="bbox 2082 3121 3665 3196">
     <span class='ocr_line' id='line_1_94' title="bbox 2082 3121 3665 3196; baseline 0.006 -21"><span class='ocrx_word' id='word_1_775' title='bbox 2082 3121 2356 3176; x_wconf 78' lang='lat' dir='ltr'><strong>nitentiam</strong></span> <span class='ocrx_word' id='word_1_776' title='bbox 2379 3163 2394 3188; x_wconf 94' lang='lat'><strong>,</strong></span> <span class='ocrx_word' id='word_1_777' title='bbox 2436 3131 2490 3177; x_wconf 90' lang='lat' dir='ltr'><strong>ct</strong></span> <span class='ocrx_word' id='word_1_778' title='bbox 2535 3133 2755 3195; x_wconf 85' lang='lat' dir='ltr'><strong>accepto</strong></span> <span class='ocrx_word' id='word_1_779' title='bbox 2783 3125 3044 3179; x_wconf 77' lang='lat' dir='ltr'><strong>sacriﬁcio</strong></span> <span class='ocrx_word' id='word_1_780' title='bbox 3069 3127 3286 3196; x_wconf 87' lang='lat' dir='ltr'><strong>spiritus</strong></span> <span class='ocrx_word' id='word_1_781' title='bbox 3330 3131 3665 3186; x_wconf 85' lang='lat' dir='ltr'><strong>eontribulati</strong></span> 
     </span>
    </p>
   </div>
   <div class='ocr_carea' id='block_1_95' title="bbox 2081 3214 3668 3289">
    <p class='ocr_par' dir='ltr' id='par_1_95' title="bbox 2081 3214 3668 3289">
     <span class='ocr_line' id='line_1_95' title="bbox 2081 3214 3668 3289; baseline 0.004 -20"><span class='ocrx_word' id='word_1_782' title='bbox 2081 3214 2362 3284; x_wconf 70' lang='lat' dir='ltr'><strong>eortlisque</strong></span> <span class='ocrx_word' id='word_1_783' title='bbox 2393 3216 2606 3272; x_wconf 85' lang='lat' dir='ltr'><strong>contriti</strong></span> <span class='ocrx_word' id='word_1_784' title='bbox 2636 3232 2664 3270; x_wconf 85' lang='lat' dir='ltr'><strong>a</strong></span> <span class='ocrx_word' id='word_1_785' title='bbox 2697 3226 2844 3272; x_wconf 83' lang='lat' dir='ltr'><strong>reatu</strong></span> <span class='ocrx_word' id='word_1_786' title='bbox 2867 3219 3115 3288; x_wconf 71' lang='lat' dir='ltr'><strong>quantivis</strong></span> <span class='ocrx_word' id='word_1_787' title='bbox 3135 3219 3290 3289; x_wconf 77' lang='lat' dir='ltr'><strong>justa:</strong></span> <span class='ocrx_word' id='word_1_788' title='bbox 3315 3220 3668 3276; x_wconf 83' lang='lat' dir='ltr'><strong>damnationis</strong></span> 
     </span>
    </p>
   </div>
   <div class='ocr_carea' id='block_1_96' title="bbox 2080 3295 3670 3378">
    <p class='ocr_par' dir='ltr' id='par_1_96' title="bbox 2080 3295 3670 3378">
     <span class='ocr_line' id='line_1_96' title="bbox 2080 3295 3670 3378; baseline 0.004 -18"><span class='ocrx_word' id='word_1_789' title='bbox 2080 3305 2349 3372; x_wconf 85' lang='lat' dir='ltr'><strong>absolvat,</strong></span> <span class='ocrx_word' id='word_1_790' title='bbox 2391 3295 2801 3378; x_wconf 52' lang='lat' dir='ltr'><strong>dimmatumque</strong></span> <span class='ocrx_word' id='word_1_791' title='bbox 2842 3309 2956 3378; x_wconf 83' lang='lat' dir='ltr'><strong>ipse</strong></span> <span class='ocrx_word' id='word_1_792' title='bbox 2985 3325 3090 3363; x_wconf 90' lang='lat' dir='ltr'><strong>non</strong></span> <span class='ocrx_word' id='word_1_793' title='bbox 3116 3313 3348 3365; x_wconf 91' lang='lat' dir='ltr'><strong>damnet.</strong></span> <span class='ocrx_word' id='word_1_794' title='bbox 3377 3311 3670 3366; x_wconf 84' lang='lat' dir='ltr'><strong>Pastoralis</strong></span> 
     </span>
    </p>
   </div>
   <div class='ocr_carea' id='block_1_97' title="bbox 2081 3401 3668 3474">
    <p class='ocr_par' dir='ltr' id='par_1_97' title="bbox 2081 3401 3668 3474">
     <span class='ocr_line' id='line_1_97' title="bbox 2081 3401 3668 3474; baseline 0.003 -20"><span class='ocrx_word' id='word_1_795' title='bbox 2081 3407 2260 3455; x_wconf 86' lang='lat' dir='ltr'><strong>tamen</strong></span> <span class='ocrx_word' id='word_1_796' title='bbox 2295 3401 2584 3457; x_wconf 86' lang='lat' dir='ltr'><strong>necessitas</strong></span> <span class='ocrx_word' id='word_1_797' title='bbox 2612 3401 2802 3468; x_wconf 85' lang='lat' dir='ltr'><strong>habet,</strong></span> <span class='ocrx_word' id='word_1_798' title='bbox 2849 3417 2914 3456; x_wconf 90' lang='lat' dir='ltr'><strong>ne</strong></span> <span class='ocrx_word' id='word_1_799' title='bbox 2958 3417 3053 3472; x_wconf 90' lang='lat' dir='ltr'><strong>per</strong></span> <span class='ocrx_word' id='word_1_800' title='bbox 3083 3401 3257 3472; x_wconf 88' lang='lat' dir='ltr'><strong>plures</strong></span> <span class='ocrx_word' id='word_1_801' title='bbox 3295 3413 3508 3474; x_wconf 82' lang='lat' dir='ltr'><strong>serpant</strong></span> <span class='ocrx_word' id='word_1_802' title='bbox 3551 3405 3668 3459; x_wconf 87' lang='lat' dir='ltr'><strong>dira</strong></span> 
     </span>
    </p>
   </div>
   <div class='ocr_carea' id='block_1_98' title="bbox 2081 3493 3666 3564">
    <p class='ocr_par' dir='ltr' id='par_1_98' title="bbox 2081 3493 3666 3564">
     <span class='ocr_line' id='line_1_98' title="bbox 2081 3493 3666 3564; baseline 0.003 -18"><span class='ocrx_word' id='word_1_803' title='bbox 2081 3493 2347 3564; x_wconf 84' lang='lat' dir='ltr'><strong>contagia,</strong></span> <span class='ocrx_word' id='word_1_804' title='bbox 2375 3508 2625 3564; x_wconf 85' lang='lat' dir='ltr'><strong>separare</strong></span> <span class='ocrx_word' id='word_1_805' title='bbox 2643 3495 2711 3548; x_wconf 88' lang='lat' dir='ltr'><strong>ab</strong></span> <span class='ocrx_word' id='word_1_806' title='bbox 2730 3494 2919 3550; x_wconf 88' lang='lat' dir='ltr'><strong>ovilms</strong></span> <span class='ocrx_word' id='word_1_807' title='bbox 2939 3495 3081 3549; x_wconf 88' lang='lat' dir='ltr'><strong>sanis</strong></span> <span class='ocrx_word' id='word_1_808' title='bbox 3107 3495 3398 3550; x_wconf 76' lang='lat' dir='ltr'><strong>morbidum</strong></span> <span class='ocrx_word' id='word_1_809' title='bbox 3425 3515 3440 3550; x_wconf 89' lang='lat'><strong>:</strong></span> <span class='ocrx_word' id='word_1_810' title='bbox 3463 3497 3531 3548; x_wconf 85' lang='lat' dir='ltr'><strong>ab</strong></span> <span class='ocrx_word' id='word_1_811' title='bbox 3553 3497 3666 3562; x_wconf 91' lang='lat' dir='ltr'><strong>illo,</strong></span> 
     </span>
    </p>
   </div>
   <div class='ocr_carea' id='block_1_99' title="bbox 2082 3583 3666 3656">
    <p class='ocr_par' dir='ltr' id='par_1_99' title="bbox 2082 3583 3666 3656">
     <span class='ocr_line' id='line_1_99' title="bbox 2082 3583 3666 3656; baseline -0.001 -18"><span class='ocrx_word' id='word_1_812' title='bbox 2082 3585 2166 3638; x_wconf 93' lang='lat' dir='ltr'><strong>cui</strong></span> <span class='ocrx_word' id='word_1_813' title='bbox 2197 3583 2327 3639; x_wconf 90' lang='lat' dir='ltr'><strong>nihil</strong></span> <span class='ocrx_word' id='word_1_814' title='bbox 2348 3593 2431 3640; x_wconf 88' lang='lat' dir='ltr'><strong>est</strong></span> <span class='ocrx_word' id='word_1_815' title='bbox 2458 3583 2804 3656; x_wconf 82' lang='lat' dir='ltr'><strong>impossibile,</strong></span> <span class='ocrx_word' id='word_1_816' title='bbox 2837 3585 2948 3656; x_wconf 86' lang='lat' dir='ltr'><strong>ipsa</strong></span> <span class='ocrx_word' id='word_1_817' title='bbox 2981 3585 3197 3642; x_wconf 89' lang='lat' dir='ltr'><strong>forsitan</strong></span> <span class='ocrx_word' id='word_1_818' title='bbox 3220 3588 3558 3656; x_wconf 74' lang='lat' dir='ltr'><strong>separatione</strong></span> <span class='ocrx_word' id='word_1_819' title='bbox 3582 3603 3666 3640; x_wconf 86' lang='lat' dir='ltr'><strong>sa-</strong></span> 
     </span>
    </p>
   </div>
   <div class='ocr_carea' id='block_1_100' title="bbox 2084 3674 3672 3748">
    <p class='ocr_par' dir='ltr' id='par_1_100' title="bbox 2084 3674 3672 3748">
     <span class='ocr_line' id='line_1_100' title="bbox 2084 3674 3672 3748; baseline 0.002 -20"><span class='ocrx_word' id='word_1_820' title='bbox 2084 3674 2334 3728; x_wconf 86' lang='lat' dir='ltr'><strong>nandam.</strong></span> <span class='ocrx_word' id='word_1_821' title='bbox 2365 3675 2674 3732; x_wconf 85' lang='lat' dir='ltr'><strong>Nescientes</strong></span> <span class='ocrx_word' id='word_1_822' title='bbox 2702 3677 2842 3730; x_wconf 88' lang='lat' dir='ltr'><strong>enim</strong></span> <span class='ocrx_word' id='word_1_823' title='bbox 2873 3678 2993 3748; x_wconf 89' lang='lat' dir='ltr'><strong>quis</strong></span> <span class='ocrx_word' id='word_1_824' title='bbox 3021 3679 3277 3748; x_wconf 86' lang='lat' dir='ltr'><strong>pertineat</strong></span> <span class='ocrx_word' id='word_1_825' title='bbox 3305 3678 3373 3732; x_wconf 88' lang='lat' dir='ltr'><strong>ad</strong></span> <span class='ocrx_word' id='word_1_826' title='bbox 3397 3680 3672 3748; x_wconf 62' lang='lat' dir='ltr'><strong>praedesti-</strong></span> 
     </span>
    </p>
   </div>
   <div class='ocr_carea' id='block_1_101' title="bbox 2084 3768 3672 3838">
    <p class='ocr_par' dir='ltr' id='par_1_101' title="bbox 2084 3768 3672 3838">
     <span class='ocr_line' id='line_1_101' title="bbox 2084 3768 3672 3838; baseline 0.003 -18"><span class='ocrx_word' id='word_1_827' title='bbox 2084 3775 2327 3820; x_wconf 71' lang='lat' dir='ltr'><strong>natorum</strong></span> <span class='ocrx_word' id='word_1_828' title='bbox 2361 3782 2658 3830; x_wconf 90' lang='lat' dir='ltr'><strong>numerum,</strong></span> <span class='ocrx_word' id='word_1_829' title='bbox 2693 3768 2810 3838; x_wconf 91' lang='lat' dir='ltr'><strong>quis</strong></span> <span class='ocrx_word' id='word_1_830' title='bbox 2841 3783 2944 3822; x_wconf 91' lang='lat' dir='ltr'><strong>non</strong></span> <span class='ocrx_word' id='word_1_831' title='bbox 2976 3770 3268 3838; x_wconf 77' lang='lat' dir='ltr'><strong>pertineat;</strong></span> <span class='ocrx_word' id='word_1_832' title='bbox 3295 3769 3375 3824; x_wconf 90' lang='lat' dir='ltr'><strong>sic</strong></span> <span class='ocrx_word' id='word_1_833' title='bbox 3405 3769 3541 3824; x_wconf 89' lang='lat' dir='ltr'><strong>allici</strong></span> <span class='ocrx_word' id='word_1_834' title='bbox 3571 3770 3672 3824; x_wconf 85' lang='lat' dir='ltr'><strong>de-</strong></span> 
     </span>
    </p>
   </div>
   <div class='ocr_carea' id='block_1_102' title="bbox 2083 3855 3672 3922">
    <p class='ocr_par' dir='ltr' id='par_1_102' title="bbox 2083 3855 3672 3922">
     <span class='ocr_line' id='line_1_102' title="bbox 2083 3855 3672 3922; baseline 0.001 -12"><span class='ocrx_word' id='word_1_835' title='bbox 2083 3855 2272 3911; x_wconf 89' lang='lat' dir='ltr'><strong>bemus</strong></span> <span class='ocrx_word' id='word_1_836' title='bbox 2285 3855 2556 3912; x_wconf 88' lang='lat' dir='ltr'><strong>charitatis</strong></span> <span class='ocrx_word' id='word_1_837' title='bbox 2571 3857 2783 3922; x_wconf 76' lang='lat' dir='ltr'><strong>affectu,</strong></span> <span class='ocrx_word' id='word_1_838' title='bbox 2804 3869 2859 3912; x_wconf 92' lang='lat' dir='ltr'><strong>ut</strong></span> <span class='ocrx_word' id='word_1_839' title='bbox 2878 3874 3065 3914; x_wconf 79' lang='lat' dir='ltr'><strong>omnes</strong></span> <span class='ocrx_word' id='word_1_840' title='bbox 3089 3859 3310 3914; x_wconf 85' lang='lat' dir='ltr'><strong>velimus</strong></span> <span class='ocrx_word' id='word_1_841' title='bbox 3337 3861 3512 3916; x_wconf 75' lang='lat' dir='ltr'><strong>Salvus</strong></span> <span class='ocrx_word' id='word_1_842' title='bbox 3532 3863 3672 3916; x_wconf 71' lang='lat' dir='ltr'><strong>ﬁeri.</strong></span> 
     </span>
    </p>
   </div>
   <div class='ocr_carea' id='block_1_103' title="bbox 2083 3942 3676 4022">
    <p class='ocr_par' dir='ltr' id='par_1_103' title="bbox 2083 3942 3676 4022">
     <span class='ocr_line' id='line_1_103' title="bbox 2083 3942 3676 4022; baseline 0.003 -20"><span class='ocrx_word' id='word_1_843' title='bbox 2083 3942 2198 4002; x_wconf 87' lang='lat' dir='ltr'><strong>lloe</strong></span> <span class='ocrx_word' id='word_1_844' title='bbox 2222 3949 2418 4018; x_wconf 87' lang='lat' dir='ltr'><strong>quippe</strong></span> <span class='ocrx_word' id='word_1_845' title='bbox 2449 3948 2532 4013; x_wconf 84' lang='lat' dir='ltr'><strong>fit,</strong></span> <span class='ocrx_word' id='word_1_846' title='bbox 2565 3964 2686 4003; x_wconf 91' lang='lat' dir='ltr'><strong>cum</strong></span> <span class='ocrx_word' id='word_1_847' title='bbox 2709 3950 2944 4019; x_wconf 83' lang='lat' dir='ltr'><strong>singulos</strong></span> <span class='ocrx_word' id='word_1_848' title='bbox 2983 3966 3241 4022; x_wconf 88' lang='lat' dir='ltr'><strong>quosque,</strong></span> <span class='ocrx_word' id='word_1_849' title='bbox 3265 3961 3322 4006; x_wconf 89' lang='lat' dir='ltr'><strong>ut</strong></span> <span class='ocrx_word' id='word_1_850' title='bbox 3341 3955 3676 4007; x_wconf 79' lang='lat' dir='ltr'><strong>occurt-crint</strong></span> 
     </span>
    </p>
   </div>
   <div class='ocr_carea' id='block_1_104' title="bbox 2084 4041 3678 4112">
    <p class='ocr_par' dir='ltr' id='par_1_104' title="bbox 2084 4041 3678 4112">
     <span class='ocr_line' id='line_1_104' title="bbox 2084 4041 3678 4112; baseline 0.003 -18"><span class='ocrx_word' id='word_1_851' title='bbox 2084 4053 2204 4094; x_wconf 89' lang='lat' dir='ltr'><strong>cum</strong></span> <span class='ocrx_word' id='word_1_852' title='bbox 2231 4041 2424 4112; x_wconf 89' lang='lat' dir='ltr'><strong>quibus</strong></span> <span class='ocrx_word' id='word_1_853' title='bbox 2445 4041 2494 4095; x_wconf 91' lang='lat' dir='ltr'><strong>id</strong></span> <span class='ocrx_word' id='word_1_854' title='bbox 2522 4057 2680 4112; x_wconf 85' lang='lat' dir='ltr'><strong>agere</strong></span> <span class='ocrx_word' id='word_1_855' title='bbox 2704 4043 2998 4109; x_wconf 81' lang='lat' dir='ltr'><strong>valeamus,</strong></span> <span class='ocrx_word' id='word_1_856' title='bbox 3022 4043 3086 4097; x_wconf 90' lang='lat' dir='ltr'><strong>ad</strong></span> <span class='ocrx_word' id='word_1_857' title='bbox 3111 4043 3210 4098; x_wconf 91' lang='lat' dir='ltr'><strong>hoc</strong></span> <span class='ocrx_word' id='word_1_858' title='bbox 3231 4059 3488 4098; x_wconf 86' lang='lat' dir='ltr'><strong>conamur</strong></span> <span class='ocrx_word' id='word_1_859' title='bbox 3506 4043 3678 4099; x_wconf 85' lang='lat' dir='ltr'><strong>addu-</strong></span> 
     </span>
    </p>
   </div>
   <div class='ocr_carea' id='block_1_105' title="bbox 2084 4129 3674 4203">
    <p class='ocr_par' dir='ltr' id='par_1_105' title="bbox 2084 4129 3674 4203">
     <span class='ocr_line' id='line_1_105' title="bbox 2084 4129 3674 4203; baseline 0.003 -17"><span class='ocrx_word' id='word_1_860' title='bbox 2084 4129 2247 4197; x_wconf 84' lang='lat' dir='ltr'><strong>dere,</strong></span> <span class='ocrx_word' id='word_1_861' title='bbox 2287 4130 2634 4200; x_wconf 86' lang='lat' dir='ltr'><strong>utjustillcati</strong></span> <span class='ocrx_word' id='word_1_862' title='bbox 2677 4147 2744 4187; x_wconf 81' lang='lat' dir='ltr'><strong>ex</strong></span> <span class='ocrx_word' id='word_1_863' title='bbox 2772 4132 2872 4187; x_wconf 79' lang='lat' dir='ltr'><strong>ﬁde</strong></span> <span class='ocrx_word' id='word_1_864' title='bbox 2918 4149 3100 4203; x_wconf 86' lang='lat' dir='ltr'><strong>pacem</strong></span> <span class='ocrx_word' id='word_1_865' title='bbox 3142 4133 3371 4188; x_wconf 83' lang='lat' dir='ltr'><strong>habeant</strong></span> <span class='ocrx_word' id='word_1_866' title='bbox 3410 4134 3474 4188; x_wconf 89' lang='lat' dir='ltr'><strong>ad</strong></span> <span class='ocrx_word' id='word_1_867' title='bbox 3505 4135 3674 4190; x_wconf 83' lang='lat' dir='ltr'><strong>Deum</strong></span> 
     </span>
    </p>
   </div>
   <div class='ocr_carea' id='block_1_106' title="bbox 2085 4219 3677 4297">
    <p class='ocr_par' dir='ltr' id='par_1_106' title="bbox 2085 4219 3677 4297">
     <span class='ocr_line' id='line_1_106' title="bbox 2085 4219 3677 4297; baseline 0.004 -21"><span class='ocrx_word' id='word_1_868' title='bbox 2085 4219 2263 4292; x_wconf 84' lang='lat' dir='ltr'><strong>(Rom.</strong></span> <span class='ocrx_word' id='word_1_869' title='bbox 2290 4237 2344 4290; x_wconf 88' lang='lat' dir='ltr'><strong>v,</strong></span> <span class='ocrx_word' id='word_1_870' title='bbox 2374 4223 2426 4292; x_wconf 83' lang='lat' dir='ltr'><strong>l)</strong></span> <span class='ocrx_word' id='word_1_871' title='bbox 2455 4239 2468 4276; x_wconf 93' lang='lat'>:</span> <span class='ocrx_word' id='word_1_872' title='bbox 2501 4239 2657 4293; x_wconf 90' lang='lat' dir='ltr'><strong>quam</strong></span> <span class='ocrx_word' id='word_1_873' title='bbox 2683 4224 3004 4296; x_wconf 68' lang='lat' dir='ltr'><strong>pra-dicabat</strong></span> <span class='ocrx_word' id='word_1_874' title='bbox 3031 4225 3188 4280; x_wconf 85' lang='lat' dir='ltr'><strong>etiam</strong></span> <span class='ocrx_word' id='word_1_875' title='bbox 3217 4226 3521 4297; x_wconf 81' lang='lat' dir='ltr'><strong>Apostolus.</strong></span> <span class='ocrx_word' id='word_1_876' title='bbox 3548 4241 3677 4282; x_wconf 88' lang='lat' dir='ltr'><strong>cum</strong></span> 
     </span>
    </p>
   </div>
   <div class='ocr_carea' id='block_1_107' title="bbox 2085 4310 3677 4388">
    <p class='ocr_par' dir='ltr' id='par_1_107' title="bbox 2085 4310 3677 4388">
     <span class='ocr_line' id='line_1_107' title="bbox 2085 4310 3677 4388; baseline 0.003 -22"><span class='ocrx_word' id='word_1_877' title='bbox 2085 4311 2316 4376; x_wconf 86' lang='lat' dir='ltr'><strong>diccbat,</strong></span> <span class='ocrx_word' id='word_1_878' title='bbox 2347 4310 2453 4367; x_wconf 88' lang='lat' dir='ltr'><strong>Pro</strong></span> <span class='ocrx_word' id='word_1_879' title='bbox 2480 4313 2677 4368; x_wconf 67' lang='lat' dir='ltr'><strong>Christo</strong></span> <span class='ocrx_word' id='word_1_880' title='bbox 2701 4330 2819 4384; x_wconf 86' lang='lat' dir='ltr'><strong>ergo</strong></span> <span class='ocrx_word' id='word_1_881' title='bbox 2853 4314 3101 4386; x_wconf 86' lang='lat' dir='ltr'><strong>legatione</strong></span> <span class='ocrx_word' id='word_1_882' title='bbox 3126 4317 3407 4386; x_wconf 80' lang='lat' dir='ltr'><strong>fungimur,</strong></span> <span class='ocrx_word' id='word_1_883' title='bbox 3434 4325 3677 4388; x_wconf 75' lang='lat' dir='ltr'><strong>tanquam</strong></span> 
     </span>
    </p>
   </div>
   <div class='ocr_carea' id='block_1_108' title="bbox 2087 4401 3692 4475">
    <p class='ocr_par' dir='ltr' id='par_1_108' title="bbox 2087 4401 3692 4475">
     <span class='ocr_line' id='line_1_108' title="bbox 2087 4401 3692 4475; baseline 0.002 -19"><span class='ocrx_word' id='word_1_884' title='bbox 2087 4401 2196 4457; x_wconf 85' lang='lat' dir='ltr'><strong>Deo</strong></span> <span class='ocrx_word' id='word_1_885' title='bbox 2221 4405 2519 4458; x_wconf 73' lang='lat' dir='ltr'><strong>exhortante</strong></span> <span class='ocrx_word' id='word_1_886' title='bbox 2537 4421 2626 4475; x_wconf 81' lang='lat' dir='ltr'><strong>per</strong></span> <span class='ocrx_word' id='word_1_887' title='bbox 2646 4419 2775 4459; x_wconf 85' lang='lat' dir='ltr'><strong>nos:</strong></span> <span class='ocrx_word' id='word_1_888' title='bbox 2803 4407 3120 4459; x_wconf 86' lang='lat' dir='ltr'><strong>obsecramus</strong></span> <span class='ocrx_word' id='word_1_889' title='bbox 3142 4423 3235 4475; x_wconf 88' lang='lat' dir='ltr'><strong>pro</strong></span> <span class='ocrx_word' id='word_1_890' title='bbox 3255 4405 3474 4472; x_wconf 76' lang='lat' dir='ltr'><strong>Christo,</strong></span> <span class='ocrx_word' id='word_1_891' title='bbox 3497 4401 3692 4460; x_wconf 58' lang='lat' dir='ltr'><strong>recoth&#39;</strong></span> 
     </span>
    </p>
   </div>
   <div class='ocr_carea' id='block_1_109' title="bbox 2088 4492 3679 4568">
    <p class='ocr_par' dir='ltr' id='par_1_109' title="bbox 2088 4492 3679 4568">
     <span class='ocr_line' id='line_1_109' title="bbox 2088 4492 3679 4568; baseline 0.004 -22"><span class='ocrx_word' id='word_1_892' title='bbox 2088 4493 2253 4546; x_wconf 79' lang='lat' dir='ltr'><strong>ciliori</strong></span> <span class='ocrx_word' id='word_1_893' title='bbox 2281 4492 2389 4547; x_wconf 69' lang='lat' dir='ltr'><strong>Deo</strong></span> <span class='ocrx_word' id='word_1_894' title='bbox 2423 4492 2488 4559; x_wconf 93' lang='lat' dir='ltr'><strong>(ll</strong></span> <span class='ocrx_word' id='word_1_895' title='bbox 2523 4493 2642 4550; x_wconf 86' lang='lat' dir='ltr'><strong>Cor.</strong></span> <span class='ocrx_word' id='word_1_896' title='bbox 2674 4511 2726 4560; x_wconf 85' lang='lat' dir='ltr'><strong>v,</strong></span> <span class='ocrx_word' id='word_1_897' title='bbox 2753 4493 2867 4568; x_wconf 74' lang='lat'><strong>20).</strong></span> <span class='ocrx_word' id='word_1_898' title='bbox 2897 4495 3033 4563; x_wconf 90' lang='lat' dir='ltr'><strong>Quid</strong></span> <span class='ocrx_word' id='word_1_899' title='bbox 3059 4504 3142 4551; x_wconf 91' lang='lat' dir='ltr'><strong>est</strong></span> <span class='ocrx_word' id='word_1_900' title='bbox 3166 4495 3308 4550; x_wconf 91' lang='lat' dir='ltr'><strong>enim</strong></span> <span class='ocrx_word' id='word_1_901' title='bbox 3337 4497 3387 4551; x_wconf 93' lang='lat' dir='ltr'><strong>ci</strong></span> <span class='ocrx_word' id='word_1_902' title='bbox 3427 4499 3679 4552; x_wconf 88' lang='lat' dir='ltr'><strong>reconci-</strong></span> 
     </span>
    </p>
   </div>
   <div class='ocr_carea' id='block_1_110' title="bbox 2089 4583 3682 4658">
    <p class='ocr_par' dir='ltr' id='par_1_110' title="bbox 2089 4583 3682 4658">
     <span class='ocr_line' id='line_1_110' title="bbox 2089 4583 3682 4658; baseline 0.001 -21"><span class='ocrx_word' id='word_1_903' title='bbox 2089 4583 2228 4651; x_wconf 87' lang='lat' dir='ltr'><strong>liari,</strong></span> <span class='ocrx_word' id='word_1_904' title='bbox 2252 4583 2352 4638; x_wconf 90' lang='lat' dir='ltr'><strong>nisi</strong></span> <span class='ocrx_word' id='word_1_905' title='bbox 2393 4599 2576 4655; x_wconf 88' lang='lat' dir='ltr'><strong>pacem</strong></span> <span class='ocrx_word' id='word_1_906' title='bbox 2601 4585 2667 4639; x_wconf 92' lang='lat' dir='ltr'><strong>ad</strong></span> <span class='ocrx_word' id='word_1_907' title='bbox 2696 4585 2842 4640; x_wconf 91' lang='lat' dir='ltr'><strong>illum</strong></span> <span class='ocrx_word' id='word_1_908' title='bbox 2873 4585 3103 4640; x_wconf 83' lang='lat' dir='ltr'><strong>habere?</strong></span> <span class='ocrx_word' id='word_1_909' title='bbox 3132 4585 3364 4654; x_wconf 82' lang='lat' dir='ltr'><strong>Propter</strong></span> <span class='ocrx_word' id='word_1_910' title='bbox 3391 4601 3550 4656; x_wconf 84' lang='lat' dir='ltr'><strong>quam</strong></span> <span class='ocrx_word' id='word_1_911' title='bbox 3585 4603 3682 4658; x_wconf 80' lang='lat' dir='ltr'><strong>pa-</strong></span> 
     </span>
    </p>
   </div>
   <div class='ocr_carea' id='block_1_111' title="bbox 2090 4674 3680 4747">
    <p class='ocr_par' dir='ltr' id='par_1_111' title="bbox 2090 4674 3680 4747">
     <span class='ocr_line' id='line_1_111' title="bbox 2090 4674 3680 4747; baseline 0.003 -19"><span class='ocrx_word' id='word_1_912' title='bbox 2090 4689 2208 4728; x_wconf 88' lang='lat' dir='ltr'><strong>cem</strong></span> <span class='ocrx_word' id='word_1_913' title='bbox 2233 4674 2392 4730; x_wconf 83' lang='lat' dir='ltr'><strong>etiam</strong></span> <span class='ocrx_word' id='word_1_914' title='bbox 2423 4675 2534 4745; x_wconf 88' lang='lat' dir='ltr'><strong>ipse</strong></span> <span class='ocrx_word' id='word_1_915' title='bbox 2574 4675 2830 4730; x_wconf 84' lang='lat' dir='ltr'><strong>Dominus</strong></span> <span class='ocrx_word' id='word_1_916' title='bbox 2860 4674 3019 4731; x_wconf 83' lang='lat' dir='ltr'><strong>Jesus</strong></span> <span class='ocrx_word' id='word_1_917' title='bbox 3043 4676 3176 4731; x_wconf 81' lang='lat' dir='ltr'><strong>dixit</strong></span> <span class='ocrx_word' id='word_1_918' title='bbox 3212 4675 3488 4747; x_wconf 88' lang='lat' dir='ltr'><strong>discipulis</strong></span> <span class='ocrx_word' id='word_1_919' title='bbox 3516 4679 3634 4733; x_wconf 86' lang='lat' dir='ltr'><strong>suis</strong></span> <span class='ocrx_word' id='word_1_920' title='bbox 3666 4697 3680 4732; x_wconf 89' lang='lat'><strong>:</strong></span> 
     </span>
    </p>
   </div>
   <div class='ocr_carea' id='block_1_112' title="bbox 2091 4763 3680 4839">
    <p class='ocr_par' dir='ltr' id='par_1_112' title="bbox 2091 4763 3680 4839">
     <span class='ocr_line' id='line_1_112' title="bbox 2091 4763 3680 4839; baseline 0.004 -22"><span class='ocrx_word' id='word_1_921' title='bbox 2091 4763 2158 4818; x_wconf 83' lang='lat' dir='ltr'><strong>In</strong></span> <span class='ocrx_word' id='word_1_922' title='bbox 2186 4781 2549 4835; x_wconf 83' lang='lat' dir='ltr'><strong>quamcumque</strong></span> <span class='ocrx_word' id='word_1_923' title='bbox 2587 4765 2790 4819; x_wconf 86' lang='lat' dir='ltr'><strong>domum</strong></span> <span class='ocrx_word' id='word_1_924' title='bbox 2833 4767 3169 4835; x_wconf 83' lang='lat' dir='ltr'><strong>intraveritis,</strong></span> <span class='ocrx_word' id='word_1_925' title='bbox 3217 4769 3439 4839; x_wconf 85' lang='lat' dir='ltr'><strong>primum</strong></span> <span class='ocrx_word' id='word_1_926' title='bbox 3481 4769 3642 4824; x_wconf 80' lang='lat' dir='ltr'><strong>dicite</strong></span> <span class='ocrx_word' id='word_1_927' title='bbox 3664 4811 3680 4835; x_wconf 96' lang='lat'><strong>,</strong></span> 
     </span>
    </p>
   </div>
   <div class='ocr_carea' id='block_1_113' title="bbox 2093 4855 3690 4930">
    <p class='ocr_par' dir='ltr' id='par_1_113' title="bbox 2093 4855 3690 4930">
     <span class='ocr_line' id='line_1_113' title="bbox 2093 4855 3690 4930; baseline 0.003 -20"><span class='ocrx_word' id='word_1_928' title='bbox 2093 4855 2212 4910; x_wconf 76' lang='lat' dir='ltr'><strong>Pas:</strong></span> <span class='ocrx_word' id='word_1_929' title='bbox 2237 4857 2353 4910; x_wconf 81' lang='lat' dir='ltr'><strong>huic</strong></span> <span class='ocrx_word' id='word_1_930' title='bbox 2374 4856 2548 4911; x_wconf 88' lang='lat' dir='ltr'><strong>domui</strong></span> <span class='ocrx_word' id='word_1_931' title='bbox 2573 4873 2592 4910; x_wconf 91' lang='lat'><strong><em>:</em></strong></span> <span class='ocrx_word' id='word_1_932' title='bbox 2617 4867 2663 4910; x_wconf 87' lang='lat' dir='ltr'><strong>et</strong></span> <span class='ocrx_word' id='word_1_933' title='bbox 2689 4858 2735 4912; x_wconf 90' lang='lat' dir='ltr'><strong>si</strong></span> <span class='ocrx_word' id='word_1_934' title='bbox 2763 4857 2832 4912; x_wconf 88' lang='lat' dir='ltr'><strong>ibi</strong></span> <span class='ocrx_word' id='word_1_935' title='bbox 2857 4859 3010 4928; x_wconf 83' lang='lat' dir='ltr'><strong>fuerit</strong></span> <span class='ocrx_word' id='word_1_936' title='bbox 3039 4858 3178 4927; x_wconf 75' lang='lat' dir='ltr'><strong>ﬁlius</strong></span> <span class='ocrx_word' id='word_1_937' title='bbox 3211 4858 3374 4926; x_wconf 81' lang='lat' dir='ltr'><strong>pacis,</strong></span> <span class='ocrx_word' id='word_1_938' title='bbox 3402 4861 3690 4930; x_wconf 78' lang='lat' dir='ltr'><strong>requiescet</strong></span> 
     </span>
    </p>
   </div>
   <div class='ocr_carea' id='block_1_114' title="bbox 2053 4939 3692 5016">
    <p class='ocr_par' dir='ltr' id='par_1_114' title="bbox 2053 4939 3692 5016">
     <span class='ocr_line' id='line_1_114' title="bbox 2053 4939 3692 5016; baseline 0.002 -16"><span class='ocrx_word' id='word_1_939' title='bbox 2053 4939 2060 4950; x_wconf 80' lang='grc'><em>’</em></span> <span class='ocrx_word' id='word_1_940' title='bbox 2091 4962 2245 5016; x_wconf 81' lang='lat' dir='ltr'><strong>super</strong></span> <span class='ocrx_word' id='word_1_941' title='bbox 2283 4946 2428 5000; x_wconf 88' lang='lat' dir='ltr'><strong>illum</strong></span> <span class='ocrx_word' id='word_1_942' title='bbox 2467 4963 2568 5016; x_wconf 73' lang='lat' dir='ltr'><strong>pas:</strong></span> <span class='ocrx_word' id='word_1_943' title='bbox 2605 4957 2803 5013; x_wconf 80' lang='lat' dir='ltr'><strong>vestra;</strong></span> <span class='ocrx_word' id='word_1_944' title='bbox 2846 4947 2923 5002; x_wconf 85' lang='lat' dir='ltr'><strong>sin</strong></span> <span class='ocrx_word' id='word_1_945' title='bbox 2966 4959 3153 5013; x_wconf 88' lang='lat' dir='ltr'><strong>autem,</strong></span> <span class='ocrx_word' id='word_1_946' title='bbox 3186 4949 3256 5002; x_wconf 81' lang='lat' dir='ltr'><strong>ad</strong></span> <span class='ocrx_word' id='word_1_947' title='bbox 3294 4965 3381 5003; x_wconf 77' lang='lat' dir='ltr'><strong>vos</strong></span> <span class='ocrx_word' id='word_1_948' title='bbox 3407 4959 3692 5004; x_wconf 76' lang='lat' dir='ltr'><strong>revertetur</strong></span> 
     </span>
    </p>
   </div>
   <div class='ocr_carea' id='block_1_115' title="bbox 2093 5037 3692 5111">
    <p class='ocr_par' dir='ltr' id='par_1_115' title="bbox 2093 5037 3692 5111">
     <span class='ocr_line' id='line_1_115' title="bbox 2093 5037 3692 5111; baseline 0.003 -19"><span class='ocrx_word' id='word_1_949' title='bbox 2093 5037 2269 5110; x_wconf 80' lang='lat' dir='ltr'><strong>(Luc.</strong></span> <span class='ocrx_word' id='word_1_950' title='bbox 2305 5055 2361 5104; x_wconf 68' lang='grc' dir='ltr'><strong>κ,</strong></span> <span class='ocrx_word' id='word_1_951' title='bbox 2391 5039 2444 5103; x_wconf 84' lang='grc'><strong>5,</strong></span> <span class='ocrx_word' id='word_1_952' title='bbox 2475 5040 2509 5094; x_wconf 81' lang='lat'><strong>6</strong></span> <span class='ocrx_word' id='word_1_953' title='bbox 2533 5041 2574 5111; x_wconf 90' lang='lat'><strong>).</strong></span> <span class='ocrx_word' id='word_1_954' title='bbox 2620 5041 2753 5094; x_wconf 79' lang='lat' dir='ltr'><strong>Cum</strong></span> <span class='ocrx_word' id='word_1_955' title='bbox 2796 5039 2930 5094; x_wconf 91' lang='lat' dir='ltr'><strong>hanc</strong></span> <span class='ocrx_word' id='word_1_956' title='bbox 2971 5041 3331 5109; x_wconf 66' lang='lat' dir='ltr'><strong>evangelium</strong></span> <span class='ocrx_word' id='word_1_957' title='bbox 3373 5056 3582 5110; x_wconf 76' lang='lat' dir='ltr'><strong>pacem,</strong></span> <span class='ocrx_word' id='word_1_958' title='bbox 3620 5043 3692 5096; x_wconf 86' lang='lat' dir='ltr'><strong>de</strong></span> 
     </span>
    </p>
   </div>
   <div class='ocr_carea' id='block_1_116' title="bbox 2094 5132 3694 5202">
    <p class='ocr_par' dir='ltr' id='par_1_116' title="bbox 2094 5132 3694 5202">
     <span class='ocr_line' id='line_1_116' title="bbox 2094 5132 3694 5202; baseline 0 -18"><span class='ocrx_word' id='word_1_959' title='bbox 2094 5132 2286 5202; x_wconf 84' lang='lat' dir='ltr'><strong>quibus</strong></span> <span class='ocrx_word' id='word_1_960' title='bbox 2311 5132 2618 5202; x_wconf 70' lang='lat' dir='ltr'><strong>prardiclum</strong></span> <span class='ocrx_word' id='word_1_961' title='bbox 2645 5141 2745 5194; x_wconf 88' lang='lat' dir='ltr'><strong>est,</strong></span> <span class='ocrx_word' id='word_1_962' title='bbox 2781 5133 2946 5196; x_wconf 80' lang='lat' dir='ltr'><strong>Quam</strong></span> <span class='ocrx_word' id='word_1_963' title='bbox 2983 5133 3196 5202; x_wconf 82' lang='lat' dir='ltr'><strong>speciosi</strong></span> <span class='ocrx_word' id='word_1_964' title='bbox 3223 5133 3373 5202; x_wconf 82' lang='lat' dir='ltr'><strong>pedes</strong></span> <span class='ocrx_word' id='word_1_965' title='bbox 3399 5148 3573 5186; x_wconf 78' lang='lat' dir='ltr'><strong>eorum</strong></span> <span class='ocrx_word' id='word_1_966' title='bbox 3603 5134 3694 5201; x_wconf 80' lang='lat' dir='ltr'><strong>qui</strong></span> 
     </span>
    </p>
   </div>
   <div class='ocr_carea' id='block_1_117' title="bbox 2095 5221 3689 5295">
    <p class='ocr_par' dir='ltr' id='par_1_117' title="bbox 2095 5221 3689 5295">
     <span class='ocr_line' id='line_1_117' title="bbox 2095 5221 3689 5295; baseline 0.001 -18"><span class='ocrx_word' id='word_1_967' title='bbox 2095 5224 2396 5278; x_wconf 84' lang='lat' dir='ltr'><strong>annuntiant</strong></span> <span class='ocrx_word' id='word_1_968' title='bbox 2425 5239 2618 5293; x_wconf 82' lang='lat' dir='ltr'><strong>pacem,</strong></span> <span class='ocrx_word' id='word_1_969' title='bbox 2651 5224 2736 5294; x_wconf 84' lang='lat' dir='ltr'><strong>qui</strong></span> <span class='ocrx_word' id='word_1_970' title='bbox 2754 5224 3058 5276; x_wconf 87' lang='lat' dir='ltr'><strong>annuntiant</strong></span> <span class='ocrx_word' id='word_1_971' title='bbox 3089 5225 3215 5276; x_wconf 87' lang='lat' dir='ltr'><strong>bona</strong></span> <span class='ocrx_word' id='word_1_972' title='bbox 3242 5221 3409 5295; x_wconf 83' lang='lat' dir='ltr'><strong>(lsai.</strong></span> <span class='ocrx_word' id='word_1_973' title='bbox 3445 5239 3532 5287; x_wconf 82' lang='lat' dir='ltr'><strong>ut,</strong></span> <span class='ocrx_word' id='word_1_974' title='bbox 3567 5224 3604 5277; x_wconf 89' lang='grc'><strong>7</strong></span> <span class='ocrx_word' id='word_1_975' title='bbox 3633 5224 3689 5290; x_wconf 86' lang='lat'><strong>)!</strong></span> 
     </span>
    </p>
   </div>
   <div class='ocr_carea' id='block_1_118' title="bbox 2096 5312 3693 5384">
    <p class='ocr_par' dir='ltr' id='par_1_118' title="bbox 2096 5312 3693 5384">
     <span class='ocr_line' id='line_1_118' title="bbox 2096 5312 3693 5384; baseline 0 -18"><span class='ocrx_word' id='word_1_976' title='bbox 2096 5314 2252 5372; x_wconf 83' lang='lat' dir='ltr'><strong>nobis</strong></span> <span class='ocrx_word' id='word_1_977' title='bbox 2278 5312 2491 5384; x_wconf 89' lang='lat' dir='ltr'><strong>quidem</strong></span> <span class='ocrx_word' id='word_1_978' title='bbox 2540 5322 2663 5368; x_wconf 87' lang='lat' dir='ltr'><strong>tunc</strong></span> <span class='ocrx_word' id='word_1_979' title='bbox 2701 5314 2885 5381; x_wconf 87' lang='lat' dir='ltr'><strong>incipit</strong></span> <span class='ocrx_word' id='word_1_980' title='bbox 2912 5329 3032 5368; x_wconf 89' lang='lat' dir='ltr'><strong>esse</strong></span> <span class='ocrx_word' id='word_1_981' title='bbox 3068 5313 3291 5382; x_wconf 83' lang='lat' dir='ltr'><strong>quiSque</strong></span> <span class='ocrx_word' id='word_1_982' title='bbox 3329 5313 3469 5368; x_wconf 80' lang='lat' dir='ltr'><strong>illius</strong></span> <span class='ocrx_word' id='word_1_983' title='bbox 3498 5327 3655 5383; x_wconf 71' lang='lat' dir='ltr'><strong>poets</strong></span> <span class='ocrx_word' id='word_1_984' title='bbox 3681 5355 3693 5374; x_wconf 84' lang='lat'><strong>,</strong></span> 
     </span>
    </p>
   </div>
   <div class='ocr_carea' id='block_1_119' title="bbox 2096 5402 3692 5474">
    <p class='ocr_par' dir='ltr' id='par_1_119' title="bbox 2096 5402 3692 5474">
     <span class='ocr_line' id='line_1_119' title="bbox 2096 5402 3692 5474; baseline -0.002 -13"><span class='ocrx_word' id='word_1_985' title='bbox 2096 5423 2217 5462; x_wconf 91' lang='lat' dir='ltr'><strong>eum</strong></span> <span class='ocrx_word' id='word_1_986' title='bbox 2245 5405 2506 5461; x_wconf 88' lang='lat' dir='ltr'><strong>obedicrit</strong></span> <span class='ocrx_word' id='word_1_987' title='bbox 2531 5413 2585 5458; x_wconf 92' lang='lat' dir='ltr'><strong>ct</strong></span> <span class='ocrx_word' id='word_1_988' title='bbox 2609 5403 2897 5460; x_wconf 88' lang='lat' dir='ltr'><strong>crediderit</strong></span> <span class='ocrx_word' id='word_1_989' title='bbox 2924 5404 3046 5460; x_wconf 90' lang='lat' dir='ltr'><strong>huic</strong></span> <span class='ocrx_word' id='word_1_990' title='bbox 3070 5403 3378 5474; x_wconf 80' lang='lat' dir='ltr'><strong>Evangelia,</strong></span> <span class='ocrx_word' id='word_1_991' title='bbox 3409 5413 3544 5458; x_wconf 78' lang='lat' dir='ltr'><strong>etes</strong></span> <span class='ocrx_word' id='word_1_992' title='bbox 3579 5402 3692 5459; x_wconf 80' lang='lat' dir='ltr'><strong>(ide</strong></span> 
     </span>
    </p>
   </div>
   <div class='ocr_carea' id='block_1_120' title="bbox 2098 5617 3693 5684">
    <p class='ocr_par' dir='ltr' id='par_1_120' title="bbox 2098 5617 3693 5684">
     <span class='ocr_line' id='line_1_120' title="bbox 2098 5617 3693 5684; baseline -0.001 -12"><span class='ocrx_word' id='word_1_993' title='bbox 2098 5621 2297 5676; x_wconf 75' lang='lat' dir='ltr'><strong>dicer-et,</strong></span> <span class='ocrx_word' id='word_1_994' title='bbox 2334 5618 2471 5672; x_wconf 78' lang='lat' dir='ltr'><strong>vellet</strong></span> <span class='ocrx_word' id='word_1_995' title='bbox 2514 5626 2559 5672; x_wconf 88' lang='lat' dir='ltr'><strong>et</strong></span> <span class='ocrx_word' id='word_1_996' title='bbox 2598 5621 2777 5684; x_wconf 78' lang='lat' dir='ltr'><strong>faceret</strong></span> <span class='ocrx_word' id='word_1_997' title='bbox 2803 5631 2822 5672; x_wconf 90' lang='lat'><strong><em>:</em></strong></span> <span class='ocrx_word' id='word_1_998' title='bbox 2847 5619 2968 5671; x_wconf 90' lang='lat' dir='ltr'><strong>forte</strong></span> <span class='ocrx_word' id='word_1_999' title='bbox 2998 5633 3102 5684; x_wconf 90' lang='lat' dir='ltr'><strong>pro,</strong></span> <span class='ocrx_word' id='word_1_1000' title='bbox 3129 5617 3267 5672; x_wconf 76' lang='lat' dir='ltr'><strong>tellet</strong></span> <span class='ocrx_word' id='word_1_1001' title='bbox 3305 5617 3470 5672; x_wconf 87' lang='lat' dir='ltr'><strong>dicere</strong></span> <span class='ocrx_word' id='word_1_1002' title='bbox 3483 5653 3500 5682; x_wconf 90' lang='lat'><strong>,</strong></span> <span class='ocrx_word' id='word_1_1003' title='bbox 3543 5619 3693 5671; x_wconf 69' lang='grc' dir='ltr'><strong>τεαα</strong></span> 
     </span>
    </p>
   </div>
   <div class='ocr_carea' id='block_1_121' title="bbox 2098 5686 3517 5806">
    <p class='ocr_par' dir='ltr' id='par_1_121' title="bbox 2098 5686 3517 5806">
     <span class='ocr_line' id='line_1_121' title="bbox 2098 5686 3517 5806; baseline -0.009 -3"><span class='ocrx_word' id='word_1_1004' title='bbox 2098 5693 2140 5736; x_wconf 49' lang='lat' dir='ltr'><em>et</em></span> <span class='ocrx_word' id='word_1_1005' title='bbox 2165 5686 2386 5802; x_wconf 51' lang='grc' dir='ltr'><strong>ξαῖἶξίιθὲι</strong></span> <span class='ocrx_word' id='word_1_1006' title='bbox 2413 5756 2508 5792; x_wconf 83' lang='lat' dir='ltr'><strong>uno</strong></span> <span class='ocrx_word' id='word_1_1007' title='bbox 2532 5745 2752 5795; x_wconf 67' lang='lat' dir='ltr'><strong>Vaticano</strong></span> <span class='ocrx_word' id='word_1_1008' title='bbox 2777 5751 2853 5792; x_wconf 62' lang='lat' dir='ltr'><strong>ars.</strong></span> <span class='ocrx_word' id='word_1_1009' title='bbox 2880 5743 3112 5806; x_wconf 83' lang='lat' dir='ltr'><strong>addimus,</strong></span> <span class='ocrx_word' id='word_1_1010' title='bbox 3136 5739 3264 5806; x_wconf 73' lang='lat' dir='ltr'><strong>quod</strong></span> <span class='ocrx_word' id='word_1_1011' title='bbox 3285 5741 3517 5804; x_wconf 70' lang='lat' dir='ltr'><strong>facerm.</strong></span> 
     </span>
    </p>
   </div>
  </div>
