3972 6178
333 333 439 392 915

334 442 652 513 Ῑυειὶῆρςιιυε
698 451 881 509 pacem
908 435 978 490 ad
1006 435 1170 490 Deum
1200 431 1397 487 habere
1425 428 1647 498 cmperit
1681 445 1692 481 :
1725 440 1918 480 secun-

338 539 463 593 dum
500 541 677 585 autem
714 526 1241 600 przndcstinationetn
1281 524 1410 588 Dei,
1453 520 1562 592 jam
1600 519 1737 572 lilius
1781 515 1923 586 pacis

335 631 471 679 erat.
496 622 676 692 Neque
696 621 837 675 enim
865 618 1065 673 dictum
1096 624 1199 683 est,
1229 614 1402 684 Super
1421 626 1577 680 quem
1606 607 1928 679 requieverit

340 731 439 785 pas
473 724 668 777 vestra,
701 711 797 765 ﬁet
819 710 955 764 ﬁlius
982 709 1125 779 pacis
1154 726 1174 762 :
1198 705 1313 771 sed,
1346 705 1406 761 Si
1434 703 1503 758 ibi
1531 702 1704 773 fuerit,
1735 700 1924 769 inquit,

340 804 480 871 ﬁlius
513 804 672 875 pacis,
703 803 971 866 requiescet
995 816 1146 868 super
1177 797 1320 851 illam
1346 793 1586 850 domum‘
1617 808 1718 861 pax
1743 800 1925 845 vestra.

346 897 456 952 lam
490 911 618 965 ergo
638 905 686 947 et
712 902 993 962 antequam
1027 890 1103 944 illi
1130 887 1535 943 aununtiaretur
1559 884 1673 939 lucc
1698 897 1826 954 pax,
1872 880 1931 934 ﬁ-

344 998 443 1043 lius
476 986 618 1055 pacis
644 985 712 1038 ibi
739 992 877 1047 erat,
903 982 1038 1038 sicut
1061 995 1180 1034 eum
1211 986 1430 1032 noverat
1449 986 1606 1045 atque
1629 972 1932 1043 priest-ierat

343 1092 448 1130 non
478 1074 822 1143 evangelista,
856 1070 951 1126 sed
984 1070 1145 1125 Deus.
1173 1068 1252 1123 Ad
1283 1081 1380 1121 nos
1404 1079 1529 1136 ergo
1556 1065 1645 1135 qui
1668 1064 1932 1117 nescimus

344 1167 591 1237 quisnam
615 1166 686 1219 sit
714 1165 852 1218 ﬁlius
890 1162 1053 1233 pacis,
1082 1169 1172 1215 aut
1209 1176 1315 1214 non
1340 1160 1428 1219 sit,
1471 1160 1697 1228 pertinet
1723 1156 1924 1209 nullum

348 1266 630 1326 exceptum
676 1255 881 1317 facere,
920 1253 1230 1323 nullumque
1268 1251 1608 1313 discernere;
1657 1248 1749 1303 sed
1795 1247 1933 1301 velle

348 1365 536 1403 omnes
571 1348 748 1401 salvos
778 1346 888 1401 ﬁeri
912 1386 927 1412 ,
968 1346 1161 1416 quibus
1190 1344 1538 1414 pra2dicatnus
1566 1342 1702 1397 hanc
1724 1355 1931 1412 pacem.

352 1441 535 1510 Neque
562 1443 703 1495 enim
735 1437 1076 1493 metuendum
1104 1447 1183 1491 est
1208 1454 1275 1489 ne
1308 1433 1591 1505 perdamus
1616 1449 1755 1498 eam,
1785 1431 1827 1484 si
1852 1430 1937 1484 ille

350 1534 434 1588 cui
464 1532 828 1603 pra-dicamus,
862 1544 967 1584 non
990 1539 1069 1583 est
1098 1527 1238 1582 ﬁlius
1266 1526 1430 1596 pacis,
1461 1524 1824 1596 ignorantibus
1844 1536 1940 1575 B0-

350 1624 433 1678 his
463 1641 477 1676 :
509 1622 575 1675 ad
612 1636 709 1677 nos
736 1621 877 1675 enim
920 1627 1239 1681 revertetur,
1281 1617 1333 1671 id
1373 1623 1489 1682 est,
1524 1613 1675 1668 nobis
1704 1612 1941 1684 proderit

352 1715 450 1768 ista
483 1711 825 1783 prgcdicatio,
856 1725 962 1765 non
998 1718 1053 1763 et
1089 1708 1201 1773 illi;
1232 1707 1275 1761 si
1308 1715 1483 1759 autem
1511 1718 1672 1775 super
1692 1719 1813 1760 eum
1841 1716 1939 1773 pas

355 1803 638 1877 prteclicata
664 1801 1005 1872 requieverit,
1034 1809 1085 1855 et
1111 1799 1284 1862 nobis,
1318 1807 1372 1854 et
1399 1798 1494 1853 illi.

423 1896 511 1951 47.
541 1896 671 1964 Quia
706 1909 836 1965 ergo
865 1906 965 1949 nos
1002 1892 1092 1963 qui
1120 1891 1250 1946 salvi
1281 1891 1439 1946 futuri
1469 1890 1576 1960 sint
1605 1889 1939 1951 nescientes,

352 2003 541 2042 omnes
587 1988 780 2059 quibus
827 1985 1176 2057 przedicamus
1216 1983 1354 2039 hanc
1395 1997 1582 2054 pacem
1624 1981 1800 2036 saltos
1830 1978 1944 2035 ﬁeri

355 2080 488 2135 velle
519 2080 654 2133 Deus
684 2079 869 2148 jubet,
899 2088 954 2134 et
978 2078 1092 2149 ipse
1118 2078 1170 2132 in
1216 2077 1368 2132 nobis
1399 2075 1500 2131 hoc
1528 2083 1778 2146 operatur
1801 2115 1814 2139 ,
1845 2071 1949 2128 dif-

354 2169 624 2226 l‘undeudo
662 2171 820 2226 istam
866 2169 1181 2225 charitalcm
1229 2169 1281 2222 iu
1329 2166 1579 2223 cordibus
1624 2165 1824 2221 nostris
1853 2179 1949 2234 per

356 2260 610 2331 Spiritum
642 2269 883 2316 sanctum
929 2260 1017 2332 qui
1045 2260 1204 2314 datus
1224 2268 1313 2314 est
1356 2258 1509 2313 nobis
1537 2255 1714 2327 (Rom.
1753 2271 1810 2322 v,
1843 2255 1896 2326 5)
1926 2269 1952 2309 :-

359 2362 534 2423 potcst
573 2354 732 2408 etiam
763 2353 842 2407 sic
880 2352 1144 2422 intelligi,
1175 2350 1317 2421 quod
1362 2365 1530 2402 omnes
1558 2347 1782 2401 homines
1814 2345 1949 2399 [lens

357 2445 462 2498 rult
490 2446 655 2498 salvos
685 2444 796 2512 ﬁeri
813 2461 833 2511 ,-
869 2444 1127 2514 quoniam.
1154 2457 1249 2497 nos
1281 2441 1406 2496 facit
1446 2440 1581 2495 velle
1606 2455 1619 2491 :
1649 2438 1787 2492 sicut
1815 2437 1961 2491 misit

360 2537 610 2606 Spiritum
663 2536 786 2591 Filii
841 2536 920 2591 sui
966 2536 1300 2599 clamantem,
1345 2532 1520 2597 Abba,
1555 2529 1714 2584 Pater
1752 2528 1947 2601 (Colat.

358 2646 430 2697 ιν,
460 2630 542 2699 6),
569 2629 618 2684 id
641 2638 722 2683 est
747 2671 762 2694 ,
795 2643 894 2683 nos
919 2629 1153 2682 clamare
1177 2627 1477 2680 facientem.
1516 2624 1593 2678 De
1618 2623 1734 2692 ipso
1755 2623 1953 2691 quippe

358 2721 584 2787 Spiritu,
614 2719 721 2772 alio
745 2718 864 2772 loco
886 2717 1034 2781 dicit,
1065 2716 1363 2785 Acrepimus
1388 2714 1637 2784 Spiritum
1664 2713 1952 2783 adeptionis

361 2808 605 2876 ﬁliorum,
629 2808 797 2875 inquo
817 2807 1115 2871 clamamus,
1141 2804 1297 2869 Abba,
1326 2803 1479 2858 Pater
1500 2802 1675 2872 (Rom.
1694 2819 1811 2867 vm,
1842 2801 1950 2875 15).

361 2898 470 2953 Nos
501 2914 627 2967 ergo
657 2898 985 2961 clamamus,
1016 2896 1113 2951 scd
1141 2895 1228 2950 ille
1256 2895 1488 2950 clamare
1512 2895 1685 2950 dictus
1715 2903 1798 2950 est
1817 2938 1830 2960 ,
1863 2896 1953 2966 qui

362 2990 528 3046 efﬁcit
582 3001 640 3044 ut
690 2991 1002 3046 clamamus.
1055 2989 1126 3046 Si.
1151 3004 1280 3061 ergo
1331 2990 1648 3045 clamantem
1699 2988 1954 3060 Spiritum

362 3091 510 3136 recte
533 3081 664 3135 dixit
707 3080 1011 3151 Scriptura,
1044 3097 1071 3134 a
1113 3094 1226 3151 quo
1256 3078 1485 3135 el'ﬁeitur
1530 3089 1588 3135 ut
1626 3080 1953 3148 clamcmus;

363 3183 508 3226 recte
544 3170 708 3227 etiam
749 3172 1016 3227 volentem
1047 3171 1223 3227 Deum
1245 3186 1277 3226 a
1324 3184 1431 3241 quo
1460 3169 1689 3225 efﬁcitur
1725 3179 1783 3226 ut
1820 3171 1951 3226 veli-

361 3279 504 3321 mus.
536 3265 612 3319 Ac
636 3280 733 3335 per
759 3265 880 3332 hoc,
915 3264 1034 3334 quia
1076 3273 1131 3320 et
1158 3263 1497 3335 corripiendo
1523 3263 1653 3319 nihil
1691 3265 1831 3320 aliud
1862 3264 1958 3320 de-

364 3354 550 3411 bemus
584 3369 742 3426 agere
764 3397 780 3423 ,
822 3354 924 3410 nisi
954 3362 1012 3410 ut
1046 3354 1114 3411 ab
1151 3355 1250 3410 ista
1280 3369 1411 3424 pace
1435 3369 1555 3425 qua:
1584 3353 1759 3410 estad
1788 3354 1956 3410 Deum

365 3461 472 3502 non
501 3446 808 3513 recedatur,
833 3455 923 3502 aut
950 3446 1014 3501 ad
1041 3462 1157 3501 eam
1181 3447 1269 3518 qui
1295 3454 1593 3502 recesserat
1617 3455 1920 3503 revertatur
1937 3488 1955 3514 ,

367 3554 465 3594 nos
502 3555 721 3609 agamus
749 3540 866 3595 sine
899 3538 1273 3609 desperatione
1301 3536 1441 3607 quod
1480 3537 1705 3608 agimus.
1737 3535 1792 3592 Si
1822 3535 1959 3591 ﬁlius

368 3631 515 3700 pacis
554 3640 635 3685 est
677 3646 835 3702 quem
880 3630 1238 3702 corripimus,
1285 3629 1585 3700 requiescet
1631 3643 1793 3698 super
1836 3642 1958 3684 eum

368 3737 468 3793 pax
501 3733 682 3777 nostra
712 3740 726 3776 :
756 3724 836 3779 sin
863 3731 1064 3788 autem,
1092 3722 1158 3776 ad
1199 3735 1297 3776 nos
1322 3730 1639 3776 revertetur.

439 3815 528 3869 48.
553 3815 806 3883 Quamvis
848 3817 1028 3885 itaque
1069 3816 1230 3869 etiam
1258 3813 1385 3867 dum
1434 3812 1785 3881 quorumdam
1831 3811 1961 3868 ﬁdes

369 3904 728 3970 subvertitur,
761 3905 971 3959 lirmum
999 3903 1091 3958 Dei
1122 3904 1520 3958 fundamentum
1545 3912 1678 3970 stet,
1711 3904 1960 3972 quoniam

372 3993 528 4049 scivit
574 3988 826 4047 Dominus
854 3995 944 4064 qui
985 4004 1108 4048 sunt
1138 3994 1254 4062 ejus
1286 4013 1300 4048 :
1327 3994 1440 4049 non
1487 4004 1660 4050 tamen
1707 3995 1826 4049 ideo
1864 4012 1975 4053 nos.

374 4084 507 4156 pigri
530 4092 585 4139 et
605 4084 935 4154 negligentes
955 4100 1074 4140 esse
1103 4084 1360 4140 debemus
1390 4086 1445 4140 in
1470 4085 1841 4156 corripiendis,
1872 4088 1979 4158 qui

376 4174 695 4246 corripiendi
741 4184 886 4231 sunt.
936 4175 1119 4246 Neque
1165 4176 1307 4232 enim
1355 4176 1549 4234 frustra
1599 4177 1798 4233 dictum
1846 4188 1962 4245 est,

381 4264 727 4336 Corrumpunt
774 4282 939 4321 mores
981 4268 1134 4320 bonos
1175 4267 1425 4336 colloquia
1452 4267 1587 4321 mala
1628 4267 1669 4336 (Ι
1699 4266 1815 4322 ϐίην.
1861 4286 1965 4337 xv,

376 4357 505 4431 55);
545 4366 619 4425 et,
655 4357 844 4413 Peribit
869 4360 891 4391 '
915 4358 1151 4427 inﬁrmus
1166 4359 1220 4412 in
1242 4368 1329 4412 tua
1346 4359 1554 4413 scientia
1574 4401 1589 4425 ,
1622 4358 1812 4429 frater,
1842 4376 1965 4431 pro-

444 4493 459 4524 ι
499 4474 675 4558 ualido
694 4490 803 4542 loco
826 4498 932 4542 uss.
956 4498 1013 4542 At
1049 4491 1169 4545 editi
1189 4492 1386 4554 habent,
1410 4505 1556 4558 super
1588 4500 1807 4558 attinget
1828 4501 1970 4549 omu-

380 4559 506 4611 tunt,
530 4554 741 4604 domum.
1205 4564 1217 4573 ‘

445 4616 466 4645 ²
498 4621 547 4665 tu
569 4621 698 4676 Mss,
723 4613 870 4667 Perit.

418 4723 543 4732 ...Α-...-

405 4735 417 4769 ι
995 4735 1174 4771 ___,
1241 4735 1526 4737 ,,-,_

542 4764 798 4773 ψ

1148 323 1233 382 AD
1276 311 1812 386 SUDSEQUENTES
1854 308 2031 367 DUOS
2066 308 2308 368 LIBROS
2334 308 2742 365 IADMONIT'O.

3504 312 3607 370 916

2032 434 2139 494 pter
2156 420 2547 497 quemetrislus
2572 435 2793 479 mortuus
2819 433 2888 479 est
2906 423 3080 493 (ICor.
3102 441 3190 480 vm
3211 466 3227 493 ,
3260 424 3367 499 11).
3395 425 3509 482 Non
3525 443 3617 483 ar-

2029 528 2402 589 gumentemur
2429 527 2612 573 contra
2635 518 2735 574 ista
2763 524 3023 587 praecepta
3046 516 3421 587 salubremque
3452 527 3618 573 terro-

2029 624 2145 665 rem
2173 609 2443 675 dicentes,
2489 609 2553 663 Et
2579 616 2922 678 corrumpant
2952 621 3129 662 mores
3154 606 3326 663 bonos
3354 607 3616 677 colloquia

2033 698 2194 766 mala;
2225 699 2311 763 Et,
2344 710 2529 770 pereat
2554 700 2817 766 inﬁrmus,
2840 698 2965 769 quid
2993 698 3057 753 ad
3081 699 3218 754 nos?
3240 698 3477 753 Firmum
3503 698 3624 753 l'un-

2033 791 2340 846 dameutum
2367 792 2459 847 Dei
2487 798 2611 858 stat,
2644 801 2697 847 et
2719 805 2878 846 nemo
2910 790 3043 860 perit
3071 789 3173 845 nisi
3203 789 3339 844 ﬁlius
3365 788 3621 861 perditio-

2037 896 2141 939 1118.

2106 971 2331 1027 CAPUT
2372 971 2509 1026 XVI.
2538 1003 2607 1012 —
2639 971 2787 1026 Absit
2815 980 2873 1026 ut
2917 971 3015 1026 ista
3042 971 3339 1043 garricntcs
3360 1012 3375 1037 ,
3406 984 3623 1027 securos

2040 1081 2135 1119 nos
2169 1066 2220 1119 in
2254 1066 2351 1119 hac
2379 1066 2694 1135 ttcgligvntia
2723 1080 2840 1120 esse
2876 1064 3072 1119 debere
3093 1064 3393 1119 credantus.
3429 1064 3621 1118 Verum

2039 1169 2120 1212 est
2145 1158 2284 1213 enim
2312 1158 2433 1228 quia
2462 1173 2621 1212 nemo
2646 1156 2827 1228 perit,
2857 1157 2956 1210 nisi
2987 1157 3122 1210 lilius
3150 1155 3462 1226 perditionis
3491 1173 3505 1208 :
3532 1154 3628 1209 sed

2041 1251 2113 1302 ait
2143 1249 2280 1302 Deus
2307 1265 2399 1318 per
2423 1248 2755 1302 Ezecltielem
2797 1246 3143 1316 prophetam,
3187 1243 3287 1299 Ille
3329 1247 3529 1314 quidem
3572 1245 3629 1298 iu

2044 1352 2244 1410 peccato
2278 1357 2369 1395 suo
2400 1341 2672 1403 moritur,
2719 1340 3014 1408 sanguinem
3052 1355 3165 1392 vero
3212 1338 3321 1409 ejus
3369 1339 3430 1392 de
3474 1354 3630 1392 manu

2041 1432 2370 1503 speculatoris
2392 1433 2639 1503 requiram
2670 1430 2884 1501 (Ezech.
2915 1447 3005 1498 ιιι,
3033 1432 3145 1501 18).

2115 1527 2203 1582 «19.
2236 1526 2464 1582 Proinde
2490 1568 2503 1590 ,
2533 1534 2785 1596 quantum
2812 1525 2877 1579 ad
2918 1541 3015 1580 nos
3045 1525 3308 1595 pertinet,
3352 1525 3441 1596 qui
3492 1540 3631 1596 pran-

2046 1617 2336 1672 dcstinatos
2364 1633 2393 1671 a
2434 1632 2537 1670 non
2584 1615 2970 1687 prwdestinatis
3008 1616 3314 1672 discernere
3356 1633 3462 1671 non
3491 1617 3635 1673 vale—

2049 1724 2200 1771 mus,
2233 1718 2286 1762 et
2324 1707 2393 1761 ob
2436 1708 2536 1762 hoc
2565 1708 2753 1762 omnes
2790 1709 2965 1762 salvos
2998 1707 3109 1763 ﬁeri
3149 1709 3288 1765 velle
3336 1707 3633 1773 debemus;

2049 1801 2317 1868 omnibus,
2346 1817 2412 1856 ne
2441 1809 2678 1871 pereant,
2707 1800 2790 1854 vel
2817 1816 2883 1856 ne
2907 1799 3042 1855 alios
3067 1801 3309 1869 perdant,
3336 1800 3637 1857 adhibenda

2049 1906 2126 1951 εει
2156 1910 2185 1949 a
2218 1896 2370 1951 nobis
2398 1894 2783 1949 tnedieinaliter
2824 1909 3007 1949 severa
3051 1896 3318 1963 correptio
3364 1913 3378 1950 :
3421 1894 3513 1950 Dei
3554 1902 3641 1950 est

2049 1996 2225 2054 autem
2254 1986 2356 2040 illis
2383 2002 2503 2040 eam
2533 1983 2707 2039 facere
2738 1985 2922 2040 utilem
2948 2027 2964 2053 ,
2997 2000 3130 2055 quos
3156 1986 3269 2053 ipse
3295 1985 3559 2055 prmscivit
3583 1995 3641 2041 et

2054 2077 2448 2148 prmdestinavit
2493 2076 2794 2134 conformes
2845 2077 3088 2149 imaginis
3117 2077 3235 2133 Filii
3277 2078 3379 2133 sui.
3410 2078 3465 2135 Si
3493 2077 3640 2134 enim

2052 2168 2336 2240 aliquando
2359 2170 2548 2224 timore
2573 2185 2678 2224 non
2700 2170 3039 2239 corripimus,
3062 2186 3127 2225 ne
3146 2170 3337 2240 aliquis
3364 2170 3486 2225 inde
3511 2185 3633 2240 pcr-

2054 2271 2161 2328 eat;
2187 2278 2283 2317 cur
2304 2279 2407 2316 non
2438 2262 2595 2317 etiam
2625 2262 2814 2319 timore
2838 2263 3174 2333 corripimus,
3201 2278 3270 2319 ne
3298 2261 3489 2334 aliquis
3518 2262 3642 2319 inde

2057 2353 2177 2423 plus
2215 2351 2432 2423 pereat?
2467 2351 2650 2422 Neque
2678 2353 2821 2407 enim
2862 2352 3164 2408 dilectionis
3204 2352 3409 2408 viscera
3440 2351 3658 2422 majora.

2055 2458 2326 2517 gestamus
2346 2460 2502 2512 quam
2529 2444 2717 2499 beatus
2742 2444 3047 2510 Apostolus,
3077 2445 3164 2512 qui
3192 2443 3319 2498 dicit
3348 2462 3361 2497 :
3394 2444 3644 2513 Corripit:

2057 2535 2301 2603 inquietos
2315 2577 2330 2601 ,
2358 2534 2689 2589 consolantini
2708 2533 3053 2604 pusillanimes
3067 2575 3083 2600 ,
3113 2534 3351 2603 suscipite
3376 2533 3606 2597 inﬁrmos
3622 2575 3640 2600 ,

2061 2628 2313 2696 patientes.
2331 2633 2484 2679 estote
2516 2623 2599 2676 σάν
2625 2635 2799 2678 omnes
2821 2641 2843 2679 ε
2867 2624 3026 2679 videte
3067 2640 3131 2677 ne
3156 2624 3266 2694 quis
3315 2624 3505 2677 malum
3551 2640 3644 2693 pro

2060 2719 2194 2772 malo
2220 2719 2382 2772 alicz.i-
2401 2715 2580 2771 reddat
2606 2716 2647 2786 (l
2670 2715 2844 2771 Thess.
2870 2731 2924 2781 ν,
2959 2714 3043 2780 14,
3080 2716 3188 2784 15).
3221 2713 3322 2771 Ubi
3348 2714 3647 2783 intelligen-

2060 2809 2188 2864 dum
2218 2818 2301 2864 est
2328 2820 2451 2863 tunc
2472 2808 2646 2880 potius
2678 2808 2870 2863 malum
2900 2823 2998 2879 pro
3024 2807 3163 2860 malo
3190 2805 3337 2861 reddi
3361 2847 3374 2869 ,
3398 2810 3443 2859 si
3464 2803 3645 2860 corri-

2060 2901 2284 2972 piendus
2313 2915 2419 2955 non
2446 2898 2732 2968 corripitur
2750 2939 2766 2966 ,
2793 2898 2886 2954 sed
2915 2914 3074 2970 prava
3100 2896 3522 2953 dissimulatione
3549 2910 3648 2951 ne-

2060 2995 2297 3066 gligitur.
2338 2993 2475 3048 Dicit
2501 2992 2661 3049 etiam
2691 3008 2705 3046 :
2738 2990 3013 3046 Peccanles
3043 3007 3225 3065 coram
3259 2989 3489 3044 omnibus
3527 3004 3647 3042 cor-

2059 3086 2200 3157 ripe,
2233 3094 2287 3139 ut
2313 3084 2479 3140 calari
2520 3085 2747 3138 timorem
2785 3083 3001 3137 habeant
3028 3081 3071 3154 (1
3090 3080 3221 3135 Tim.
3250 3096 3306 3146 γ,
3346 3079 3463 3151 20).
3496 3078 3651 3148 Quod

2060 3175 2128 3232 de
2155 3174 2240 3230 his
2267 3174 2497 3245 peccatis
2524 3174 2892 3245 accipiendum
2926 3183 3009 3228 est
3048 3188 3168 3244 qua:
3208 3186 3314 3227 non
3355 3171 3553 3235 latent,
3584 3186 3653 3227 no

2061 3275 2246 3322 contra
2290 3266 2500 3322 Domini
2537 3266 2853 3322 sententiam
2894 3273 3106 3336 putetur
3134 3264 3359 3319 locutus.
3390 3263 3481 3319 llle
3508 3261 3652 3318 enim

2062 3361 2192 3418 dicit
2224 3378 2238 3415 :
2270 3360 2332 3416 Si
2354 3359 2629 3432 peccaverit
2654 3360 2707 3413 in
2733 3371 2780 3413 te
2806 3360 2964 3429 frater
2989 3367 3102 3411 tuus
3127 3398 3142 3423 ,
3173 3356 3370 3426 corripe
3388 3371 3503 3412 eum
3524 3355 3655 3410 inter

2062 3462 2110 3507 te
2150 3462 2197 3507 et
2226 3454 2414 3521 ipsum.
2438 3450 2818 3507 Verumtamen
2843 3457 2898 3504 et
2945 3448 3059 3519 ipse
3087 3447 3425 3503 severitatem
3474 3460 3658 3501 corre-

2064 3544 2259 3615 ptionis
2279 3558 2345 3598 eo
2374 3557 2540 3612 usque
2568 3540 2843 3612 perducit,
2877 3548 2937 3596 ut
2960 3540 3132 3606 dicat,
3163 3538 3223 3595 Si
3254 3554 3344 3593 nec
3369 3536 3654 3594 Ecclesium

2063 3637 2302 3700 audierit,
2323 3637 2388 3690 sit
2413 3635 2500 3689 tibi
2528 3644 2766 3702 tanquam
2792 3632 3015 3687 ethnicus
3043 3642 3089 3686 et
3111 3632 3409 3701 publicanus
3437 3629 3654 3702 (Matth.

2068 3742 2195 3785 mu
2217 3768 2233 3794 ,
2270 3727 2364 3789 i5,
2396 3722 2507 3797 17).
2549 3723 2617 3779 Ει
2640 3723 2760 3793 quis
2786 3722 2954 3793 magis
2982 3721 3168 3777 dilexit
3203 3722 3470 3786 inﬁrmos,
3496 3737 3654 3791 quam

2066 3819 2155 3873 ille
2185 3818 2273 3889 qui
2307 3834 2403 3889 pro
2428 3816 2677 3872 omnibus
2720 3826 2802 3873 est
2831 3814 3000 3870 factus
3029 3813 3271 3877 inﬁrmus
3295 3856 3311 3879 ,
3339 3822 3392 3868 et
3421 3831 3516 3883 pro
3542 3829 3657 3867 om.

2067 3910 2225 3967 nibus
2271 3926 2336 3969 ex
2389 3910 2502 3980 ipsa
2546 3908 2857 3964 inﬁrmitate
2888 3906 3217 3962 cruciﬁxus?
3256 3905 3384 3974 Quae
3422 3920 3543 3961 cum
3587 3905 3658 3960 ita

2068 4007 2175 4060 sint
2197 4020 2335 4072 ,nec
2364 4005 2534 4073 gratia
2566 4001 2813 4073 prohibet
2826 4000 3239 4070 correptionem,
3264 4013 3364 4055 nec
3391 3998 3661 4066 correptio

2070 4106 2229 4167 negat
2269 4097 2490 4167 gratiam
2522 4113 2535 4149 :
2568 4103 2623 4152 et
2665 4092 2789 4149 ideo
2812 4093 2892 4149 sic
2927 4100 3011 4148 est
3042 4088 3391 4161 praecipienda
3413 4088 3617 4160 justitia
3640 4130 3657 4153 ,

2071 4201 2185 4245 uta
2214 4189 2323 4244 Deo
2364 4188 2566 4259 gratia,
2597 4202 2700 4257 qua
2748 4184 2800 4240 id
2837 4183 2977 4256 quod
3007 4183 3312 4254 pra-cipitur
3350 4180 3474 4247 ﬁat,
3521 4179 3661 4237 ﬁdeli

2071 4285 2313 4339 oratione
2356 4293 2644 4355 poscatur;
2675 4292 2733 4338 et
2779 4283 2882 4340 hoc
2921 4291 3205 4353 utrumque
3243 4281 3314 4337 ita
3358 4280 3665 4337 faciendum

2072 4387 2153 4431 est
2174 4417 2188 4441 ,
2222 4384 2279 4431 ut
2307 4390 2480 4446 neque
2505 4376 2652 4444 justa
2678 4374 2947 4446 correptio
2968 4374 3284 4443 negligatur.
3314 4371 3505 4428 Omnia
3536 4386 3665 4427 vero

2074 4470 2191 4526 haec
2226 4486 2346 4525 cum
2392 4468 2653 4525 charitate
2701 4470 2830 4524 ﬁant
2859 4485 2874 4525 :
2900 4467 3153 4538 quoniam
3181 4465 3413 4521 charitas
3451 4479 3550 4520 nec
3589 4464 3669 4519 la-

2074 4561 2147 4618 cit
2172 4570 2477 4632 peccatum,
2509 4569 2564 4616 et
2603 4563 2847 4630 cooperit
2872 4557 3267 4614 multitudinem
3300 4563 3664 4627 peccatorum.

640 5014 820 5056 DNUM
866 5013 946 5055 DE
991 5011 1594 5061 PREDESTINATIONE
1637 5013 2047 5071 SANCTORUM,
2099 5014 2410 5061 Αιτιῑιωωρ
2459 5015 2544 5059 DB
2602 5012 2771 5058 DONO
2818 5008 3347 5057 PERSEVERANTIE
3369 5034 3409 5066 ι-

1512 5132 2562 5264 ADMONITIO

1208 5317 1497 5380 ΡΕΤΙΤΑ
1562 5316 1681 5380 ex
1749 5296 2354 5383 LOVANIENSIUM
2425 5319 2835 5409 EDlTlONE.

1829 5463 2235 5499 ’Μην-

458 5553 744 5623 Postquam
763 5553 814 5608 in
839 5551 1037 5609 Gallias
1059 5551 1201 5606 allati
1232 5551 1384 5607 fuere
1412 5550 1532 5607 libri
1554 5550 1767 5621 quidam
1793 5559 2069 5622 Augustum
2096 5563 2280 5609 contra
2306 5553 2622 5625 Pelagianos
2650 5556 2854 5628 scripti,
2873 5571 2978 5612 non
2996 5571 3283 5629 paucorum
3308 5556 3416 5615 illic
3440 5559 3668 5625 animos,

389 5645 762 5710 ollenderunt;
796 5661 902 5702 non
933 5643 1094 5701 modo
1122 5643 1189 5700 de
1214 5643 1486 5700 communi
1515 5642 1793 5699 doctorum
1822 5646 1979 5713 vulgo
1996 5685 2015 5711 ,
2042 5644 2138 5701 sed
2166 5645 2516 5716 quorumdam
2543 5647 2704 5720 etiam
2735 5649 3171 5722 presbyterorum
3209 5664 3274 5706 ac
3297 5651 3668 5725 episcoporum

385 5743 474 5812 qui
500 5748 553 5793 et
586 5738 777 5810 pietate
794 5731 853 5796 ’et
875 5738 1173 5796 eruditione
1202 5736 1366 5794 celcb:
1383 5751 1440 5791 es
1486 5745 1535 5791 et
1562 5737 2269 5796 commcndatibabebantur
2300 5739 2472 5796 :adeo
2520 5750 2578 5798 ut
2623 5742 2773 5799 multi
2828 5759 3038 5817 quoque
3084 5744 3359 5816 Augustini
3411 5742 3665 5800 doctrina:
