3972 6178
397 265 500 336 9η
1363 263 1688 324 EPISTOLA
1730 269 2068 328 PROSPERI
2107 272 2199 328 AD
2236 269 2700 331 AUCUSTINUM.
3583 284 3678 342 948

396 374 664 442 faventes,
695 390 880 433 eorum
907 377 1274 434 auctoritatem
1302 379 1516 433 reveriti
1543 421 1557 444 ,
1589 395 1620 434 a
1650 380 1871 436 meliore
1893 385 2154 439 sententia
2176 397 2571 454 revocarentur,
2599 400 2690 444 aut
2709 405 2826 446 eam
2862 404 3006 449 certe
3047 397 3278 466 profiteri
3307 399 3523 470 publice
3565 415 3670 456 non

403 469 683 524 auderent.
715 469 910 524 Verum
941 469 1030 524 alii
1053 469 1267 542 quidam
1291 470 1620 527 cordatiorcs
1648 475 2046 546 firmioresquc,
2076 477 2214 534 inter
2241 495 2374 550 quos
2403 484 2652 552 pra'cipui
2675 484 2902 556 Prosper
2927 497 2980 542 et
3002 489 3232 546 Hilarius
3255 469 3356 564 (α),
3380 493 3673 552 sentientes

397 581 494 621 eos
524 565 788 638 Pelagiani
811 567 1012 624 erroris
1037 569 1123 624 vel
1153 568 1394 624 incautos
1418 569 1688 639 negotium
1715 584 1872 640 agere
1893 613 1908 637 ,
1943 571 2202 642 quosdam
2231 588 2359 629 vero
2405 590 2517 630 rem
2546 592 2652 631 non
2692 577 3014 636 intellectam
3041 583 3288 654 imperite
3321 586 3668 656 calumniari;

397 659 603 713 fortiter
628 673 687 714 se
716 659 778 714 iis
804 673 1122 730 opposuere.
1151 658 1354 726 Quibus
1378 675 1499 715 cum
1529 675 1624 731 per
1647 661 1822 716 omnia
1850 661 2158 720 satisfacere
2183 681 2288 719 non
2319 677 2570 734 possent,
2597 683 2657 723 re
2702 669 2769 724 ad
2795 672 3143 740 Augustinum
3191 675 3360 732 relata
3399 689 3589 750 rogant
3618 691 3674 738 ut

397 767 516 820 quae
547 751 598 805 in
628 750 746 823 eius
774 750 946 818 libris,
980 751 1277 822 praesertim
1307 752 1373 807 de
1401 751 1753 824 Correptioue
1778 763 1830 808 ct
1857 753 2034 810 Gratia
2055 799 2070 823 ,
2099 755 2358 827 quosdam
2401 771 2624 814 suorum
2665 761 3006 819 offende-bant
3027 808 3042 831 ,
3083 765 3282 826 clarius
3312 769 3670 830 disertiusaue

391 843 663 912 crpiicare
688 843 1017 914 dignaretur.
1043 844 1118 899 Ea
1143 860 1270 900 vero
1297 861 1415 916 quae
1455 845 1597 910 sint,
1631 861 1695 902 ex
1745 846 2000 915 subjectis
2029 849 2304 921 utriusque
2332 850 2573 920 epistolis
2616 867 2940 924 cognoscere
2984 857 3184 915 licebit.
3231 862 3342 918 liae
3385 834 3670 924 occasione

396 932 611 1003 scripsit
639 935 964 1005 Augustinus
989 945 1278 1004 sequentes
1330 935 1496 990 libros
1539 935 1678 992 duos
1695 979 1711 1003 ,
1741 937 1968 993 alterum
1993 940 2063 997 de
2091 939 2568 996 Prmdestinatione
2587 940 2928 1012 Sanctorum,
2956 949 3182 1005 alterum
3207 951 3276 1008 de
3303 953 3454 1011 Dono
3479 957 3670 1014 Perseo

393 1027 665 1080 verautize.
692 1026 796 1081 Sed
825 1026 959 1082 adeo
988 1043 1086 1082 nec
1113 1028 1194 1082 his
1216 1027 1430 1099 quidem
1452 1028 1782 1084 satisfactum
1813 1029 2116 1088 hominibus
2146 1031 2252 1087 illis
2272 1031 2400 1097 fuit,
2430 1041 2488 1114 ut
2523 1036 2802 1106 Augustini
2843 1038 3141 1096 doctrinam
3171 1058 3235 1100 ac
3285 1044 3452 1104 libros
3500 1051 3672 1121 magis

389 1120 550 1174 etiam
577 1121 849 1192 magisque
874 1132 1268 1189 aversarentur,
1291 1121 1456 1176 multa
1475 1122 1528 1177 in
1555 1122 1632 1177 eis
1652 1121 1897 1192 imperite
1917 1127 2290 1195 malitioseque
2313 1126 2720 1185 calumniantes.
2736 1129 2888 1188 Unde
2907 1131 3106 1192 factum
3130 1145 3185 1190 ut
3200 1137 3456 1196 adversus
3474 1120 3668 1199 eorum

387 1213 832 1282 reprrbeusiones
864 1215 1092 1284 Prosper
1111 1211 1366 1270 defuncto
1381 1215 1491 1284 jam
1524 1216 1816 1286 Augustino
1845 1217 2017 1274 varios
2038 1217 2264 1274 ediderit
2289 1219 2648 1291 apologiarum
2675 1221 2882 1278 libellos
2913 1242 2927 1278 :
2957 1227 3110 1296 cujus
3135 1229 3350 1298 generis
3371 1242 3496 1287 sunt
3525 1251 3666 1302 pne-

388 1316 469 1359 ter
495 1306 657 1370 aiios,
686 1305 750 1359 ail
773 1306 1002 1376 capitula
1025 1305 1297 1361 Gallorum
1321 1347 1336 1371 ,
1364 1306 1430 1360 ad
1458 1307 1786 1376 objectioues
1815 1307 2228 1376 Vincentianas,
2255 1309 2321 1366 ad
2350 1321 2599 1382 excerpta
2629 1313 2990 1371 Genuensium
3010 1358 3026 1381 ,
3055 1327 3108 1374 et
3151 1318 3408 1377 adversus
3427 1323 3666 1380 Collatu-

389 1415 500 1453 t'cm
523 1398 918 1468 responsiones.
943 1399 1144 1467 Quibus
1165 1415 1288 1456 cum
1312 1413 1498 1454 eorum
1527 1399 1789 1456 inscitiam
1810 1409 1862 1456 ct
1881 1401 2176 1458 calumnias
2199 1403 2495 1459 clarissime
2515 1405 2870 1475 coarguisset,
2913 1417 2970 1462 ut
2993 1409 3318 1468 erubescere
3335 1411 3445 1483 jam
3473 1419 3666 1471 merito

383 1493 541 1545 etiam
568 1491 867 1560 deberent,
897 1493 1128 1562 majores
1151 1501 1327 1548 tamen
1354 1501 1538 1562 postea
1569 1503 1743 1548 motus
1779 1495 2145 1562 concitarunt,
2177 1510 2276 1552 nec
2311 1494 2576 1566 Prospero
2595 1497 2706 1568 jam
2737 1507 2792 1554 et
2811 1499 3014 1556 llilario
3055 1513 3338 1573 parcentes
3365 1523 3380 1560 :
3403 1516 3466 1564 ut
3491 1510 3666 1566 concti

385 1585 578 1640 fuerint
619 1585 687 1640 ad
715 1586 1072 1655 Apostolicam
1104 1586 1297 1644 Sedem
1325 1583 1641 1658 confugere,
1670 1601 1828 1658 quam
1849 1602 1919 1644 eo
1955 1596 2195 1671 tempore
2213 1587 2533 1646 leestinus
2557 1591 2789 1660 pontifex
2814 1592 3164 1664 gubernabat.
3194 1596 3244 1653 Is
3266 1614 3382 1655 rem
3406 1609 3574 1658 totam
3597 1605 3663 1658 ab

391 1683 470 1736 t'lS
491 1681 709 1736 edoctus
733 1681 798 1736 ad
827 1681 1013 1738 Gallia:
1042 1683 1324 1752 episcopos
1346 1681 1608 1754 quosdam
1628 1681 1833 1738 litteras
1853 1681 2036 1749 mittit,
2053 1682 2246 1754 quibus
2260 1682 2610 1753 Augustinum
2635 1693 2691 1740 et
2715 1683 3012 1742 doctrinam
3033 1691 3150 1757 ejus
3177 1700 3357 1747 tuetur
3379 1709 3442 1750 ac
3465 1697 3665 1765 prmiti-

381 1782 465 1827 cat
484 1816 498 1839 ,
522 1775 911 1831 obtrectatores
931 1775 1046 1846 ejus
1073 1775 1305 1846 graviter
1325 1774 1584 1845 coarguit,
1605 1773 1870 1845 cpiscOpis
1897 1774 2114 1830 mandat
2138 1782 2197 1830 ut
2224 1775 2304 1830 eis
2324 1774 2590 1830 silentium
2611 1775 2904 1844 imponant.
2923 1777 3029 1833 Sed
3055 1794 3124 1835 ne
3141 1780 3222 1836 sic
3250 1784 3466 1852 quidem
3513 1803 3669 1855 pror-

381 1883 474 1922 sus
495 1869 760 1936 quievere.
779 1868 914 1935 Quia
935 1868 1076 1924 enim
1096 1867 1329 1940 pontifex
1356 1866 1522 1922 libros
1541 1881 1635 1922 cos
1649 1881 1783 1938 quos
1803 1865 1877 1921 illi
1905 1874 2013 1922 tam
2042 1865 2227 1922 odiose
2245 1865 2612 1946 traducebant,
2636 1867 2882 1924 videlicet
2905 1867 2974 1925 de
3003 1870 3354 1943 Correptiooe
3371 1886 3425 1931 et
3448 1876 3660 1946 Gratia,

377 1958 446 2012 de
477 1957 950 2015 Pt'a'destintttione
971 1959 1287 2014 Sanctorum
1307 2000 1322 2024 ,
1347 1957 1416 2013 de
1445 1957 1861 2014 Pcrseverantize
1888 1957 2054 2024 Dono,
2085 1956 2398 2013 nominatim
2429 1972 2536 2013 non
2584 1969 2958 2028 expresserat,
3009 1961 3177 2020 titulis
3216 1980 3311 2021 eos
3352 1969 3464 2023 suis
3515 1969 3664 2026 desi-

376 2065 576 2116 gnans;
612 2061 729 2119 post
750 2050 1024 2107 leestini
1049 2063 1277 2107 mortem
1297 2049 1510 2106 aiebant
1537 2065 1642 2106 non
1668 2064 1763 2106 eos
1783 2047 1952 2106 fuisse
1972 2049 2326 2120 approbatos,
2351 2064 2451 2105 nec
2483 2059 2698 2120 propter
2721 2051 2844 2108 illos
2869 2055 3302 2114 commendatum
3345 2068 3616 2118 auctorem
3640 2107 3656 2126 ,

379 2145 473 2198 sed
508 2147 955 2212 proanteriorum
977 2148 1296 2217 scriptorum
1321 2143 1526 2200 meritis
1567 2142 1928 2200 laudationem

2092 2159 2124 2198 ιι
2152 2143 2206 2198 in
2237 2157 2360 2197 eum
2380 2139 2544 2198 fuisse
2576 2144 2824 2200 collatam
2855 2161 2872 2202 :
2901 2155 2957 2201 ut
2990 2148 3140 2204 testis
3171 2159 3254 2205 est
3283 2163 3501 2222 propter
3539 2155 3660 2212 illos

378 2233 608 2307 Prosper
659 2235 758 2291 sub
795 2237 956 2293 finem
1004 2236 1124 2292 libri
1183 2243 1366 2292 contra
1413 2233 1759 2292 Collatorcm.
1826 2232 2128 2302 Quocirca,
2174 2241 2416 2302 tempore
2472 2233 2664 2290 Felicis
2714 2235 2872 2305 Papa
2915 2235 3024 2304 IV,
3073 2240 3408 2298 celebratum
3452 2242 3549 2298 fuit
3589 2246 3646 2302 in

376 2327 699 2384 Arausicana
727 2327 946 2384 civitate
973 2328 1258 2386 concilium
1287 2326 1390 2398 (ὁ),
1421 2325 1561 2398 quod
1587 2336 1672 2382 est
1693 2324 1812 2395 ejus
1837 2325 1944 2380 ioci
1966 2323 2261 2382 secundum
2278 2365 2294 2392 ,
2321 2325 2374 2380 in
2403 2339 2512 2396 quo
2533 2333 2786 2382 renovata
2807 2334 2862 2384 et
2885 2336 3075 2384 Iterato
3096 2333 3411 2388 confirmata
3459 2346 3544 2390 est
3564 2351 3654 2390 ea-

377 2419 570 2472 tbolica
599 2427 654 2474 et
678 2421 998 2489 apostolica,
1020 2419 1317 2489 eademque
1347 2418 1620 2489 Augustini
1647 2416 1715 2473 de
1757 2420 1925 2487 gratia
1945 2424 2000 2471 et
2036 2415 2206 2472 libero
2231 2416 2456 2471 arbitrio
2506 2415 2769 2484 doctrina,
2795 2419 3096 2476 cauonibus
3138 2421 3270 2492 ipsis
3293 2439 3361 2480 es
3379 2424 3658 2497 Augustini

381 2512 529 2566 libris
558 2512 750 2580 passim
770 2512 1054 2581 decerptis.
1081 2511 1210 2578 Quae
1237 2511 1416 2565 omnia
1435 2511 1488 2564 in
1516 2507 1823 2580 Appendice
1841 2548 1858 2575 ,
1897 2515 2048 2578 parte
2066 2507 2302 2564 secunda
2321 2547 2338 2574 ,
2365 2507 2601 2576 reperire
2627 2506 2826 2564 licebit.
2848 2507 3112 2566 C:rterum
3137 2514 3278 2584 quod
3307 2514 3494 2570 horum
3517 2517 3657 2573 duo-

379 2619 496 2657 rum
527 2603 780 2658 librorum
811 2604 861 2661 in
891 2603 1376 2659 Rctractationibus
1401 2603 1510 2658 suis
1532 2617 1637 2656 non
1671 2598 1974 2655 meminerit
1995 2598 2350 2670 Augustinus,
2380 2597 2505 2653 inde
2527 2596 2722 2655 factum
2741 2641 2758 2664 ,
2783 2599 2925 2670 quod
2948 2617 3070 2658 cum
3099 2601 3215 2660 haec
3239 2607 3513 2671 scriberet,
3540 2608 3656 2680 jar-

373 2699 509 2750 iluos
532 2697 984 2757 Retractationum
1013 2697 1180 2752 libros
1202 2695 1476 2762 ediderat,
1501 2692 1950 2766 quemadmodum
1991 2691 2218 2762 ipsemet
2245 2691 2380 2746 infra
2407 2698 2662 2756 testatur,
2712 2691 2850 2747 libro
2895 2693 3072 2763 primo
3116 2703 3172 2750 et
3221 2697 3358 2754 libro
3395 2702 3654 2756 secundo.

444 2790 536 2846 llis
562 2792 860 2860 praesertim
886 2806 949 2846 ex
973 2790 1122 2845 libris
1144 2787 1424 2861 Augustini
1446 2789 1662 2860 agnosci
1691 2786 1858 2842 voluit
1886 2783 2194 2840 Hormisdas
2229 2783 2370 2854 Papa
2387 2824 2403 2848 ,
2435 2782 2558 2854 quid
2587 2782 2824 2838 Romana
2845 2793 2902 2841 et
2927 2784 3201 2844 Catholica
3233 2789 3473 2846 Ecclesia
3495 2792 3563 2848 de
3581 2794 3654 2848 li-

371 2887 500 2940 bero
523 2885 743 2947 arbitrio
770 2895 824 2944 et
849 2887 1018 2958 gratia
1043 2885 1134 2941 Dei
1159 2885 1488 2955 profiteatur.
1519 2880 1681 2953 Cujus
1703 2878 1975 2936 Pontificis
2013 2877 2326 2932 auctoritate
2355 2875 2518 2931 libros
2545 2876 2760 2931 eosdem
2789 2877 3022 2948 episcopi
3051 2879 3283 2936 Africani
3316 2899 3412 2952 pro
3437 2885 3544 2942 fide
3597 2888 3655 2942 in

365 2977 618 3034 Sardinia
633 2979 849 3035 exsules
877 2977 1108 3036 maxime
1127 2975 1504 3034 commendant
1522 2977 1573 3029 in
1605 2973 1843 3044 Epistola
1865 2969 2136 3044 synodica.
2168 2965 2290 3022 Prw
2315 2967 2574 3033 onmibns,
2603 2965 2845 3037 inquiunt
2867 3008 2883 3034 ,
2929 2969 3152 3026 studium
3178 2973 3365 3044 gerite,
3418 2992 3544 3043 quos
3582 2979 3655 3032 ad

369 3071 682 3140 Prospei-nm
707 3082 756 3128 ct
785 3070 1044 3126 Hilarium
1061 3071 1296 3142 scripsit,
1323 3067 1620 3124 memoratis
1633 3067 1874 3137 fratribus
1903 3064 2138 3137 legendos
2157 3064 2400 3135 ingerere.
2431 3060 2659 3130 Quorum
2685 3063 2986 3116 mentionem
3016 3065 3174 3120 beata:
3219 3071 3470 3123 meritoria
3511 3069 3653 3124 ﬂor-

366 3163 557 3220 misdus
583 3161 736 3218 Sedis
756 3163 1057 3233 Apostofictr
1075 3163 1328 3234 gloriosus
1341 3162 1550 3216 antistes
1575 3161 1628 3216 in
1648 3158 1860 3230 epistola
1875 3199 1890 3223 ,
1907 3173 2059 3230 quam
2077 3154 2359 3210 consulenti
2377 3170 2431 3209 se
2456 3161 2630 3208 sancto
2650 3154 2801 3226 fratri
2818 3157 3259 3229 consacerdotiqnc
3281 3170 3459 3214 nostra
3505 3162 3647 3216 Pos-

364 3252 550 3306 scssori
566 3253 843 3324 rescripsit,
871 3269 988 3308 cum
1007 3268 1193 3324 magno
1213 3252 1466 3322 prtrconio
1485 3250 1749 3306 catholica
1770 3247 1932 3304 laudis

2081 3247 2210 3312 ruit;
2250 3247 2396 3316 cujus
2418 3247 2526 3302 htcc
2563 3247 2713 3302 verba
2732 3257 2851 3302 sunt
2874 3262 2895 3302 :
2923 3246 3234 3304 De‘arbitrio
3277 3263 3447 3306 tamen
3492 3254 3649 3309 liba-0

363 3357 410 3398 rt
436 3347 602 3416 gratia
625 3345 758 3414 Dei,
786 3345 908 3416 quid
937 3344 1171 3401 Romana
1192 3385 1210 3412 ,
1241 3343 1336 3399 hoc
1353 3351 1428 3400 est
1447 3341 1698 3397 catholica
1714 3380 1732 3405 ,
1762 3349 1999 3411 sequatur
2021 3350 2068 3396 ct
2087 3347 2242 3395 servet
2261 3337 2492 3392 Ecclesia
2509 3378 2524 3403 ,
2547 3337 2666 3392 licet
2685 3339 2739 3393 in
2768 3339 2925 3394 uariis
2949 3341 3066 3396 libri
3087 3342 3215 3397 beati
3253 3344 3550 3416 Augustini,
3593 3361 3649 3404 et

363 3438 590 3494 niaxinte
609 3437 678 3492 ad
707 3435 1019 3510 Prospcrum
1041 3445 1090 3492 ct
1118 3433 1380 3492 Hilarium
1400 3433 1600 3490 abunde
1627 3432 1786 3506 possit
1811 3433 2037 3506 agnosci,
2061 3442 2226 3488 tanien
2244 3439 2290 3485 et
2311 3429 2364 3484 in
2385 3428 2585 3486 scriniis
2614 3429 2964 3487 ecclesiasticis
2990 3449 3224 3504 expressa
3263 3437 3489 3506 capitulo
3513 3454 3644 3495 εοκ-

360 3532 599 3588 tinentur.

1780 3604 1884 3659 (αθ
1893 3599 2200 3654 800.60»

1073 3741 1463 3807 EPISTOLA
1503 3741 1748 3804 INTER
1790 3735 2429 3804 AUGUSTlNlANAS
2471 3734 2757 3800 ccxxv
2808 3736 2918 3820 (ο).

486 3868 714 3925 Domino
741 3867 1052 3928 beatissimo
1079 3880 1261 3940 papae,
1289 3863 1626 3922 ineii'abiliter
1649 3861 1907 3928 mirabili,
1935 3859 2420 3931 incomparabiliter
2446 3860 2786 3928 honorando,
2815 3863 3256 3934 praestantissimo
3281 3876 3505 3938 patrono

1677 3957 1984 4012 Aususrmo
2003 3995 2019 4022 ,
2047 3955 2312 4011 Pansrsn.

353 4061 372 4074 “
431 4085 483 4137 l.
512 4081 726 4154 ignotus
751 4081 966 4154 quidem
989 4079 1082 4138 tibi
1105 4079 1272 4148 facie,
1301 4079 1394 4136 sed
1420 4079 1530 4151 jam
1558 4077 1924 4150 aliquatenus,
1955 4075 1998 4130 si
2031 4075 2412 4141 reminiscaris,
2436 4076 2615 4131 animo
2639 4092 2702 4133 ac
2727 4093 2980 4134 sermone
3000 4092 3338 4152 compertus;
3373 4100 3494 4140 nam
3537 4103 3638 4157 per

351 4187 592 4234 salictum
621 4176 839 4233 fratrem
859 4191 1038 4234 meum
1059 4174 1338 4231 Leontiqu
1367 4172 1648 4229 diaconum
1676 4169 2072 4242 misiepistolas
2095 4169 2112 4202 ι
2139 4177 2193 4224 et
2229 4167 2439 4238 recepi;
2481 4184 2622 4224 nunc
2663 4185 2873 4240 quoquc
2907 4172 3224 4230 Beatitudini
3265 4187 3369 4230 tua:
3397 4180 3636 4238 scribere

349 4273 558 4336 audeo,
587 4287 692 4327 non
717 4270 889 4328 solum
910 4267 1275 4332 salutationis,
1318 4275 1374 4322 ut
1396 4274 1540 4332 tunc,
1572 4263 1776 4330 studio;
1800 4263 1896 4318 sed
1921 4263 2080 4318 etiam
2128 4260 2280 4326 fidei,
2309 4275 2410 4330 qua
2447 4259 2684 4316 Ecclesia
2713 4263 2876 4328 vivit,
2907 4264 3120 4320 affectu.
3152 4268 3460 4325 liscubante
3481 4274 3630 4328 enim

351 4380 450 4436 pro
499 4365 762 4422 universis
787 4362 1043 4420 membris
1059 4359 1303 4432 corporis
1323 4357 1520 4415 Christi
1561 4355 1961 4426 vigilantissima
1993 4353 2248 4408 industria
2275 4359 2399 4418 tua,
2440 4363 2494 4406 et
2541 4351 2796 4408 adversus
2844 4353 3212 4412 liuereticarum
3261 4359 3628 4418 doctrinarum

350 4458 574 4516 insidias
619 4458 859 4513 veritatis
896 4456 1092 4512 virtute
1141 4462 1440 4525 pugnante,
1497 4451 1646 4510 nullo
1693 4449 1851 4506 modo
1898 4447 2027 4502 mihi
2070 4445 2358 4504 verendum
2407 4445 2580 4516 putavi
2611 4462 2678 4502 ne
2705 4462 2970 4504 onerosus
3001 4450 3130 4515 tibi,
3158 4462 3248 4507 aut
3287 4454 3626 4526 importunus

347 4567 524 4610 essem
567 4552 620 4607 in
659 4565 728 4607 oo
775 4549 920 4620 quod
961 4549 1028 4604 ad
1071 4549 1359 4604 multorum
1396 4545 1651 4610 salutem,
1693 4558 1757 4600 ac
1801 4539 2019 4614 perinde
2057 4539 2123 4595 ad
2165 4539 2410 4610 pietatem
2461 4547 2602 4592 tuam
2641 4541 2912 4607 pertinet:
2958 4557 3080 4598 cum
3113 4546 3287 4614 potius
3334 4564 3483 4602 reum
3531 4549 3625 4605 fu-

349 4657 526 4702 turum
569 4659 691 4702 esse
731 4658 817 4700 me
863 4641 1170 4707 crederem,
1207 4639 1252 4695 si
1287 4655 1382 4706 ea,
1418 4653 1536 4709 qua:
1580 4635 1732 4692 valde
1782 4635 2076 4706 perniciosa
2119 4645 2240 4688 esse
2289 4630 2556 4700 intelligo,
2597 4629 2663 4684 ad
2707 4633 2904 4701 special
2924 4649 2990 4688 -m
3038 4647 3318 4705 patronum
3361 4638 3485 4696 fidei
3513 4657 3622 4698 non

345 4737 648 4888 ηξῗιιῗῗιὶῑ
667 4847 796 4904 ergo
825 4843 1103 4887 servorum
1125 4825 1322 4884 Christi
1349 4822 1428 4899 (ἀ)
1451 4825 1540 4896 qui
1567 4823 1620 4878 in
1641 4821 1951 4878 Massilieusi
1979 4820 2110 4876 urbe
2133 4816 2463 4883 consistunt,
2493 4816 2546 4872 in
2573 4813 2884 4885 sanctitatis
2905 4827 3006 4877 tua:
3033 4822 3264 4892 scriptis,
3283 4838 3402 4893 quas
3430 4825 3624 4881 adver-

329 4943 428 4986 sus
451 4925 764 4997 Pelagianos
781 4923 1061 4979 hrcreticos
1085 4917 1399 4985 condidisti,
1427 4915 1750 4973 contrarium
1776 4919 1963 4986 putant
1982 4923 2188 4982 patrum
2215 4911 2450 4981 opinioni
2475 4923 2528 4965 et
2552 4915 2912 4971 ecclesiastico
2949 4915 3152 4980 sensui,
3182 4915 3433 4987 quidquid
3461 4917 3513 4972 in
3543 4915 3626 4970 eis

329 5016 400 5073 de
432 5018 708 5075 vocatione
729 5016 1019 5074 electorum
1043 5010 1335 5069 secundum
1363 5008 1456 5064 Dei
1487 5007 1816 5080 propositum
1836 5001 2136 5074 disputasti.
2165 5001 2234 5058 Et
2252 5017 2372 5058 cum
2405 5003 2710 5075 aliquandiu
2738 5005 3042 5060 tarditatem
3071 5019 3224 5060 suam
3252 5005 3472 5077 culpare
3498 5020 3605 5061 ma.

306 5202 316 5250 ε
405 5183 420 5214 ¹
456 5187 664 5244 Quatuor
679 5184 807 5234 Mss,
833 5174 1100 5240 epistolam.

400 5242 474 5301 ta)
505 5242 730 5294 Hilarium
766 5241 896 5289 hunc
931 5237 1264 5289 arelatensem
1307 5231 1554 5301 appellant
1593 5231 1874 5281 Lovauiense

2042 5225 2060 5276 i
2103 5223 2239 5276 falso.
2282 5221 2400 5275 Vide
2441 5225 2802 5275 annotationcm
2842 5223 2902 5274 ad
2943 5225 3104 5278 Hilarii
3136 5225 3421 5290 epistolam,
3468 5227 3610 5286 inin,

335 5301 428 5353 col.
451 5301 680 5355 933-934.
1747 5353 1758 5366 ,
2593 5348 2602 5359 .
3029 5349 3038 5360 .

356 5425 360 5426 ί
399 5365 472 5426 (t')
505 5367 586 5414 ttic
605 5373 798 5414 rursum
817 5357 1094 5424 corrigendi
1114 5359 1454 5420 Lovanienses,
1477 5358 1559 5421 qui
1599 5361 1932 5404 Araustcanum
1971 5348 2096 5402 istud
2137 5347 2402 5398 secundmn
2437 5346 2689 5398 concilium
2717 5349 2854 5412 jussu
2895 5354 3070 5399 Leonis
3091 5357 3226 5414 Papa:
3263 5357 3280 5400 ι
3315 5349 3614 5402 celebratum

334 5425 609 5550 δ’ῗὲὂηίιωο
631 5498 676 5548 οι
697 5482 832 5534 istoin
855 5483 1066 5550 minim.
1083 5494 1108 5530 τι
1135 5489 1364 5550 marem
1382 5480 1439 5530 ad
1465 5479 1790 5550 Augustinum.
1812 5475 1887 5550 ιτα,
1918 5471 2138 5550 ratione
2175 5469 2442 5550 ιῖεῑθείίξοτῖ
2480 5471 2730 5550 terens
2749 5473 2800 5544 in
2817 5469 3428 5550 {discernentibus
3455 5473 3611 5550 ἀςηιιε

336 5535 602 5610 hujus-modi
627 5535 874 5610 hominum
896 5543 1114 5600 querelis
1134 5535 1368 5594 advorsus
1387 5535 1821 5610 ornatistinatimtis
1844 5546 1895 5589 et
1913 5538 2082 5587 Gratia:
2103 5535 2366 5584 doctrinam
2387 5535 2724 5598 superioribus
2745 5535 2896 5597 ipsius
2918 5535 3163 5598 augustiui
3193 5535 3456 5598 armariis,
3494 5547 3613 5597 pre

333 5604 502 5672 serum
533 5607 656 5672 libro
687 5606 750 5653 de
774 5611 1084 5672 Correpttone
1109 5615 1160 5654 et.
1181 5610 1333 5654 Gratia
1359 5620 1440 5672 ex;
1461 5604 1662 5672 liquam.
1731 5669 1740 5672 Α
1956 5669 1978 5672 _
2064 5659 2072 5669 ,
2223 5665 2250 5672 η
2284 5653 2438 5672 η
2686 5671 2689 5672 ν
2747 5657 2758 5668 ⁸
2798 5659 2828 5672 Α,
2855 5670 2887 5672 λζ
2917 5664 2995 5672 μ
3016 5669 3037 5672 Α
3163 5669 3219 5672 μγ
3247 5666 3311 5672 ω
3341 5654 3431 5672 ιη

397 5653 562 5727 ξῆᾗᾶ
579 5653 672 5716 est.
698 5653 1051 5726 monachorum,
1076 5653 1281 5728 quorum
1295 5653 1700 5716 tivnninutisstzms
1731 5669 1927 5712 'mnneﬁ
1951 5659 2198 5709 Cassianus
2221 5653 2527 5707 (tollationum
2553 5657 2726 5716 editur,
2747 5657 2892 5720 ipsius
2917 5658 3130 5719 Γναςιιρτί
3153 5666 3316 5709 contra
3338 5654 3609 5708 Ooibtorrm

339 5729 459 5780 libro
481 5737 646 5787 postea
673 5729 956 5775 cumulatus.
