3972 6178
349 298 455 371 948
1302 297 1630 358 El’lSTOLA
1669 298 2000 359 PiltlSPERI
2040 303 2133 361 AD
2172 300 2635 362 AUGUSTINUM.
3514 309 3620 367 956

349 412 567 480 lnerint,
601 427 759 482 quam
790 427 897 468 non
927 413 1190 470 intellecta
1214 416 1628 484 reprehendere,
1657 417 1976 489 quidamque
2000 436 2186 476 eorum
2236 421 2546 478 lucidiorem
2577 436 2738 493 super
2779 421 2878 478 hoc
2902 429 3062 493 atque
3087 421 3406 492 apertiorem
3436 422 3619 477 Beati-

346 508 545 561 tudinis
575 516 675 560 tuae
705 509 1092 576 expositionem
1121 509 1385 564 voluerint
1414 510 1716 580 postulare;
1747 513 1924 567 evenit
1960 527 2024 567 ex
2070 512 2416 582 dispositione
2444 513 2822 570 misericordiae
2855 514 2968 581 Dei,
3000 525 3056 570 ιιι
3095 529 3217 569 cum
3260 513 3516 586 quosdam
3539 514 3617 585 (η)

346 599 485 651 intra
511 595 748 661 Africam
776 597 979 653 similla‘
997 598 1318 666 movissent,
1348 599 1542 655 librum
1574 600 1641 654 dc
1669 601 2024 671 Correptione
2049 613 2104 658 et
2128 603 2309 659 Gratia
2338 604 2554 674 plenum
2582 605 2774 662 divinae
2802 605 3136 662 auctoritatis
3173 605 3470 661 emitteres.
3500 605 3617 674 Quo

347 688 402 741 in
433 688 676 742 notitiam
707 699 942 743 nostram
972 689 1236 758 insperata
1263 691 1655 761 opportunitate
1679 690 1876 755 delato.
1911 695 2209 762 putavimus
2245 709 2431 752 omnes
2459 696 2703 766 querelas
2749 696 3111 751 resistentium
3142 696 3460 766 sopiendas;
3493 696 3618 765 quia

333 779 607 835 ‘u:ti\'er.~is
633 780 1031 849 quzestionibus,
1065 782 1132 838 de
1169 784 1359 853 quibus
1387 784 1711 841 consulenda
1753 796 1868 841 erat
1892 786 2158 842 Sanctitas
2185 796 2293 855 tua,
2324 797 2430 844 tam
2463 789 2617 858 plene
2642 789 2750 843 illic
2774 789 3120 860 abmluteqne
3157 804 3471 859 responsum
3500 798 3581 843 est
3602 849 3622 875 ,
3658 850 3661 854 ,

342 872 496 940 quasi
527 870 628 926 hoc
655 872 957 941 specialiter
985 874 1276 937 studueris,
1310 885 1367 928 nt
1390 891 1511 945 qua:
1536 876 1676 946 apud
1704 891 1801 931 nos
1821 886 1975 932 erant
2002 878 2208 933 turbata
2227 920 2243 947 ,
2275 894 2643 949 componeres.
2700 880 2986 936 Recensito
3033 891 3210 935 autem
3242 880 3344 935 hoc
3372 870 3619 935 Beatitu-i
3659 895 3667 947 ξ

342 970 482 1025 diuis
508 982 608 1028 tuae
640 972 805 1039 Iihro,
834 973 967 1028 sicut
987 974 1077 1043 qui
1102 982 1339 1029 sanctam
1365 983 1524 1044 atque
1551 974 1895 1044 apostolicam
1922 973 2182 1030 doctrinae
2209 984 2314 1030 tum
2341 974 2708 1031 auctoritatem
2730 983 2883 1030 antea
2902 975 3280 1045 sequebantur,
3314 973 3582 1043 intelligen
3601 1003 3623 1015 -
3660 954 3665 1005 Ϊ

343 1064 508 1117 tiores
528 1064 693 1120 multo
720 1065 1191 1135 instructiorcstpte
1227 1074 1352 1120 sunt
1390 1062 1548 1130 facti;
1576 1068 1646 1119 ita
1673 1066 1762 1134 qui
1795 1066 2153 1135 persuasionis
2175 1080 2285 1120 suae
2333 1065 2757 1134 impediebantur
2799 1066 3029 1122 obscuro
3051 1107 3066 1131 ,
3116 1065 3415 1120 aversiores
3458 1078 3614 1133 quam

344 1158 585 1222 fuerant,
618 1165 975 1212 recesserunt.
1007 1158 1243 1224 Quorum
1269 1165 1374 1211 tam
1417 1157 1640 1227 abrupta
1667 1156 1931 1214 dissensio
1951 1157 2182 1228 primum
2210 1166 2427 1228 propter
2455 1157 2598 1227 ipsos
2620 1157 2900 1213 metuenda
2929 1166 3031 1224 est,
3058 1172 3125 1213 ne
3156 1166 3260 1212 tam
3293 1156 3453 1211 claris
3480 1164 3618 1209 tam-

339 1263 444 1318 que
474 1250 702 1319 egregiis
731 1249 782 1304 in
813 1250 1051 1305 omnium
1078 1249 1329 1303 virtutum
1351 1248 1526 1305 studio
1545 1249 1672 1305 viris
1692 1249 1909 1319 spiritus
1927 1248 2225 1319 Pelagiana:
2248 1248 2536 1319 impietatis
2561 1247 2746 1302 illudat
2770 1265 2783 1301 :
2806 1247 2998 1303 deinde
3022 1262 3086 1305 ue
3119 1246 3473 1318 simpliciores
3495 1247 3583 1315 qui
3600 1276 3617 1284 -

338 1354 466 1407 que,
492 1338 632 1407 apud
657 1353 790 1409 quos
814 1339 1004 1394 horum
1019 1356 1208 1410 magna
1233 1351 1315 1397 est
1334 1342 1402 1397 de
1432 1341 1706 1410 probitatis
1733 1339 2184 1410 contemplatione
2214 1327 2534 1407 rever'entia,
2564 1337 2665 1395 hoc
2687 1339 3006 1394 tutissimum
3027 1337 3129 1392 sibi
3153 1337 3441 1402 aestiment,
3470 1333 3615 1406 quod

337 1430 556 1484 audiant
583 1444 697 1497 eos,
724 1446 947 1500 quorum
976 1432 1347 1486 auctoritatem
1366 1433 1483 1487 sine
1498 1431 1699 1502 judicio
1719 1440 2033 1502 sequuntur,
2061 1446 2325 1487 asserere.

413 1520 466 1575 3.
500 1521 625 1574 ila-c
645 1522 785 1575 enim
815 1523 1050 1592 ipsorum
1076 1522 1318 1577 deﬁnitio
1345 1536 1407 1576 ac
1435 1522 1694 1591 professio
1718 1532 1837 1576 est:
1866 1521 2089 1576 Omnem
2118 1520 2331 1590 quidem
2363 1520 2630 1576 hominem
2658 1520 2825 1576 Adam
2858 1528 3111 1589 peccante
3136 1532 3418 1589 peccasse;
3443 1526 3496 1572 et
3524 1530 3621 1570 nc-

340 1610 542 1665 rninem
576 1626 668 1679 per
695 1626 858 1681 opera
888 1627 1004 1678 sua,
1036 1612 1128 1668 sed
1155 1627 1255 1683 per
1279 1612 1371 1668 Dei
1396 1613 1621 1683 gratiam
1648 1605 2054 1682 regeneratione
2079 1611 2272 1667 salvari
2301 1630 2316 1669 :
2344 1611 2607 1667 universis
2634 1621 2806 1666 tamen
2834 1609 3135 1666 hominibus
3167 1609 3617 1679 propitiationem,

339 1716 458 1770 quin
478 1711 561 1755 est
588 1702 640 1755 in
668 1701 1014 1758 Sacramenta
1038 1703 1312 1774 sanguinis
1337 1702 1557 1772 Christi,
1602 1704 1718 1760 sine
1746 1706 2058 1774 exceptione
2086 1719 2210 1761 esse
2241 1704 2588 1775 propositam,
2620 1712 2678 1759 ut
2705 1702 3024 1775 quicumque
3052 1702 3119 1759 ad
3166 1701 3322 1756 ﬁdem
3349 1710 3401 1756 et
3424 1700 3490 1755 ad
3518 1700 3619 1756 Ba-

341 1793 590 1862 ptismutn
621 1795 877 1850 accedere
907 1796 1190 1860 voluerint,
1221 1796 1352 1852 salvi
1378 1810 1499 1853 esse
1525 1795 1750 1867 possint.
1781 1795 1882 1865 Qui
1907 1807 2085 1853 autem
2110 1796 2365 1853 credituri
2405 1805 2551 1865 sunt,
2592 1796 2748 1867 quive
2774 1795 2828 1851 in
2858 1810 2921 1851 ea
2950 1795 3075 1860 ﬁde,
3102 1808 3220 1865 quae
3245 1793 3495 1863 deinceps
3524 1808 3620 1863 per

339 1885 562 1955 gratiam
590 1885 659 1940 sit
679 1884 930 1957 iuvanda,
963 1888 1199 1942 mansuri
1227 1894 1373 1955 sunt,
1409 1887 1689 1959 praescisse
1728 1896 1854 1943 ante
1881 1887 2064 1943 mundi
2106 1887 2543 1943 constitutionem
2581 1887 2770 1951 Deum,
2797 1895 2849 1942 et
2876 1901 2969 1942 eos
2994 1883 3406 1956 praedestinasse
3447 1886 3500 1938 in
3532 1899 3620 1937 re-

339 1994 501 2049 gnum
531 1993 709 2040 suum.
739 1996 874 2051 quos
898 1981 1065 2051 gratis
1085 1989 1300 2037 vocatos
1319 2021 1335 2047 ,
1365 1980 1557 2052 dignos
1580 1980 1786 2036 futuros
1814 1979 2098 2045 electione,
2126 1987 2182 2035 et
2219 1979 2288 2035 de
2311 1979 2412 2034 hac
2437 1980 2544 2033 vita
2570 1978 2710 2034 bono
2739 1977 2845 2032 ﬁne
2872 1990 3189 2033 excessurOs
3218 1990 3337 2031 esse
3363 1974 3619 2045 praevide-

342 2073 429 2128 rit.
459 2074 686 2144 Ideoque
712 2089 926 2130 omnem
956 2074 1224 2130 hominem
1254 2073 1323 2129 ad
1350 2073 1676 2130 credendum
1702 2083 1755 2129 et
1777 2074 1848 2131 ad
1890 2073 2221 2144 operandum
2252 2073 2446 2128 divinis
2470 2072 2893 2129 institutionibus
2916 2070 3212 2138 admoneri,
3249 2078 3307 2126 ut
3338 2070 3407 2126 de
3428 2084 3620 2140 appre—

340 2162 619 2218 hendendo
652 2164 759 2219 vita
779 2173 976 2219 aeterna
1006 2179 1163 2220 nemo
1178 2164 1450 2234 desperet,
1474 2180 1594 2220 eum
1618 2165 1931 2220 voluntariae
1957 2164 2225 2221 devotioni
2250 2164 2608 2220 remuneratio
2631 2163 2701 2218 sit
2728 2172 2931 2233 parata.
2959 2162 3073 2217 Hoc
3090 2169 3266 2217 autem
3295 2162 3620 2232 propositum

344 2257 635 2311 vocationis
660 2257 774 2322 Dei,
806 2272 913 2327 quo
944 2258 1025 2313 vel
1056 2267 1181 2314 ante
1207 2257 1391 2313 mundi
1418 2258 1647 2323 initium,
1675 2257 1760 2313 vel
1780 2257 1832 2312 in
1859 2257 1972 2327 ipsa
2000 2256 2305 2313 conditione
2322 2256 2531 2327 generis
2554 2255 2792 2321 humani,
2822 2252 3187 2324 eligendorum
3213 2261 3271 2308 et
3298 2250 3617 2321 rejiciettdo-

344 2362 463 2405 rum
492 2349 686 2404 dicitur
727 2351 863 2406 iacta
892 2350 1143 2405 discretio
1162 2390 1181 2417 ,
1208 2359 1267 2405 ut
1310 2349 1605 2405 secundum
1637 2349 1779 2420 quod
1809 2349 2005 2420 placuit
2030 2349 2304 2414 Creatori,
2341 2348 2427 2402 alii
2453 2362 2577 2403 vasa
2609 2346 2846 2412 honoris,
2872 2346 2964 2401 alii
2988 2360 3114 2401 vasa
3152 2343 3489 2400 contumeliae
3514 2343 3622 2399 sint

343 2442 532 2509 creati,
560 2453 611 2497 et
640 2443 802 2512 lapsis
831 2457 1013 2498 curam
1042 2442 1354 2513 resurgendi
1382 2443 1618 2498 adimere
1638 2481 1654 2508 ,
1694 2451 1749 2498 et
1792 2441 1992 2498 sanctis
2021 2441 2359 2497 occasionem
2397 2441 2596 2509 teporis
2619 2438 2847 2503 afferre;
2883 2453 2950 2493 eo
2975 2436 3118 2508 quod
3141 2437 3193 2492 in
3222 2445 3445 2506 utraque
3469 2444 3622 2507 parte

342 2533 644 2602 superfluus
673 2534 826 2591 labor
854 2535 945 2603 sit,
974 2535 1022 2589 si
1049 2549 1223 2605 neque
1246 2534 1478 2605 rejectus
1508 2534 1611 2589 ulla
1637 2533 1893 2589 industria
1916 2532 2090 2601 possit
2116 2532 2340 2595 intrare,
2368 2546 2539 2601 neque
2566 2531 2769 2586 electus
2796 2530 2903 2586 ulla
2931 2528 3253 2601 negligentia
3279 2528 3449 2600 possit
3475 2527 3622 2584 exci-

342 2625 469 2681 dere
500 2642 513 2680 :
544 2641 757 2696 quoquo
785 2627 929 2681 enim
956 2627 1115 2682 modo
1138 2641 1203 2682 se
1234 2627 1597 2697 egerint,.non
1638 2640 1796 2696 posse
1812 2625 1967 2680 aliud
1992 2638 2117 2695 erga
2143 2639 2239 2679 eos
2267 2639 2427 2694 quam
2458 2624 2597 2679 Deus
2621 2622 2879 2689 deﬁnivit,
2904 2621 3184 2687 accidere;
3213 2630 3268 2677 et
3290 2620 3392 2676 sub
3415 2620 3631 2678 incerta.

342 2729 437 2783 spe
466 2731 683 2770 cursum
709 2731 813 2770 non
840 2731 999 2784 posse
1023 2731 1143 2772 esse
1168 2726 1526 2785 constantem,
1553 2730 1694 2782 cum,
1717 2717 1764 2771 si
1790 2717 1933 2771 aliud
1957 2718 2149 2772 habeat
2175 2716 2603 2788 praedestinantis
2630 2716 2841 2783 electio,
2870 2731 3020 2772 cassa
3041 2716 3111 2772 sit
3132 2715 3423 2771 adnitentis
3449 2715 3622 2772 intettc

348 2809 446 2862 tio.
479 2808 758 2862 [temore-ri
790 2809 969 2877 itaque
994 2824 1209 2864 omnem
1244 2810 1583 2878 industriam,
1612 2810 1832 2878 tollique
1857 2810 2099 2876 virtutes,
2128 2812 2172 2866 si
2203 2810 2295 2865 Dei
2323 2809 2633 2865 consntutio
2658 2808 2919 2865 humanas
2952 2809 3251 2879 praeveniat
3272 2807 3572 2864 voluntates
3600 2824 3616 2860 :

342 2910 398 2955 et
425 2900 525 2955 sub
551 2900 655 2955 hoc
694 2900 1177 2970 pra~destinationis
1202 2902 1439 2966 nomine,
1471 2900 1683 2957 fatalem
1713 2903 1995 2973 quamdam
2032 2900 2210 2956 induci
2239 2902 2641 2965 necessitatem;
2684 2909 2776 2955 aut
2799 2899 3131 2956 diversarum
3171 2907 3482 2955 naturarum
3508 2896 3617 2954 dici

344 2992 627 3046 Dominum
658 2991 1010 3057 conditorem,
1035 2992 1081 3046 si
1111 3008 1289 3058 nemo,
1318 2992 1460 3047 aliud
1488 2993 1654 3061 possit
1678 3007 1797 3048 esse
1823 3008 1978 3063 quam
2004 2991 2173 3047 factus
2197 2999 2300 3048 est.
2323 2994 2495 3063 Atque
2519 3000 2577 3046 ut
2602 2991 2815 3047 brevius
2841 3006 2903 3046 ac
2933 2989 3142 3062 plenius
3170 2988 3311 3061 quod
3332 2989 3617 3061 opinantur

346 3097 635 3150 ettponam,
664 3081 920 3152 quidquid
952 3084 1005 3138 in
1032 3083 1169 3139 libro
1190 3082 1292 3138 hoc
1318 3099 1385 3139 ex
1410 3082 1885 3138 contradicentium
1910 3098 2070 3139 sensu
2094 3082 2357 3139 Sanctitas
2388 3092 2472 3138 tua
2498 3081 2598 3138 sibi
2627 3080 2892 3153 opposuit,
2920 3079 3174 3153 quidquid
3200 3079 3360 3137 etiam
3390 3082 3443 3136 in
3470 3080 3620 3137 libris

341 3184 527 3233 contra
557 3175 827 3231 Iulianum
858 3176 926 3230 ab
961 3176 1077 3245 ipso
1122 3176 1224 3232 sub
1252 3176 1353 3232 hac
1390 3175 1684 3246 qumstione
1712 3174 2004 3245 objectum,
2036 3176 2405 3244 potentissime
2434 3174 2751 3240 debellasti;
2792 3172 2896 3232 hoc
2934 3181 3103 3230 totum
3146 3172 3215 3235 ab
3257 3171 3374 3228 istis
3417 3172 3621 3228 sanctis

342 3266 782 3323 intentiosissime
810 3268 1190 3323 conclamatur.
1221 3268 1286 3322 Et
1319 3282 1441 3322 cum
1468 3277 1651 3322 contra
1681 3280 1775 3321 eos
1800 3266 1998 3336 scripta
2029 3266 2373 3322 Beatitudinis
2402 3276 2504 3322 tuae
2531 3266 2871 3323 validissimis
2898 3275 2954 3322 et
2975 3265 3271 3322 innumeris
3301 3264 3621 3339 testimoniis

342 3357 640 3415 divinartun
672 3360 1066 3430 Scripturarum
1097 3361 1354 3415 instructa
1386 3358 1729 3430 proferimus,
1754 3373 1818 3414 ac
1842 3358 2135 3415 secundum
2164 3359 2386 3415 formam
2413 3357 2827 3429 disputationum
2852 3367 3083 3426 tuarum,
3109 3354 3307 3428 aliquid
3328 3356 3490 3412 etiam
3512 3355 3620 3427 ipsi

343 3468 456 3522 quo
484 3453 871 3509 concludantur
898 3454 1226 3518 astruimus;
1256 3453 1668 3508 obstinationem
1694 3466 1843 3506 suam
1872 3460 2135 3507 vetustate
2157 3451 2453 3507 defendunt
2483 3469 2497 3505 :
2538 3460 2593 3506 et
2618 3465 2681 3506 ea
2712 3466 2831 3521 qua:
2855 3449 2923 3506 de
2951 3449 3183 3520 Epistola
3210 3448 3434 3520 apostoli
3465 3449 3619 3505 Pauli

339 3544 595 3600 Romanis
621 3546 926 3611 scribentis,
954 3547 1022 3601 ad
1052 3544 1533 3600 manifestationem
1566 3543 1760 3599 ditium
1787 3542 1970 3613 gratiae
2009 3542 2386 3611 prtevenientis
2414 3541 2708 3597 electorum
2753 3542 2941 3597 merita
2980 3539 3359 3611 proferuntur,
3404 3555 3434 3595 a
3472 3541 3619 3596 nullo

339 3655 570 3708 unquam
597 3640 1084 3696 ecclesiasticorum
1114 3639 1183 3694 ita
1210 3654 1329 3695 esse
1357 3637 1647 3704 intellecta,
1670 3647 1730 3693 ut
1753 3652 1895 3692 nunc
1920 3634 2243 3699 sentiuntur,
2267 3634 2553 3689 afﬁrmant.
2579 3635 2819 3705 Cumque
2847 3645 2904 3690 ut
2929 3636 3027 3708 ipsi
3049 3651 3110 3690 ea
3126 3642 3395 3706 exponant
3421 3649 3619 3692 secun-

339 3732 463 3787 dum
494 3750 720 3803 quorum
749 3733 914 3788 velint
947 3747 1125 3796 sensa.
1157 3732 1497 3801 deposcimus
1515 3773 1530 3796 ,
1562 3714 1691 3785 nihil
1721 3746 1779 3786 se
1807 3729 2130 3802 proﬁtentur
2156 3728 2425 3783 invenisse
2451 3727 2592 3797 quod
2620 3727 2859 3797 placeat,
2897 3736 2952 3782 et
2975 3727 3044 3783 de
3072 3728 3154 3782 bis
3183 3728 3347 3784 taceri
3375 3728 3616 3800 exigunt,

337 3840 563 3893 quorum
593 3825 929 3880 altitudinem
978 3825 1150 3879 nullus
1178 3825 1432 3893 attigerit.
1483 3824 1559 3878 lio
1591 3835 1861 3892 postremo
1904 3820 2203 3890 pervicacia
2240 3828 2352 3875 tota
2377 3819 2691 3889 descendit,
2720 3828 2778 3876 ut
2807 3818 2965 3880 ﬁdem
2996 3827 3233 3874 nostram
3273 3819 3617 3876 aediﬁcationi

337 3917 665 3970 audientium
693 3918 1015 3969 contrariam
1047 3929 1170 3971 esse
1196 3915 1487 3979 deﬁniant;
1525 3929 1589 3969 ac
1614 3915 1689 3968 sic
1720 3913 1928 3970 etiamsi
1957 3927 2083 3968 vera
2114 3914 2205 3978 sit,
2233 3929 2339 3969 non
2367 3911 2716 3984 premendam
2746 3930 2761 3967 :
2786 3913 2908 3985 quia
2935 3920 2989 3969 et
3014 3911 3315 3984 perniciose
3338 3926 3444 3968 non
3469 3914 3613 3971 reci-

339 4005 533 4077 pienda
561 4004 859 4070 tradantur,
888 4014 941 4058 et
970 4004 1113 4058 nullo
1143 4004 1378 4074 periculo
1403 4019 1523 4073 quin
1549 4004 1764 4074 intelligi
1795 4012 2078 4076 nequeant,
2107 4004 2496 4060 conticeantur.

423 4096 476 4150 4.
508 4094 732 4161 Quidam
765 4108 893 4148 vero
920 4093 1109 4151 horum
1139 4094 1190 4147 in
1220 4102 1418 4147 tantum
1446 4109 1475 4148 a
1517 4094 1811 4164 Pelagianis
1840 4095 2043 4150 semitis
2074 4110 2179 4150 non
2219 4094 2527 4162 declinant,
2558 4103 2615 4150 ut
2641 4109 2759 4150 cum
2787 4095 2855 4149 ad
2891 4093 3248 4150 conﬁtendam
3278 4109 3393 4149 eam
3420 4092 3615 4151 Christi

338 4195 591 4264 gratiam,
623 4207 740 4262 qua:
769 4191 943 4245 omnia
976 4190 1266 4260 prmveniat
1293 4190 1481 4244 merita
1507 4191 1758 4256 humana,
1780 4199 2058 4259 cogantur,
2091 4204 2159 4245 ne
2183 4190 2227 4243 si
2257 4189 2460 4244 meritis
2486 4189 2741 4254 redditur,
2771 4187 2962 4244 frustra
2986 4188 3151 4259 gratia
3181 4188 3520 4252 nominetur;
3547 4187 3615 4241 ad

341 4284 701 4339 conditionem
732 4281 870 4336 hanc
898 4281 1069 4335 velint
1096 4280 1508 4351 uniuscujusque
1538 4280 1769 4334 hominis
1798 4282 2064 4351 pertinere
2087 4321 2102 4346 ,
2132 4280 2183 4335 in
2224 4294 2325 4351 qua
2355 4295 2477 4336 eum
2510 4279 2639 4334 nihil
2671 4280 2816 4350 prius
2844 4288 3140 4335 merentem
3166 4320 3181 4345 ,
3213 4279 3334 4351 quia
3371 4294 3471 4335 nec
3498 4279 3616 4334 exi-

345 4386 600 4439 stentem.
631 4374 782 4428 liberi
814 4373 1020 4428 arbitrii
1048 4381 1102 4427 et
1122 4372 1436 4427 rationalem
1468 4372 1633 4442 gratia
1664 4372 1932 4428 Creatoris
1955 4372 2215 4436 instituat,
2245 4380 2301 4426 ιιι
2328 4387 2420 4442 per
2444 4370 2817 4426 discretionem
2848 4371 2974 4426 boni
3003 4379 3057 4426 et
3086 4371 3233 4438 mali,
3265 4380 3319 4426 et
3343 4369 3411 4425 ad
3435 4373 3618 4441 cogni-

339 4471 536 4525 tionem
561 4470 674 4534 Dei,
700 4477 752 4524 et
782 4468 848 4523 ad
875 4468 1230 4523 obedientiam
1251 4467 1620 4522 mandatorum
1647 4466 1764 4536 ejus
1789 4467 1956 4537 possit
1980 4480 2129 4520 suam
2160 4465 2390 4535 dirigere
2414 4464 2763 4527 voluntatem,
2795 4473 2953 4535 atque
2978 4463 3046 4518 ad
3074 4462 3212 4519 hanc
3240 4464 3484 4534 gratiam,
3508 4478 3615 4534 qua

339 4563 393 4616 in
426 4563 637 4617 Christo
672 4561 1032 4625 renascimur,
1060 4560 1340 4630 pervenire
1360 4600 1375 4624 ,
1415 4574 1509 4628 per
1535 4559 1827 4614 naturalem
1854 4557 2063 4613 scilicet
2087 4556 2411 4621 facultatem,
2443 4553 2691 4626 petendo,
2718 4553 3028 4625 qnzerendo,
3065 4554 3329 4624 pulsando
3359 4572 3373 4609 :
3406 4562 3465 4608 ut
3496 4553 3617 4608 ideo

334 4654 581 4722 accipiat,
614 4652 733 4706 ideo
764 4652 1017 4715 inveniat,
1046 4650 1166 4705 ideo
1192 4649 1442 4715 introeat,
1472 4649 1591 4719 quia
1615 4648 1755 4704 bene
1782 4658 1994 4703 naturae
2022 4648 2159 4702 bene
2183 4660 2330 4711 usus,
2358 4645 2426 4701 ad
2466 4644 2621 4701 istam
2647 4644 2940 4700 salvantem
2970 4644 3220 4717 gratiam,
3253 4643 3470 4698 initialis
3494 4658 3596 4713 gra

336 4750 422 4802 tia:
449 4760 550 4815 0pc
578 4744 832 4800 meruerit
858 4744 1157 4814 pervenire.
1204 4742 1543 4811 Propositum
1571 4752 1749 4797 autem
1777 4741 2016 4796 vocantis
2041 4739 2226 4811 gratiae
2253 4740 2305 4794 in
2339 4740 2440 4795 hoc
2479 4738 2699 4795 omnino
2740 4736 3022 4803 deﬁniunt,
3069 4736 3209 4808 quod
3245 4737 3383 4792 Deus
3408 4734 3609 4790 consti-

336 4836 493 4889 tuerit
519 4835 718 4889 nullntn
753 4835 805 4889 in
837 4848 1058 4902 regnum
1084 4848 1263 4895 suum,
1297 4832 1398 4887 nisi
1427 4847 1521 4901 per
1542 4831 1948 4887 Sacramentum
1976 4831 2392 4901 regenerationis
2431 4844 2728 4896 assumere,
2758 4837 2812 4885 et
2840 4829 2904 4884 ad
2937 4829 3036 4884 hoc
3057 4828 3243 4883 salutis
3267 4827 3467 4883 donum
3494 4842 3607 4882 om.

335 4943 430 4980 nes
457 4926 699 4980 homines
719 4925 1107 4986 universaliter,
1140 4923 1253 4978 sive
1281 4938 1377 4992 per
1407 4924 1726 4987 naturalem,
1759 4923 1870 4978 sive
1897 4938 1990 4990 per
2019 4924 2270 4992 scriptam
2304 4922 2496 4991 legem,
2528 4922 2639 4977 sive
2667 4936 2763 4992 per
2791 4918 3148 4990 evangelicam
3178 4918 3610 4988 prmdicationctn

336 5018 511 5072 vocari
540 5058 555 5083 ,
593 5026 647 5070 ut
676 5028 729 5070 et
755 5017 842 5087 qui
873 5015 1156 5078 voluerint,
1191 5014 1321 5069 ﬁant
1350 5015 1438 5068 tilii
1482 5016 1595 5081 Dei,
1626 5024 1680 5070 et
1705 5015 2093 5072 inexcusabiles
2120 5016 2225 5070 sint
2252 5016 2338 5086 qui
2369 5014 2552 5071 ﬁdeles
2578 5030 2698 5070 esse
2727 5014 3030 5078 noluerint;
3063 5013 3182 5084 quia
3206 5010 3407 5083 juStitia
3438 5010 3526 5065 Dei
3559 5010 3609 5067 iu

335 5124 402 5165 eo
432 5109 521 5173 sit,
556 5117 612 5161 ιιι
638 5108 727 5177 qui
754 5126 858 5161 non
884 5105 1513 5175 crediderint,percant;
1558 5106 1767 5161 bonitas
1797 5106 1847 5161 itt
1874 5121 1941 5160 eo
1970 5114 2246 5176 appareat,
2277 5106 2320 5160 si
2348 5105 2615 5160 neminem
2640 5104 2867 5174 repellat
2895 5119 2924 5157 a
2965 5103 3094 5169 vita,
3124 5101 3216 5156 sed
3247 5100 3609 5156 indifferenter

334 5203 611 5254 universos
649 5198 775 5253 velit
816 5200 992 5254 salvos
1036 5198 1150 5254 ﬁeri
1199 5207 1253 5254 et
1316 5198 1369 5253 in
1412 5198 1734 5268 agnitionem
1761 5197 1996 5253 veritatis
2049 5200 2250 5251 venire.
2295 5193 2412 5251 Jam
2462 5195 2549 5251 hic
2597 5196 2871 5266 proferunt
2928 5193 3229 5249 testimonia
3284 5193 3475 5260 quibus
3530 5191 3611 5245 di-

334 5293 577 5346 viuarnm
604 5286 999 5359 Seripturarum
1039 5291 1339 5347 cohortatio
1378 5290 1445 5343 ad
1490 5288 1849 5345 obedientium
1895 5289 2077 5344 incitat
2118 5287 2391 5343 hominum
2425 5288 2724 5343 voluntates
2751 5327 2765 5352 ,
2799 5286 2886 5356 qtti
2933 5301 2997 5342 ex
3044 5287 3208 5339 libero
3238 5285 3454 5338 arbitrio
3479 5324 3492 5348 ,
3523 5294 3609 5337 aut

335 5383 533 5437 faciant
587 5397 704 5451 qum
747 5381 1041 5448 jubenlur,
1095 5390 1185 5435 aut
1229 5380 1538 5451 negligant:
1590 5391 1644 5435 et
1691 5396 2025 5451 enusequcns
2075 5388 2296 5449 putant,
2351 5389 2406 5433 ut
2449 5379 2570 5449 quia
2638 5380 3014 5447 pnevaricator
3073 5377 3192 5432 ideo
3256 5377 3449 5432 dicitur
3504 5391 3607 5433 non

333 5475 579 5530 obedisse
616 5514 628 5535 ,
686 5474 808 5543 quia
863 5473 1069 5536 noluit,
1126 5473 1296 5528 ﬁdelis
1350 5489 1560 5542 quoque
1612 5490 1715 5526 non
1775 5474 2046 5527 dubitrtur
2094 5471 2163 5526 ob
2212 5472 2312 5526 hoc
2369 5471 2593 5526 devotus
2645 5469 2845 5535 fuisse,
2908 5470 3029 5539 quia
3085 5468 3292 5530 Voluit;
3340 5477 3393 5522 et
3440 5483 3613 5537 quan-

335 5578 444 5624 tum
497 5568 722 5639 quisque
775 5567 841 5621 ad
899 5568 1134 5633 malum,
1191 5576 1393 5622 tantum
1457 5568 1644 5623 haheat
1701 5565 1962 5622 facultatis
2017 5564 2081 5620 ad
2134 5565 2371 5630 bonum;
2430 5564 2647 5635 parique
2701 5572 2970 5619 momento
3013 5560 3249 5617 animum
3304 5575 3362 5617 se
3418 5559 3498 5616 vel
3545 5557 3610 5616 ad

396 5688 467 5762 (ὅ)
504 5699 835 5749 Adrnntetincs
858 5698 1130 5746 monachos.
