3972 6178
415 282 510 338 931
1373 287 1697 346 EPISTOLA
1741 288 2075 346 PROSPERI
2115 291 2206 345 AD
2246 291 2714 354 AUGUSTINUM.
3576 309 3680 366 95!

413 397 533 452 tilia
561 439 576 462 ,
623 397 708 454 vel
747 399 811 454 ad
859 401 1078 458 virtutes
1126 417 1339 457 movere
1365 445 1379 470 ,
1429 419 1588 474 quem
1614 404 1752 460 bona
1779 410 2114 474 appetentem
2154 405 2320 477 gratia
2361 405 2454 462 Dei
2499 405 2708 477 foveat,
2754 412 2892 466 mala
2923 423 3218 470 sectantem
3249 415 3686 491 damnatiujnsta

408 489 684 560 suscipiat.

482 580 536 635 5.
579 581 815 653 Cumque
862 583 1001 640 inter
1040 585 1156 641 hrcc
1200 588 1660 645 innumerabilium
1692 589 1798 647 illis
1839 589 2121 646 multitudo
2162 591 2411 661 objicitur
2437 597 2826 666 parvulorum,
2858 601 2952 670 qui
2981 601 3162 673 utique
3195 613 3420 676 excepto
3446 606 3686 678 origindi

405 683 648 744 peccato,
679 676 779 731 sub
805 693 911 749 quo
936 695 1122 735 omnes
1167 680 1410 736 homines
1457 683 1706 738 similiter
1747 684 1801 738 in
1847 685 2002 753 primi
2030 682 2261 740 hominis
2284 685 2626 745 damnatione
2667 700 2980 760 nascuntur,
3029 693 3206 749 nullas
3229 693 3408 751 adhuc
3431 676 3688 753 habentes

411 765 742 831 voluntates,
788 768 964 824 nullas
989 773 1230 841 preprias
1275 773 1533 840 actiones,
1584 789 1690 830 non
1722 776 1839 831 sine
1867 775 1958 832 Dei
1985 776 2189 845 judicio
2235 787 2620 846 secernuntur;
2655 791 2710 837 ut
2739 793 2865 838 ante
2907 783 3286 840 discretionem
3315 785 3443 842 boni
3470 802 3533 844 ac
3561 785 3682 844 mali

408 859 476 913 de
502 873 598 912 usu
633 859 754 914 vitae
798 861 952 916 istius
991 862 1287 931 auferendi,
1334 865 1421 920 alii
1468 881 1565 937 per
1611 868 2068 938 regenerationem
2113 867 2253 923 inter
2292 869 2535 926 caelestis
2583 873 2733 942 regni
2778 884 3123 930 assumantur
3153 876 3414 943 haeredes,
3445 878 3533 932 alii
3575 878 3687 932 sine

409 950 679 1020 Baptismo
709 952 848 1008 inter
873 955 1059 1010 mortis
1088 966 1354 1026 perpetua:
1389 967 1662 1014 transeant
1691 957 1959 1014 debitores
1985 976 1998 1013 :
2043 959 2177 1014 tales
2217 960 2368 1014 aiunt
2399 961 2569 1031 perdi,
2599 962 2838 1033 talesque
2861 965 3080 1032 salvari,
3124 967 3312 1038 quales
3337 966 3544 1022 futuros
3569 967 3688 1022 illas

408 1043 462 1097 in
488 1045 644 1100 annis
668 1045 957 1116 majoribus
979 1087 995 1112 ,
1025 1047 1070 1103 si
1096 1048 1161 1102 ad
1188 1053 1413 1104 activam
1441 1060 1783 1106 servarentur
1806 1060 2047 1119 aetatem,
2077 1051 2300 1107 scientia
2325 1052 2502 1108 divina
2530 1053 2854 1124 pra-viderit.
2879 1054 2988 1112 Nec
3013 1057 3360 1114 considerant
3382 1073 3443 1113 se
3465 1058 3684 1129 gratiam

413 1135 525 1202 Dei,
571 1152 729 1206 quam
771 1139 1022 1194 comitem
1046 1178 1062 1206 ,
1095 1153 1200 1194 non
1231 1140 1479 1211 praevium
1512 1141 1864 1196 humanorum
1898 1141 2085 1196 volunt
2111 1155 2233 1197 esse
2275 1142 2584 1199 meritorum
2609 1187 2627 1208 ,
2658 1145 2820 1200 etiam
2870 1145 2974 1200 illis
3014 1147 3379 1203 voluntatibus
3419 1146 3684 1214 subdere,

405 1243 540 1300 quas
563 1230 631 1286 ab
661 1247 744 1298 ea,
774 1231 1065 1287 secundum
1091 1245 1240 1286 suam
1267 1233 1621 1303 phantasiam,
1650 1250 1756 1288 non
1799 1243 1994 1305 negant
2021 1248 2140 1290 esse
2169 1243 2486 1305 prteventas.
2508 1235 2616 1292 Sed
2647 1236 2700 1290 in
2731 1246 2938 1292 tantum
2961 1239 3384 1310 quibuscumque
3412 1254 3688 1295 commcn-

407 1322 537 1376 titiis
567 1325 772 1380 meritis
800 1326 1112 1384 eiectionem
1154 1329 1248 1384 Dei
1289 1327 1609 1398 subjiciunt,
1644 1337 1702 1381 ut
1746 1325 1868 1397 quia
1899 1326 2164 1396 prasterita
2193 1343 2301 1383 non
2329 1335 2560 1393 exstant,
2593 1327 2788 1395 futura,
2816 1344 2937 1401 qua:
2965 1345 3072 1386 non
3097 1331 3205 1387 sint
3245 1331 3444 1396 futura,
3482 1335 3684 1390 conlin-

408 1430 556 1487 gaut,
590 1433 836 1489 novoque
861 1419 998 1490 apud
1040 1421 1156 1476 illos
1181 1420 1522 1475 absurditatis
1543 1434 1760 1491 genere,
1790 1429 1846 1475 et
1893 1433 1998 1474 non
2023 1418 2226 1490 agenda
2258 1420 2502 1490 praescita
2546 1419 2672 1486 sint,
2700 1429 2755 1476 et
2785 1423 3029 1500 prmscita
3070 1437 3182 1478 non
3222 1433 3340 1478 acta
3368 1425 3496 1479 sint.
3542 1424 3686 1481 lianc

408 1523 538 1562 sane
561 1507 630 1563 de
656 1510 902 1564 humanis
927 1511 1130 1566 meritis
1155 1511 1540 1582 prmscientiam
1571 1509 1686 1576 Dei,
1715 1509 2012 1566 secundum
2039 1525 2199 1581 quam
2220 1511 2386 1581 gratia
2418 1511 2658 1566 vocantis
2684 1522 2959 1581 operetur,
2991 1513 3162 1569 multo
3186 1513 3287 1570 sibi
3317 1516 3686 1572 rationabilius

409 1599 658 1656 videntur
683 1611 944 1666 astruere.
973 1620 1093 1660 cum
1123 1605 1188 1660 ad
1217 1621 1398 1661 earum
1429 1604 1702 1660 nationum
1728 1604 2233 1674 contemplationem
2281 1606 2509 1668 venitur,
2539 1618 2661 1674 quas
2687 1603 2769 1657 vel
2811 1605 2862 1660 iu
2895 1605 3178 1674 prteteritis
3205 1607 3416 1662 strculis
3443 1607 3682 1663 dimissa

406 1704 532 1748 sunt
561 1694 764 1766 ingredi
795 1697 906 1752 vias
934 1712 1056 1754 suas
1091 1696 1238 1771 (Act.
1274 1713 1386 1764 xtv,
1418 1697 1530 1765 15),
1574 1697 1656 1752 vel
1689 1711 1828 1751 nunc
1853 1711 2068 1767 quoque
2091 1695 2268 1750 adhuc
2296 1695 2350 1750 in
2376 1696 2573 1750 veteris
2603 1695 2914 1766 ignorantia:
2941 1697 3214 1767 impietate
3241 1699 3562 1770 depereunt,
3591 1716 3686 1757 nee

407 1789 511 1843 ulla
539 1790 619 1845 cis
645 1800 737 1846 aut
762 1790 920 1862 Legis
947 1802 1038 1848 aut
1066 1793 1338 1865 Evangelii
1382 1792 1700 1848 illuminatio
1743 1791 2078 1856 coruscat-it;
2103 1805 2224 1844 cum
2256 1798 2454 1856 tamen,
2485 1789 2537 1844 in
2563 1779 2817 1862 quantum
2847 1793 3286 1862 praedicatoribus
3308 1792 3501 1849 ostium
3529 1810 3684 1864 aper-

408 1889 520 1933 tum
549 1889 632 1936 est
663 1890 717 1936 et
740 1882 824 1936 via
854 1881 984 1938 facta
1011 1892 1113 1950 est,
1145 1883 1378 1955 gentium
1405 1882 1650 1954 populus,
1679 1881 1768 1953 qui
1795 1881 2018 1936 sedebat
2039 1880 2094 1935 in
2124 1878 2358 1936 tenebris
2394 1887 2448 1934 et
2489 1879 2540 1934 in
2569 1879 2756 1936 umbra
2784 1883 2993 1947 mortis,
3013 1882 3195 1938 .lucem
3223 1883 3411 1939 viderit
3441 1898 3684 1955 magnam

407 1967 428 2038 (
451 1966 574 2024 Isai.
606 1986 684 2035 tx,
705 1971 760 2036 2,
785 1981 832 2025 et
859 1970 1045 2027 Matth.
1070 1989 1142 2042 tv,
1168 1973 1260 2046 16)
1281 1991 1296 2040 ;
1319 1981 1371 2028 et
1395 1973 1483 2044 qui
1509 1971 1776 2044 quondam
1807 1985 1910 2025 non
1939 1971 2181 2040 populus,
2213 1984 2354 2025 nunc
2374 1977 2550 2025 autem
2577 1969 2804 2040 populus
2828 1971 2922 2026 Dei
2944 1972 3043 2038 sit;
3071 1981 3127 2028 et
3147 1988 3372 2043 quorum
3401 1974 3685 2044 aliquando

409 2075 511 2115 non
535 2064 782 2118 misertus
806 2073 908 2130 est,
935 2081 1075 2121 nunc
1095 2074 1270 2122 autem
1291 2067 1607 2122 misereatur
1628 2061 1783 2136 (Osee
1808 2079 1864 2129 tt,
1892 2062 1984 2129 εδ,
2005 2061 2096 2130 24,
2124 2071 2170 2118 et
2197 2061 2347 2116 Rom.
2375 2078 2450 2127 tx,
2478 2061 2605 2134 25):
2639 2062 2894 2134 prtevisos
2921 2063 3164 2135 inquiunt
3201 2081 3232 2120 a
3261 2065 3486 2122 Domino
3509 2068 3682 2124 credi-

407 2164 574 2220 turos,
607 2163 661 2210 et
689 2153 756 2210 ad
783 2168 1208 2230 unamquamque
1249 2166 1462 2230 gentem
1491 2159 1562 2212 ita
1585 2156 1886 2228 dispensata
1915 2165 2151 2229 tempora
2172 2171 2235 2212 ac
2262 2155 2553 2211 ministeria
2584 2155 2980 2225 magistrorum,
3011 2165 3068 2210 ut
3096 2166 3346 2213 exortura
3374 2167 3490 2214 erat
3515 2158 3681 2214 bona-

405 2263 523 2302 rum
572 2248 860 2305 credulitas
907 2251 1258 2306 voluntatum.
1311 2251 1420 2308 Nec
1471 2252 1724 2307 vacillare
1780 2251 1950 2317 illud,
2003 2250 2143 2322 quod
2194 2250 2335 2306 Deus
2382 2264 2570 2306 omnes
2613 2247 2860 2307 homines
2900 2249 3028 2306 velit
3071 2251 3248 2307 salvos
3309 2251 3466 2320 fieri,
3527 2261 3585 2308 et
3631 2254 3680 2307 in

401 2340 727 2410 agnitionem
773 2343 1016 2400 veritatis
1061 2344 1245 2401 venire
1289 2343 1307 2416 (
1332 2344 1350 2399 l
1399 2343 1535 2399 Tim.
1585 2359 1660 2407 tt.
1708 2342 1826 2415 i);
1874 2341 2303 2418 quandoquidem
2347 2342 2736 2399 inexcusabiles
2781 2343 2919 2408 sint,
2947 2343 3122 2414 quiet
3154 2341 3219 2397 ad
3245 2345 3406 2399 unius
3441 2344 3557 2398 veri
3594 2343 3680 2400 Dei

406 2431 606 2484 cultum
643 2435 911 2501 potuerint
935 2435 1124 2490 instrui
1152 2435 1495 2506 intelligentia
1537 2434 1758 2490 naturali
1786 2477 1802 2500 ,
1829 2444 1880 2488 ct
1909 2435 2250 2504 Evangelium
2289 2435 2412 2490 ideo
2437 2450 2542 2490 non
2571 2434 2868 2502 audierint,
2899 2436 3020 2507 quia
3049 2450 3148 2492 nec
3174 2435 3365 2492 fuerint
3397 2438 3678 2507 recepturi.

475 2521 529 2577 6.
577 2521 683 2578 Pro
711 2525 962 2580 universo
1002 2535 1180 2582 autem
1217 2528 1450 2581 humano
1475 2541 1672 2597 genere
1715 2535 1982 2580 mortuum
2013 2541 2132 2581 esse
2165 2526 2448 2582 Dominum
2481 2539 2722 2583 nostrum
2763 2527 2945 2583 Jesum
2976 2527 3244 2583 Christum
3270 2568 3286 2592 ,
3331 2535 3386 2583 et
3413 2529 3679 2582 neminem

401 2629 622 2686 prorsus
645 2632 676 2672 a
699 2617 1066 2688 redemptione
1093 2619 1366 2689 sanguinis
1391 2619 1506 2690 ejus
1530 2628 1833 2690 exceptum,
1854 2619 2061 2675 etiamsi
2084 2634 2296 2675 omnem
2320 2611 2456 2675 hanc
2479 2619 2642 2676 vitam
2662 2621 2983 2677 alienissima
3013 2621 3082 2678 ab
3108 2635 3176 2678 eo
3200 2631 3382 2678 mente
3407 2631 3678 2692 pertrans-

398 2724 485 2770 eat
511 2732 525 2781 ;
554 2717 676 2788 quia
717 2715 784 2774 ad
810 2729 997 2774 omnes
1023 2717 1266 2774 homines
1294 2718 1558 2788 pertineat
1593 2716 1786 2772 divina:
1811 2716 2194 2774 misericordia:
2217 2715 2620 2772 Sacramentum
2646 2731 2659 2768 :
2689 2729 2797 2787 quo
2823 2715 2946 2771 ideo
2967 2715 3178 2787 plurimi
3207 2731 3311 2770 non
3335 2725 3676 2796 renoventur,

397 2809 520 2879 quia
547 2812 687 2882 quod
731 2827 832 2868 nec
871 2813 1116 2869 renovari
1141 2812 1280 2868 velle
1309 2811 1558 2875 habeant,
1589 2820 2014 2882 prmnoscantur.
2043 2811 2244 2880 Itaque,
2286 2816 2542 2879 quantum
2582 2808 2648 2862 ad
2676 2808 2844 2864 Deum
2873 2809 3125 2878 pertinet,
3156 2808 3402 2866 omnibus
3441 2817 3675 2878 paratam

396 2905 558 2958 vitam
584 2915 838 2961 aeternam
865 2922 880 2973 ;
909 2915 1162 2978 quantum
1184 2914 1362 2961 autem
1383 2904 1449 2960 ad
1478 2904 1682 2960 arbitrii
1705 2904 2025 2968 libertatem,
2054 2903 2123 2957 ab
2153 2903 2234 2957 his
2255 2917 2372 2958 eam
2400 2901 2750 2974 apprehendi,
2775 2903 2866 2974 qui
2897 2903 3006 2959 Deo
3029 2912 3217 2972 sponte
3242 2903 3566 2959 crediderint
3585 2944 3602 2970 ,
3626 2911 3678 2960 et

395 2997 658 3053 auxilium
687 2999 871 3070 gratia:
899 2999 1090 3056 merito
1115 2997 1443 3055 credulitatis
1471 2996 1795 3068 acceperint.
1841 2997 1896 3052 In
1935 2998 2095 3051 istam
2123 3010 2252 3050 vero
2279 2995 2398 3050 talis
2427 2995 2612 3066 gratias
2653 2995 3085 3066 pra-dicationem
3114 2996 3188 3062 hi,
3215 3011 3441 3066 quorum
3467 3007 3677 3050 contra-

395 3088 631 3145 diclione
660 3089 1002 3156 oll'endimur,
1030 3105 1153 3146 cum
1201 3089 1348 3162 prius
1388 3089 1606 3144 meliora
1637 3088 1935 3152 sentirent,
1981 3087 2103 3141 ideo
2131 3101 2188 3141 se
2215 3087 2298 3141 vel
2332 3087 2562 3141 maxime
2591 3086 2954 3150 contulerunt,
2987 3087 3108 3157 quia
3135 3087 3178 3142 si
3206 3086 3589 3157 proﬁterentur
3610 3088 3676 3142 ab

395 3195 457 3234 ea
485 3181 660 3235 omnia
684 3181 820 3237 bona
848 3183 1037 3238 merita
1070 3182 1374 3254 prteveniri,
1404 3181 1546 3238 etab
1575 3181 1686 3253 ipsa
1709 3189 1773 3235 ut
1800 3181 2005 3249 possint
2031 3194 2172 3246 esse,
2203 3180 2390 3234 donari
2413 3221 2429 3246 ,
2458 3181 2780 3236 necessitate
2807 3180 3165 3237 concederent
3190 3181 3356 3235 Deum
3383 3181 3673 3236 secundum

395 3275 723 3343 propositum
767 3281 824 3330 et
865 3274 1146 3329 consilium
1173 3272 1459 3329 voluntatis
1486 3287 1617 3338 sum,
1650 3271 1862 3328 occulto
1878 3271 2100 3341 judicio,
2129 3281 2183 3326 et
2208 3287 2372 3341 opere
2401 3270 2684 3326 manifesto
2708 3314 2724 3336 ,
2749 3271 2892 3327 aliud
2934 3287 3028 3326 vas
3051 3272 3284 3328 condere
3308 3273 3362 3328 in
3391 3272 3672 3340 honorem,

393 3364 535 3419 aliud
566 3366 616 3420 in
641 3365 1017 3422 contumeliam
1051 3365 1235 3442 (Rom.
1264 3382 1345 3430 tx,
1372 3365 1502 3438 2|);
1536 3367 1654 3436 quia
1683 3379 1842 3420 nemo
1869 3366 1968 3418 nisi
1999 3380 2095 3434 per
2136 3366 2360 3435 gratiam
2382 3363 2722 3434 justitlcetur,
2753 3370 2810 3418 et
2839 3379 2998 3418 nemo
3027 3365 3130 3419 nisi
3158 3365 3210 3419 in
3241 3367 3673 3435 prmvaricatione

395 3465 665 3514 nascatur.
695 3457 800 3514 Sed
833 3459 1102 3529 refugiunt
1125 3457 1264 3514 istud
1285 3457 1465 3523 fateri,
1493 3457 1778 3526 divinoque
1805 3456 2109 3510 adscribere
2138 3459 2284 3525 operi
2311 3465 2617 3510 sanctorum
2643 3455 2833 3510 merita
2862 3454 3181 3520 formidant;
3211 3471 3310 3511 nec
3333 3458 3671 3526 acquiescant

333 3614 342 3623 υ
396 3547 830 3614 prtedesﬁnatum
861 3548 1155 3604 electorum
1183 3564 1461 3604 numerum
1493 3565 1592 3606 nec
1621 3547 1800 3619 augeri
1831 3562 1990 3618 posse
2017 3562 2115 3602 nec
2146 3547 2336 3614 minui,
2369 3562 2438 3603 ne
2480 3547 2655 3603 locum
2697 3546 2836 3616 apud
2869 3547 3111 3602 infideles
3135 3561 3198 3602 ac
3227 3548 3556 3618 negligentes
3579 3565 3672 3605 ω-

396 3637 720 3694 hortantium
752 3640 1091 3695 incitamenta
1123 3655 1229 3696 non
1257 3639 1522 3708 habeant,
1555 3657 1616 3696 ac
1645 3639 1912 3712 superflua
1957 3640 2025 3693 sit
2053 3637 2327 3692 industria:
2375 3651 2438 3692 ac
2482 3637 2679 3692 laboris
2706 3637 2958 3702 indietio,
2987 3639 3140 3708 cujus
3167 3639 3400 3695 studium
3427 3650 3672 3696 cessante

390 3729 658 3787 electione
689 3731 1046 3786 frustrandum
1077 3733 1146 3787 sit
1175 3749 1188 3787 :
1220 3733 1288 3786 ita
1315 3732 1528 3787 demum
1555 3733 1694 3787 enim
1725 3744 1880 3800 posse
1907 3721 2426 3800 unumquemquead
2451 3730 2840 3784 correctionem
2865 3737 2958 3783 aut
2984 3729 3049 3786 ad
3083 3731 3372 3802 profectum
3401 3731 3604 3795 vocari,
3626 3732 3670 3786 si

390 3841 450 3879 se
478 3825 612 3880 sciat
640 3839 733 3880 sua
759 3825 1030 3896 diligentia
1059 3823 1256 3879 bonum
1285 3840 1405 3880 esse
1436 3841 1612 3894 posse,
1643 3836 1696 3878 et
1722 3823 2022 3877 libertatem
2049 3836 2198 3876 suam
2226 3821 2294 3874 ah
2319 3821 2420 3876 hoc
2447 3820 2537 3876 Dei
2563 3821 2762 3875 auxilio
2780 3821 3095 3890 iuvandam,
3119 3823 3162 3876 si
3185 3822 3324 3890 quod
3355 3822 3494 3878 Deus
3522 3838 3668 3877 man-

333 3947 340 3954 -
387 3919 499 3986 dat,
531 3920 769 3990 elegerit.
802 3920 879 3974 Ac
905 3920 1000 3986 sic,
1028 3933 1149 3974 cum
1177 3917 1229 3973 in
1262 3917 1365 3982 his,
1394 3917 1482 3988 qui
1513 3927 1720 3986 tempus
1745 3922 2068 3984 acceperunt
2095 3913 2275 3968 liberte
2302 3913 2608 3976 voluntatis,
2639 3911 2747 3966 duo
2771 3912 2880 3968 sint
2921 3927 3042 3982 qua:
3068 3912 3354 3967 humanam
3381 3923 3670 3982 operentur

387 4012 634 4078 salutem,
668 4011 759 4067 Dei
785 4012 988 4068 scilicet
1015 4011 1182 4082 gratia
1211 4020 1265 4066 et
1291 4009 1524 4065 hominis
1553 4007 1888 4073 obcdicntia;
1922 4008 2152 4076 priorem
2181 4006 2363 4059 volunt
2389 4003 2747 4059 obedientiam
2773 4017 2892 4058 esse
2912 4018 3070 4074 quam
3093 4004 3340 4074 gratiam,
3372 4012 3431 4058 ut
3455 4005 3664 4060 initium

387 4105 576 4160 salutis
606 4121 669 4160 cx
699 4120 765 4161 eo
789 4105 880 4181 qui
907 4103 1164 4170 solvatur,
1196 4117 1301 4159 non
1329 4118 1394 4158 cx
1426 4118 1491 4157 eo
1517 4099 1842 4156 credendum
1886 4099 1956 4152 sit
1981 4105 2127 4153 stare
2153 4096 2242 4169 qui
2271 4096 2461 4164 salvat,
2490 4103 2545 4151 ct
2586 4095 2832 4152 voluntas
2859 4093 3100 4151 hominis
3122 4094 3318 4150 divina:
3343 4097 3527 4166 gratiae
3568 4096 3668 4152 sibi

388 4197 562 4268 pariat
584 4213 762 4268 opem,
793 4213 896 4251 non
918 4197 1086 4270 gratia
1117 4195 1200 4251 sib
1229 4196 1512 4250 humanam
1535 4193 1780 4262 subjiciat
1811 4193 2158 4246 voluntatem.
2693 4231 2700 4238 .

466 4289 518 4342 7.
551 4289 700 4358 Quod
728 4305 848 4344 cum
878 4288 1334 4359 perversissimum
1365 4301 1512 4350 esse,
1551 4285 1816 4340 revelante
1847 4283 1939 4339 Dei
1969 4282 2331 4338 misericordia
2353 4322 2369 4349 ,
2411 4290 2466 4338 et
2491 4282 2785 4339 instruente
2820 4296 2920 4338 nos
2955 4291 3044 4337 tua
3082 4281 3414 4338 Beatitudine
3452 4283 3666 4339 noveri-

389 4397 541 4448 mus;
575 4397 856 4452 possumus
886 4381 1106 4452 quidcm
1124 4380 1189 4435 ad
1219 4395 1325 4434 non
1351 4377 1676 4434 credendum
1703 4392 1821 4432 esse
1845 4383 2176 4438 constantes.
2211 4375 2305 4428 sed
2333 4373 2396 4428 ad
2427 4375 2796 4430 auctoritatem
2826 4374 2952 4430 talia
2980 4375 3319 4430 sentientium
3347 4390 3454 4429 non
3481 4391 3668 4430 sumus

385 4491 543 4548 pares
568 4493 580 4529 :
614 4478 733 4544 quia
759 4476 980 4530 multum
1010 4489 1108 4529 nos
1126 4483 1181 4530 et
1201 4473 1323 4528 vita:
1349 4471 1553 4526 meritis
1572 4469 1917 4535 antecellunt,
1947 4478 1998 4522 et
2020 4467 2180 4538 aliqui
2207 4481 2413 4531 eorum,
2437 4465 2631 4535 adepto
2652 4480 2820 4535 nuper
2844 4480 3057 4523 summo
3080 4467 3096 4498 ³
3123 4465 3406 4521 sacerdotii
3436 4466 3662 4532 honore,

385 4567 821 4636 supercmineut;
854 4581 954 4620 nec
985 4565 1137 4622 facile
1161 4566 1475 4637 quisquam,
1506 4571 1703 4633 prmtcr
1735 4577 1932 4632 paucos
1971 4559 2221 4630 perfcettc
2249 4560 2434 4630 gratia:
2473 4557 2766 4627 intrepidos
2803 4567 3068 4612 amatores
3089 4599 3104 4625 ,
3147 4567 3295 4612 tanto
3331 4559 3666 4629 superiorum

381 4657 832 4730 disputationibus
861 4672 1021 4713 ausus
1047 4665 1130 4713 est
1153 4657 1442 4712 contraire.
1473 4655 1552 4710 Ex
1583 4669 1690 4726 quo
1714 4669 1820 4707 non
1849 4652 2021 4706 solum
2053 4651 2137 4706 his
2163 4651 2251 4720 qui
2280 4667 2372 4706 eos
2403 4650 2654 4716 audiunt,
2685 4664 2872 4704 verum
2901 4650 3060 4704 etiam
3089 4650 3216 4721 ipsis
3245 4651 3332 4721 qui
3354 4651 3663 4717 audiuntur,

379 4768 501 4808 ruzu
541 4752 888 4824 dignitatibus
928 4751 1095 4808 crevit
1131 4751 1456 4824 periculum;
1505 4749 1631 4805 dum
1671 4757 1724 4804 et
1763 4748 1958 4804 multos
1982 4750 2280 4803 reverentia
2323 4761 2507 4802 eorum
2538 4755 2628 4800 aut
2665 4747 2838 4800 inutili
2869 4745 3088 4801 cohibet
3115 4746 3356 4811 silentio,
3386 4757 3477 4802 aut
3511 4749 3665 4802 incu-

383 4847 536 4900 rioso‘
557 4845 699 4900 ducit
727 4859 978 4910 assensu;
1025 4853 1076 4900 et
1106 4843 1512 4899 saluberrimum
1556 4841 1684 4910 ipsis
1712 4841 1939 4906 videtur,
1970 4838 2110 4910 quod
2154 4855 2291 4911 pene
2329 4839 2524 4893 nullius
2553 4840 2974 4894 contradictione
3012 4841 3441 4910 reprehenditur.
3471 4839 3660 4906 Unde,

378 4939 499 5009 quia
555 4937 608 4992 in
669 4937 786 4992 istis
833 4935 1130 5008 Pelagianat
1169 4933 1446 5006 pravitatis
1495 4933 1731 5003 reliquiis
1785 4949 1890 4988 non
1936 4931 2220 4986 mediocris
2268 4930 2565 4985 virttlcntize
2623 4929 2752 4984 fibra
2794 4932 3057 4996 nutritur,
3110 4933 3154 4987 si
3204 4931 3521 5002 principium
3571 4948 3660 4986 sa-

378 5033 503 5088 lutis
529 5033 670 5088 male
723 5031 774 5086 in
824 5031 1039 5086 homine
1069 5030 1391 5094 collocatur;
1449 5027 1494 5084 si
1542 5028 1736 5083 divina:
1779 5026 2039 5082 voluntati
2090 5023 2253 5094 impie
2297 5023 2541 5078 voluntas
2571 5023 2798 5078 humana
2828 5022 3130 5095 praefertur,
3181 5036 3239 5079 ut
3265 5025 3390 5080 ideo
3419 5025 3538 5096 quis
3566 5023 3662 5078 ad-

350 5123 358 5130 ’
372 5126 592 5198 juvetur
628 5125 750 5198 quia
790 5125 987 5191 voluit,
1033 5141 1139 5182 non
1183 5123 1304 5180 ideo
1337 5123 1459 5196 quia
1489 5121 1790 5192 adjuvatur,
1833 5119 1992 5183 velit;
2042 5118 2086 5172 si
2127 5117 2454 5189 originaliter
2499 5116 2668 5172 malus
2701 5118 3058 5187 receptionem
3086 5117 3212 5173 boni
3243 5134 3349 5172 non
3389 5133 3421 5172 a
3449 5133 3658 5173 summo

376 5221 539 5290 bono,
571 5220 668 5276 sed
697 5235 726 5275 a
757 5219 1045 5290 semetipso
1067 5217 1319 5274 inchoare
1343 5216 1480 5271 male
1507 5213 1767 5276 creditur;
1795 5212 1838 5266 si
1861 5210 2073 5266 aliunde
2099 5210 2210 5264 Deo
2235 5209 2491 5279 placetur,
2523 5207 2623 5262 nisi
2652 5223 2716 5263 ex
2743 5203 2967 5276 eo‘quod
2993 5208 3106 5278 ipse
3130 5208 3408 5263 donaverit
3436 5226 3449 5261 :
3484 5209 3656 5262 tribue

377 5313 531 5368 nobis
557 5315 608 5368 in
643 5314 742 5369 hac
767 5327 952 5376 causa,
987 5325 1118 5382 papa
1149 5310 1478 5378 beatissitnp,
1510 5318 1658 5378 pater
1686 5306 1918 5377 optime,
1948 5314 2202 5373 quantum
2228 5301 2449 5370 juvantc
2479 5300 2707 5356 Domino
2736 5309 2908 5370 potes,
2935 5300 3263 5370 diligentiam
3293 5299 3505 5370 pietatis
3531 5311 3653 5361 tum,

375 5413 430 5456 ut
459 5417 578 5472 qua:
603 5404 660 5462 in
689 5405 806 5460 istis
831 5403 1213 5476 qutestionihus
1239 5401 1545 5458 obscuriora
1578 5405 1633 5454 et
1656 5397 1720 5453 ad
1753 5393 2147 5468 percipiendum
2177 5389 2474 5448 difﬁciliora
2501 5400 2644 5459 sunt,
2673 5407 2831 5462 quam
2864 5389 3206 5446 lucidissimis
3233 5388 3654 5460 exposijonilzus

375 5495 613 5563 digneris
638 5499 862 5568 aperire.
2439 5575 2472 5580 __
2635 5576 2647 5580 _
2821 5575 2833 5580 ,
2876 5576 2889 5580 _
2960 5575 2972 5580 _
3516 5569 3545 5580 ..
3610 5569 3642 5580 ,Α
3715 5487 3722 5496 Ὶ

445 5595 502 5648 8.
542 5595 612 5646 .\c
654 5590 908 5660 primum,
944 5590 1062 5660 quia
1109 5588 1342 5660 plerique
1374 5601 1475 5641 nou
1509 5591 1692 5656 putant
1719 5582 2058 5639 christiauam
2104 5577 2260 5634 Iidem
2294 5577 2393 5633 hac
2422 5575 2755 5634 dissensione
2787 5575 3012 5644 violari,
3044 5583 3298 5644 quantum
3333 5569 3546 5644 pcrtculi
3578 5569 3646 5624 sit

441 5703 457 5736 ι
494 5707 544 5750 ιη
569 5705 694 5756 Mss,
723 5699 918 5750 autumi.
