3972 6178
285 308 390 364 955
1292 288 1616 362 ertsrom
1660 305 1911 363 uuanu
1948 306 2041 363 ,ιο
2079 302 2550 365 AUGUSTINUM.
3455 320 3561 378 ast

285 418 338 474 in
369 435 551 476 eorum
583 418 927 490 persuasione
956 416 1260 488 patelaeias.
1298 417 1519 484 Deinde,
1551 404 1819 490 quomodo
1847 434 1941 489 per
1966 420 2119 477 istam
2151 433 2570 494 prmopcrantem
2601 431 2655 480 et
2682 435 3055 497 cooperantem
3082 431 3305 501 gratiam
3333 431 3559 489 liberum

282 528 389 568 non
420 510 736 583 impediatur
763 510 1058 565 arbitrium.
1096 509 1263 575 Tum,
1303 519 1483 565 utrum
1526 512 1855 581 prtescientia
1886 511 1978 567 Dei
2020 513 2091 566 ita
2126 513 2418 569 secundum
2459 518 2788 586 propositum
2827 530 3065 588 maneat,
3105 532 3161 577 ut
3203 538 3263 579 ea
3294 524 3406 594 ipsa
3445 540 3565 595 quae

283 616 407 662 sunt
433 607 724 677 proposita,
757 608 862 663 sint
887 606 1191 677 accipienda
1222 606 1507 679 prmscita:
1541 622 1608 661 an
1642 621 1738 676 per
1773 620 1968 677 genera
2010 620 2293 662 causarum
2336 617 2390 663 et
2418 611 2623 680 species
2653 626 2999 680 personarum
3033 613 3132 668 ista
3168 617 3475 683 varientur;
3512 627 3567 671 ut

288 701 412 770 quia
455 699 679 756 diversa:
720 710 845 755 sunt
878 701 1215 767 vocationes,
1257 701 1310 757 in
1356 701 1439 755 bis
1476 701 1566 771 qui
1609 699 1739 755 nihil
1777 701 2051 771 operaturi
2091 701 2383 770 salvantur,
2416 703 2563 772 quasi
2593 705 2765 759 solum
2810 705 2904 760 Dei
2947 707 3281 777 prepositum
3321 708 3565 765 videatur

276 793 545 858 existere;
578 791 629 847 itt
663 790 745 845 his
772 800 949 846 autem
979 791 1068 861 qui
1093 791 1290 862 aliquid
1325 791 1451 847 boni
1479 791 1646 846 acturi
1676 799 1833 856 sunt,
1867 806 1961 861 per
1987 791 2377 860 praescientiam
2406 793 2577 864 possit
2606 803 2751 850 stare
2794 797 3123 865 propositum
3152 814 3165 852 :
3192 810 3259 851 an
3285 811 3414 852 vero
3439 798 3532 853 uni
3553 828 3567 838 -

289 888 556 952 formiter,
589 888 713 943 licet
741 887 901 942 dividi
930 887 1260 958 prteseientia
1303 902 1333 941 a
1376 886 1652 958 proposito
1681 886 1955 956 temporali
1982 885 2323 942 distinctione
2363 901 2465 941 non
2506 888 2709 957 pqssit,
2756 888 3092 957 prmscientia
3123 898 3298 944 tamen
3327 889 3561 960 quodam

283 979 475 1035 ordine
502 981 572 1034 sit
599 978 820 1033 subnisa
851 979 1157 1048 proposito;
1189 987 1243 1033 et
1265 978 1404 1032 sicut
1433 976 1564 1029 nihil
1600 977 1671 1031 sit
1697 990 2162 1046 quorumcumque
2184 977 2546 1046 n’egotiorum,
2580 978 2720 1049 quod
2751 995 2855 1036 non
2898 980 3118 1035 scientia
3148 980 3324 1035 divina
3353 995 3562 1050 praeve-

278 1072 449 1136 nerit;
480 1070 547 1125 ita
576 1070 708 1125 nihil
735 1070 805 1124 sit
832 1069 976 1136 boni,
1009 1069 1149 1139 quod
1180 1069 1232 1123 in
1266 1077 1501 1123 nostram
1536 1067 1996 1138 participationem
2027 1083 2131 1122 non
2162 1069 2271 1123 Deo
2299 1079 2519 1123 auctore
2548 1069 2847 1125 deﬂuxerit.
2878 1072 3181 1135 Postremo,
3210 1071 3564 1141 quemadmo-

279 1162 405 1218 dum
436 1178 532 1233 pcr
562 1163 697 1217 banc
730 1161 1159 1232 praedicationem
1190 1160 1445 1231 prepositi
1472 1158 1598 1226 Dei,
1631 1173 1738 1230 quo
1766 1157 1953 1214 ﬁdeles
1990 1157 2120 1212 ﬁunt
2146 1160 2235 1229 qui
2275 1160 2614 1230 praeordinati
2645 1172 2769 1215 sunt
2796 1162 2862 1216 ad
2891 1163 3050 1216 vitam
3081 1140 3368 1228 aeternam,
3402 1140 3563 1217 nemo

276 1269 461 1309 eorum
493 1253 583 1322 qui
609 1250 923 1307 cohortandi
951 1260 1074 1305 sunt
1101 1251 1438 1320 impediatur,
1472 1265 1571 1304 nec
1608 1248 1944 1306 occasionem
1978 1248 2310 1319 negligentia:
2338 1249 2595 1316 habeant,
2629 1250 2673 1305 si
2703 1265 2761 1304 se
2789 1253 3193 1320 prtrdestinatos
3224 1268 3345 1308 esse
3370 1254 3559 1324 despe-

277 1353 418 1399 rent.
458 1342 589 1398 lllud
625 1344 783 1397 etiam
813 1342 1039 1413 qualiter
1066 1341 1320 1405 diluatur,
1359 1354 1664 1412 quaesumus
1690 1340 1952 1410 patienter
1980 1340 2340 1409 insipientiam
2368 1351 2605 1395 nostram
2644 1341 2862 1396 ferendo
2892 1344 3256 1411 demonstres,
3303 1346 3441 1415 quod
3473 1363 3561 1403 re-

282 1437 519 1491 tractatis
546 1437 780 1506 priorum
811 1435 879 1491 de
907 1435 1005 1489 bac
1026 1450 1087 1490 re
1114 1432 1478 1504 opinionibus,
1508 1448 1644 1504 pene
1670 1433 1906 1486 omnium
1935 1446 2032 1502 par
2055 1431 2318 1486 invenitur
2345 1439 2400 1485 et
2425 1447 2525 1485 una
2548 1435 2831 1499 sententia,
2862 1449 2963 1504 qua
2993 1436 3319 1505 propositum
3347 1446 3401 1489 et
3428 1453 3563 1506 pra:-

278 1528 687 1584 destinationcm
721 1527 812 1582 Dei
844 1526 1133 1582 secundum
1162 1525 1553 1597 praescicntiam
1597 1531 1946 1594 receperunt;
1979 1531 2035 1578 ut
2063 1525 2132 1579 ob
2158 1523 2260 1578 hoc
2290 1523 2429 1578 Deus
2456 1523 2588 1577 alios
2616 1538 2738 1577 vasa
2768 1525 3024 1592 honoris,
3057 1527 3194 1583 alios
3220 1529 3563 1583 contumelia:

274 1619 494 1687 fecerit,
524 1620 644 1691 quia
683 1619 842 1674 ﬁnem
874 1617 1286 1689 uniuscujusque
1324 1615 1631 1688 pneviderit
1651 1657 1667 1685 ,
1698 1625 1754 1671 et
1781 1614 1883 1671 sub
1912 1615 2027 1686 ipso
2052 1615 2238 1688 gratiae
2266 1613 2533 1685 adiutorio
2563 1615 2614 1669 in
2651 1631 2754 1686 qua
2794 1615 3001 1673 futurus
3026 1627 3171 1674 esset
3207 1619 3478 1674 voluntate
3504 1628 3560 1674 et

272 1711 484 1765 actione
513 1710 822 1779 praescierit.

346 1802 416 1856 9.-
433 1801 637 1869 Quibus
664 1799 912 1856 omnibus
937 1798 1198 1865 enodatis,
1226 1808 1281 1853 et
1305 1798 1485 1853 multis
1514 1797 1751 1869 insuper,
1783 1812 1902 1868 qua:
1929 1797 2117 1853 altiore
2144 1797 2333 1853 intuitu
2361 1796 2427 1852 ad
2452 1812 2664 1854 causam
2696 1797 2834 1852 hanc
2858 1799 3175 1868 pertinentia
3208 1801 3378 1872 magis
3403 1809 3559 1872 potes

276 1894 484 1958 videre,
515 1893 799 1959 discussis;
832 1893 1097 1949 credimus
1123 1902 1178 1948 et
1205 1905 1503 1962 speramus,
1536 1905 1642 1945 non
1681 1891 1853 1945 solum
1881 1891 2192 1945 tenuitatem
2225 1901 2459 1944 nostram
2500 1890 2916 1960 disputationum
2948 1902 3159 1948 tuarum
3190 1894 3442 1965 prmsidio
3467 1912 3560 1949 ro-

272 1985 598 2051 borandam,
629 1984 720 2041 sed
749 1983 910 2039 etiam
943 1984 1087 2054 ipsos
1114 1996 1246 2054 quos
1270 1981 1477 2037 meritis
1502 1990 1662 2052 atque
1687 1980 1980 2036 honoribus
2017 1983 2193 2036 claros
2223 1982 2395 2052 caligo
2422 1984 2575 2038 istius
2600 1984 2865 2053 opinionis
2889 1984 3137 2040 obscurat
3158 2029 3171 2051 ,
3203 1985 3557 2043 defamatissi-

273 2095 417 2135 mum
443 2079 623 2134 lumen
654 2077 839 2148 gratia:
876 2087 1207 2146 recepturos.
1251 2074 1384 2130 Nam
1415 2090 1578 2130 unum
1605 2087 1791 2128 eorum
1834 2074 2115 2144 pracipes:
2155 2074 2486 2129 auctoritatis
2524 2083 2577 2130 et
2611 2075 2963 2145 spiritualium
3001 2077 3296 2134 studiorum
3337 2080 3554 2146 virum,

268 2181 509 2227 sanetum
541 2171 795 2225 Hilarium
826 2170 903 2240 (a)
931 2168 1298 2224 Arelatensem
1337 2168 1668 2238 episc0pum,
1699 2166 1831 2221 sciat
1860 2165 2139 2221 Deatitudo
2166 2174 2254 2220 tua
2283 2165 2663 2223 admiratorem
2695 2176 3122 2240 sectatoremque
3153 2170 3203 2224 in
3231 2169 3351 2224 aliis
3376 2171 3555 2225 omni-

267 2265 368 2318 bus
396 2271 500 2317 tua:
526 2275 644 2316 esse
668 2260 957 2326 doctrinm;
989 2257 1135 2314 etde
1161 2257 1263 2312 hoc
1286 2257 1429 2327 quod
1457 2257 1507 2310 in
1535 2255 1806 2327 querelam
1840 2255 2030 2317 trahit,
2061 2255 2170 2324 jam
2201 2255 2408 2326 pridem
2439 2257 2579 2327 apud
2609 2256 2954 2314 Sanetitatem
2982 2269 3124 2313 tuam
3155 2275 3370 2316 sensum
3397 2276 3555 2316 suum

269 2369 365 2423 per
393 2354 596 2407 litteras
621 2352 756 2407 velle
780 2350 1046 2406 conferre.
1089 2349 1196 2404 Sed
1223 2349 1344 2418 quia
1376 2356 1551 2403 utrum
1581 2350 1680 2402 hoc
1709 2346 1974 2413 facturus,
2005 2356 2096 2402 aut
2133 2362 2240 2417 quo
2267 2347 2372 2403 ﬁne
2411 2348 2482 2403 sit
2518 2348 2757 2405 facturus
2786 2351 3047 2406 incertum
3087 2361 3199 2418 est,
3230 2361 3285 2406 et
3310 2355 3553 2408 omnium

267 2455 507 2500 nostrum
555 2442 824 2513 fatigatio,
873 2440 1185 2512 providente
1225 2441 1325 2494 hoc
1366 2438 1613 2509 praesenti
1640 2438 1838 2492 smculo
1864 2438 1956 2491 Dei
1981 2438 2168 2507 gratia,
2204 2439 2257 2492 in
2290 2447 2393 2493 tua:
2422 2439 2697 2496 charitatis
2735 2451 2789 2496 ct
2817 2443 3054 2497 scientia:
3085 2444 3264 2514 vigore
3291 2446 3552 2514 respirat;

267 2537 404 2592 addc
434 2535 786 2591 eruditionem
816 2533 1106 2588 humilibus
1126 2573 1141 2598 ,
1172 2530 1307 2585 adde
1344 2528 1762 2597 increpationetn
1792 2529 2057 2599 superbis.
2086 2528 2456 2584 Necessarium
2487 2539 2542 2586 et
2584 2533 2710 2586 utile
2738 2542 2819 2588 est
2846 2535 3004 2589 etiam
3034 2551 3154 2605 qua:
3192 2537 3389 2605 scripta
3428 2546 3554 2592 sunt

265 2629 532 2693 scribere,
576 2642 642 2682 ne
680 2627 801 2681 leve
837 2625 1174 2679 existimetur
1208 2622 1348 2692 quod
1381 2636 1486 2675 non
1529 2619 1836 2688 l're.;uenter
1860 2621 2115 2690 arguitur.
2147 2621 2345 2676 Sanum
2373 2623 2515 2677 enim
2546 2632 2733 2693 putant
2762 2640 2882 2681 esse
2908 2628 3049 2697 quod
3091 2644 3195 2683 non
3224 2629 3407 2696 dolet,
3452 2645 3553 2686 nec

264 2719 455 2772 vulnus
493 2715 809 2785 superducta
836 2720 958 2767 cute
978 2715 994 2745 ¹
1027 2712 1263 2766 sentiunt
1290 2728 1302 2764 :
1343 2710 1438 2766 sed
1479 2710 1781 2780 intelligant
1809 2720 2187 2779 perventurum
2218 2711 2286 2766 ad
2314 2713 2607 2768 sectionem
2628 2755 2644 2781 ,
2677 2715 2816 2785 quod
2851 2717 3095 2772 habuerit
3123 2729 3552 2788 perseverantem

265 2819 549 2865 tumorem.
581 2806 757 2861 Gratia
787 2805 876 2859 Dei
916 2813 969 2859 et
1017 2818 1118 2873 pax
1150 2802 1357 2857 Domini
1388 2802 1556 2856 nostri
1586 2801 1716 2856 Jcsu
1753 2801 1951 2857 Christi
1977 2812 2197 2858 coronet
2228 2813 2279 2859 te
2309 2804 2362 2858 in
2389 2805 2536 2860 omni
2568 2814 2808 2877 tempore
2831 2850 2845 2874 ,
2875 2817 2929 2864 ct
2950 2811 3309 2866 ambulantem
3337 2812 3404 2867 de
3440 2813 3551 2865 vir-

264 2911 377 2958 tute
408 2903 461 2956 in
492 2901 743 2955 virtutem
764 2898 1027 2969 gloriﬁcet
1054 2898 1106 2952 itt
1135 2909 1417 2963 teternutn,
1439 2895 1656 2951 domine
1679 2909 1813 2966 papa
1841 2895 2165 2963 beatissime,
2191 2896 2528 2953 i:.cﬁ'abiliter
2559 2899 2839 2970 tuirabiiis,
2864 2901 3350 2974 incomparabiliter
3377 2904 3550 2960 hono-

267 2995 452 3063 rande,
482 2992 921 3065 pracStantissitne
947 2999 1189 3060 patrone.

1111 3102 1443 3159 EPISTOLA
1482 3103 1691 3160 INTER
1728 3102 2282 3160 AUGUSTINIANAS
2319 3091 2576 3163 CCXXV]
2615 3107 2707 3180 (ὁ).

265 3201 490 3256 Domino
537 3197 878 3263 beatissimo,
926 3210 989 3252 ac
1032 3203 1144 3252 toto
1190 3194 1383 3251 aﬁ‘ectu
1429 3195 1814 3260 desiderando,
1867 3205 1923 3251 et
1977 3199 2200 3252 multum
2248 3198 2304 3253 in
2357 3199 2592 3273 Christo.
2633 3202 2973 3274 suscipiendo
3028 3205 3164 3276 patri
3208 3205 3546 3276 Aucusrtso,

1706 3289 1962 3346 lltuntus
1989 3287 2085 3363 (c).

334 3386 386 3440 1.
416 3385 470 3441 Si
501 3385 833 3441 cessantibus
862 3382 1340 3439 contradicentium
1372 3381 1759 3453 quaestionibus
1787 3392 1954 3452 gratae
1984 3390 2109 3437 sunt
2137 3382 2453 3455 plerumque
2478 3384 2835 3442 studiosorum
2863 3387 3257 3458 inquisitiones,
3291 3398 3346 3443 ut
3386 3389 3548 3444 etiam

261 3476 352 3531 illa
372 3517 386 3542 ,
418 3493 537 3547 quae
563 3476 764 3546 absque
790 3474 1030 3545 periculo
1055 3473 1446 3545 ignorarentur,
1479 3471 1753 3536 ediscant;
1784 3472 2015 3526 arbitror
2037 3472 2325 3541 gratiorem
2367 3476 2481 3528 lore
2506 3476 2841 3532 sedulitatem
2870 3488 3064 3534 nostra:
3096 3479 3397 3542 relationis,
3429 3498 3548 3549 qua:

260 3568 386 3623 dum
420 3568 617 3623 iudicat
646 3568 937 3623 secundum
965 3563 1322 3635 quorumdam
1353 3558 1753 3632 prosecutiones
1776 3560 2018 3631 qua-dam
2058 3560 2396 3616 adversantia
2438 3565 2645 3618 veritati
2664 3609 2679 3631 ,
2721 3582 2825 3622 non
2856 3577 2961 3623 tam
2996 3569 3095 3623 sibi
3126 3584 3282 3639 quam
3325 3570 3426 3625 illis
3457 3570 3548 3640 qui

263 3660 547 3714 turbantur
567 3666 623 3713 et
649 3658 884 3723 turbant,
916 3672 1010 3726 per
1037 3656 1319 3710 consilium
1350 3653 1660 3710 Sanctitatis
1687 3660 1791 3707 tua:
1819 3653 2013 3723 satagit
2038 3652 2327 3723 provideri,
2357 3652 2574 3711 domine
2593 3656 2920 3727 beatissime,
2949 3676 3011 3716 ac
3041 3668 3152 3716 toto
3178 3661 3371 3718 allecto
3402 3663 3547 3719 desi-

260 3750 517 3817 derande,
546 3759 599 3804 et
628 3749 851 3804 multum
880 3747 931 3803 in
961 3749 1172 3803 Christo
1200 3746 1536 3816 suscipiende
1563 3755 1730 3815 pater.

330 3840 386 3894 2.
422 3841 543 3895 llaec
572 3848 696 3895 sunt
721 3840 899 3909 itaque
927 3853 1047 3908 qure
1074 3838 1338 3898 Massilia),
1366 3837 1449 3890 vel
1476 3836 1592 3890 aliis
1611 3838 1772 3892 etiam
1802 3834 1935 3891 locis
1961 3836 2013 3890 in
2039 3835 2211 3894 Gallia
2236 3839 2581 3895 ventilantur.
2611 3839 2819 3897 Novum
2848 3851 2901 3899 et
2929 3843 3112 3900 inutile
3139 3860 3258 3901 esse
3286 3847 3543 3916 praedica-

263 3934 396 3989 tioni
423 3931 563 4002 quod
602 3931 817 4000 quidam
857 3928 1144 3982 secundum
1180 3928 1503 3998 propositum
1538 3927 1769 3997 eligendi
1795 3927 2060 3997 dicantur,
2088 3939 2147 3985 ut
2186 3931 2240 3987 id
2282 3947 2383 3987 nec
2418 3932 2660 4002 arripere
2690 3935 2898 3991 valeant
2928 3950 3025 3990 nec
3056 3945 3269 4003 tenere,
3300 3938 3400 3992 nisi
3428 3955 3546 3995 ere-

260 4028 419 4083 dt-ndi
451 4027 726 4082 voluntate
755 4025 968 4080 donata.
1000 4023 1220 4078 Excludi
1250 4034 1434 4093 putant
1461 4038 1674 4079 omnem
1705 4022 2033 4092 pratdieandi
2065 4024 2334 4095 vigorem,
2374 4026 2418 4081 si
2449 4026 2580 4081 nihil
2610 4027 2749 4097 quod
2782 4043 2874 4098 per
2900 4043 3020 4083 eum
3050 4028 3328 4094 excitetur,
3358 4031 3409 4084 in
3443 4030 3545 4085 ho-

262 4121 497 4176 minibus
549 4117 870 4174 remansisse
913 4117 1136 4170 dicatur.
1182 4113 1538 4170 Consentiunt
1579 4130 1793 4171 omnem
1837 4114 2105 4170 hominem
2151 4116 2203 4171 in
2244 4117 2414 4173 Adam
2456 4119 2716 4190 periisse,
2761 4135 2860 4174 nec
2891 4120 3013 4174 inde
3038 4136 3355 4192 quemquam
3389 4138 3545 4193 posse

263 4216 480 4285 proprio
523 4212 743 4267 arbitrio
789 4210 1002 4265 liberari
1031 4227 1044 4261 :
1078 4207 1172 4265 sed
1203 4208 1255 4264 id
1292 4209 1617 4264 conveniens
1654 4218 1901 4264 asserunt
1929 4208 2176 4277 veritati,
2220 4210 2304 4266 vel
2350 4227 2642 4281 congruum
2689 4212 3047 4281 praedicationi
3071 4255 3086 4278 ,
3132 4222 3214 4279 ut,
3265 4229 3383 4269 cum
3419 4230 3544 4281 [ιι-οη

262 4307 474 4371 stratis,
504 4315 556 4361 et
589 4320 858 4375 nunquam
894 4303 1004 4358 suis
1031 4302 1232 4356 viribus
1270 4301 1588 4357 sttrrccturis
1615 4302 1962 4357 annuntiatur
1992 4302 2296 4359 obtinenda:
2326 4304 2511 4359 salutis
2541 4304 2782 4371 occasio,
2824 4320 2889 4359 eo
2918 4306 3110 4360 merito
3144 4321 3250 4376 quo
3284 4306 3544 4362 voluerint

264 4410 319 4458 et
359 4399 705 4463 crediderint,
734 4415 763 4452 a
796 4414 892 4453 suo
920 4396 1108 4453 morbo
1133 4411 1192 4450 se
1218 4409 1374 4466 posse
1399 4395 1596 4457 sanari,
1629 4405 1683 4450 et
1708 4395 1874 4463 ipsius
1904 4396 2024 4451 ﬁdei
2052 4406 2392 4467 augmentum
2414 4438 2428 4459 ,
2459 4405 2512 4451 et
2542 4396 2703 4451 totius
2732 4397 2974 4451 sanitatis
3012 4412 3123 4451 sua:
3151 4409 3545 4469 consequantur

262 4492 530 4549 ellectum.
561 4493 825 4548 Caeterum
862 4491 926 4545 ad
974 4489 1176 4544 nullum
1214 4504 1347 4558 opus
1382 4487 1465 4543 vel
1498 4487 1854 4557 incipiendum
1875 4529 1891 4555 ,
1925 4489 2119 4544 nedum
2165 4488 2540 4559 perliciendum
2562 4528 2577 4552 ,
2611 4504 2929 4558 quemquam
2960 4489 3058 4544 sibi
3104 4488 3347 4545 snl‘ﬁecre
3385 4506 3543 4561 posse

259 4585 601 4639 consentiunt
626 4602 638 4636 :
670 4598 843 4649 neque
869 4580 1008 4636 enim
1038 4579 1193 4634 alicui
1221 4579 1368 4649 operi
1398 4578 1690 4633 curationis
1716 4594 1901 4634 eorum
1930 4578 2389 4634 annumeraudum
2417 4588 2626 4649 putant,
2656 4579 2909 4633 exterrita
2940 4588 2993 4633 et
3020 4579 3241 4649 supplici
3275 4581 3542 4639 voluntate

263 4689 693 4745 unumquemque
720 4684 976 4744 a'grotutu
1004 4671 1137 4726 velle
1161 4671 1359 4724 Sauari.
1390 4669 1542 4738 Quod
1570 4669 1711 4724 enim
1739 4668 1954 4735 dicitur,
1997 4667 2183 4734 Crede,
2222 4679 2268 4723 et
2306 4667 2476 4723 salvus
2514 4669 2646 4732 eris;
2675 4685 2835 4732 unum
2876 4669 3064 4723 borum
3093 4671 3227 4739 exigi
3260 4682 3536 4739 asserunt,

260 4767 403 4821 aliud
429 4765 644 4829 oll‘erri;
678 4774 734 4819 ut
764 4775 978 4834 prepter
1004 4761 1054 4816 id
1082 4761 1221 4831 quod
1250 4761 1502 4831 exigitur,
1543 4760 1585 4813 si
1617 4759 1878 4815 redditum
1906 4759 2099 4825 fuerit,
2138 4759 2188 4813 id
2217 4758 2356 4830 quod
2385 4758 2611 4814 oﬁ‘ertur
2637 4759 2889 4829 deinceps
2917 4761 3193 4814 tribuatur.
3223 4760 3373 4816 Unde
3405 4780 3534 4816 eou-

263 4869 495 4928 scqucns
523 4864 711 4925 putant
739 4853 1089 4908 exhibendam
1117 4851 1186 4906 ab
1216 4868 1281 4904 eo
1310 4851 1467 4904 [idem
1491 4893 1504 4915 ,
1533 4850 1688 4919 cujus
1716 4860 1918 4906 natura:
1945 4851 1994 4905 id
2027 4853 2295 4904 voluntate
2322 4849 2626 4905 Conditoris
2650 4866 2963 4907 concessum
3008 4861 3127 4914 est;
3159 4862 3212 4904 et
3244 4852 3439 4905 nullam
3471 4854 3538 4908 it.t

259 4948 607 5012 depravatam
639 4946 719 4999 vel
749 4945 1063 4998 ett-tinctam
1095 4951 1307 5013 putant,
1336 4953 1391 4995 ut
1419 4957 1523 4995 non
1555 4941 1748 4996 debeat
1777 4943 1857 4998 vel
1887 4942 2053 5011 possit
2082 4955 2140 4996 se
2170 4940 2307 4997 velle
2339 4942 2551 5008 sanari;
2586 4952 2803 5012 propter
2827 4941 2969 5014 quod
3003 4941 3083 4999 vel
3114 4953 3333 4998 sanetur
3360 4946 3479 5014 quis
3510 4963 3538 4998 a

326 5042 346 5111 ξ
378 5048 428 5111 tu
596 5037 724 5111 ημοίέ
745 5051 840 5087 non
862 5037 1040 5111 ἀριςηεν
1054 5050 1151 5111 ,ηεε
1176 5033 1728 5111 adsuescam!!!-

323 5103 396 5165 (a)
428 5110 534 5165 Pro,
559 5095 816 5165 hilarium,
843 5095 1073 5165 putabant
1097 5098 1275 5165 eruditi
1294 5096 1493 5165 quidam
1514 5095 1779 5165 legendum
1803 5109 1946 5165 esse,
1971 5102 2263 5165 Honoratum
2285 5108 2303 5148 :
2325 5095 2414 5165 sed
2439 5095 2645 5158 inspecti
2674 5107 2715 5165 7a
2757 5096 2901 5147 nobis
2933 5102 3040 5146 Mss.
3086 5096 3330 5165 Hilarium
3367 5109 3541 5165 omaes

262 5157 440 5214 ἴθιίυέιι.
464 5157 671 5212 Hilarius
693 5157 954 5224 porro'iste
978 5174 1041 5210 ex
1060 5157 1590 5224 Lcrinensi'_monachd
1607 5166 1803 5224 creatus
1825 5157 1929 5224 fuit
1950 5158 2245 5224 Arelatensis
2283 5157 2539 5224 episcopus
2564 5164 2698 5224 post
2722 5165 3031 5224 Honoratum,
3055 5170 3182 5207 anno
3212 5157 3304 5205 428
3342 5165 3436 5224 _aut_
3451 5157 3542 5207 4'39

261 5229 463 5275 ineunte
485 5217 735 5274 donatum.
759 5221 943 5284 Quippe
965 5229 1231 5284 Honoratus
1250 5219 1484 5284 sull'ectus
1503 5217 1729 5284 Patroclo,
1754 5219 1841 5284 qui
1860 5220 2100 5284 aunog426
2132 5221 2268 5284 juxta
2290 5217 2507 5284 Prospcri
2530 5217 2813 5284 Chronieum
2837 5219 3124 5269 interfectus
3146 5225 3241 5279 est,
3263 5218 3544 5270 cathedram

259 5288 612 5341 Arelatensem.
638 5291 767 5335 teste
790 5280 1028 5345 Honorati)
1050 5283 1328 5345 Massiliensi
1365 5282 1413 5330 in
1432 5282 1531 5345 Vita
1554 5282 1712 5345 Hilarii
1736 5280 2046 5341 Arelatensis,
2071 5280 2159 5345 per
2183 5280 2432 5332 biennium
2454 5280 2720 5344 occupavit.

345 5347 393 5408 b)
427 5346 629 5408 Epistula
652 5346 840 5397 scilicet
863 5342 1019 5408 Hilarii
1041 5343 1101 5394 ad
1125 5344 1455 5408 Augustinum,
1478 5343 1542 5391 de
1567 5343 2066 5408 eodem‘argumento.

345 5402 400 5474 ei
427 5402 828 5474 Hicprot‘ectqab
848 5405 1022 5474 Hilario
1044 5402 1329 5474 Arelatensi,
1352 5407 1433 5474 qui
1452 5404 1795 5474 Augustini_dc
1818 5402 2242 5474 f’ra’destiuatione
2265 5404 2588 5474 sententiam,
2612 5403 2975 5474 sicutiit’rosper
2996 5404 3044 5474 in
3068 5403 3323 5474 superiore
3343 5402 3544 5474 epistola

265 5465 444 5532 scribit,
471 5488 492 5514 α
517 5465 563 5518 in
587 5466 837 5532 querelam
861 5469 1142 5532 trahebat”
1172 5465 1627 5532 distinguitse‘ime
1651 5465 1862 5532 infra,n.
1893 5467 1966 5524 ll),
1985 5467 2335 5532 hisceret-bis:
2372 5484 2394 5511 ι
2417 5465 2530 5515 Milo
2552 5472 2716 5532 autem
2749 5465 2980 5514 sanctitas
2996 5472 3098 5532 _tua_
3124 5465 3311 5532 sichme
3342 5465 3545 5532 artntre-

267 5551 291 5577 σι
314 5540 391 5582 tur
414 5525 519 5580 iure
540 5525 775 5588 scribere,
792 5530 926 5591 quasi
949 5529 1013 5577 de
1030 5525 1104 5577 his
1125 5542 1237 5593 qua:
1261 5525 1385 5576 nunc
1404 5525 1594 5599 cdidiéti
1611 5540 1707 5637 eg:
1722 5528 1958 5577 dubitent.
1984 5527 2222 5591 signiﬁcat
2238 5535 2474 5590 praetcrea
2493 5541 2547 5576 se
2564 5528 2591 5589 ἰ,
2611 5529 2714 5577 sius
2742 5544 2762 5571 α
2782 5528 3053 5588 praesumite
3069 5525 3258 5576 deliciis
3276 5544 3296 5571 ν
3328 5525 3543 5601 aliquaa-

267 5593 324 5637 {in
349 5594 567 5637 nclitum.
605 5609 628 5636 α
651 5591 981 5637 uberitatsaue
1016 5590 1291 5637 salubribus
1333 5595 1564 5637 nutritum
1581 5605 1604 5632 to
1703 5591 1816 5637 Esse.
1863 5589 2047 5637 Deinde
2080 5603 2136 5637 se
2162 5589 2332 5637 Iaicum
2356 5603 2489 5637 esse.
2514 5601 2562 5637 ιι.
2588 5590 2620 5637 9
2653 5589 2852 5637 iudicat:
2878 5602 2934 5637 ac
2962 5596 3206 5637 rostremu
3231 5598 3543 5637 Attmtsttuutu

264 5593 324 5641 do
349 5594 567 5654 potitum.
605 5609 628 5636 σι
651 5589 981 5654 uberitiusque
1016 5589 1291 5654 salubribus
1333 5590 1564 5654 nutritum
1581 5605 1604 5632 ει
1648 5589 1819 5654 fuisse.
1863 5589 2047 5654 Deinde
2080 5603 2136 5654 se
2162 5589 2332 5654 laicum
2356 5603 2489 5647 ese,
2514 5601 2562 5637 ιι.
2588 5590 2620 5639 9
2653 5589 3206 5654 iudicat;_ac_postremo
3231 5589 3544 5651 Augustinum

264 5603 324 5641 an
349 5603 567 5644 ootttum.
605 5609 628 5636 α
651 5603 981 5652 uneruansque
1016 5603 1291 5639 satuortnus
1333 5603 1604 5639 cumtum»
1648 5603 1816 5639 m:sse.
1864 5603 2047 5639 uetnue
2080 5603 2136 5639 se
2162 5603 2332 5640 tatcum
2356 5603 2489 5647 esse,
2514 5603 2562 5637 ιι.
2588 5603 2620 5639 υ
2653 5603 2852 5646 tumeat;
2878 5603 2934 5637 ac
2982 5603 3206 5640 νοω-θηιο
3231 5603 3543 5651 angustiarum

261 5646 474 5721 appellat
505 5660 709 5721 patrem,
754 5652 817 5699 ab
860 5652 1063 5721 ipsoque
1108 5652 1312 5721 vicissim
1346 5651 1393 5699 in
1415 5651 1749 5721 subsequente
1776 5649 1898 5702 libro
1914 5650 1975 5700 de
2003 5651 2426 5703 Prtrdestinatione
2449 5660 2741 5713 Sanctorum,
2782 5665 2827 5699 tt.
2862 5649 2903 5711 l,
2930 5603 3054 5700 ﬁlius
3078 5664 3376 5713 ttuneutazur
3400 5666 3409 5701 ε
3437 5662 3543 5711 «γιῖιι

263 5713 381 5767 sane
409 5717 455 5764 in
490 5713 820 5765 .(t't-lateusctn
844 5726 890 5777 et
907 5713 1021 5775 iseo;
1039 5726 1118 5762 um
1144 5714 1338 5765 minimc
1362 5713 1670 5763 conveniunt.
2673 5742 2677 5751 ι
