3972 6178
408 277 544 336 955.
1419 268 1743 325 EPISTULA
1788 267 1943 326 llll.A
1961 266 2050 324 [ill
2088 267 2178 324 AD
2216 265 2674 324 AUGUSTINUM.
3567 276 3674 331 936

407 407 526 458 sua,
555 389 634 446 vel
656 431 671 454 ,
697 386 744 445 sl
768 385 1018 453 noluerit,
1041 400 1168 441 cum
1199 399 1293 440 sua
1324 382 1639 453 aegritudine
1667 382 2074 457 puniatur._Nee
2113 379 2294 452 negari
2315 379 2540 451 gratiam
2559 422 2573 444 .
2605 379 2654 436 si
2691 381 2992 452 praecedere
3020 383 3224 438 dlCJllll‘
3249 385 3368 440 talis
3394 386 3682 454 voluntas,

409 499 530 556 quae
559 492 759 537 tantum
806 479 1070 536 medicum
1109 483 1348 548 quaerat,
1393 490 1497 529 non
1539 484 1724 536 autem
1764 473 2052 544 quidquam
2099 474 2210 542 ipsa
2233 471 2565 542 jam-valeat.
2597 471 2730 526 Nam
2772 471 2858 527 illa
2899 473 3236 553 testitnmtia,
3276 483 3335 529 ut
3379 485 3466 530 est
3511 477 3683 545 iilud,

410 577 554 632 Sicut
579 573 840 642 unicuique
867 571 1082 642 partitus
1105 578 1180 624 est
1211 585 1498 624 mensuram
1529 567 1648 635 ﬁdei
1676 569 1852 638 (llam.
1894 583 1999 630 xu,
2031 565 2108 638 5).
2137 574 2192 621 ct
2220 565 2412 620 similia
2431 607 2448 632 ,
2491 565 2558 620 ad
2586 565 2636 620 id
2662 567 2846 622 volunt
2875 568 3086 634 valere,
3136 579 3191 623 ut
3213 569 3427 640 juvetur
3451 571 3542 642 qui
3569 587 3688 627 rae-

412 669 550 735 pcrit
591 663 757 728 velle,
806 677 910 716 non
950 669 1009 718 ut
1051 663 1212 715 etiam
1250 658 1478 715 donetur
1505 669 1563 714 ut
1591 660 1741 726 velit;
1793 659 2005 728 rejectis
2028 657 2095 714 ab
2125 662 2225 715 hoc
2253 658 2394 714 dono
2422 657 2542 712 aliis
2581 657 2780 728 pariter
2807 657 2946 724 rcis,
2987 668 3042 715 et
3065 660 3154 730 qui
3184 673 3402 731 possent
3437 663 3688 718 similiter

413 755 626 810 liberari
650 795 666 820 ,
694 754 737 808 si
768 769 828 810 ea
858 768 976 822 qua:
1005 753 1199 822 pariter
1226 750 1455 821 indignis
1479 760 1759 822 praestatur
1782 749 2033 806 credendi
2056 751 2340 816 voluntas,
2385 751 2544 807 etiam
2575 751 2704 822 ipsis
2733 751 2980 808 similiter
3005 761 3364 822 prmstaretur.
3397 755 3450 812 Si
3480 769 3684 822 autem,

411 847 588 912 aiunt,
623 846 830 900 dicatur
853 844 934 900 vel
968 845 1128 900 talem
1155 844 1401 898 omnibus
1436 843 1758 899 remansisse
1781 883 1797 909 ,
1835 859 1938 914 qua
1971 842 2058 898 vel
2089 852 2432 899 contemnere
2471 843 2590 914 quis
2620 843 2818 910 valeat,
2848 845 2932 901 vel
2973 845 3226 915 obedire,
3257 847 3326 904 de
3363 850 3683 917 compendio

419 954 606 1019 putant
627 947 886 1001 rationem
911 943 1056 999 reddi
1080 944 1370 998 electorum
1397 942 1477 998 vel
1502 941 1814 1010 rejectorum
1841 941 1978 996 ineo
2005 938 2148 1010 quod
2185 939 2466 1010 unicuique
2495 939 2742 1002 meritum
2779 939 3010 1011 propriae
3039 941 3324 998 voluntatis
3353 943 3686 1013 adiungitur.

488 1040 542 1092 ὅ.
583 1038 714 1092 Cum
741 1047 918 1092 autem
948 1035 1140 1090 dicitur
1165 1035 1262 1098 eis,
1290 1050 1454 1104 quare
1479 1035 1597 1087 aliis
1628 1033 1707 1086 vel
1732 1031 1926 1086 alicubi
1953 1031 2288 1102 praedicetur,
2319 1030 2402 1085 vel
2433 1045 2536 1086 non
2561 1029 2880 1102 praedicetur
2917 1031 3000 1086 vel
3029 1047 3168 1088 nunc
3193 1032 3514 1105 praedicetur
3537 1033 3684 1107 quod

416 1130 702 1200 aliquando
729 1143 863 1197 pene
887 1129 1152 1190 omnibus,
1182 1127 1320 1182 sicut
1349 1141 1490 1180 nunc
1517 1124 1780 1194 aihtuibus
1804 1125 2051 1194 gentibus
2077 1139 2180 1176 non
2210 1123 2552 1194 praedicatum
2595 1123 2704 1188 sit;
2733 1122 2916 1178 dicunt
2952 1122 3005 1180 id
3032 1123 3378 1194 praescientiae
3402 1139 3523 1180 esse
3549 1125 3690 1179 divi-

414 1241 496 1277 nae
515 1264 530 1290 ,
560 1232 614 1276 ut
635 1237 700 1277 eo
729 1232 967 1290 tempore
987 1261 1001 1285 ,
1034 1229 1088 1276 et
1117 1221 1220 1286 ibi,
1254 1230 1306 1274 et
1333 1220 1440 1275 illis
1469 1219 1665 1274 veritas
1690 1218 2094 1274 illlllllllliJl’ClUl‘
2113 1259 2127 1282 ,
2156 1219 2240 1272 vel
2265 1219 2631 1284 annuntietur,
2657 1217 2873 1288 quando
2895 1225 2951 1272 et
2982 1217 3073 1274 ubi
3101 1225 3540 1288 praenoscebatur
3564 1233 3690 1274 eSse

413 1317 702 1373 credenda.
736 1317 803 1371 Et
829 1317 929 1370 hoc
959 1331 1064 1369 non
1089 1315 1259 1369 solum
1303 1313 1526 1369 aliorum
1566 1313 1945 1368 catholicorum
1974 1312 2312 1379 testimoniis,
2349 1311 2447 1366 sed
2476 1311 2638 1366 etiam
2673 1309 2982 1365 Sanctitatis
3008 1319 3111 1364 ture
3137 1310 3500 1380 disputatione
3543 1312 3688 1364 anti-

414 1411 601 1479 quiore
627 1425 685 1464 se
732 1409 954 1478 probare
985 1416 1278 1470 testantur;
1318 1405 1405 1460 ubi
1434 1414 1611 1460 tamen
1641 1405 1882 1460 eamdem
1915 1406 2138 1475 gratiam
2165 1420 2269 1460 non
2295 1404 2500 1459 minore
2529 1402 2769 1458 veritatis
2799 1401 3176 1472 perspicuitate
3199 1402 3446 1461 docueris
3473 1421 3488 1459 :
3519 1411 3584 1458 ut
3605 1413 3690 1459 est

414 1500 540 1555 illud
565 1500 705 1569 quod
731 1499 862 1554 dixit
891 1499 1151 1553 Sanctitas
1187 1507 1274 1551 tua
1305 1498 1356 1550 iu
1402 1497 1694 1567 quaestione
1735 1507 1916 1551 contra
1963 1497 2338 1569 Porphyrium,
2363 1495 2431 1550 de
2471 1503 2712 1565 tempore
2735 1493 3037 1549 christiana:
3058 1495 3350 1564 religionis,
3380 1513 3400 1548 ι
3435 1505 3564 1551 tunc
3592 1511 3680 1552 vo-

416 1592 580 1647 luisse
609 1590 908 1645 ltominibus
935 1604 1196 1658 apparere
1235 1585 1524 1651 Christum,
1562 1587 1775 1656 etapud
1809 1603 1904 1643 eos
1937 1588 2214 1658 praedicari
2250 1587 2548 1642 doctrinam
2584 1600 2759 1652 suam,
2799 1585 3012 1656 quando
3047 1585 3250 1642 sciebat
3287 1595 3344 1641 et
3371 1587 3459 1642 ubi
3485 1587 3684 1643 sciebat

416 1695 556 1743 esse,
585 1682 673 1750 qui
705 1681 754 1734 iu
798 1697 918 1736 eum
947 1679 1156 1735 fuerant
1179 1679 1430 1734 credituri
1466 1697 1486 1730 ι
1537 1677 1729 1750 (Epist.
1763 1680 1883 1742 102,
1914 1689 2091 1750 quaest.
2119 1681 2174 1744 2,
2211 1697 2264 1734 n.
2298 1677 2387 1750 14)
2418 1696 2430 1732 a
2461 1678 2546 1733 vel
2577 1677 2705 1733 illud
2733 1677 2800 1732 dc
2831 1677 2966 1732 libro
3001 1679 3052 1732 in
3082 1677 3371 1745 Epistolam
3399 1678 3466 1733 ad
3491 1678 3688 1735 Roma-

416 1786 538 1836 nos,
577 1791 595 1822 ι
637 1771 773 1826 Dicis
799 1773 965 1842 itaque
993 1772 1136 1836 mihi,
1183 1769 1319 1836 Quid
1355 1771 1526 1824 adhuc
1551 1771 1909 1841 conqueritur!
1934 1787 2050 1825 nam
2083 1771 2326 1826 uoluntati
2352 1772 2462 1842 ejus
2483 1769 2597 1839 quis
2623 1769 2804 1824 resistit
2829 1767 3004 1840 (Rom.
3035 1785 3110 1836 ιι,
3134 1770 3222 1826 l9.
3259 1769 3324 1826 In
3357 1769 3692 1840 Expositione

415 1862 746 1932 quaeritantium
773 1862 1170 1932 propositionum
1197 1876 1261 1914 ex
1275 1858 1444 1930 Epist.
1475 1860 1544 1912 ad
1575 1860 1752 1921 Ιίοηι..
1785 1877 1992 1930 proper.
2025 1863 2114 1934 69)
2133 1862 2156 1916 ?
2176 1861 2276 1916 Cui
2303 1876 2433 1916 sane
2458 1859 2808 1930 inquisitioni,
2849 1877 2868 1912 ι
2903 1859 3100 1930 inquis,
3137 1879 3157 1912 ι
3189 1861 3268 1915 sic
3291 1861 3604 1936 respondet,
3635 1871 3696 1917 ut

423 1955 780 2024 intelligamus
809 1955 1168 2024 spiritualibus
1196 1953 1339 2013 viris.
1367 1953 1535 2008 etiam
1558 1968 1664 2006 non
1696 1954 1987 2008 secundum
2016 1966 2284 2012 terrenum
2315 1953 2584 2010 hominem
2626 1951 2944 2018 viventibus,
2980 1963 3162 2021 patere
3190 1968 3346 2021 posse
3375 1955 3544 2022 prima
3576 1969 3692 2010 nte-

419 2046 519 2098 rita
543 2045 660 2100 ﬁdei
689 2054 740 2099 et
763 2045 1064 2114 impietatis,
1085 2043 1351 2114 quomodo
1370 2044 1852 2112 Deuspracscieutia
1875 2045 2033 2113 eligat
2057 2045 2378 2110 credituros,
2403 2054 2458 2100 et
2475 2044 2692 2100 damnet
2705 2042 3008 2098 incredulos
3036 2059 3049 2096 :
3077 2059 3180 2099 nec
3195 2043 3317 2100 illos
3345 2060 3412 2100 ex
3433 2045 3692 2114 cperibus

424 2139 650 2206 eligens,
681 2153 776 2191 nec
808 2138 936 2190 istos
955 2152 1020 2191 ex
1050 2135 1297 2205 operibus
1322 2135 1617 2199 damnans;
1647 2135 1740 2190 sed
1767 2145 1820 2190 et
1847 2135 2056 2190 illorum
2083 2135 2202 2190 ﬁdei
2231 2145 2510 2206 praestans.
2539 2146 2596 2190 ut
2619 2135 2757 2192 bene
2775 2144 3084 2206 operentur,
3115 2144 3170 2191 et
3193 2135 3416 2190 istorum
3443 2137 3694 2208 impieta-

422 2238 526 2283 tem
553 2227 850 2284 deserendo
869 2227 1157 2292 obdurans,
1186 2234 1242 2281 ut
1265 2227 1403 2282 male
1419 2235 1728 2296 operentur.
1756 2245 1774 2277 ι
1799 2225 1865 2280 Et
1893 2227 2084 2282 iterum
2117 2228 2167 2280 in
2189 2227 2381 2284 eodem
2404 2227 2539 2282 libro
2553 2226 2800 2296 superius
2822 2246 2840 2282 :
2874 2245 2894 2280 ι
2921 2226 3176 2297 Equales
3199 2241 3388 2284 omnes
3419 2237 3544 2283 sunt
3569 2238 3696 2284 ante

428 2322 698 2384 meritum,
729 2335 833 2375 nec
856 2329 1026 2389 potest
1055 2321 1108 2375 in
1148 2320 1309 2376 rebus
1341 2319 1486 2374 omni
1517 2318 1678 2374 modo
1713 2319 2005 2388 aequalibus
2034 2319 2226 2374 electio
2251 2319 2679 2378 llOllllllal‘iJsed
2695 2320 2944 2390 quoniam
2969 2319 3204 2392 Spiritus
3225 2330 3442 2376 sanctus
3462 2337 3569 2377 non
3598 2321 3696 2376 da-

423 2419 512 2465 tttr
537 2411 634 2465 nisi
669 2411 1045 2475 credentibus;
1087 2423 1191 2464 non
1231 2409 1447 2480 quidem
1495 2408 1636 2464 Deus
1677 2409 1826 2478 eligit
1853 2423 2016 2478 opera
2058 2423 2176 2478 quae
2207 2409 2320 2478 ipse
2353 2409 2593 2479 largitur,
2639 2423 2760 2465 cum
2801 2409 2892 2464 dat
2923 2409 3178 2479 Spiritum
3215 2419 3478 2475 sanctum,
3513 2419 3573 2466 ut
3599 2413 3697 2482 pcr

423 2503 737 2560 cliatitatent
767 2501 902 2555 bona
930 2516 1214 2570 operemur
1241 2519 1255 2554 a
1283 2500 1378 2555 sed
1423 2509 1601 2556 tamen
1625 2499 1770 2570 eligit
1800 2499 1978 2565 tidem,
2019 2501 2142 2570 quia
2171 2501 2270 2554 nisi
2297 2500 2520 2571 quisque
2555 2500 2760 2564 credat,
2790 2509 2844 2556 et
2865 2501 2918 2556 in
2943 2501 3238 2570 accipiendi
3269 2502 3538 2558 voluntate
3563 2520 3694 2575 per-

425 2601 655 2656 maneat,
685 2607 792 2647 non
817 2592 1012 2661 accipit
1050 2591 1248 2646 donum
1279 2591 1394 2658 Dei,
1426 2591 1480 2648 id
1508 2602 1609 2658 est,
1655 2591 1912 2663 Spiritum
1941 2601 2201 2656 sanctum,
2231 2610 2326 2663 per
2369 2608 2526 2664 quem
2553 2593 2724 2650 inlusa
2751 2593 3014 2650 cbaritate
3043 2595 3240 2649 bonum
3263 2596 3430 2666 possit
3453 2603 3695 2664 operari.

424 2685 540 2740 Non
567 2700 698 2755 ergo
725 2685 866 2754 eligit
898 2699 1062 2755 opera
1089 2684 1401 2754 cujusquam
1433 2684 1488 2739 in
1519 2686 1872 2755 prarscieutia,
1911 2701 2028 2755 quae
2055 2691 2168 2754 ipse
2193 2685 2483 2740 donaturus
2511 2695 2590 2742 est
2619 2703 2635 2741 :
2664 2685 2759 2740 sed
2804 2685 2961 2742 Iidem
2987 2686 3137 2756 eligit
3157 2688 3210 2742 in
3231 2689 3590 2756 praesciuttia;
3634 2697 3714 2754 ut,

424 2794 581 2847 quem
607 2778 928 2834 crediturum
948 2793 1070 2833 esse
1097 2778 1376 2847 praescivit,
1405 2779 1575 2847 ipsum
1602 2778 1842 2847 eligeret,
1866 2778 1948 2831 cui
1973 2777 2224 2848 Spiritum
2248 2786 2490 2832 sanctum
2507 2777 2678 2844 daret,
2705 2785 2761 2831 ut
2787 2777 2922 2833 bona
2947 2779 3218 2848 operando
3247 2778 3408 2834 etiam
3435 2787 3696 2834 aeternam

425 2869 586 2922 vitam
611 2879 1045 2938 consequeretur.
1075 2869 1211 2924 Dicit
1237 2871 1379 2926 enim
1411 2869 1694 2940 Apostolus
1722 2885 1736 2924 :
1770 2868 1915 2924 Idem
1934 2869 2071 2924 Deus
2101 2871 2187 2938 qui
2219 2879 2461 2940 operatur
2490 2870 2660 2924 omnia
2685 2871 2737 2924 in
2757 2869 2988 2925 erunibus
3010 2869 3052 2944 (ι
3069 2869 3186 2926 Cor.
3212 2887 3306 2938 xu,
3325 2869 3402 2943 6).
3419 2869 3698 2941 Nusquam

427 2969 604 3014 autem
635 2959 832 3042 dictum
865 2969 964 3023 est,
1001 2961 1138 3014 Deus
1161 2961 1332 3016 credit
1355 2961 1533 3016 omnia
1577 2961 1629 3016 in
1657 2961 1906 3017 omnibus
1935 2979 1950 3016 :
1983 2963 2123 3032 quod
2151 2963 2293 3016 enim
2335 2961 2622 3026 credimus,
2655 2973 2896 3017 nostrum
2937 2972 3060 3028 est;
3092 2963 3232 3034 quod
3277 2973 3457 3018 autem
3501 2977 3699 3033 cpera-

424 3065 545 3104 ntur
570 3050 735 3102 illius:
763 3047 1054 3119 (Expositio
1076 3051 1409 3121 quarumdam
1433 3051 1804 3122 pepositionum
1829 3067 1893 3106 ea:
1919 3051 2082 3122 Epist.
2106 3052 2174 3104 ad
2199 3050 2375 3118 Rom,
2406 3069 2589 3123 propp.
2617 3054 2706 3120 ιε,
2735 3053 2850 3124 60).
2879 3053 2944 3108 Et
2967 3061 3161 3110 caatera
3187 3055 3242 3110 in
3271 3053 3461 3110 eodem
3491 3069 3694 3126 Opere;

425 3157 543 3211 quae
572 3154 630 3194 sc
655 3151 932 3210 acceptare
960 3151 1015 3196 et
1045 3142 1271 3211 probare
1299 3150 1577 3209 testantur,
1608 3152 1855 3213 tanquam
1883 3143 2253 3198 convenientia
2281 3144 2596 3214 evangelica:
2623 3143 2856 3199 veritati.

495 3231 549 3283 1ο.
581 3228 842 3284 Caeterum
868 3231 1274 3298 praescientiam,
1321 3234 1944 3304 ct'praedcstinationem,
1980 3236 2060 3290 vel
2107 3236 2456 3306 propositum,
2488 3235 2553 3290 ad
2574 3235 2624 3290 id
2657 3219 2834 3291 valere
2862 3236 3208 3302 contendunt,
3244 3246 3296 3293 ut
3325 3252 3420 3294 eos
3446 3237 3700 3308 prarscie-

428 3321 520 3385 rit,
550 3321 631 3376 vel
665 3324 1140 3393 prmdcstinoverit,
1175 3325 1257 3382 vel
1290 3328 1628 3396 proposuerit
1659 3328 1856 3398 eligere
1881 3328 1968 3398 qui
2007 3328 2215 3383 fuerant
2240 3327 2510 3384 credituri.
2543 3327 2651 3384 Nec
2675 3327 2744 3383 dc
2770 3327 2872 3384 hac
2913 3329 3017 3384 ﬁde
3045 3344 3203 3400 posse
3221 3329 3350 3396 dici,
3384 3329 3521 3398 Quid
3545 3331 3702 3386 habes

425 3412 559 3483 quod
584 3430 682 3468 non
722 3417 954 3486 accepisti
991 3417 1031 3488 (Ι
1063 3416 1180 3471 Cor.
1229 3433 1301 3484 tv,
1333 3418 1428 3489 7)?
1458 3435 1579 3474 cum
1617 3419 1670 3473 in
1714 3419 1899 3474 eadem
1945 3430 2129 3476 natura
2158 3421 2490 3488 remanserit,
2519 3421 2643 3477 licet
2670 3421 2872 3486 vitiata,
2898 3437 3016 3493 quae
3053 3423 3198 3492 prius
3225 3438 3353 3478 sana
3375 3439 3438 3478 ac
3461 3422 3701 3495 perfecta

425 3503 618 3560 donata
641 3505 728 3558 sit.
755 3507 904 3575 Quod
935 3518 1110 3564 autem
1137 3509 1266 3564 dicit
1289 3509 1556 3566 Sanctitas
1586 3520 1690 3575 tua,
1725 3512 1990 3567 neminem
2020 3527 2382 3584 perseverare,
2414 3513 2514 3568 nisi
2553 3513 2928 3584 perseverandi
2955 3513 3150 3569 virtute
3178 3525 3427 3585 percepta
3453 3531 3469 3580 ;
3514 3513 3700 3570 hacte-

428 3611 530 3650 nus
555 3598 841 3668 accipiunt,
876 3609 932 3655 ut
953 3601 1145 3671 quibus
1169 3601 1342 3666 datur,
1374 3602 1528 3658 iuet-ti
1551 3603 1692 3668 licet,
1721 3605 2038 3674 praecedenti
2068 3619 2242 3662 tamen
2272 3607 2486 3678 proprio
2513 3607 2736 3662 arbitrio
2762 3607 3024 3662 tribuatur
3054 3625 3070 3664 :
3098 3608 3240 3680 quod
3263 3608 3330 3664 ad
3362 3609 3466 3664 hoc
3491 3620 3696 3665 tantum

431 3687 654 3742 liberarii
682 3701 945 3760 asserunt,
975 3703 1030 3746 ut
1059 3694 1186 3748 velit
1213 3695 1296 3749 vel
1323 3695 1454 3750 nolit
1477 3695 1759 3752 admittere
1791 3697 2126 3752 medicinam.
2155 3700 2416 3754 Cartcrttm
2438 3708 2492 3754 et
2517 3701 2614 3770 ipsi
2641 3699 2938 3758 abominari
2963 3717 3023 3758 se
3051 3711 3106 3758 et
3129 3701 3386 3758 damnare
3414 3712 3698 3769 testantur,

437 3778 480 3832 si
509 3781 627 3850 quis
653 3783 934 3853 quidquam
965 3785 1156 3842 virium
1188 3787 1238 3840 in
1261 3785 1440 3857 aliquo
1462 3789 1805 3856 remansisse,
1834 3803 1939 3858 quo
1967 3787 2031 3843 ad
2059 3789 2336 3844 sanitatem
2365 3789 2610 3861 progredi
2637 3791 2825 3860 possit,
2869 3791 3155 3848 existimet.
3182 3790 3379 3847 Nolunt
3418 3799 3592 3848 autem
3624 3791 3698 3845 ita

425 3869 564 3928 hanc
592 3879 1039 3944 perseverantiam
1069 3878 1365 3946 praedicari,
1409 3889 1464 3934 ut
1490 3895 1594 3934 non
1635 3880 1716 3934 vel
1745 3881 2054 3950 suppliciter
2083 3880 2333 3946 emcreri,
2357 3881 2438 3937 vel
2477 3881 2648 3938 amitti
2676 3883 3062 3938 contumaciter
3081 3883 3269 3954 possit.
3292 3881 3406 3938 Nec
3427 3882 3496 3938 ad
3525 3883 3702 3938 incer-

426 3969 536 4016 tutn
564 3964 852 4020 voluntatis
889 3967 980 4021 Dei
1009 3967 1196 4022 deduci
1227 3983 1288 4023 se
1327 3968 1543 4034 volunt;
1586 3968 1674 4024 ubi
1699 3969 1796 4036 eis,
1845 3981 2100 4039 quantum
2131 3979 2320 4039 putant
2365 3971 2428 4025 ad
2459 3971 2808 4028 obtinendum
2850 3972 2934 4028 vel
2963 3971 3337 4038 amittendum,
3368 3971 3596 4028 evidens
3614 3980 3703 4027 est

427 4056 813 4128 qualecumque
842 4059 1046 4115 initium
1074 4061 1380 4118 voluntatis.
1411 4061 1543 4116 Illud
1571 4061 1729 4117 etiam
1759 4061 2123 4116 testimonium
2153 4062 2296 4131 quod
2336 4063 2578 4135 posuisti,
2621 4061 2823 4134 Raptus
2852 4074 2926 4118 est
2969 4081 3031 4118 ne
3062 4063 3256 4118 malitia
3285 4073 3500 4117 mutaret
3545 4065 3703 4117 intel-

323 4168 343 4210 ',
426 4147 608 4202 lectum
640 4151 748 4222 ejus
777 4150 934 4222 (Sep.
964 4169 1035 4216 tv,
1069 4154 1187 4224 ll);
1219 4160 1467 4224 tauquam
1497 4170 1600 4208 non
1645 4154 1958 4208 canonicum
2003 4151 2264 4207 deﬁniunt
2287 4154 2658 4210 omittendum.
2689 4153 2842 4210 Unde
2873 4155 3014 4209 illaut
3039 4155 3427 4226 praescientiam
3456 4155 3532 4210 sic
3558 4156 3704 4210 acci-

425 4238 595 4308 piunt,
627 4249 682 4294 ut
713 4252 928 4310 propter
955 4242 1111 4299 ﬁdem
1140 4243 1369 4298 futuram
1401 4244 1725 4314 intelligendi
1751 4245 1857 4298 sint
1882 4243 2110 4313 praesciti
2141 4263 2154 4295 ς
2179 4259 2278 4298 nec
2311 4245 2558 4316 cuiquam
2582 4245 2738 4300 talem
2765 4245 2882 4300 dari
2908 4247 3384 4317 persevcrantiam,
3410 4259 3563 4318 aqua
3588 4261 3702 4300 non

424 4330 762 4398 permittatur
787 4334 1126 4402 praevaricari
1147 4351 1162 4400 ;
1185 4333 1279 4389 sed
1309 4349 1338 4388 a
1368 4350 1471 4404 qua
1499 4335 1670 4405 possit
1697 4350 1792 4388 sua
1826 4335 2094 4388 voluntate
2121 4333 2350 4390 deﬁcere
2375 4344 2430 4389 et
2455 4336 2710 4390 inﬁrmari
2742 4333 2839 4408 (a).

499 4423 554 4478 5.
594 4424 854 4480 Asserunt
879 4437 987 4480 tum
1011 4427 1250 4482 inutilem
1275 4425 1586 4482 exhortandi
1609 4426 2066 4490 consuetudinem,
2099 4425 2145 4480 si
2182 4426 2312 4480 nihil
2345 4427 2397 4480 in
2429 4423 2646 4482 homine
2672 4427 2998 4484 remansisse
3018 4425 3246 4495 dicatur,
3269 4427 3409 4498 quod
3429 4430 3700 4496 correptio

424 4517 598 4573 valeat
627 4519 860 4574 excitare
889 4536 902 4572 :
931 4520 1070 4590 quod
1093 4519 1306 4590 quidem
1337 4521 1512 4574 inesse
1543 4529 1746 4574 natura:
1771 4521 1849 4574 sic
1875 4535 1934 4574 se
1957 4518 2138 4573 dicere
2165 4518 2502 4584 conﬁtentur,
2535 4529 2592 4572 ut
2621 4517 2720 4574 hoc
2747 4519 2862 4588 ipso
2883 4520 3026 4592 quod
3052 4521 3316 4591 ignoranti
3344 4521 3539 4576 veritas
3561 4535 3700 4590 prmo

423 4611 651 4677 dicatur,
683 4609 748 4663 ad
777 4609 1088 4666 beneﬁcium
1113 4611 1390 4682 praesentis
1414 4611 1597 4683 gratiae
1624 4611 1958 4667 referendum
1989 4611 2077 4664 sit.
2105 4609 2239 4665 Nam
2282 4610 2328 4666 si
2349 4612 2426 4666 sic
2461 4610 2821 4682 praedestinati
2854 4621 2998 4680 sunt,
3027 4613 3288 4682 inquiunt,
3320 4612 3385 4666 ad
3414 4621 3702 4682 utramque

428 4711 655 4774 partem,
686 4711 743 4756 ut
762 4701 828 4758 de
847 4701 969 4757 aliis
990 4701 1054 4756 ad
1074 4703 1210 4757 alios
1231 4703 1403 4757 nullus
1426 4703 1588 4772 possit
1607 4703 1900 4768 accedere;
1930 4717 2036 4773 quo
2059 4703 2284 4772 pertinet
2311 4711 2452 4758 tanta
2475 4703 2806 4760 extrinsecus
2827 4703 3180 4773 correptionis
3206 4703 3491 4758 instantia?
3513 4703 3568 4758 Si
3592 4719 3696 4757 non

425 4799 491 4856 ab
517 4799 754 4866 homine,
787 4798 884 4854 etsi
909 4814 1012 4854 non
1037 4798 1168 4852 ﬁdes
1189 4797 1411 4869 integra,
1435 4797 1618 4852 saltem
1643 4797 1722 4851 vel
1743 4796 1897 4852 dolor
1915 4805 2244 4866 compunctce
2266 4795 2588 4850 inﬁrmitatis
2607 4795 2866 4860 exoritur,
2887 4804 2979 4850 aut
3006 4796 3295 4866 periculum
3319 4795 3699 4851 demonstrate

428 4891 612 4946 mortis
623 4889 906 4946 horretur?
927 4888 1059 4944 Nam
1082 4889 1125 4943 si
1145 4905 1248 4944 non
1277 4888 1648 4958 potesttitncre
1674 4889 1810 4958 quis,
1834 4887 1972 4942 unde
1989 4896 2236 4950 terretur,
2261 4885 2361 4941 nisi
2381 4902 2444 4942 ea
2461 4887 2734 4942 voluntate
2749 4904 2867 4958 qua:
2889 4889 3154 4952 sumitur;
3182 4904 3287 4942 non
3306 4903 3369 4943 ex
3393 4903 3459 4942 eo
3476 4887 3699 4954 culpan-

424 4979 526 5034 dus
553 4979 694 5051 quod
727 4995 868 5035 nunc
887 4997 994 5035 non
1027 4979 1139 5034 vult
1165 4998 1178 5035 :
1206 4979 1298 5034 sed
1332 4979 1383 5033 in
1405 4994 1470 5035 eo
1491 4988 1540 5032 ct
1571 4994 1692 5033 cum
1715 4994 1780 5034 eo
1806 4979 1894 5048 qui
1919 4979 1996 5032 sic
2013 4977 2299 5048 aliquando
2320 4977 2508 5044 noluit,
2532 4986 2591 5032 ut
2613 4994 2729 5034 eam
2760 4979 3157 5056 damnationem
3183 4993 3301 5035 cum
3325 4979 3436 5034 suis
3469 4980 3698 5048 posteris

425 5083 720 5129 mereretur
748 5073 1041 5138 incurrere,
1069 5081 1128 5128 ut
1151 5086 1420 5142 nunquam
1461 5079 1627 5138 recta,
1656 5084 1870 5140 semper
1889 5080 2063 5126 autem
2088 5085 2246 5140 prava
2268 5071 2713 5141 velletappetere.
2736 5071 2792 5126 Si
2817 5082 2994 5126 autem
3017 5082 3099 5127 est
3120 5071 3520 5142 qualiscumque
3547 5071 3696 5126 dolor

424 5167 512 5232 qui
537 5165 605 5222 ad
630 5165 1050 5223 exhortationem
1075 5165 1412 5234 corripientis
1440 5164 1644 5218 oriatur
1670 5180 1682 5216 a
1715 5163 1852 5218 hanc
1880 5163 2046 5232 ipsam
2078 5162 2262 5218 dicunt
2295 5178 2509 5218 causam
2531 5203 2546 5230 ,
2587 5173 2803 5234 propter
2834 5177 2994 5234 quam
3017 5164 3098 5218 vel
3123 5164 3392 5232 rejiciatur
3411 5164 3580 5228 alius,
3615 5163 3696 5216 vel

423 5260 560 5318 alius
581 5266 884 5314 assumatur
907 5274 920 5310 :
943 5266 1101 5328 atque
1123 5257 1192 5310 ita
1213 5271 1318 5312 non
1341 5272 1476 5326 opus
1497 5270 1619 5310 esse
1642 5264 1818 5323 partes
1837 5255 2109 5318 constitui,
2132 5254 2323 5324 quibus
2345 5269 2444 5310 nec
2461 5253 2589 5324 adiit
2606 5255 2816 5310 iendum
2839 5258 2907 5311 sit
2929 5255 3148 5325 aliquid,
3173 5269 3270 5310 nec
3284 5253 3693 5309 detrahendum.

497 5351 550 5404 6.
589 5350 791 5407 Deinde
820 5349 1044 5405 moleste
1072 5348 1246 5404 ferunt
1276 5349 1346 5406 ita
1373 5347 1533 5404 dividi
1561 5349 1822 5418 gratiam,
1847 5363 1964 5418 quae
1990 5347 2071 5401 vel
2101 5354 2224 5401 tunc
2252 5346 2426 5417 primo
2455 5346 2652 5402 homini
2679 5347 2802 5402 data
2832 5356 2935 5414 est,
2966 5349 3047 5402 Vcl
3075 5363 3216 5404 nunc
3242 5348 3492 5404 omnibus
3519 5348 3694 5414 datur,

429 5457 448 5490 ι
486 5447 543 5494 ut
566 5439 655 5496 ille
678 5441 945 5512 acceperit
985 5440 1454 5510 perseverantiam,
1485 5456 1589 5494 non
1620 5455 1722 5510 qua
1752 5438 1902 5494 ﬁeret
1931 5447 1988 5492 ut
2018 5449 2402 5508 perseveraret,
2431 5439 2523 5494 sed
2548 5439 2665 5494 sine
2693 5455 2794 5510 qua
2823 5455 2918 5509 per
2947 5439 3170 5495 liberum
3201 5439 3478 5495 arbitrium
3511 5455 3694 5510 persc-

425 5571 638 5684 d;’(‘n’)nt«l
663 5579 808 5624 vetus
822 5572 974 5624 codex
995 5573 1130 5624 corb.
1157 5573 1216 5624 ad
1240 5580 1533 5638 sequentem
1557 5573 1850 5626 sententiam
1873 5573 1942 5624 sic
1959 5580 2153 5624 revocat
2177 5586 2189 5623 :
2218 5580 2271 5624 L'l
2293 5571 2534 5637 inﬁrmari
2555 5579 2772 5628 asserunt
2794 5578 2893 5627 tam
2913 5573 3076 5628 utilem
3110 5573 3405 5630 exhortandi
3448 5584 3691 5630 consuda-

463 5667 473 5681 ι
511 5647 536 5679 l‘
591 5665 604 5678 ο

463 5647 604 5681 auem.
