3972 6178
246 313 351 375 957
401 331 412 338 ”
1264 307 1592 364 EPISTULA
1635 305 1814 361 lliLM

1955 297 2018 354 ιῡ
2053 293 2523 356 AUGUSTINUM.
3423 299 3523 356 958

247 447 434 486 verare
461 445 566 486 non
593 435 774 500 posset
799 445 812 482 ς
837 439 980 480 nunc
999 437 1126 479 vero
1149 423 1350 478 sanctis
1375 423 1426 476 in
1452 437 1674 492 regnum
1705 437 1800 491 per
1817 422 2042 492 gratiam
2073 421 2464 495 prmdestinatis
2489 435 2595 477 non
2623 417 2730 474 tale
2755 415 3078 488 adiutorium
3111 418 3526 486 persevcrantize

246 521 422 586 detur,
451 521 545 576 sed
573 521 678 576 tale
705 527 764 572 ut
786 518 866 572 eis
889 516 1284 588 perseverantia
1311 514 1424 585 ipsa
1453 515 1715 580 donetur;
1745 528 1852 568 non
1879 513 2054 570 solum
2091 524 2149 570 ut
2185 515 2302 570 sine
2327 515 2428 568 isto
2453 512 2598 568 dono
2625 517 3030 580 perseverantes
3049 521 3172 564 esse
3193 523 3298 562 non
3325 509 3528 576 possim

233 629 432 682 verum
461 613 622 668 etiam
653 620 712 666 ut
741 626 834 679 per
859 611 960 664 hoc
985 607 1184 664 donum
1213 607 1424 662 nonnisi
1447 615 1856 676 perseverantes
1883 603 1992 661 sint
2025 623 2044 658 ι
2096 605 2320 677 (Supra,
2345 605 2408 658 de
2435 603 2764 674 Correptione
2779 612 2824 656 et
2847 600 3050 669 Gratia,
3081 617 3136 655 ιι.
3177 601 3384 670 29-38).
3437 599 3526 655 llis

249 702 428 758 verbis
451 701 757 757 Sanctitatis
783 709 888 754 tua:
915 700 985 754 ita
1033 709 1334 766 moventur,
1365 707 1424 754 ut
1463 697 1646 752 dicant
1671 697 1957 768 quamdam
1983 697 2409 766 desperationem
2453 697 2758 752 hominibus
2784 697 3047 752 exhiberi.
3073 698 3128 753 Si
3153 699 3318 765 enim,
3347 697 3518 763 aiunt,

243 790 314 848 ita
341 791 512 845 Adam
539 790 750 860 adjutus
779 797 881 850 est,
915 799 973 842 ut
997 797 1053 843 et
1080 801 1222 844 stare
1251 796 1432 860 posset
1461 789 1512 842 in
1531 787 1760 858 justitia,
1793 795 1850 842 et
1872 802 1901 840 a
1942 788 2146 856 justitia
2173 788 2464 856 declinare,
2487 799 2542 844 et
2567 803 2706 843 nunc
2729 789 2796 842 ita
2827 789 2998 844 sancti
3025 789 3298 858 juvantur,
3333 799 3389 842 ut
3419 789 3517 844 de-

243 882 452 938 clinare
481 897 590 936 non
619 880 842 950 possint,
875 880 922 934 si
957 880 1172 950 quidem
1201 895 1322 934 eam
1365 887 1690 949 acceperunt
1727 878 1941 934 valendi
1983 881 2455 948 perseverantiam,
2485 888 2544 934 ut
2580 880 2722 934 aliud
2761 879 2902 934 velle
2931 893 3036 933 non
3065 883 3305 950 possint;
3335 881 3415 935 vel
3443 882 3520 936 sic

243 972 460 1042 quidam
490 973 828 1038 deseruntur,
863 981 1034 1026 utaut
1057 987 1156 1026 nec
1183 972 1462 1035 accedant,
1497 979 1590 1026 aut
1613 971 1658 1026 si
1689 971 2016 1026 accesserint
2041 983 2094 1028 et
2120 971 2374 1027 recedant
2399 990 2414 1026 :
2437 973 2503 1026 ad
2535 973 2678 1026 illam
2721 975 3060 1030 voluntatem
3091 974 3408 1043 pertinuisse
3433 972 3522 1026 di«

241 1071 376 1118 eunt
399 1064 784 1118 exhortationis
818 1063 906 1118 vel
940 1063 1372 1118 comminationis
1401 1062 1706 1130 utilitatem,
1739 1079 1860 1134 quae
1887 1074 1942 1118 et
1975 1063 2294 1133 persistendi
2319 1074 2372 1120 et
2397 1065 2690 1120 desistendi
2719 1066 3000 1122 obtinebat
3029 1066 3248 1121 liberam
3281 1073 3521 1136 potesta-

241 1163 386 1214 tem:
413 1155 606 1210 nonad
637 1155 794 1217 hanc.
821 1155 908 1210 cui
939 1155 1078 1210 nolle
1104 1155 1368 1226 justitiam
1407 1155 1704 1210 iuevitabili
1733 1157 2052 1212 necessitate
2077 1157 2421 1226 conjunctum
2445 1167 2549 1224 est,
2587 1166 2784 1226 prmtcr
2815 1158 2959 1225 illos,
2991 1159 3080 1228 qui
3119 1159 3196 1213 sic
3235 1158 3516 1214 concreati

243 1257 373 1302 sunt
397 1247 478 1302 his
509 1247 598 1316 qui
629 1261 752 1302 eum
781 1248 1029 1302 universa
1057 1261 1232 1302 massa
1257 1247 1492 1302 damnati
1529 1257 1674 1312 sunt,
1705 1255 1764 1301 ut
1787 1247 2166 1316 exciperentur
2192 1263 2285 1317 per
2304 1249 2527 1318 gratiam
2560 1248 2840 1303 liberandi.
2876 1248 3025 1305 Unde
3055 1250 3106 1302 in
3135 1249 3236 1304 hoc
3261 1249 3376 1304 solo
3415 1265 3513 1302 vo-

243 1335 359 1390 lunt
388 1352 418 1391 a
459 1336 631 1406 primo
662 1336 876 1392 homine
899 1337 1137 1392 oninium
1167 1335 1368 1392 distare
1398 1346 1663 1404 naturam,
1711 1348 1772 1392 ut
1797 1338 1946 1392 illum
1984 1338 2201 1408 integris
2229 1339 2431 1394 viribus
2463 1340 2750 1394 voluntatis
2771 1340 2983 1410 juvaret
3011 1341 3176 1410 gratia
3222 1341 3516 1402 volentem.

243 1430 356 1484 sine
379 1445 484 1498 qua
511 1443 858 1498 perseverare
889 1443 994 1482 non
1024 1437 1266 1498 poterat:
1291 1430 1390 1483 hos
1415 1439 1594 1484 autem
1619 1431 1834 1486 amissis
1863 1438 1917 1484 et
1963 1429 2185 1499 perditis
2214 1431 2416 1484 viribus
2441 1429 2726 1485 credentes
2751 1439 2978 1494 tantum,
3005 1445 3112 1484 non
3137 1431 3312 1484 solum
3343 1432 3522 1500 erigat

242 1530 562 1588 prostratos,
593 1536 778 1576 verum
806 1521 968 1576 etiam
1011 1519 1278 1576 suﬂ'ulciat
1303 1521 1656 1576 ambulantes.
1687 1521 1952 1576 Caeterum
1977 1519 2366 1591 quidquidlibet
2389 1521 2644 1576 donatum
2667 1523 2736 1576 sit
2761 1523 3177 1591 przedestinatis,
3203 1522 3256 1576 id
3279 1535 3436 1591 posse
3461 1530 3522 1576 et

241 1610 414 1664 amitti
446 1620 500 1666 et
538 1612 756 1666 retineri
803 1611 1016 1680 pr0pria
1063 1611 1334 1668 voluntate
1375 1611 1706 1666 contendunt
1736 1609 1918 1682 :quod
1965 1621 2088 1668 tunc
2111 1611 2297 1666 falsum
2317 1621 2481 1680 esset,
2521 1613 2569 1667 si
2615 1627 2800 1668 verum
2829 1619 3078 1683 putarent
3106 1626 3227 1669 ea
3251 1611 3562 1681 quosdam.

242 1703 692 1770 perseverantiam
723 1702 1048 1772 percepisie,
1081 1709 1141 1754 ut
1168 1701 1266 1755 nisi
1289 1711 1694 1772 perseverantes
1723 1717 1845 1758 esse
1867 1719 1974 1758 non
2003 1704 2230 1772 possint.

313 1791 363 1844 7.
399 1791 526 1846 Inde
553 1800 634 1846 est
662 1792 804 1862 quod
831 1801 885 1846 et
915 1791 1042 1847 illud
1069 1792 1270 1861 pariter
1295 1807 1401 1846 non
1426 1791 1726 1861 accipiunt,
1759 1801 1816 1848 ut
1843 1793 2204 1863 eligendorum
2233 1793 2750 1865 rejiciendorumque
2777 1809 2896 1850 esse
2925 1793 3204 1850 deﬁnitum
3231 1809 3514 1848 numerum

239 1883 436 1936 velint'
470 1899 482 1936 :
524 1893 681 1954 atque
709 1884 848 1938 illius
869 1884 1149 1939 sententia:
1175 1883 1584 1954 expositionem,
1615 1901 1722 1940 non
1747 1900 1864 1941 eam
1891 1901 2008 1956 quae
2037 1901 2066 1938 a
2097 1895 2147 1940 te
2173 1895 2255 1942 cst.
2297 1887 2608 1958 deprompta
2640 1888 2930 1958 suscipiant
2955 1929 2969 1952 ,
2997 1888 3048 1942 id
3077 1895 3158 1942 est
3181 1928 3196 1956 ,
3227 1895 3284 1940 ut
3309 1885 3522 1941 nonnisi

237 1989 426 2030 omnes
461 1973 708 2030 homines
737 1975 913 2031 salvos
942 1973 1054 2031 ﬁeri
1077 1975 1203 2030 velit
1235 1992 1250 2042 ;
1279 1983 1330 2030 et
1359 1991 1467 2030 non
1507 1991 1600 2031 eos
1640 1985 1842 2032 tantum
1881 1978 1972 2048 qui
2015 1976 2082 2032 ad
2129 1987 2430 2032 sanctorum
2475 1993 2752 2032 numerum
2791 1977 3170 2048 pertinebunt,
3201 1977 3295 2032 sed
3335 1991 3522 2034 omnes

237 2069 457 2124 Omnino
479 2107 494 2132 ,
525 2075 582 2122 ut
611 2067 786 2122 nullus
820 2067 1082 2126 habeatur
1107 2075 1382 2138 exceptus.
1414 2067 1524 2126 Nec
1551 2067 1654 2124 hoc
1683 2068 1974 2124 timendum
1993 2110 2008 2134 ,
2035 2069 2177 2140 quod
2205 2068 2420 2140 quidam
2447 2083 2513 2124 eo
2541 2069 2706 2124 invito
2735 2070 2910 2139 perire
2941 2068 3188 2124 dicantur
3217 2085 3230 2122 :
3259 2067 3356 2124 sed
3385 2082 3523 2138 queo

237 2159 432 2226 modo,
473 2162 656 2227 aiunt,
695 2175 800 2214 non
839 2161 952 2215 vult
984 2175 1016 2215 a
1045 2175 1310 2231 quoquam
1339 2160 1548 2230 peccari
1579 2159 1660 2215 vel
1691 2159 1870 2215 deseri
1905 2159 2164 2230 justitiam
2185 2203 2199 2228 ,
2249 2170 2304 2215 et
2333 2169 2508 2214 tamen
2545 2161 2742 2231 jugiter
2769 2159 2858 2214 illa
2885 2159 3150 2216 deseritur
3175 2167 3360 2214 contra
3405 2159 3523 2228 ejus

239 2237 600 2316 veluntatem,
646 2251 1154 2320 committunturque
1193 2259 1406 2320 peccata
1435 2267 1450 2317 ;
1479 2251 1549 2306 ita
1589 2265 1714 2308 eum
1744 2251 1935 2306 salvari
1979 2251 2118 2308 velle
2159 2266 2348 2308 omnes
2379 2251 2656 2318 homines,
2705 2267 2804 2306 nec
2829 2261 3004 2306 tamen
3045 2265 3232 2306 omnes
3279 2251 3524 2306 homines

235 2342 430 2397 salvari
451 2344 494 2396 ¹.
526 2341 850 2399 Testimonia
889 2343 1052 2399 etiam
1077 2341 1368 2412 Scriptura:
1393 2357 1512 2412 qua:
1537 2343 1606 2396 de
1631 2341 1790 2398 Saule
1829 2343 1911 2397 vel
1938 2341 2006 2396 de
2035 2341 2196 2396 David
2239 2341 2462 2411 posuisti
2481 2385 2496 2406 ,
2533 2357 2640 2396 non
2672 2341 2938 2412 pertinere
2973 2351 3156 2411 putant
3179 2341 3246 2396 ad
3267 2341 3523 2412 quarstio-

239 2449 364 2490 nem
388 2477 403 2501 ,
431 2451 560 2506 qua:
589 2433 658 2490 de
687 2434 1060 2492 exhortatione
1095 2439 1340 2490 versatur
1367 2447 1382 2486 :
1414 2431 1514 2488 alia
1560 2444 1738 2488 autent
1773 2434 1838 2489 ad
1868 2434 1920 2489 id
1945 2433 2182 2488 referunt
2209 2475 2226 2502 ,
2255 2441 2316 2488 ιιι
2339 2447 2403 2490 ex
2443 2433 2530 2488 his
2557 2448 2674 2488 eam
2705 2435 2926 2504 gratiam
2955 2431 3218 2504 accipiant
3244 2445 3524 2488 commen-

237 2527 392 2594 dari,
439 2541 542 2598 qua
583 2525 948 2598 unusquisque
991 2535 1108 2596 pett
1139 2526 1461 2580 voluntatem
1501 2525 1758 2596 juvatur;
1789 2527 1870 2582 vel
1899 2525 1966 2582 ad
2006 2526 2176 2595 ipsam
2215 2527 2546 2582 vocatiunetn
2575 2567 2592 2593 ,
2623 2541 2742 2596 qua;
2789 2532 3071 2595 praestatur
3107 2525 3359 2596 indignis.
3407 2525 3520 2580 lloe

237 2618 382 2672 enim
436 2628 492 2673 et
549 2619 653 2675 illis
705 2618 836 2674 locis
887 2627 1096 2673 tuorum
1145 2616 1520 2688 opusculorum
1573 2626 1627 2674 et
1678 2619 1900 2674 aliorum
1929 2659 1944 2688 ,
1995 2633 2115 2689 quae
2181 2619 2428 2688 persequi
2487 2618 2704 2688 longum
2752 2626 2832 2672 est
2857 2657 2872 2686 ,
2921 2632 2980 2672 se
3025 2616 3392 2673 demonstrare
3438 2627 3524 2672 te-

235 2718 464 2764 alantur.

309 2801 364 2856 8.
405 2799 748 2856 Parvulorum
788 2809 962 2858 autem
1003 2817 1212 2858 causam
1239 2801 1306 2858 ad
1333 2802 1634 2874 exemplum
1673 2807 1936 2874 majorum
1979 2818 2086 2860 non
2116 2802 2386 2874 patiuntur
2417 2800 2595 2856 ail'erri
2637 2817 2652 2855 :
2693 2813 2852 2870 quam
2893 2808 2952 2854 et
2991 2807 3132 2854 tuam
3171 2797 3520 2855 Sanctitalem

236 2892 422 2948 dicunt
462 2903 682 2948 eatenus
713 2894 985 2964 attigisse,
1031 2905 1084 2949 ut
1125 2895 1383 2950 incertum
1423 2909 1543 2951 esse
1571 2895 1804 2950 volueris
1827 2936 1844 2962 ,
1883 2911 1951 2952 ac
1993 2895 2170 2966 potius
2195 2895 2262 2950 de
2289 2909 2476 2950 eorum
2505 2893 2677 2962 poenis
2703 2892 2954 2947 malueris
2979 2891 3232 2946 dubitari.
3269 2891 3422 2957 Quod
3467 2891 3520 2948 in

239 2985 375 3041 libro
405 2987 560 3042 tertio
590 2985 656 3041 de
699 2985 890 3042 Libero
916 2987 1149 3042 Arbitrio
1179 2988 1246 3041 ita
1285 2987 1511 3056 positum
1539 2977 1853 3056 meministi,
1887 2998 1944 3043 ut
1981 2988 2120 3044 hanc
2153 2989 2232 3043 eis
2255 2986 2591 3043 occasionem
2623 2984 2857 3054 potuerit
2897 2983 3169 3039 exhibere.
3197 2983 3312 3039 lloc
3355 2985 3514 3040 etiam

247 3077 304 3132 .le
329 3079 554 3133 aliorum
588 3079 736 3134 libris
755 3119 770 3145 ,
825 3094 1050 3150 quorum
1088 3089 1170 3134 est
1201 3079 1252 3134 in
1283 3077 1522 3134 Ecclesia
1565 3081 1854 3136 auctoritas
1881 3122 1895 3146 ,
1935 3079 2132 3136 faciunt
2155 3079 2294 3150 quod
2321 3079 2576 3152 perspicit
2594 3077 2858 3132 Sanctitas
2890 3085 2977 3130 tua
3010 3091 3116 3130 non
3147 3091 3336 3146 parum
3367 3091 3524 3147 posse

241 3170 424 3239 iuvare
452 3171 900 3238 contradictores,
931 3169 1032 3225 nisi
1063 3170 1264 3240 majora
1283 3211 1298 3233 ,
1329 3178 1420 3224 aut
1450 3179 1596 3226 certe
1633 3173 1714 3226 vel
1741 3173 1884 3242 paria
1923 3172 2262 3244 proferantur
2288 3185 2317 3226 a
2346 3171 2516 3226 nobis.
2547 3170 2662 3225 Non
2695 3169 2836 3224 enim
2863 3175 3070 3239 ignorat
3107 3169 3534 3242 prudentissima

239 3264 406 3333 pietas
447 3275 534 3318 tua
554 3305 567 3330 ,
599 3273 800 3336 quanto
842 3265 1019 3335 plures
1047 3263 1154 3319 sint
1179 3263 1230 3318 in
1255 3263 1520 3330 Ecclesia,
1552 3263 1641 3335 qui
1675 3267 1992 3322 auctoritate
2021 3265 2292 3320 nominum
2335 3264 2389 3318 in
2435 3263 2696 3318 sententia
2727 3271 3038 3328 teneantur,
3070 3269 3162 3314 aut
3187 3276 3216 3314 a
3249 3261 3512 3316 sententia

240 3354 648 3411 transferantur.
681 3357 762 3412 Ad
784 3373 1046 3412 summam
1069 3397 1088 3423 ,
1119 3355 1350 3430 fatigatis
1373 3357 1624 3412 omnibus
1647 3357 1802 3412 nobis
1826 3399 1840 3424 ,
1867 3358 1934 3412 ad
1965 3357 2016 3412 id
2049 3357 2350 3428 prosecutio
2374 3369 2558 3410 eorum
2581 3397 2600 3422 ,
2631 3355 2714 3410 vel
2744 3354 2920 3424 potius
2945 3353 3160 3424 querela
3187 3355 3520 3410 convertitur

237 3447 688 3502 consentientibus
716 3449 873 3504 etiam
917 3447 1002 3504 bis
1024 3489 1040 3516 ,
1071 3449 1161 3520 qui
1191 3451 1326 3504 hanc
1353 3447 1716 3505 definitionem
1747 3449 2048 3518 improbare
2077 3463 2182 3502 non
2228 3445 2458 3510 audent,
2502 3453 2554 3500 ut
2595 3445 2774 3499 dicant
2801 3464 2814 3499 :
2844 3444 2980 3511 Quid
3023 3460 3158 3514 opus
3197 3445 3292 3500 fuit
3321 3445 3512 3516 lnijus-

235 3541 442 3596 cemodi
472 3541 844 3611 disputationis
887 3542 1092 3597 incerto
1137 3547 1218 3596 tot
1262 3541 1436 3596 minus
1467 3540 1872 3610 intelligentiam
1901 3537 2064 3593 corda
2097 3537 2296 3592 turbari
2331 3535 2356 3588 ‘i
2401 3536 2582 3605 Neque
2614 3535 2756 3590 enim
2796 3537 2974 3591 minus
3013 3539 3216 3593 utiliter
3257 3539 3374 3593 sine
3422 3538 3522 3594 hac

237 3631 570 3699 definitione,
596 3634 744 3688 aiunt
761 3674 776 3700 ,
807 3641 883 3686 tot
912 3632 1066 3687 annis
1085 3647 1116 3687 a
1146 3640 1224 3688 tot
1247 3631 1648 3696 tractatoribus,
1681 3637 1758 3684 tot
1784 3627 2206 3698 prrecedentibus
2231 3625 2380 3682 libris
2401 3631 2454 3680 et
2481 3624 2582 3680 tuis
2608 3633 2662 3680 et
2682 3623 2908 3682 aliorum
2933 3667 2948 3694 ,
2977 3641 3098 3682 cum
3123 3636 3310 3684 eontra
3333 3628 3468 3683 alios
3489 3667 3508 3695 ,

237 3733 348 3778 tum
378 3725 608 3779 maxime
639 3733 824 3778 contra
855 3724 1166 3794 Pelagianos
1186 3765 1202 3790 ,
1237 3724 1556 3780 catholicam
1589 3720 1746 3776 iidem
1772 3719 1936 3776 fuisse
1963 3717 2260 3774 defensam.

311 3813 366 3868 9.
403 3814 526 3868 llazc
549 3855 564 3878 ,
596 3813 666 3868 mi
699 3823 881 3884 pater,
911 3821 964 3868 et
988 3813 1091 3868 alia
1117 3811 1583 3868 interminabiliter
1609 3809 1761 3880 plura
1781 3850 1797 3876 ,
1835 3816 1895 3864 ut
1920 3821 2130 3864 summa
2166 3821 2284 3862 mea
2311 3814 2431 3862 vota
2455 3807 2717 3863 conﬁtear
2739 3845 2758 3874 ,
2807 3823 2902 3878 per
2931 3823 3016 3864 me
3047 3809 3256 3866 deferre
3302 3811 3522 3868 maluis-

235 3920 350 3961 sem
379 3923 394 3968 ;
423 3905 510 3959 vel
535 3943 550 3968 ,
581 3907 704 3973 quia
735 3903 836 3958 hoc
865 3919 972 3956 non
1015 3902 1218 3969 merui,
1263 3903 1452 3957 saltem
1483 3901 1772 3970 prolixiora
1815 3908 2058 3968 tempore
2093 3899 2272 3954 omnia
2307 3900 2502 3969 quibus
2533 3909 2820 3955 moventur
2843 3941 2857 3965 ,
2896 3901 3122 3957 collecta
3150 3903 3380 3974 dirigere
3411 3919 3426 3968 ;
3461 3914 3522 3960 ut

235 3994 492 4068 quidquid
523 3993 589 4049 de
619 3994 718 4047 hac
745 4009 801 4048 re
823 3991 1204 4047 contradicitur
1227 4001 1491 4063 quatenus
1517 3991 1719 4054 refelli,
1747 3991 1864 4060 vel,
1898 3990 1942 4046 si
1973 3989 2024 4046 id
2050 4005 2156 4046 non
2185 4001 2394 4062 potest,
2423 3991 2637 4047 tolerari
2665 3991 2917 4058 deberet,
2957 3994 3196 4050 audirem
3231 4013 3244 4051 :
3277 3993 3370 4050 sed
3395 3997 3524 4065 quia

238 4101 486 4144 neutrum
517 4102 580 4142 ex
609 4095 734 4142 voto
763 4085 1043 4155 provenit,
1071 4084 1232 4140 malui
1261 4084 1530 4156 quomodo
1557 4083 1702 4153 potui
1725 4083 1840 4138 haec
1865 4081 2254 4153 comprehensa
2279 4082 2538 4154 dirigere,
2567 4097 2724 4154 quam
2755 4086 2963 4152 penitus
2987 4085 3054 4141 de
3085 4096 3230 4142 tanta
3261 4103 3519 4158 quorum-

238 4181 360 4236 dam
401 4177 821 4234 contradictione
849 4176 1093 4232 reticere.
1133 4175 1268 4232 Sunt
1306 4191 1372 4232 ex
1417 4184 1566 4247 parte
1592 4175 1722 4230 tales
1758 4189 2001 4244 persona:
2025 4216 2040 4240 ,
2064 4183 2123 4229 ut
2148 4173 2233 4229 his
2259 4175 2642 4230 consuetudine
2670 4175 3026 4232 ecclesiastica
3055 4177 3219 4233 laicos
3251 4195 3515 4235 summam

238 4271 592 4327 reverentiam
624 4283 844 4324 necesse
869 4268 936 4322 sit
965 4267 1238 4322 exhibere.
1267 4265 1420 4334 Quod
1451 4265 1666 4337 quidem
1715 4266 1786 4320 ita
1827 4261 2130 4320 curavimus
2175 4265 2282 4320 Deo
2302 4265 2522 4334 juvante
2549 4280 2784 4332 servare,
2821 4277 2896 4328 ut.
2930 4283 3049 4322 cum
3081 4284 3216 4337 opus
3247 4270 3362 4334 fuit,
3409 4289 3516 4326 nun

240 4371 537 4416 taceremus
561 4375 679 4430 quae
703 4360 767 4414 ad
789 4359 1096 4429 quaestionis
1121 4358 1278 4428 hujus
1299 4359 1647 4414 assertionem
1674 4357 1932 4428 exiguitas
1959 4365 2260 4412 nostrarum
2299 4355 2490 4412 virium
2519 4357 2853 4428 suggerebat.
2881 4360 2984 4416 Sed
3019 4376 3158 4416 nunc
3187 4367 3514 4428 sunnnatim,

241 4463 492 4521 quantum
525 4451 792 4504 festinatio
823 4449 1102 4519 perlatoris
1131 4449 1376 4512 admisit,
1403 4448 1518 4504 haec
1543 4449 1688 4504 velut
1715 4446 2106 4504 commonendo
2145 4448 2408 4519 suggessi.
2439 4447 2566 4504 Tute
2595 4459 2796 4504 sancta:
2823 4451 3116 4520 prudentiae
3150 4462 3234 4508 est
3259 4454 3523 4524 dispicere

240 4543 364 4612 quid
409 4543 548 4597 farto
575 4558 708 4612 opus
737 4541 840 4610 sit,
867 4551 924 4597 ut
953 4543 1140 4598 talium
1171 4551 1226 4596 et
1255 4549 1522 4596 tantorum
1550 4549 1829 4612 superetur
1855 4540 1938 4595 vel
1983 4549 2314 4610 temperetur
2356 4539 2599 4596 intentio.
2642 4541 2738 4596 Cui
2771 4557 2870 4612 ego
2893 4543 3004 4613 jam
3035 4561 3220 4616 parum
3271 4551 3526 4618 prodesse

240 4635 490 4690 existimo
523 4645 571 4688 le
597 4635 824 4690 reddere
853 4635 1110 4690 rationem
1135 4676 1151 4702 ,
1199 4635 1300 4690 nisi
1336 4643 1386 4690 et
1417 4634 1642 4690 addatur
1681 4635 1970 4690 auctoritas
2015 4649 2176 4704 quam
2217 4634 2514 4704 transgredi
2555 4635 2948 4708 infatigabilitcr
2993 4642 3322 4696 contentiosa
3365 4645 3524 4699 corda

241 4742 348 4780 non
389 4727 614 4794 possint.
643 4725 746 4781 Sed
775 4727 933 4796 plane
975 4725 1104 4782 illud
1134 4737 1308 4782 tacere
1335 4743 1442 4781 non
1471 4727 1670 4794 debeo,
1698 4725 1838 4796 quod
1883 4740 1944 4782 se
1969 4725 2148 4780 dicant
2175 4735 2317 4782 tuam
2359 4725 2704 4782 Sanctitatcm
2727 4769 2742 4794 ,
2773 4729 2872 4784 hoc
2903 4741 3155 4801 excepto,
3187 4733 3236 4786 in
3281 4733 3432 4788 factis
3472 4746 3528 4790 et

239 4813 398 4868 dictis
424 4815 667 4868 oninibus
695 4815 966 4870 admirari.
1001 4816 1170 4872 Tuum
1197 4818 1296 4872 erit
1331 4817 1622 4874 decernere
1652 4815 1921 4886 quomodo
1949 4817 2018 4873 sit
2045 4819 2096 4872 in
2119 4817 2222 4872 hoc
2253 4833 2438 4874 eorum
2467 4820 2822 4876 contradictio
2849 4823 3147 4878 toleranda.
3177 4825 3286 4880 Nec
3315 4828 3526 4884 mireris
3562 4845 3568 4858 ι

241 4905 382 4975 quod
411 4906 564 4960 aliter
594 4907 676 4960 vel
701 4907 877 4977 aliqua
905 4910 956 4962 in
989 4907 1088 4964 hac
1112 4909 1336 4978 epistola
1361 4907 1540 4962 addidi
1567 4951 1582 4976 ,
1623 4917 1876 4979 quantum
1901 4917 2058 4978 puto,
2089 4923 2210 4979 qua:
2241 4909 2290 4963 in
2321 4910 2598 4978 superiore
2639 4925 2744 4964 non
2795 4911 3034 4968 dixeram
3065 4931 3078 4981 ;
3111 4917 3230 4970 talis
3259 4927 3340 4972 est
3375 4919 3518 4974 enim

241 5015 382 5053 nunc
409 5015 592 5054 eorum
619 4999 857 5054 definitio
876 5043 892 5067 ,
924 5011 1118 5069 prmter
1145 5003 1230 5056 illa
1260 5017 1378 5072 quae
1410 5017 1504 5071 per
1533 5001 1928 5056 festinationem
1953 5011 2044 5055 aut
2067 5000 2388 5056 oblivionem
2419 4999 2648 5056 fortasse
2675 5004 2926 5072 prmterii.

319 5089 402 5144 l0.
445 5089 631 5146 Libros
653 5131 669 5158 ,
701 5107 822 5146 cum
853 5093 978 5146 editi
1009 5091 1237 5158 fuerint,
1261 5109 1394 5162 quos
1421 5093 1488 5148 de
1516 5095 1763 5147 universo
1791 5106 1960 5162 opere
1984 5103 2074 5146 tuo
2105 5093 2314 5146 moliris
2344 5091 2443 5164 (α),
2477 5093 2886 5162 qu:eso,habere
2909 5111 3210 5154 mereamur
3237 5117 3250 5163 ;
3291 5103 3526 5156 maxime
3561 5089 3564 5098 ’

241 5191 300 5234 ιιι
329 5197 426 5251 per
450 5197 632 5236 eorum
666 5184 1034 5238 auctoritatem
1056 5227 1070 5251 ,
1101 5185 1144 5238 si
1175 5201 1280 5254 qua
1311 5185 1402 5238 tibi
1435 5187 1485 5237 in
1515 5185 1616 5238 tuis
1641 5183 1958 5254 displicent,
1999 5199 2028 5238 a
2057 5183 2314 5253 dignitate
2355 5185 2425 5238 tui
2462 5187 2698 5242 numinis
2725 5191 2833 5254 jam
2867 5205 2972 5242 non
3003 5193 3190 5260 trepidi
3219 5207 3525 5263 Sequestre,

241 5287 380 5326 mus.
409 5271 624 5327 Librum
653 5275 812 5330 etiam
839 5275 904 5330 de
928 5275 1106 5330 Gratia
1137 5283 1194 5330 et
1215 5275 1408 5330 Libero
1434 5277 1670 5330 Arbitrio
1710 5293 1814 5330 non
1843 5277 2102 5332 habemus
2135 5292 2148 5342 ;
2179 5285 2422 5346 superest
2451 5286 2506 5331 ut
2537 5295 2688 5344 enin,
2722 5279 2844 5350 quia
2879 5282 3058 5336 utilem
3091 5287 3368 5354 qtta'slioni
3401 5303 3528 5340 (‘tztto

241 5365 486 5430 ﬁdimus,
519 5381 822 5422 mereamur
850 5369 1110 5437 accipere.
1143 5369 1276 5423 Nolo
1303 5381 1480 5424 autem
1510 5369 1776 5426 Sanctitas
1803 5379 1886 5425 tua
1909 5371 1986 5425 sic
2017 5385 2102 5424 me
2132 5369 2418 5424 arbitretur
2449 5369 2562 5426 haec
2580 5371 2844 5438 scribere,
2876 5376 3024 5443 quasi
3047 5375 3112 5430 de
3145 5377 3206 5432 iis
3229 5395 3346 5448 qua:
3380 5395 3410 5434 r
3455 5396 3520 5436 nc

241 5456 474 5526 edidisti,
506 5475 606 5530 ego
627 5460 882 5516 dubitem.
910 5461 1152 5518 Sui‘ttciat
1173 5463 1298 5516 mihi
1331 5479 1486 5533 prmia
1525 5479 1661 5530 mea,
1693 5463 1832 5534 quod
1861 5479 1888 5518 a
1919 5465 2217 5536 praesentia:
2249 5474 2348 5520 tua:
2385 5464 2590 5521 deliciis
2618 5469 2916 5532 exsolutus,
2951 5471 3034 5522 ubi
3083 5471 3366 5530 saluta-itu"
3425 5479 3524 5542 ’,ἐξ

307 5595 322 5652 ξ
358 5594 526 5645 ιιῖιιτιδδ
549 5603 674 5652 Mss,
701 5595 866 5646 nolint.

301 5647 319 5676 ³
367 5667 542 5718 magum
572 5647 698 5713 tussi,
725 5659 842 5706 tiu-Ne
867 5659 1056 5708 sclrm'i.

305 5721 376 5776 (ιι)
413 5729 590 5768 tltut‘act
613 5729 810 5770 ιιιηιιιιίιι
839 5723 980 5769 ίίὶιιιμ
1003 5723 1248 5784 ιιιι‹·ἲιι;,;ιι,
1289 5769 1294 5772 .
