4014 6186
306 327 402 384 961

305 468 408 522 qua
439 465 531 506 eos
556 447 645 521 qui
665 447 811 513 tales
838 452 961 501 sunt
986 486 1001 510 ,
1035 443 1103 497 ita
1129 458 1233 497 non
1266 441 1423 496 vultis
1444 455 1655 504 errare,
1695 447 1752 491 nt
1783 445 1904 507 post

307 553 386 598 tot
410 543 572 597 libros
600 540 667 595 de
693 538 792 593 hac
821 553 880 591 re
902 534 986 589 vel
1016 532 1266 604 epistolas
1293 546 1438 586 meas
1458 573 1472 598 ,
1499 528 1673 585 adhuc
1697 543 1782 582 me
1804 526 1903 581 de-

305 633 554 688 siderctis
598 630 721 686 hinc
759 620 1028 691 scribere,
1066 632 1267 680 tantum
1299 638 1420 677 amo
1443 663 1459 688 ,
1509 628 1762 692 quantum
1795 636 1901 675 non

306 738 523 795 possum
560 722 774 785 dicere;
806 726 863 773 et
913 726 1116 773 tantum
1154 731 1242 771 me
1270 730 1486 781 amare,
1520 723 1773 783 quantum
1803 712 1901 767 de-

307 816 438 884 beo,
472 831 577 871 non
598 814 771 871 audeo
796 811 997 867 dicere.
1020 809 1363 880 Quapropter
1389 822 1513 863 ecce
1544 805 1781 861 rescribo
1804 820 1899 858 xo-

305 910 389 965 bis
409 948 424 974 ,
445 917 499 964 et
530 909 650 963 licet
669 906 779 978 jam
804 920 911 960 non
955 903 1228 959 vobiscum
1249 943 1264 968 ,
1290 910 1469 955 tamen
1498 899 1656 953 etiam
1685 912 1779 968 per
1805 911 1902 952 vos

304 1000 480 1056 adhuc
507 1013 607 1069 ago
627 1040 642 1066 ,
670 997 811 1068 quod
840 1011 927 1052 me
945 995 1077 1052 satis
1099 993 1273 1065 egisse
1294 990 1599 1047 credebam.

373 1092 430 1146 9..
481 1089 844 1145 Consideratis
888 1087 1032 1142 enim
1077 1085 1267 1140 litteris
1312 1082 1507 1138 vestris
1551 1077 1899 1136 videre~mihi

309 1184 491 1238 πωροι·
509 1197 604 1237 eos
628 1182 849 1246 fratres,
881 1194 978 1249 pro
1006 1177 1198 1247 quibus
1216 1174 1401 1247 geritis
1424 1174 1561 1244 piam
1587 1186 1801 1233 curam,
1832 1185 1900 1226 ne

307 1282 524 1331 teneant
546 1272 809 1343 poeticam
834 1270 1155 1326 sententiam
1178 1309 1193 1329 ,
1214 1282 1317 1338 qua
1339 1266 1538 1320 dictum
1564 1273 1674 1331 est,
1712 1282 1731 1316 ι
1762 1262 1898 1333 Spes

306 1366 406 1421 sibi
428 1365 650 1435 quisque
677 1381 696 1415 ι
734 1361 971 1434 (Virgil.,
1002 1358 1217 1415 Eneid.
1245 1356 1334 1412 lib.
1367 1358 1428 1412 il
1452 1399 1468 1425 ,
1495 1373 1623 1412 vers.
1649 1353 1811 1425 509);
1843 1362 1899 1410 et

307 1457 361 1511 in
415 1455 543 1511 illud
568 1456 842 1510 incurrant
859 1450 1003 1523 quod
1041 1466 1145 1505 non
1172 1449 1413 1520 poetice,
1464 1447 1557 1502 sed
1589 1446 1897 1517 prophetico

306 1548 505 1603 dictum
524 1558 607 1603 est
621 1588 636 1612 ,
661 1544 966 1601 Maledictus
989 1543 1152 1597 omnis
1174 1542 1260 1612 qui
1279 1556 1420 1611 spent
1448 1538 1592 1593 habet
1625 1538 1676 1593 in
1696 1538 1898 1592 homine

308 1641 520 1713 (Jerem.
544 1654 654 1694 xvu
677 1680 693 1704 ,
724 1636 803 1711 5),
835 1634 1080 1693 eomodo
1119 1648 1240 1690 esse
1283 1630 1588 1687 tractandos
1610 1671 1626 1697 ,
1658 1645 1763 1700 quo
1799 1638 1898 1683 tra-

308 1731 471 1787 ctavit
501 1729 787 1801 Apostolus
806 1769 821 1792 ,
852 1727 1043 1798 quibus
1068 1725 1162 1788 ait,
1203 1722 1270 1777 Et
1290 1723 1335 1778 si
1360 1722 1483 1793 quid
1507 1722 1653 1776 aliter
1686 1719 1893 1790 sapitis,

310 1827 405 1875 hoc
423 1836 621 1891 quoque
642 1819 778 1873 vobis
802 1816 941 1871 Deus
966 1814 1219 1870 reuelabit.
1240 1812 1427 1868 Adhuc
1443 1812 1637 1882 quippe
1661 1810 1713 1864 in
1759 1824 1899 1878 quaa-

308 1916 486 1967 stlone
500 1911 727 1981 caligant
741 1908 808 1963 de
825 1905 1291 1979 put-destinatione
1312 1915 1619 1959 sanctorum
1646 1919 1660 1957 :
1684 1900 1776 1956 sed
1796 1899 1896 1955 ha-

313 2004 439 2059 bent
465 2001 607 2057 unde
633 2043 649 2068 ,
679 2001 722 2056 si
750 1999 875 2070 quid
904 1998 1063 2054 aliter
1087 1998 1140 2052 in
1166 2011 1229 2052 ea
1256 1996 1468 2066 sapiunt
1487 2036 1503 2062 ,
1545 1994 1648 2049 hoc
1685 2006 1897 2063 quoque

315 2094 417 2152 illis
445 2093 645 2147 revolet
672 2091 846 2157 Deus,
869 2090 912 2144 si
945 2088 995 2144 in
1017 2101 1082 2143 eo
1102 2086 1375 2156 ambulent
1396 2086 1447 2140 in
1464 2084 1607 2155 quod
1634 2097 1894 2154 pervene-

315 2196 455 2241 runt.
487 2184 712 2253 Propter
732 2181 875 2252 quod
904 2178 1190 2250 Apostolus
1214 2193 1337 2232 cum
1383 2177 1639 2241 dixisset,
1677 2174 1740 2229 Si
1771 2174 1897 2246 quid

311 2278 462 2330 «iter
480 2275 658 2345 sapitis
681 2314 697 2339 ,
720 2274 814 2327 hoc
837 2286 1031 2343 quoque
1051 2268 1187 2323 vobis
1218 2266 1353 2322 Deus
1366 2264 1600 2321 reuelabit
1628 2281 1646 2319 :
1676 2263 1895 2318 Verum-

314 2378 514 2430 tamen,
546 2364 751 2434 inquit,
793 2363 845 2416 in
868 2363 1002 2430 quod
1028 2360 1345 2431 pervenimus
1373 2400 1388 2424 ,
1418 2358 1471 2411 in
1502 2372 1559 2411 eo
1581 2354 1897 2410 ambulemus

318 2456 575 2528 (Philipp.
603 2471 690 2520 tu,
720 2455 816 2518 15,
842 2453 950 2525 16).
975 2452 1341 2507 Pervenerunt
1362 2456 1540 2504 autem
1583 2447 1669 2502 isti
1701 2446 1896 2502 fratres

313 2548 514 2612 nostri,
559 2560 656 2615 pro
680 2544 875 2614 quibus
909 2542 1137 2598 sollicita
1165 2550 1249 2597 est
1275 2540 1359 2610 pia
1409 2537 1642 2593 cbaritas
1668 2544 1844 2591 vestra
1877 2576 1892 2602 ,

313 2650 374 2696 ut
402 2638 623 2695 credant
659 2650 778 2692 cum
833 2635 1069 2691 Ecclesia
1089 2633 1324 2698 Christi,
1354 2637 1572 2700 peccato
1616 2627 1771 2696 primi
1798 2626 1897 2680 lto-

313 2731 475 2786 minis
498 2729 787 2783 obnoxium
816 2726 963 2781 nasci
992 2738 1162 2795 genus
1212 2723 1500 2776 humanum
1521 2759 1537 2785 ,
1570 2732 1669 2772 nec
1695 2715 1898 2771 abisto

312 2829 454 2884 malo
475 2826 574 2881 nisi
597 2840 691 2895 per
709 2821 969 2893 justitiam
998 2816 1218 2873 secundi
1248 2813 1483 2870 hominis
1502 2813 1733 2881 aliquem
1758 2809 1897 2866 libe-

313 2922 439 2978 rari.
466 2920 828 2976 Pervenerunt
850 2912 1011 2969 etiam
1032 2953 1047 2978 ,
1072 2918 1128 2965 ut
1154 2906 1433 2979 praeveniri
1471 2904 1774 2960 voluntates
1801 2902 1898 2957 bo-

313 3014 516 3070 minnm
549 3011 641 3066 Dei
673 3008 841 3080 gratia
892 3005 1156 3060 fateantur
1178 3043 1195 3070 ,
1234 3009 1394 3070 atque
1437 2997 1504 3054 ad
1533 2998 1734 3053 nullum
1762 3010 1899 3066 opus

312 3106 510 3161 bonum
531 3103 618 3157 vel
663 3096 1018 3170 incipiendum
1047 3094 1129 3151 vel
1173 3090 1552 3170 perﬁciendum
1580 3089 1683 3145 sibi
1708 3103 1897 3159 quem-

311 3212 471 3268 quam
500 3193 746 3250 sufficere
775 3168 947 3261 posse
972 3187 1330 3244 consentiant.
1363 3168 1602 3238 'Retenta
1628 3196 1756 3250 ergo
1797 3179 1897 3234 ista

311 3288 367 3343 in
395 3303 516 3358 qua:
544 3289 926 3354 pervenerunt,
966 3278 1253 3351 plurimum
1279 3289 1373 3331 eos
1420 3289 1450 3329 a
1493 3272 1896 3341 Pelagianorum

309 3394 497 3437 errore
522 3376 851 3431 discernunt.
900 3369 1126 3426 Proinde
1149 3410 1166 3436 ,
1220 3368 1265 3422 si
1318 3367 1372 3420 in
1411 3364 1491 3419 eis
1527 3362 1803 3418 ambulent
1843 3370 1899 3416 et

310 3478 469 3525 orent
484 3482 607 3522 eum
628 3465 719 3535 qui
747 3449 852 3519 dat.
869 3461 1228 3523 intellectum,
1279 3457 1324 3512 si
1361 3454 1486 3525 quid
1517 3453 1587 3509 de
1617 3451 1897 3524 praedesti-

312 3560 533 3615 natione
556 3556 711 3612 aliter
736 3540 952 3623 sapiunt
971 3592 986 3618 ,
1031 3551 1144 3620 ipse
1167 3548 1274 3603 illis
1315 3545 1420 3602 hoc
1446 3559 1657 3615 quoque
1694 3542 1899 3598 revela-

313 3650 393 3705 bit
422 3667 437 3705 :
468 3656 645 3702 tamen
667 3644 828 3700 etiam
854 3657 951 3697 nos
981 3638 1350 3710 impendamus
1374 3636 1455 3691 eis
1478 3634 1779 3690 dilectionis
1819 3631 1900 3687 af-

312 3740 509 3797 fectum
556 3735 1013 3803 ministeriumque
1058 3736 1354 3788 sermonis.
1411 3727 1550 3782 sicut
1604 3724 1766 3779 donat
1808 3722 1898 3778 ille

313 3845 471 3903 quem
495 3825 852 3898 rogavimus‘,
874 3832 936 3878 ut
959 3823 1013 3877 in
1045 3821 1126 3875 bis
1146 3818 1333 3874 litteris
1358 3830 1421 3873 ea
1446 3830 1564 3885 qua:
1592 3814 1696 3868 illis
1719 3821 1901 3869 essent

315 3930 436 3990 apta
463 3921 484 3950 ¹
509 3928 562 3974 et
591 3916 738 3971 utilia
766 3914 1084 3969 diceremus.
1102 3907 1255 3965 Unde
1278 3921 1419 3961 enim
1448 3905 1649 3959 scimus
1672 3919 1738 3959 ne
1762 3903 1900 3958 forte

318 4011 460 4067 Deus
484 4017 668 4064 noster
688 4005 738 4060 id
761 4019 856 4075 per
896 4002 1035 4056 hanc
1083 4008 1320 4055 nostram
1360 3995 1490 4051 velit
1514 3994 1729 4050 efficere
1779 4007 1899 4048 ser-

316 4103 575 4169 vitutem,
619 4114 725 4170 qua
750 4097 830 4153 eis
877 4095 934 4150 in
968 4091 1167 4148 Christi
1208 4090 1375 4145 libera
1422 4087 1682 4144 cbaritate
1726 4084 1898 4141 servi-

318 4193 469 4251 ltus?

387 4284 615 4343 CAPUT
642 4282 706 4338 ll.
736 4310 800 4322 --
831 4280 885 4334 3.
914 4277 1068 4333 Prius
1098 4275 1274 4345 itaque
1308 4271 1466 4327 ﬁdem
1494 4283 1595 4339 qua
1623 4265 1898 4325 christiani

315 4394 524 4444 sumus,
543 4377 741 4431 donum
765 4373 855 4428 Dei
878 4384 998 4425 esse
1017 4368 1275 4424 debemus
1300 4363 1585 4420 ostendere
1612 4378 1624 4415 :
1657 4360 1700 4415 si
1720 4371 1895 4414 tamen

314 4469 626 4541 diligentius
644 4465 698 4520 id
727 4462 902 4519 facere
927 4473 1209 4530 possumus
1232 4498 1246 4522 ,
1278 4469 1437 4525 quam
1460 4453 1513 4508 in
1539 4450 1899 4507 voluminibus

316 4571 395 4618 tot
422 4559 683 4627 tantisque
702 4555 813 4625 jam
853 4550 1098 4608 fecimus.
1140 4547 1247 4603 Sed
1296 4560 1438 4600 nunc
1462 4544 1540 4600 eis
1567 4540 1897 4613 responden-

314 4653 442 4709 dum
469 4664 591 4706 esse
632 4647 817 4711 video,
847 4643 937 4715 qui
966 4641 1144 4697 divina
1189 4636 1491 4695 testimonia
1510 4676 1524 4702 ,
1554 4649 1673 4706 qua:
1702 4633 1768 4688 de
1800 4631 1898 4686 hac
1924 4674 1937 4685 .

314 4760 374 4802 re
398 4741 737 4799 adhibuimus
753 4780 769 4805 ,
794 4736 859 4792 ad
887 4736 988 4790 hoc
1012 4732 1198 4788 dicunt
1222 4731 1402 4786 valere
1427 4770 1443 4795 ,
1484 4736 1542 4782 ut
1592 4724 1900 4781 noverimus

312 4852 381 4892 ex
408 4833 566 4890 nobis
585 4830 799 4902 quidem
821 4841 921 4882 nos
955 4825 1156 4880 habere
1184 4822 1354 4892 ipsam
1376 4819 1534 4874 ﬁdem
1556 4858 1572 4884 ,
1600 4816 1693 4872 sed
1722 4816 1897 4870 incre-

314 4939 553 4984 mentum
579 4925 696 4995 ejus
708 4938 776 4979 ex
802 4921 947 4976 Deo:
976 4926 1225 4986 tanquam
1248 4914 1381 4970 fides
1408 4926 1511 4968 non
1552 4911 1619 4966 ab
1666 4909 1780 4979 ipso
1800 4907 1896 4961 ιιι)-

314 5027 473 5075 netur
498 5014 651 5072 nobis
673 5055 690 5081 ,
713 5010 806 5067 sed
825 5010 894 5065 ab
920 5009 1036 5079 ipso
1056 5015 1258 5062 tantum
1284 5005 1306 5036 ³
1331 5010 1589 5073 augeatur
1639 5000 1689 5054 in
1721 4998 1896 5062 nobis,

315 5124 382 5164 eo
398 5106 590 5161 merito
614 5145 629 5171 ,
661 5116 766 5173 quo
786 5100 949 5168 erepit
970 5115 999 5152 a
1022 5096 1176 5152 nobis
1200 5093 1243 5148 ⁸.
1269 5092 1386 5148 Νοιι
1407 5107 1533 5160 ergo
1549 5088 1816 5144 receditur
1832 5088 1899 5142 ab

315 5213 379 5255 ea
407 5195 669 5253 sententia
686 5235 702 5260 ,
728 5207 886 5263 quam
917 5187 1161 5260 Pelagius
1181 5186 1295 5257 ipse
1316 5188 1369 5239 in
1391 5182 1680 5253 episcopali
1698 5179 1900 5250 judicio

316 5288 636 5353 Palaestino,
676 5286 813 5340 sicut
853 5282 1041 5338 eadem
1093 5277 1255 5336 Gesta
1301 5283 1593 5342 testantur,
1644 5272 1899 5328 damnare

382 5484 561 5552 fruiti.
583 5480 667 5552 ille
701 5493 843 5552 quem
863 5490 1121 5552 rogamus.
1162 5473 1442 5552 soalliensis
1468 5480 1567 5533 33s.,
1607 5469 1895 5537 rogavimus.

382 5548 406 5581 ³
425 5553 530 5595 uss.
545 5545 766 5594 Gallicani
792 5551 844 5593 et
861 5545 1086 5598 Vaticani,
1111 5545 1295 5600 aperta.

386 5607 408 5641 ³
428 5618 524 5656 Αιιι.
550 5614 623 5656 Er.
650 5615 700 5656 et
715 5613 843 5664 Mss,
865 5611 1039 5654 tamen.
1064 5596 1386 5651 Loranieuscs
1408 5609 1471 5648 er
1497 5596 1772 5660 conjectura
1795 5606 1900 5643 cor-

314 5677 570 5729 rexerant,
594 5675 792 5719 ttmtum.

385 5732 511 5783 “seu
535 5722 658 5792 uss,
683 5728 906 5794 quoniam
927 5724 1069 5792 capit
1090 5738 1121 5775 a
1143 5722 1292 5774 nobis.

1197 320 1395 376 LIBER
1435 320 1523 376 DE
1560 316 2214 375 PRAEDESTINATIONE
2246 317 2679 376 SANCTORUM.

3488 324 3621 386 962'

2010 437 2321 505 compulsus
2348 443 2463 504 est,
2493 455 2511 488 ι
2547 435 2780 492 Gratiam
2814 437 2906 494 Dei
2932 439 3224 497 secundum
3268 442 3457 497 merita
3495 459 3592 499 no-

2007 536 2118 583 stra
2146 527 2259 582 dari
2296 528 2410 600 (a);
2449 548 2469 583 ι
2504 529 2546 584 si
2575 546 2678 585 non
2722 532 2951 601 pertinet
2976 533 3040 588 ad
3070 534 3161 589 Dei
3200 536 3420 606 gratiam
3450 537 3590 606 quod

2004 620 2226 676 credere
2249 621 2508 690 coepimus
2531 664 2545 687 ,
2568 622 2661 677 sed
2692 622 2819 678 illud
2866 624 3041 694 potius
3061 626 3203 696 quod
3247 636 3462 697 propter
3490 627 3592 682 hoc

2002 711 2159 766 nobis
2185 710 2431 776 additur,
2466 721 2521 765 ut
2561 712 2769 782 plenius
2804 712 3204 785 perfectiusque
3248 716 3532 770 credamus
3572 735 3587 770 :

2002 816 2066 857 ac
2093 817 2186 871 per
2215 801 2349 868 hoc,
2382 803 2591 858 initium
2620 804 2740 860 fidei
2765 815 2961 861 no:trae
2997 808 3200 876 priores
3219 807 3407 863 damus
3437 808 3545 863 Deo
3569 851 3586 875 ,

2005 900 2061 948 ut
2082 893 2402 948 retribuatnr
2420 895 2571 949 nobis
2597 903 2651 950 et
2674 897 3101 967 supplementum
3127 899 3280 969 ejus;
3308 908 3362 954 et
3387 900 3430 955 si
3461 900 3590 971 quid

2001 983 2141 1038 aliud
2167 983 2395 1042 ﬁdeliter
2412 986 2702 1054 poscimus.

2072 1074 2126 1129 4.
2160 1072 2264 1129 Sed
2292 1087 2476 1131 contra
2518 1077 2632 1133 haec
2674 1094 2771 1133 cur
2798 1093 2901 1133 non
2930 1081 3104 1148 potius
3144 1078 3387 1135 audimus
3418 1098 3431 1133 :
3465 1080 3590 1146 Quis

2000 1164 2143 1235 prior
2168 1164 2307 1219 dedit
2353 1167 2398 1219 ei
2421 1208 2437 1233 ,
2465 1177 2512 1220 et
2548 1170 2849 1222 retribuetur
2873 1170 2995 1224 illi?
3018 1172 3255 1239 quoniam
3284 1187 3347 1225 ea:
3373 1172 3513 1242 ipso.
3541 1182 3588 1225 et

2002 1271 2092 1326 per
2118 1255 2285 1327 ipsum
2304 1296 2320 1321 ,
2363 1258 2482 1311 etin
2504 1258 2615 1326 ipso
2648 1268 2764 1312 sunt
2791 1260 2961 1313 omnia
2993 1259 3169 1326 (Rom.
3199 1277 3248 1315 xu
3267 1302 3282 1327 ,
3314 1262 3383 1317 55
3408 1303 3423 1327 ,
3452 1262 3539 1331 36)
3564 1262 3588 1314 ?

2000 1347 2070 1403 Et
2098 1348 2267 1419 ipsum
2294 1350 2451 1420 igitur
2482 1351 2688 1405 initium
2722 1351 2839 1406 ftdci
2878 1362 3107 1417 nosme,
3134 1369 3197 1407 ex
3226 1370 3362 1422 quo,
3393 1355 3490 1408 nisi
3523 1370 3587 1408 ex

2000 1437 2119 1508 ipso
2142 1441 2262 1494 est?
2290 1438 2473 1510 Neque
2501 1440 2644 1495 enim
2676 1441 2778 1496 hoc
2824 1452 3047 1513 excepto
3073 1458 3138 1498 ex
3170 1445 3286 1514 ipso
3324 1452 3448 1499 sunt
3485 1460 3587 1498 cai-

2002 1535 2114 1583 tcra
2150 1547 2162 1583 :
2192 1528 2285 1584 sed
2303 1546 2367 1585 ea:
2389 1532 2498 1600 ipso
2518 1572 2534 1597 ,
2563 1540 2610 1585 et
2634 1549 2725 1603 per
2746 1533 2911 1603 ipsum
2936 1574 2950 1597 ,
2983 1544 3029 1587 et
3052 1535 3103 1587 in
3124 1536 3234 1604 ipso
3254 1544 3371 1590 sunt
3393 1537 3584 1589 ontnia.

1999 1617 2130 1684 Quis
2158 1627 2333 1674 autem
2361 1620 2503 1675 dicat
2525 1636 2647 1676 eum
2675 1624 2763 1693 qui
2782 1622 2892 1692 jam
2914 1624 3077 1693 cwpit
3106 1625 3328 1680 credere
3352 1666 3366 1689 ,
3399 1626 3467 1680 ab
3495 1627 3586 1681 illo

2000 1710 2053 1766 in
2075 1726 2230 1782 quem
2270 1713 2497 1769 credidit
2536 1714 2668 1769 nihil
2697 1716 2927 1771 mereri?
2957 1715 3112 1771 Unde
3159 1716 3217 1770 ﬁt
3243 1726 3300 1771 ut
3325 1717 3433 1787 jam
3470 1733 3583 1772 me-

1996 1804 2137 1861 renti
2159 1814 2351 1862 ert-tera
2381 1805 2626 1862 dicantur
2652 1807 2771 1863 addi
2801 1808 3151 1864 retributione
3175 1809 3350 1865 divina
3374 1828 3389 1871 ;
3412 1826 3475 1865 ac
3494 1828 3587 1881 per

1998 1894 2102 1952 hoc
2128 1898 2350 1968 gratiam
2376 1899 2470 1954 Dei
2501 1899 2792 1954 secandum
2824 1900 3011 1954 merita
3053 1911 3231 1957 nostra
3257 1902 3369 1957 dari
3403 1921 3417 1956 :
3445 1903 3586 1973 quod

1998 1990 2264 2060 objectum
2290 1991 2391 2046 sibi
2418 1991 2682 2062 Pelagius,
2715 2007 2782 2046 ne
2806 1992 3153 2047 damnaretur
3174 2035 3190 2061 ,
3222 1994 3336 2065 ipse
3365 1993 3588 2049 damna-

1998 2082 2096 2136 vit.
2139 2079 2390 2152 Quisquis
2433 2082 2593 2152 igitur
2625 2082 2763 2140 hanc
2802 2083 3160 2140 damnabilem
3199 2086 3309 2140 vult
3343 2101 3408 2139 ex
3439 2086 3583 2140 omni

2000 2184 2151 2244 parte
2170 2176 2336 2230 vitare
2364 2178 2708 2239 sententiam,
2743 2178 3010 2232 veraciter
3054 2177 3312 2248 intelligat
3350 2177 3582 2243 dictum,

1998 2266 2140 2337 quod
2171 2267 2457 2337 Apostolus
2483 2267 2557 2320 ait
2599 2285 2612 2321 :
2665 2265 2817 2321 Vobis
2842 2267 3087 2322 donatum
3110 2277 3187 2323 est
3208 2285 3299 2338 pro
3329 2267 3528 2322 Christo
3563 2308 3577 2329 ,

2001 2372 2100 2409 non
2125 2355 2291 2409 solum
2317 2366 2370 2408 ut
2391 2354 2604 2409 credatis
2628 2356 2689 2409 in-
2705 2372 2818 2409 eum
2835 2399 2848 2421 ,
2868 2372 3038 2409 verum
3061 2357 3209 2410 etiam
3233 2366 3288 2409 ut
3316 2357 3585 2426 patiamini

2000 2462 2092 2515 pro
2121 2461 2178 2499 eo
2212 2443 2467 2516 (Philipp.
2493 2461 2507 2499 ι
2534 2486 2547 2509 ,
2575 2445 2689 2516 29).
2721 2444 3020 2516 Utrumque
3051 2446 3066 2476 ¹
3099 2445 3336 2500 ostendit
3369 2447 3460 2501 Dei
3485 2445 3587 2499 do-

1999 2550 2155 2600 num,
2208 2535 2328 2604 quia
2358 2544 2641 2604 utrumquc
2669 2534 2802 2590 dixit
2845 2551 2967 2591 esse
3007 2536 3282 2590 donatum.
3313 2534 3423 2591 Nec
3465 2538 3540 2590 ait
3569 2578 3585 2603 ,

2005 2623 2070 2679 Ut
2102 2624 2306 2693 plenius
2326 2632 2383 2679 et
2397 2624 2683 2693 perfectius
2702 2624 2937 2681 credatis
2966 2624 3019 2680 in
3045 2640 3202 2692 eum;
3234 2626 3329 2682 sed
3350 2667 3365 2693 ,
3394 2636 3450 2680 ut
3475 2642 3586 2681 cre-

1999 2714 2131 2768 datis
2156 2715 2207 2768 in
2229 2730 2363 2768 eum.
2386 2714 2496 2769 Nec
2515 2730 2575 2770 se
2599 2716 2771 2784 ipsum
2795 2716 3215 2771 misericordiam
3237 2727 3585 2772 consecutum

1999 2804 2167 2872 dixit,
2197 2813 2254 2859 ut
2280 2805 2518 2873 ﬁdelior,
2545 2805 2639 2861 sed
2670 2815 2727 2860 ut
2755 2805 2928 2862 fidelis
2961 2817 3105 2862 esset
3135 2807 3177 2880 (ι
3202 2807 3322 2863 Cor.
3351 2824 3441 2873 ru,
3469 2808 3584 2881 25).

1986 2897 2123 2967 .quia
2146 2896 2348 2952 sciebat
2375 2910 2483 2952 non
2509 2912 2570 2952 se
2600 2897 2808 2952 initium
2843 2896 2967 2954 ﬁdei
2988 2914 3100 2954 sum
3125 2901 3352 2969 priorem
3379 2900 3590 2955 dedisse

2003 2988 2147 3055 Deo,
2187 2995 2245 3043 et
2294 2988 2613 3044 retrihntum
2666 2988 2769 3042 sibi
2818 2989 2886 3044 ab
2940 2988 3034 3044 illo
3061 2989 3178 3059 ejus
3206 3000 3584 3060 augmentum;

1991 3079 2094 3145 sed
2122 3079 2190 3133 ab
2215 3088 2280 3134 eo
2307 3094 2366 3134 se
2390 3078 2587 3133 factum
2615 3079 2824 3136 fidelem
2846 3122 2860 3146 ,
2891 3095 2920 3133 a
2941 3095 3049 3152 quo
3086 3090 3142 3136 et
3193 3081 3466 3152 apostolus
3507 3081 3588 3137 fa-

2000 3176 2116 3223 ctus
2146 3177 2247 3223 est.
2275 3167 2406 3223 Nam
2432 3169 2627 3239 scripta
2658 3170 2957 3225 suntetiam
2990 3170 3111 3227 ﬁdei
3141 3171 3257 3241 ejus
3282 3173 3427 3226 initia
3450 3172 3584 3242 (Act.

2000 3257 2080 3334 Ix)
2099 3300 2115 3327 ,
2146 3268 2375 3331 suntque
2403 3261 2763 3319 ecclesiastica
2785 3262 2983 3317 celebri
3006 3264 3028 3293 ²
3051 3262 3285 3318 lectione
3313 3264 3587 3319 notissima

2000 3349 2100 3425 (b).
2130 3352 2365 3406 Aversus
2389 3353 2585 3422 quippe
2608 3366 2640 3406 a
2677 3351 2781 3407 ﬁde
2803 3368 2961 3423 quam
2992 3354 3266 3421 vastabat,
3317 3355 3472 3426 eique
3497 3371 3589 3411 ve-

2001 3444 2281 3501 hementer
2308 3443 2565 3500 adversus
2585 3485 2601 3511 ,
2633 3454 2857 3514 repente
2891 3452 2974 3500 est
3019 3445 3087 3499 ad
3132 3446 3276 3500 illam
3302 3448 3467 3517 gratia
3493 3462 3590 3518 po-

2000 3537 2230 3592 tentiore
2274 3551 2602 3601 conversus;
2633 3544 2984 3592 convertente
3017 3536 3109 3590 illo
3146 3538 3231 3592 cui
3286 3537 3388 3593 hoc
3414 3539 3587 3608 ipsmn

2000 3624 2208 3682 facturo
2238 3643 2332 3698 per
2352 3629 2661 3697 prophetam
2693 3628 2714 3660 ³
2734 3629 2933 3684 dictum
2961 3637 3072 3696 est,
3108 3628 3185 3684 Tu
3210 3633 3590 3688 convertensri-

2000 3717 2226 3786 viﬁcabis
2255 3734 2346 3772 nos
2374 3716 2542 3790 (Psal.
2572 3733 2767 3774 untv
2789 3759 2804 3784 ,
2829 3715 2884 3790 7)
2919 3736 2932 3771 :
2967 3726 3027 3772 ut
3052 3734 3158 3773 non
3196 3721 3369 3775 solum
3402 3737 3467 3776 ex
3494 3736 3590 3776 no-

2003 3810 2143 3865 lente
2168 3809 2321 3866 ﬁeret
2346 3811 2536 3865 volens
2561 3809 2818 3876 credere;
2852 3825 3036 3864 verum
3067 3809 3227 3864 etiam
3250 3825 3318 3863 ex
3348 3824 3591 3879 persecu-

2002 3910 2118 3958 tore
2165 3901 2592 3972 persecutionem
2638 3900 2689 3953 in
2717 3900 2831 3969 ejus
2861 3899 2979 3954 ﬁdei
3001 3940 3016 3965 ,
3045 3914 3202 3972 quam
3231 3902 3591 3970 persequeba-

2004 4003 2091 4049 tur
2112 4034 2127 4061 ,
2158 3970 2471 4048 defensione
2494 3999 2783 4061 pateretur.
2810 3990 3074 4046 Donatum
3101 3970 3299 4061 quippe
3320 3991 3394 4045 illi
3417 4000 3533 4046 erat
3556 4007 3587 4048 a

2001 4086 2213 4143 Christo
2232 4127 2248 4150 ,
2278 4101 2383 4140 non
2409 4085 2580 4139 solum
2608 4095 2665 4139 ut
2686 4083 2997 4140 erederetin
3018 4098 3143 4139 eum
3163 4125 3180 4154 ,
3207 4099 3396 4140 verum
3425 4085 3587 4141 etiam

2002 4185 2060 4233 ut
2088 4184 2358 4247 pateretur
2388 4190 2485 4246 pro
2504 4189 2589 4230 eo.

2073 4271 2127 4326 5.
2156 4271 2223 4325 Et
2251 4268 2372 4325 ideo
2414 4266 2796 4323 commendans
2836 4266 2991 4322 istam
3020 4274 3245 4337 grattam
3267 4307 3284 4332 ,
3325 4282 3445 4337 qua:
3482 4283 3587 4323 non

2002 4362 2158 4419 datur
2185 4358 2476 4416 secundum
2503 4358 2678 4427 aliqua
2702 4357 2888 4412 merita
2910 4398 2924 4422 ,
2950 4357 3043 4411 sed
3064 4355 3227 4412 efﬁcit
3248 4358 3424 4411 omnia
3447 4358 3587 4413 bona

2004 4451 2193 4509 merita
2224 4469 2236 4504 :
2268 4448 2386 4503 Non
2414 4448 2531 4519 quia
2554 4449 2722 4502 idonei
2748 4463 2923 4502 sumus
2942 4488 2957 4510 ,
2991 4445 3196 4516 inquit,
3222 4447 3445 4517 cogitare
3484 4447 3587 4502 ali-

2002 4544 2123 4614 quid
2148 4542 2295 4614 quasi
2314 4557 2377 4594 ex
2399 4538 2768 4610 nobismetipsis
2788 4578 2804 4604 ,
2849 4539 2939 4592 sed
2979 4537 3278 4608 suﬂicientia
3306 4547 3480 4593 nostra
3524 4554 3588 4593 ea:

2004 4637 2111 4691 Deo
2140 4646 2209 4689 est
2241 4632 2304 4703 (Il
2331 4632 2448 4688 Cor.
2475 4647 2565 4695 ιιι,
2597 4630 2672 4701 5).
2698 4630 2989 4684 Attendunt
3029 4630 3148 4695 hic,
3175 4638 3228 4685 et
3276 4631 3434 4686 verba
3485 4631 3586 4686 ista

2004 4725 2332 4799 perpendant
2353 4766 2367 4790 ,
2398 4724 2485 4792 qui
2520 4731 2707 4793 putant
2731 4736 2797 4775 ex
2826 4720 2981 4776 nobis
3006 4736 3126 4777 esse
3161 4721 3282 4778 ﬁdei
3311 4730 3543 4791 emptum
3569 4762 3586 4786 ,

2003 4830 2057 4875 et
2080 4835 2149 4875 ex
2180 4819 2290 4873 Deo
2315 4831 2435 4871 esse
2478 4815 2595 4870 fidei
2625 4814 3076 4884 supplementum.
3114 4812 3244 4880 Quis
3294 4814 3437 4868 enim
3480 4829 3586 4868 non

2002 4909 2213 4975 videat,
2263 4907 2409 4977 prius
2436 4921 2557 4959 esse
2605 4890 3038 4975 cogitare-qnam
3089 4903 3353 4960 credere?
3393 4904 3589 4960 Nullus

2004 5003 2198 5074 quippe
2217 4998 2387 5056 credit
2412 4996 2609 5067 aliquid
2632 5037 2647 5065 ,
2679 4997 2776 5052 nisi
2808 4997 2954 5066 prius
2975 4996 3287 5066 cogitaverit
3324 5010 3445 5051 esse
3474 5011 3591 5053 cre-

2067 5155 2085 5185 ί
2113 5159 2221 5200 Lov.
2243 5186 2257 5209 ,
2311 5154 2573 5208 Vtrumque
2800 5146 2979 5209 Abest,
3010 5144 3168 5202 enim,
3208 5147 3271 5209 ab
3307 5144 3415 5195 aliis
3434 5142 3587 5209 libris.

2067 5217 2087 5246 ²
2110 5205 2392 5262 δολιηίειιείδ
2419 5205 2522 5266 .\ls.,
2543 5208 2802 5259 celebrata.
2829 5207 2915 5258 Αιιι
2945 5215 3052 5258 Mss.
3077 5221 3187 5258 eum
3210 5207 3372 5267 editis,
3391 5205 3587 5258 celebri.

2069 5277 2088 5308 ³
2107 5273 2271 5322 Plures
2293 5279 2419 5335 Mss,
2443 5285 2536 5335 per
2563 5268 2878 5335 prophetiam.

2066 5337 2138 5456 5a)
2172 5336 2287 5384 Vide
2313 5328 2486 5383 librum
2508 5328 2574 5383 de
2596 5328 2752 5381 costis
2769 5330 2964 5393 Pelagii,
2990 5343 3037 5378 n.
3058 5328 3137 5379 30.

2087 5399 2135 5456 b)
2169 5397 2440 5446 Lectionem
2468 5401 2660 5443 actuum
2685 5391 3013 5454 Apostolorum
3036 5391 3083 5438 in
3107 5396 3137 5437 Ε

2087 5386 2135 5460 ὁ)
2169 5397 2440 5460 Lectionem
2468 5401 2660 5443 actuum
2685 5386 3013 5454 Apostolorum
3036 5391 3083 5438 in
3107 5386 3315 5460 Ecclesia
3337 5388 3591 5460 celebrem

2002 5449 2136 5516 dicit,
2153 5458 2280 5521 quod
2300 5458 2395 5520 jam
2421 5465 2520 5505 tum
2538 5469 2626 5504 usu
2643 5449 2893 5521 receptum
2910 5460 3065 5521 esset,
3086 5459 3141 5501 ut
3160 5449 3442 5521 sclenmiter
3456 5461 3593 5514 quot-

2003 5512 2141 5570 annis
2161 5512 2473 5581 repeteretur
2498 5525 2718 5581 tempore
2737 5512 2960 5581 P'a__s_chali.
3006 5532 3030 5559 ι
3046 5520 3188 5581 actus
3204 5512 3547 5581 Apostolorum,
3560 5529 3583 5557 ιι

2002 5586 2068 5632 ait
2092 5584 2140 5630 in
2163 5574 2394 5629 sermone
2417 5580 2524 5635 513,
2567 5574 2616 5627 ιιῖ
2660 5579 2699 5634 l,
2735 5594 2756 5623 ι
2778 5574 2903 5624 liber
2927 5581 3004 5624 est
3036 5574 3101 5623 de.
3124 5585 3307 5636 canone
3330 5575 3588 5636 Scriptura.

2010 5657 2163 5692 «rum
2187 5657 2198 5692 :
2225 5644 2330 5703 ipsi:
2353 5640 2480 5689 liber
2504 5640 2669 5703 incipit
2692 5638 2790 5700 legi
2815 5650 2842 5687 a
2874 5639 3112 5688 Dominioo
3146 5635 3353 5698 Pascha,
3377 5635 3501 5687 Stt'ut
3534 5645 3593 5684 se

2013 5722 2037 5745 κ
2055 5700 2353 5762 consuetudo
2378 5703 2524 5751 habet
2546 5700 2783 5751 t-lcelesize.
2811 5713 2832 5747 ι
