4014 6186
433 345 539 403 963

436 458 689 516 dendum.
723 449 974 522 Quamvis
1000 446 1140 502 enim
1179 427 1383 514 raptim
1405 486 1419 509 ,
1449 439 1691 514 quamvis
1739 437 2018 492 celerrime

435 547 687 608 credendi
730 547 1054 601 voluntatem
1107 541 1347 612 qttzt‘dntn
1380 536 1766 608 cogitationes‘
1803 542 2024 588 antevo-

437 645 579 708 lettt,
607 653 841 708 moxque
880 638 965 691 illa
1004 639 1076 688 ita
1105 641 1387 702 sequatur,
1424 639 1480 684 ut
1515 628 1663 698 quasi
1697 623 2025 695 conjunctis-

437 737 569 792 sima
608 731 929 793 comitetur;
975 741 1196 782 necesse
1239 732 1317 778 cst
1351 731 1528 778 tamen
1571 727 1629 774 ut
1673 717 1850 772 omnia
1903 727 2022 786 qua

435 823 758 888 creduntur,
790 817 1145 890 prtcveniente
1173 813 1494 884 cogitatione
1513 809 1815 866 eredantur.
1845 805 2024 874 Quané

437 930 595 986 quam
620 920 674 968 et
699 913 871 982 ipsum
915 909 1168 971 credere,
1199 903 1328 958 nillil
1357 901 1500 957 aliud
1552 911 1668 965 est,
1717 913 1874 987 quam
1903 911 2024 952 cum

438 1005 748 1062 assensione
773 1004 1026 1072 mgitare.
1053 1000 1167 1054 Non
1185 999 1325 1054 enim
1350 995 1523 1051 omnis
1547 993 1634 1064 qui
1661 991 1876 1062 cogitat,
1907 1003 2028 1044 cre-

437 1101 552 1165 dit;
605 1113 726 1152 cum
768 1095 890 1150 ideo
921 1092 1156 1164 cogitent
1209 1089 1479 1160 plerique,
1515 1100 1582 1139 ne
1631 1081 1852 1138 credant
1885 1097 1897 1133 :
1931 1078 2026 1135 sed

440 1191 639 1260 Cogitat
665 1185 838 1241 omnis
857 1183 948 1256 qui
975 1183 1177 1248 credit,
1204 1189 1256 1235 et
1275 1177 1544 1234 credendo
1581 1175 1815 1246 cogitat,
1853 1179 1908 1226 et
1935 1186 2029 1226 co-

437 1279 656 1350 gitando
709 1277 896 1332 credit.
943 1273 1095 1340 Quod
1135 1287 1262 1342 ergo
1311 1269 1540 1340 pertinet
1593 1263 1660 1320 ad
1715 1264 2026 1335 religionem

441 1379 600 1439 atque
628 1369 876 1437 pietatem
897 1365 986 1438 (de
1012 1379 1114 1433 qua
1142 1362 1456 1433 loquebatur
1485 1355 1826 1430 Apostolus),
1851 1355 1896 1409 si
1922 1367 2031 1408 non

441 1457 815 1515 sumnsidonei
833 1454 1068 1526 cogitare
1103 1451 1301 1522 aliquid
1327 1449 1474 1521 quasi
1505 1463 1570 1502 ex
1599 1443 2025 1514 nobismetipsis,

441 1549 536 1605 sed
566 1545 880 1602 sufﬁcientia
901 1556 1079 1599 nostra
1106 1559 1170 1596 ex
1193 1544 1299 1598 Deo
1319 1551 1434 1605 est;
1455 1539 1692 1610 profecto
1715 1550 1822 1590 non
1845 1548 2030 1590 sumus

443 1639 621 1694 idonei
661 1636 882 1692 credere
911 1633 1110 1704 aliquid
1141 1631 1376 1702 qnasicx
1418 1626 1848 1696 nobismetipsis,
1889 1621 2030 1696 quod

441 1733 560 1787 sine
579 1729 900 1800 cogitatione
926 1742 1027 1782 non
1048 1737 1362 1796 possumus,
1397 1720 1490 1778 sed
1511 1719 1827 1776 sufﬁcientia
1849 1727 2033 1773 neatra

393 1810 419 1834 ⁸
442 1839 546 1894 qua
577 1820 800 1876 credere
839 1819 1154 1889 incipiamus
1174 1857 1188 1879 ,
1219 1831 1284 1869 ex
1322 1814 1432 1868 Dco
1459 1820 1560 1866 est.
1591 1808 1870 1878 Quocirca,
1893 1807 2031 1864 sicut

444 1929 606 1971 nemo
649 1913 748 1967 sibi
779 1911 973 1967 sufﬁcit
1027 1910 1093 1963 ad
1130 1905 1485 1979 incipiendum
1532 1902 1615 1958 vel
1647 1899 2028 1972 perﬁciendum

444 2004 817 2075 quodcumque
837 2016 971 2071 0an
996 2001 1228 2062 bonum;
1261 1996 1401 2066 quod
1419 1996 1526 2063 jam
1559 1994 1644 2049 isti
1670 1992 2035 2058 fratres,sicnt

430 2105 623 2162 _vcstra
665 2094 862 2162 scripta
903 2091 1138 2145 indicant
1184 2085 1534 2162 (Iprt'slola
1589 2083 1807 2147 Ililarii,
1861 2098 1916 2136 ιι.
1952 2080 1988 2136 2
2018 2121 2033 2147 ,

446 2203 627 2257 supra,
656 2184 755 2238 col.
781 2181 1040 2253 953-954)
1059 2223 1074 2244 ,
1122 2195 1304 2234 verum
1335 2192 1453 2232 esse
1490 2175 1865 2238 consentiunt;
1894 2171 2038 2228 unde

447 2279 503 2334 in
543 2279 686 2332 omni
719 2291 882 2346 opere
914 2276 1052 2330 bono
1079 2282 1134 2328 et
1162 2268 1464 2341 incipiendo
1492 2279 1547 2324 et
1567 2265 1893 2339 perﬁciendo
1923 2264 2032 2320 suf-

449 2369 682 2426 ﬁcientia
712 2375 890 2422 nostra
921 2381 984 2421 ex
1017 2365 1126 2419 Deo
1153 2371 1233 2417 est
1260 2381 1272 2416 :
1303 2363 1374 2416 ita
1415 2375 1574 2416 nemo
1600 2358 1701 2412 sibi
1730 2356 1926 2412 sufﬁcit
1952 2355 2038 2411 vel

446 2459 517 2516 ad
558 2458 913 2530 incipiendam
940 2456 1022 2509 vel
1043 2454 1108 2508 ad
1135 2450 1512 2522 perﬁciendam
1535 2448 1722 2513 ﬁdem,
1763 2447 1859 2502 sed
1887 2444 2038 2501 sufﬁ-

449 2553 642 2608 cientia
676 2561 855 2604 nostra
904 2565 968 2603 ex
1001 2547 1111 2601 Deo
1135 2553 1252 2600 est:
1283 2543 1532 2614 quoniam
1563 2539 1696 2596 ﬁdes
1725 2539 1768 2595 si
1800 2554 1906 2594 non
1943 2552 2039 2592 co-

451 2645 648 2714 gilclur
667 2683 682 2707 ,
709 2640 850 2696 nulla
869 2647 980 2699 est;
1001 2644 1055 2691 et
1076 2651 1178 2690 non
1198 2648 1382 2690 sumus
1403 2630 1578 2686 idonei
1595 2631 1826 2702 cogitare
1839 2626 2040 2698 aliquid

449 2733 602 2804 quasi
630 2745 697 2788 ex
727 2725 1126 2797 nobismetipsis
1143 2767 1157 2794 ,
1181 2723 1275 2780 sed
1297 2721 1613 2778 sufﬁcientia
1637 2729 1822 2777 nostra
1845 2733 1908 2774 ex
1933 2719 2042 2774 Deo

452 2833 556 2882 est.

525 2914 579 2970 6.
609 2911 918 2970 Cavendum
945 2919 1046 2976 est,
1069 2909 1264 2964 fratres
1289 2905 1464 2962 dilecti
1491 2919 1521 2960 a
1547 2905 1676 2967 Deo,
1707 2917 1777 2959 ne
1801 2901 1963 2958 homo
1983 2913 2044 2957 se

457 3005 678 3061 extollat
717 3003 972 3058 adversus
1001 2999 1190 3064 Deum,
1214 3013 1355 3062 cum
1399 3010 1459 3052 se
1505 2992 1635 3049 dicit
1675 2993 1854 3048 facere
1899 2991 2044 3063 quod

455 3096 702 3170 promisit
749 3096 908 3150 Deus.
953 3092 1142 3148 Nonne
1185 3089 1320 3144 ﬁdes
1359 3087 1597 3158 gentium
1644 3083 1908 3154 promissa
1958 3089 2045 3140 est

455 3188 708 3254 Abrahae,
737 3195 794 3242 et
820 3185 909 3240 ille
932 3185 1066 3240 dans
1092 3182 1315 3254 gloriam
1339 3181 1470 3246 Deo,
1492 3177 1801 3249 plenissime
1820 3174 2046 3232 credidit

453 3281 703 3353 quoniam
734 3277 876 3348 quod
901 3278 924 3309 ²
953 3275 1231 3346 promisit,
1259 3283 1450 3344 potens
1472 3281 1553 3325 est
1579 3280 1634 3326 et
1659 3269 1834 3326 facere
1861 3268 2042 3341 (Rom.

454 3387 538 3436 tv,
559 3369 661 3434 20,
691 3366 822 3439 ειη
849 3365 966 3436 Ipse
993 3365 1152 3436 igitur
1180 3361 1336 3418 ﬁdem
1363 3361 1602 3432 gentium
1634 3360 1792 3426 facit,
1824 3359 1913 3430 qui
1945 3374 2045 3429 po-

457 3471 576 3516 tens
595 3469 676 3516 est
699 3457 874 3513 facere
895 3455 1033 3526 quod
1065 3454 1325 3526 promisit.
1351 3453 1542 3520 Porro,
1565 3451 1610 3506 si
1633 3459 1884 3522 operatur
1905 3450 2045 3506 Deus

456 3551 617 3606 ﬁdem
645 3558 914 3614 nostram,
942 3548 1080 3600 miro
1109 3545 1267 3600 modo
1293 3558 1457 3615 agens
1491 3545 1542 3599 in
1573 3543 1824 3600 cordibus
1848 3543 2046 3600 nostris

457 3650 518 3696 ut
545 3639 865 3703 credamus;
896 3635 1152 3706 numquid
1178 3634 1522 3692 metuendum
1551 3641 1636 3691 est
1663 3650 1732 3690 ne
1761 3644 1929 3691 totum
1969 3634 2048 3690 fa-

457 3745 584 3790 cere
609 3745 715 3786 non
743 3729 933 3800 possit,
961 3737 1018 3784 et
1039 3727 1159 3784 ideo
1185 3727 1348 3783 homo
1371 3727 1471 3782 sibi
1501 3727 1703 3798 primas
1729 3727 1846 3798 ejus
1866 3727 2042 3782 vindi-

458 3835 547 3880 eat
572 3833 786 3894 partes,
818 3829 872 3876 ut
902 3819 1221 3877 novissimas
1246 3819 1314 3874 ab
1344 3819 1436 3875 illo
1462 3821 1706 3890 accipere
1735 3822 2044 3900 mereatur?

457 3915 654 3972 Videte
677 3915 722 3970 si
751 3912 894 3968 aliud
933 3913 1109 3984 agitur
1145 3913 1248 3967 isto
1285 3911 1463 3978 modo,
1507 3913 1608 3968 nisi
1648 3923 1706 3968 ut
1743 3915 1909 3983 gratia
1951 3915 2044 3970 Dei

457 4005 754 4062 secundum
781 4004 972 4060 merita
1002 4013 1184 4058 nostra
1213 4002 1368 4057 detur
1396 4003 1638 4073 quolibet
1662 4003 1843 4070 modo,
1876 4020 1942 4062 ac
1967 4005 2047 4062 sic

458 4097 626 4170 gratia
641 4097 753 4168 jam
785 4112 890 4151 non
917 4095 984 4150 sit
1008 4093 1196 4166 gratia.
1228 4093 1490 4150 Redditur
1512 4109 1741 4167 namque
1768 4096 1870 4152 hoc
1893 4107 2044 4167 pacto

457 4187 660 4254 debita,
682 4203 788 4243 non
809 4187 1038 4242 donatur
1055 4187 1221 4256 gratis
1250 4203 1264 4240 :
1293 4185 1518 4241 debetur
1537 4187 1681 4242 enim
1701 4187 1960 4254 credenti,
1987 4200 2046 4245 ut

461 4299 490 4336 a
519 4282 744 4338 Domino
769 4281 880 4352 ipsa
915 4278 1046 4334 ﬁdes
1069 4281 1186 4350 ejus
1216 4287 1490 4348 augeatur,
1517 4288 1571 4334 et
1593 4279 1664 4334 sit
1690 4295 1898 4337 merces
1923 4280 2045 4338 ﬁdei

461 4381 653 4444 coepta:
678 4369 811 4427 ﬁdes
839 4378 1029 4436 aucta;
1060 4383 1161 4425 nec
1188 4369 1498 4437 attenditur,
1527 4385 1649 4426 cum
1689 4371 1790 4426 hoc
1827 4373 2042 4441 dicitur,

464 4474 571 4514 non
597 4454 888 4513 secundum
910 4455 1158 4526 gratiam,
1180 4453 1277 4510 sed
1303 4454 1594 4510 secundum
1623 4454 1858 4512 debitum
1890 4457 2046 4513 istam

463 4546 767 4606 mercedem
793 4545 1130 4602 credentibus
1157 4545 1428 4617 imputari.
1456 4549 1564 4603 Cur
1599 4557 1775 4604 autem
1818 4563 1922 4604 nou
1962 4559 2049 4605 to-

463 4648 577 4694 tum
620 4637 880 4693 tribuatur
921 4635 1124 4692 homini
1147 4677 1162 4702 ,
1203 4645 1260 4691 ut
1297 4637 1387 4707 qui
1424 4637 1525 4693 sibi
1563 4639 1733 4708 potuit
1769 4638 2046 4696 instituere
2087 4655 2098 4664 '

465 4729 610 4801 quod
637 4743 742 4784 non
770 4727 1018 4794 habebat,
1044 4727 1160 4800 ipse
1181 4727 1321 4798 quod
1345 4727 1572 4784 instituit
1597 4739 1807 4799 augeat,
1829 4732 2048 4786 omnino

467 4839 577 4880 non
604 4821 760 4878 video
789 4839 804 4876 :
831 4821 933 4877 nisi
963 4820 1083 4892 quia
1105 4821 1279 4877 resisti
1310 4836 1414 4876 non
1446 4831 1624 4892 potest
1650 4823 1844 4880 divinis
1872 4825 2047 4880 mani-

465 4915 768 4972 festissimis
795 4913 1136 4979 testimoniis,
1165 4912 1358 4984 quibus
1395 4923 1450 4970 et
1488 4914 1640 4982 ﬁ'des,
1669 4916 1814 4972 unde
1837 4917 2048 4988 pietatis

467 5007 744 5066 exordium
787 5007 1017 5064 sumitur
1061 5007 1103 5074 ³,
1151 5006 1346 5062 donum
1399 5007 1488 5062 Dei
1527 5023 1649 5064 esse
1691 5019 2048 5080 monstratur;

465 5101 626 5172 quale
647 5109 726 5157 est
757 5099 909 5166 iilttd,
937 5099 1078 5170 quod
1106 5099 1374 5170 unicuique
1405 5099 1541 5156 Deus
1571 5103 1784 5174 partitus
1808 5113 1882 5158 est
1905 5119 2051 5160 meu-

462 5209 638 5250 surant
659 5183 780 5262 ﬁdei
812 5189 921 5262 (Id.
953 5205 1046 5258 stt,
1074 5179 1164 5264 3);
1192 5201 1248 5246 et
1275 5191 1422 5259 illud,
1457 5191 1572 5248 Pas:
1596 5194 1836 5265 fratribus
1859 5206 1908 5250 et
1929 5198 2052 5252 cha-

465 5285 592 5338 ritas
631 5298 747 5338 cum
785 5281 888 5352 ﬁde
924 5297 958 5335 α
997 5280 1103 5335 Deo
1148 5280 1302 5337 Patre
1339 5293 1386 5338 et
1423 5281 1644 5338 Domino
1683 5283 1809 5340 Iesu
1847 5285 2050 5344 Christo

467 5373 684 5443 (Ephes.
713 5388 768 5426 vt
788 5413 803 5439 ,
829 5369 958 5442 23);
988 5380 1042 5426 et
1065 5379 1260 5428 caetera
1283 5373 1427 5428 talia.
1459 5373 1657 5430 Nolens
1682 5391 1810 5446 ergo
1833 5375 1914 5432 his
1943 5387 2048 5433 tam

467 5465 626 5520 claris
663 5463 981 5520 testimoniis
1020 5478 1350 5536 repugnare,
1390 5473 1444 5520 et
1483 5474 1660 5523 tamen
1702 5468 1887 5525 volens
1923 5485 1954 5526 a
1991 5486 2052 5528 se

529 5637 553 5718 ξ
575 5635 876 5718 eiei-tqueac
900 5641 1114 5718 potiores
1129 5640 1505 5718 3383.,_qil(2d3m
1527 5649 1706 5697 satirae
1729 5646 2048 5714 cogitationes.

531 5706 554 5764 ξ
577 5709 678 5749 Am.
705 5708 756 5750 et
781 5706 876 5758 Er.,
899 5706 998 5764 qui.
1020 5707 1148 5764 MSS”
1171 5713 1298 5764 φαε-

531 5761 554 5797 ι
576 5771 676 5810 Aut.
702 5766 754 5810 et
777 5766 870 5822 Er.,
893 5760 1020 5811 unde
1037 5760 1194 5825 pietas'
1210 5762 1466 5816 exordium
1485 5765 1643 5819 sumit.

1678 325 1729 380 S.
1775 315 2138 378 AUGUSTINI
2173 311 2477 371 EPISCOPI

3613 312 3726 370 964

2135 432 2250 498 ipso
2274 429 2373 484 sibi
2397 443 2517 484 esse
2539 428 2679 500 quod
2705 430 2892 484 credit.
2924 428 3073 500 quasi
3103 429 3376 498 componit
3407 427 3568 482 homo
3595 443 3724 482 cum

2133 522 2266 585 Deo,
2291 530 2354 576 Διιι
2393 531 2598 590 partem
2641 521 2764 576 ﬁdei
2791 521 2889 576 sibi
2922 521 3188 585 vindicet,
3221 533 3381 592 atque
3410 522 3482 575 illi
3514 529 3725 590 partem

2131 615 2394 682 relinquat
2421 631 2435 668 :
2464 622 2520 669 et
2549 612 2691 683 quod
2731 621 2814 668 est
2837 613 3030 669 elatius
3050 655 3064 678 ,
3097 613 3324 684 primam
3365 613 3498 667 tollit
3527 615 3648 681 ipse
3679 614 3728 673 ⁸.

2130 714 2442 774 sequentem
2465 703 2557 758 dat
2577 703 2650 758 illi
2673 719 2688 768 ;
2709 712 2766 758 et
2785 704 2837 758 in
2858 719 2926 760 eo
2945 704 3086 774 quod
3117 703 3244 759 dicit
3269 719 3389 760 esse
3411 704 3724 769 amborum,

2129 793 2365 865 priorem
2393 807 2451 848 se
2473 791 2617 858 facit,
2651 794 3002 864 posteriorem
3033 795 3218 849 Deum.
3332 791 3338 798 ’

2203 883 2428 940 CAPUT
2449 883 2536 938 lll.
2561 913 2634 926 —
2657 883 2850 939 7.’Non
2871 885 2952 939 sic
2975 883 3089 954 pius
3111 891 3269 954 atque
3296 882 3518 938 humilis
3535 881 3730 939 doctor

2134 975 2226 1031 ille
2261 975 2501 1046 sapiebat
2539 991 2554 1030 :
2593 975 2919 1047 Cyprianum
2964 977 3334 1032 beatissimum
3369 977 3593 1047 loquor,
3636 979 3726 1046 qui

2133 1064 2299 1132 dixit,
2335 1081 2356 1116 ι
2391 1064 2448 1119 In
2479 1067 2628 1120 nullo
2663 1065 3038 1136 gloriandum,
3073 1065 3289 1136 quando
3315 1076 3556 1120 nostrum
3593 1067 3724 1120 nihil

2135 1159 2204 1213 sit
2237 1176 2258 1210 ι
2293 1158 2399 1228 (Ad
2429 1158 2723 1223 Quirinum,
2756 1159 2843 1212 lib.
2872 1160 2928 1224 ii,
2955 1175 3071 1229 cap.
3101 1156 3180 1230 4).
3207 1158 3364 1226 Quod
3388 1167 3442 1212 ιιι
3465 1157 3727 1214 ostende-

2133 1258 2240 1316 ret,
2261 1249 2502 1304 adhibuit
2524 1249 2840 1320 Apostolurn
2866 1258 3060 1306 testata
3081 1250 3376 1318 dice-sem
3394 1249 3730 1318 auida-1e.

2130 1341 2453 1414 Inoaque!
2485 1357 2592 1395 non
2625 1341 2908 1413 accepisti!
2942 1341 3006 1397 Si
3041 1351 3214 1396 an!
3245 1341 3734 1412 dempsi

2133 1431 2372 1502 gloriaris
2389 1431 2534 1500 quasi
2553 1447 2655 1486 non
2677 1432 2932 1502 acceperis
2957 1434 2977 1504 (
2999 1429 3160 1488 l‘Cor.
3182 1447 3260 1500 rv,
3283 1433 3375 1504 7)?
3396 1433 3514 1502 Quo
3537 1433 3728 1502 praeci-

2137 1537 2238 1592 pue
2263 1521 2570 1578 testimonio
2594 1522 2754 1578 etiam
2779 1523 2894 1593 ipse
2917 1523 3194 1580 convictas
3211 1539 3355 1591 sum,
3384 1538 3505 1580 cum
3536 1525 3728 1580 simili.

2133 1619 2221 1668 ter
2244 1627 2510 1676 errarem,
2551 1622 2744 1682 putans
2781 1613 2938 1670 ﬁdem
2975 1629 3080 1686 qua
3119 1614 3174 1669 in
3211 1615 3380 1670 Deum
3417 1615 3725 1680 credimus,

2135 1721 2243 1761 non
2265 1719 2390 1762 esse
2403 1705 2606 1760 donum
2635 1706 2750 1774 Dei,
2773 1706 2868 1762 sed
2887 1721 2919 1762 a
2937 1707 3096 1763 nobis
3115 1721 3238 1763 esse
3265 1707 3318 1762 in
3343 1707 3522 1772 nobis,
3550 1715 3607 1762 ct
3636 1723 3732 1778 per

2139 1795 2285 1852 illam
2323 1810 2424 1851 nos
2453 1796 2726 1866 impetrari
2767 1797 2862 1852 Dei
2889 1795 3030 1853 dona
3055 1797 3252 1868 quibus
3277 1806 3642 1869 temperanter
3669 1808 3728 1854 et

2135 1889 2280 1960 justo
2305 1897 2358 1946 et
2385 1889 2471 1960 pie
2489 1890 2728 1946 vivamus
2748 1889 2804 1945 in
2825 1889 2928 1946 hoc
2950 1890 3168 1946 sarculo.
3193 1889 3377 1961 Neque
3403 1891 3546 1946 enim
3569 1891 3730 1947 ﬁda:

2139 1981 2390 2051 putabam
2413 1980 2505 2036 Dei
2527 1978 2698 2052 gratia
2729 1981 3034 2052 praeveniri,
3055 1990 3118 2036 ut
3147 1996 3244 2052 per
3272 1981 3420 2036 illam
3451 1982 3608 2037 nobis
3637 1981 3733 2037 da-

2139 2080 2290 2126 retur
2333 2071 2474 2142 qnod
2523 2085 2870 2140 posceremus
2914 2071 3152 2138 utiliter;
3202 2072 3306 2127 nisi
3341 2072 3467 2143 quia
3505 2072 3732 2129 credere

2135 2177 2245 2218 non
2274 2175 2572 2232 possemus,
2605 2162 2649 2218 si
2677 2177 2784 2218 non
2825 2163 3152 2232 pratcederet
3177 2163 3503 2233 pra-ennium
3533 2164 3735 2218 verita-

2145 2255 2212 2310 tis
2241 2271 2255 2307 :
2287 2263 2342 2309 ut
2368 2262 2548 2309 autem
2581 2253 2871 2325 [medicato
2897 2255 3052 2337 nobis
3078 2257 3364 2326 Evangelia
3391 2258 3730 2314 consentire-

2143 2361 2282 2410 mus,
2311 2355 2554 2402 nostrum
2585 2361 2707 2402 esse
2729 2349 3026 2420 proprium.
3054 2359 3109 2406 et
3136 2350 3292 2405 nobis
3326 2365 3396 2406 ex
3434 2351 3586 2406 nobis
3612 2367 3734 2408 esse

2143 2439 2464 2494 arbitrabar.
2505 2439 2678 2508 Quem
2709 2455 2889 2496 meum
2917 2456 3156 2498 errorem
3195 2442 3448 2496 nonnulla
3477 2442 3733 2513 opuscula

2145 2543 2265 2586 mea
2297 2530 2430 2584 satis
2459 2529 2714 2595 indicant,
2743 2540 2872 2587 ante
2897 2532 3264 2602 episcopatum
3301 2547 3480 2588 meum
3510 2534 3732 2604 scripta.

2149 2621 2206 2677 in
2234 2621 2426 2693 quibus
2445 2630 2528 2678 est
2548 2622 2677 2679 illud
2697 2623 2838 2695 quod
2861 2626 3324 2680 c'ommemorastis
3343 2627 3394 2680 in
3417 2625 3612 2682 litteris
3639 2641 3737 2682 ve-

2145 2714 2272 2768 stris
2289 2711 2379 2787 (Iu
2396 2713 2559 2785 Epist.
2580 2714 2790 2783 Hilarii,
2805 2731 2858 2769 π.
2873 2716 2932 2783 5,
2945 2731 3120 2786 supra,
3139 2717 3238 2772 col.
3252 2714 3535 2786 955-956),
3551 2717 3636 2771 ubi
3653 2726 3740 2772 est

2149 2818 2213 2860 ex
2221 2804 2413 2876 positio
2432 2805 2782 2877 quarumdam
2813 2806 3234 2878 pr0positionum
3259 2821 3322 2862 es
3357 2807 3594 2880 Epistula
3615 2823 3740 2878 qua

2147 2903 2232 2952 est
2252 2895 2318 2951 ad
2343 2896 2634 2952 Romanos.
2667 2895 2930 2967 Denique,
2953 2912 3076 2952 cum
3107 2912 3228 2952 mea
3261 2906 3454 2952 cuncta
3481 2897 3741 2968 opuscula

2147 2997 2494 3044 retractarem
2513 3028 2530 3056 ,
2558 3003 2783 3059 eamque
2807 2988 3237 3044 retractationem
3276 2989 3402 3046 stilo
3439 3004 3738 3060 proseque-

2147 3095 2240 3139 rer
2261 3123 2277 3150 ,
2301 3081 2457 3153 cujus
2484 3081 2666 3158 operis
2683 3081 2796 3152 jam
2821 3080 2962 3138 duos
2989 3081 3325 3138 absolveram
3353 3082 3521 3137 libros
3537 3123 3557 3147 ,
3581 3093 3741 3138 ante-

2147 3185 2308 3244 quam
2335 3171 2534 3242 scripta
2559 3184 2737 3229 vestra
2767 3171 3054 3243 prolixiora
3089 3172 3440 3244 sumpsissem
3465 3214 3480 3238 ,
3509 3187 3631 3228 cum
3671 3171 3740 3227 ad

2149 3260 2294 3316 hunc
2317 3259 2512 3317 ﬁbram
2538 3261 2937 3317 retractandum
2967 3263 3024 3318 in
3051 3262 3226 3332 primo
3253 3262 3526 3318 volumine
3554 3279 3741 3333 perve-

2149 3351 2351 3409 nissem
2375 3392 2391 3420 ,
2422 3353 2502 3410 sic
2538 3353 2664 3410 inde
2701 3353 2912 3410 locutus
2938 3368 3058 3410 sum
3091 3371 3106 3408 ε
3145 3372 3165 3407 ι
3203 3353 3336 3410 Item
3363 3355 3644 3425 disputans
3667 3396 3682 3419 ,
3713 3375 3736 3408 ι

2150 3443 2366 3514 inquam
2392 3485 2408 3509 ,
2439 3462 2460 3496 ι
2494 3444 2622 3516 quid
2650 3444 2878 3516 elegerit
2915 3447 3054 3502 Deus
3091 3445 3147 3502 in
3184 3447 3424 3503 nondum
3454 3458 3580 3503 nato
3607 3491 3624 3515 ,
3653 3450 3741 3504 cui

2147 3532 2284 3589 dixit
2319 3534 2640 3590 serviturum
2685 3549 2808 3592 esse
2859 3535 3159 3608 majorem;
3199 3545 3254 3594 et
3291 3538 3418 3610 quid
3457 3539 3510 3594 in
3547 3539 3742 3595 eodem

2147 3624 2352 3694 majore
2389 3625 2636 3680 Similiter
2669 3625 2907 3682 nondum
2935 3636 3060 3684 nato
3085 3628 3458 3700 reprobaverit
3485 3648 3498 3684 :
3525 3630 3594 3686 de
3617 3633 3743 3702 qni-

2154 3715 2255 3771 bus
2301 3724 2524 3786 propter
2576 3716 2682 3772 boc
2730 3728 3186 3776 commemoratur
3211 3761 3227 3787 ,
3281 3722 3530 3792 quamvis
3580 3723 3744 3794 longe

2153 3816 2339 3877 postea
2381 3807 2648 3877 prolatum
2672 3848 2690 3874 ,
2733 3809 3102 3882 propheticum
3138 3811 3502 3868 testimonium
3523 3855 3540 3878 ,
3576 3813 3744 3870 Iacob

2149 3897 2334 3962 dilexi,
2365 3895 2506 3952 Esau
2528 3907 2700 3952 autem
2729 3895 2848 3954 odio
2873 3900 3028 3956 habui
3054 3899 3231 3974 (Rom.
3257 3917 3333 3969 Ix,
3373 3904 3475 3968 l3;
3505 3902 3740 3958 Maloea.

2151 4005 2187 4054 ι,
2221 3987 2314 4062 5);
2351 3988 2419 4044 ad
2454 3989 2556 4046 hoc
2584 3991 2807 4062 perduxi
2831 3993 3333 4062 ratiocinationem,
3361 4005 3424 4050 ut
3453 3995 3693 4051 dicerem
3727 4016 3741 4051 :

2149 4079 2267 4135 Non
2287 4092 2416 4152 ergo
2435 4080 2599 4152 elegit
2623 4083 2763 4138 Dens
2781 4097 2945 4154 opera
2963 4083 3280 4156 cujusquam
3303 4087 3354 4142 in
3375 4089 3744 4159 przescientia,

2149 4186 2272 4242 qua:
2307 4171 2422 4242 ipse
2450 4171 2672 4228 daturus
2700 4182 2812 4240 est;
2847 4174 2941 4230 sed
2968 4175 3129 4231 ﬁdem
3165 4177 3328 4249 elegit
3367 4178 3419 4232 in
3445 4181 3746 4249 prmscicn-

2153 4263 2245 4329 tia,
2267 4272 2496 4332 ulquem
2511 4262 2611 4318 sibi
2623 4264 2948 4320 crediturum
2967 4279 3089 4322 esse
3113 4268 3398 4338 praescivit,
3425 4268 3601 4338 ipsum
3630 4270 3748 4326 cie-

2151 4353 2290 4424 gerit
2309 4355 2352 4421 ',
2374 4354 2458 4408 cui
2477 4353 2734 4425 Spiritum
2753 4365 2995 4413 sanctum
3014 4356 3189 4426 daret,
3210 4367 3268 4412 ut
3287 4358 3426 4414 bona
3443 4361 3744 4429 operando,

2152 4445 2315 4500 etiam
2336 4455 2590 4502 aeternam
2612 4447 2772 4502 vitam
2794 4459 3237 4521 consequeretur.
3251 4451 3498 4507 Nondum
3513 4453 3749 4524 diligen-

2153 4535 2260 4590 tius
2285 4536 2636 4606 quaasiveram
2659 4577 2675 4604 ,
2717 4553 2819 4594 nec
2858 4539 3035 4597 adhuc
3072 4541 3418 4608 inveneram,
3459 4545 3636 4615 qualis
3677 4547 3748 4600 sit

2153 4627 2344 4684 eiectio
2371 4630 2584 4699 gratiae;
2610 4629 2680 4686 de
2708 4645 2810 4700 qua
2835 4631 2976 4688 idem
3002 4632 3128 4690 dicit
3149 4635 3428 4705 apostolus
3447 4678 3462 4702 ,
3493 4635 3750 4708 Reliquus

2154 4737 2244 4792 per
2267 4719 2556 4776 electionem
2589 4722 2770 4794 gratia
2797 4725 2954 4779 saltue
2976 4725 3128 4797 facta
3159 4738 3278 4782 sunt
3313 4726 3490 4801 (Rom.
3521 4745 3610 4794 ιι,
3641 4729 3702 4798 5)
3731 4747 3744 4784 :

2153 4825 2275 4882 quae
2304 4811 2486 4882 utique
2510 4827 2616 4868 non
2646 4821 2730 4868 est
2753 4815 2946 4886 gratia,
2976 4817 3022 4871 si
3049 4832 3170 4872 eam
3195 4820 3750 4892 meritaulla‘prtece-

2153 4899 2281 4955 dant
2311 4915 2325 4954 :
2365 4915 2433 4956 ne
2463 4900 2574 4972 jam
2601 4902 2744 4974 quod
2771 4903 2966 4972 datur,
2999 4921 3104 4962 non
3147 4909 3442 4966 secundum
3475 4912 3708 4982 gratiam
3729 4955 3746 4979 ,

2155 4989 2250 5046 sed
2271 4990 2562 5047 secundum
2578 4991 2839 5062 debitum,
2860 4996 3116 5054 reddatur
3134 4999 3313 5069 potius
3334 5001 3562 5068 meritis,
3583 5017 3747 5074 quam

2153 5083 2404 5139 donetur.
2429 5083 2659 5140 Proinde
2678 5086 2821 5158 quod
2843 5089 3097 5146 continuo
3117 5090 3249 5159 dixi,
3275 5092 3412 5148 Dicit
3435 5094 3580 5149 enim
3605 5095 3746 5152 idem

2155 5176 2451 5245 apostolus,
2493 5175 2641 5232 Idem
2670 5175 2807 5233 Deus
2831 5180 2917 5251 qui
2953 5191 3194 5252 operatur
3225 5184 3400 5238 omnia
3435 5183 3489 5238 in
3515 5187 3749 5244 omnibus

2158 5265 2210 5338 (ι
2231 5263 2349 5320 Cor.
2374 5281 2472 5330 χιι,
2499 5268 2590 5337 6);
2617 5283 2878 5340 nusquam
2901 5282 3081 5328 autem
3105 5271 3308 5329 dictum
3333 5284 3437 5341 est,
3469 5275 3610 5332 Deus
3628 5292 3751 5333 cre-

2156 5357 2230 5412 dit
2253 5356 2430 5412 omnia
2453 5357 2506 5413 in
2527 5360 2774 5417 omnibus
2795 5379 2808 5416 :
2827 5377 2890 5418 ac
2905 5363 3100 5420 deinde
3119 5365 3390 5436 subjunxi,
3407 5365 3560 5435 Quod
3579 5384 3711 5440 ergo
3727 5368 3752 5402 ³

2156 5447 2426 5505 credimus
2448 5490 2465 5518 ,
2495 5459 2733 5506 nostrum
2773 5463 2895 5522 est;
2933 5455 3076 5527 quod
3103 5468 3283 5513 autem
3326 5457 3526 5514 bonum
3555 5473 3754 5533 opera-

2157 5555 2299 5608 mur,
2315 5540 2456 5597 illius
2482 5553 2564 5596 cSt
2589 5544 2681 5614 qui
2705 5545 3048 5606 credentibus
3071 5547 3162 5606 dat
3184 5547 3442 5623 Spiritum
3463 5563 3748 5624 sanetum;

2223 5651 2240 5716 ξ
2267 5649 2612 5716 Ebrulpltensis
2631 5661 2735 5716 .‘th.,
2763 5657 2874 5710 sibi.

2221 5713 2244 5777 ξ
2270 5718 2320 5760 ιιι
2345 5713 2472 5774 Mss,
2489 5713 2705 5777 eligeret.

2226 5773 2246 5805 ³
2271 5782 2370 5822 Ain.
2397 5773 2470 5824 Fr.
2497 5773 2670 5826 et'atss.
2717 5778 2859 5831 enim.
