  <div class='ocr_page' id='page_1' title='image "/cluster/home/n/w/nwhite01/storage/ocr_20150623/44/hvd.32044069687945/488.png"; bbox 0 0 3972 6178; ppageno 0'>
   <div class='ocr_carea' id='block_1_1' title="bbox 273 276 375 332">
    <p class='ocr_par' dir='ltr' id='par_1_1' title="bbox 273 276 375 332">
     <span class='ocr_line' id='line_1_1' title="bbox 273 276 375 332; baseline -0.039 0"><span class='ocrx_word' id='word_1_1' title='bbox 273 276 375 332; x_wconf 74' lang='lat'><strong>963</strong></span> 
     </span>
    </p>
   </div>
   <div class='ocr_carea' id='block_1_2' title="bbox 269 371 1853 459">
    <p class='ocr_par' dir='ltr' id='par_1_2' title="bbox 269 371 1853 459">
     <span class='ocr_line' id='line_1_2' title="bbox 269 371 1853 459; baseline -0.013 -17"><span class='ocrx_word' id='word_1_2' title='bbox 269 385 510 459; x_wconf 78' lang='lat' dir='ltr'><strong>profcto</strong></span> <span class='ocrx_word' id='word_1_3' title='bbox 547 398 652 438; x_wconf 90' lang='lat' dir='ltr'><strong>non</strong></span> <span class='ocrx_word' id='word_1_4' title='bbox 695 381 926 438; x_wconf 73' lang='lat' dir='ltr'><strong>dicerm</strong></span> <span class='ocrx_word' id='word_1_5' title='bbox 953 424 966 446; x_wconf 92' lang='lat'><strong>,</strong></span> <span class='ocrx_word' id='word_1_6' title='bbox 1012 379 1055 435; x_wconf 90' lang='lat' dir='ltr'><strong>si</strong></span> <span class='ocrx_word' id='word_1_7' title='bbox 1093 378 1204 450; x_wconf 80' lang='lat' dir='ltr'><strong>jam</strong></span> <span class='ocrx_word' id='word_1_8' title='bbox 1244 376 1435 431; x_wconf 84' lang='lat' dir='ltr'><strong>scirem</strong></span> <span class='ocrx_word' id='word_1_9' title='bbox 1479 372 1639 429; x_wconf 83' lang='lat' dir='ltr'><strong>etiam</strong></span> <span class='ocrx_word' id='word_1_10' title='bbox 1687 371 1853 440; x_wconf 81' lang='lat' dir='ltr'><strong>ipsam</strong></span> 
     </span>
    </p>
   </div>
   <div class='ocr_carea' id='block_1_3' title="bbox 242 465 1856 544">
    <p class='ocr_par' dir='ltr' id='par_1_3' title="bbox 242 465 1856 544">
     <span class='ocr_line' id='line_1_3' title="bbox 242 465 1856 544; baseline -0.009 -13"><span class='ocrx_word' id='word_1_11' title='bbox 242 538 248 542; x_wconf 35' lang='grc' dir='ltr'>η</span> <span class='ocrx_word' id='word_1_12' title='bbox 274 477 432 531; x_wconf 89' lang='lat' dir='ltr'><strong>tidem</strong></span> <span class='ocrx_word' id='word_1_13' title='bbox 463 477 598 530; x_wconf 84' lang='lat' dir='ltr'><strong>inter</strong></span> <span class='ocrx_word' id='word_1_14' title='bbox 627 475 718 530; x_wconf 88' lang='lat' dir='ltr'><strong>Dei</strong></span> <span class='ocrx_word' id='word_1_15' title='bbox 749 489 968 529; x_wconf 84' lang='lat' dir='ltr'><strong>munera</strong></span> <span class='ocrx_word' id='word_1_16' title='bbox 987 471 1228 544; x_wconf 49' lang='lat' dir='ltr'><strong>’rcperiri</strong></span> <span class='ocrx_word' id='word_1_17' title='bbox 1250 511 1263 536; x_wconf 89' lang='lat'><strong>,</strong></span> <span class='ocrx_word' id='word_1_18' title='bbox 1293 483 1410 538; x_wconf 70' lang='lat' dir='ltr'><strong>qua:</strong></span> <span class='ocrx_word' id='word_1_19' title='bbox 1438 466 1632 522; x_wconf 87' lang='lat' dir='ltr'><strong>dantur</strong></span> <span class='ocrx_word' id='word_1_20' title='bbox 1673 465 1722 518; x_wconf 89' lang='lat' dir='ltr'><strong>in</strong></span> <span class='ocrx_word' id='word_1_21' title='bbox 1763 479 1856 519; x_wconf 88' lang='lat' dir='ltr'><strong>co-</strong></span> 
     </span>
    </p>
   </div>
   <div class='ocr_carea' id='block_1_4' title="bbox 279 567 1857 640">
    <p class='ocr_par' dir='ltr' id='par_1_4' title="bbox 279 567 1857 640">
     <span class='ocr_line' id='line_1_4' title="bbox 279 567 1857 640; baseline -0.01 -15"><span class='ocrx_word' id='word_1_22' title='bbox 279 571 393 625; x_wconf 67' lang='lat' dir='ltr'><strong>]:m</strong></span> <span class='ocrx_word' id='word_1_23' title='bbox 419 567 640 640; x_wconf 81' lang='lat' dir='ltr'><strong>Spiritu.</strong></span> <span class='ocrx_word' id='word_1_24' title='bbox 669 567 964 637; x_wconf 86' lang='lat' dir='ltr'><strong>Utrumque</strong></span> <span class='ocrx_word' id='word_1_25' title='bbox 987 581 1114 636; x_wconf 76' lang='lat' dir='ltr'><strong>ergo</strong></span> <span class='ocrx_word' id='word_1_26' title='bbox 1143 572 1386 620; x_wconf 83' lang='lat' dir='ltr'><strong>nostrum</strong></span> <span class='ocrx_word' id='word_1_27' title='bbox 1412 569 1497 618; x_wconf 84' lang='lat' dir='ltr'><strong>est</strong></span> <span class='ocrx_word' id='word_1_28' title='bbox 1529 567 1696 628; x_wconf 58' lang='lat' dir='ltr'><strong>proiit.</strong></span> <span class='ocrx_word' id='word_1_29' title='bbox 1719 573 1744 610; x_wconf 91' lang='lat' dir='ltr'><strong>r</strong></span> <span class='ocrx_word' id='word_1_30' title='bbox 1767 571 1857 610; x_wconf 85' lang='lat' dir='ltr'><strong>ar-</strong></span> 
     </span>
    </p>
   </div>
   <div class='ocr_carea' id='block_1_5' title="bbox 272 652 1859 726">
    <p class='ocr_par' dir='ltr' id='par_1_5' title="bbox 272 652 1859 726">
     <span class='ocr_line' id='line_1_5' title="bbox 272 652 1859 726; baseline -0.008 -14"><span class='ocrx_word' id='word_1_31' title='bbox 272 660 486 714; x_wconf 82' lang='lat' dir='ltr'><strong>bitrium</strong></span> <span class='ocrx_word' id='word_1_32' title='bbox 517 659 824 721; x_wconf 82' lang='lat' dir='ltr'><strong>voluntatis,</strong></span> <span class='ocrx_word' id='word_1_33' title='bbox 855 667 909 712; x_wconf 88' lang='lat' dir='ltr'><strong>et</strong></span> <span class='ocrx_word' id='word_1_34' title='bbox 934 666 1220 726; x_wconf 76' lang='lat' dir='ltr'><strong>utramque</strong></span> <span class='ocrx_word' id='word_1_35' title='bbox 1247 663 1423 708; x_wconf 87' lang='lat' dir='ltr'><strong>tamen</strong></span> <span class='ocrx_word' id='word_1_36' title='bbox 1451 652 1632 706; x_wconf 86' lang='lat' dir='ltr'><strong>datum</strong></span> <span class='ocrx_word' id='word_1_37' title='bbox 1663 656 1743 701; x_wconf 87' lang='lat' dir='ltr'><strong>est</strong></span> <span class='ocrx_word' id='word_1_38' title='bbox 1767 661 1859 716; x_wconf 86' lang='lat' dir='ltr'><strong>per</strong></span> 
     </span>
    </p>
   </div>
   <div class='ocr_carea' id='block_1_6' title="bbox 271 739 1861 821">
    <p class='ocr_par' dir='ltr' id='par_1_6' title="bbox 271 739 1861 821">
     <span class='ocr_line' id='line_1_6' title="bbox 271 739 1861 821; baseline -0.009 -15"><span class='ocrx_word' id='word_1_39' title='bbox 271 752 528 821; x_wconf 75' lang='lat' dir='ltr'><strong>Spiritum</strong></span> <span class='ocrx_word' id='word_1_40' title='bbox 563 751 683 807; x_wconf 86' lang='lat' dir='ltr'><strong>ﬁdei</strong></span> <span class='ocrx_word' id='word_1_41' title='bbox 733 758 788 806; x_wconf 88' lang='lat' dir='ltr'><strong>et</strong></span> <span class='ocrx_word' id='word_1_42' title='bbox 831 749 1129 806; x_wconf 75' lang='lat' dir='ltr'><strong>cltat‘itatis.</strong></span> <span class='ocrx_word' id='word_1_43' title='bbox 1159 747 1340 820; x_wconf 85' lang='lat' dir='ltr'><strong>Neque</strong></span> <span class='ocrx_word' id='word_1_44' title='bbox 1368 743 1512 799; x_wconf 86' lang='lat' dir='ltr'><strong>enim</strong></span> <span class='ocrx_word' id='word_1_45' title='bbox 1538 741 1654 797; x_wconf 87' lang='lat' dir='ltr'><strong>sola</strong></span> <span class='ocrx_word' id='word_1_46' title='bbox 1683 739 1861 800; x_wconf 86' lang='lat' dir='ltr'><strong>chari-</strong></span> 
     </span>
    </p>
   </div>
   <div class='ocr_carea' id='block_1_7' title="bbox 273 831 1856 912">
    <p class='ocr_par' dir='ltr' id='par_1_7' title="bbox 273 831 1856 912">
     <span class='ocr_line' id='line_1_7' title="bbox 273 831 1856 912; baseline -0.008 -14"><span class='ocrx_word' id='word_1_47' title='bbox 273 853 384 909; x_wconf 90' lang='lat' dir='ltr'><strong>tas,</strong></span> <span class='ocrx_word' id='word_1_48' title='bbox 413 845 510 899; x_wconf 90' lang='lat' dir='ltr'><strong>sed</strong></span> <span class='ocrx_word' id='word_1_49' title='bbox 529 887 544 909; x_wconf 91' lang='lat'><strong>,</strong></span> <span class='ocrx_word' id='word_1_50' title='bbox 572 845 710 900; x_wconf 89' lang='lat' dir='ltr'><strong>sicut</strong></span> <span class='ocrx_word' id='word_1_51' title='bbox 735 845 990 912; x_wconf 87' lang='lat' dir='ltr'><strong>scriptum</strong></span> <span class='ocrx_word' id='word_1_52' title='bbox 1018 849 1134 907; x_wconf 78' lang='lat' dir='ltr'><strong>est,</strong></span> <span class='ocrx_word' id='word_1_53' title='bbox 1167 839 1401 895; x_wconf 75' lang='lat' dir='ltr'><strong>Charitas</strong></span> <span class='ocrx_word' id='word_1_54' title='bbox 1423 853 1534 891; x_wconf 80' lang='lat' dir='ltr'><strong>cum</strong></span> <span class='ocrx_word' id='word_1_55' title='bbox 1557 834 1660 904; x_wconf 71' lang='lat' dir='ltr'><strong>[ide</strong></span> <span class='ocrx_word' id='word_1_56' title='bbox 1687 849 1719 886; x_wconf 80' lang='grc' dir='ltr'><em>α</em></span> <span class='ocrx_word' id='word_1_57' title='bbox 1753 831 1856 886; x_wconf 84' lang='lat' dir='ltr'><strong>Deo</strong></span> 
     </span>
    </p>
   </div>
   <div class='ocr_carea' id='block_1_8' title="bbox 277 921 1855 1002">
    <p class='ocr_par' dir='ltr' id='par_1_8' title="bbox 277 921 1855 1002">
     <span class='ocr_line' id='line_1_8' title="bbox 277 921 1855 1002; baseline -0.008 -13"><span class='ocrx_word' id='word_1_58' title='bbox 277 933 434 990; x_wconf 80' lang='lat' dir='ltr'><strong>Putre</strong></span> <span class='ocrx_word' id='word_1_59' title='bbox 453 946 499 990; x_wconf 88' lang='lat' dir='ltr'><strong>et</strong></span> <span class='ocrx_word' id='word_1_60' title='bbox 522 935 738 989; x_wconf 87' lang='lat' dir='ltr'><strong>Domino</strong></span> <span class='ocrx_word' id='word_1_61' title='bbox 757 933 884 988; x_wconf 76' lang='lat' dir='ltr'><strong>Iesu</strong></span> <span class='ocrx_word' id='word_1_62' title='bbox 907 933 1104 988; x_wconf 75' lang='lat' dir='ltr'><strong>Christo</strong></span> <span class='ocrx_word' id='word_1_63' title='bbox 1131 930 1342 1002; x_wconf 73' lang='lat' dir='ltr'><strong>(ICphcs.</strong></span> <span class='ocrx_word' id='word_1_64' title='bbox 1375 945 1450 990; x_wconf 87' lang='lat' dir='ltr'><strong>vt,</strong></span> <span class='ocrx_word' id='word_1_65' title='bbox 1478 925 1594 998; x_wconf 64' lang='lat'><strong>95).</strong></span> <span class='ocrx_word' id='word_1_66' title='bbox 1625 925 1686 980; x_wconf 84' lang='lat' dir='ltr'><strong>Et</strong></span> <span class='ocrx_word' id='word_1_67' title='bbox 1715 921 1855 993; x_wconf 83' lang='lat' dir='ltr'><strong>quod</strong></span> 
     </span>
    </p>
   </div>
   <div class='ocr_carea' id='block_1_9' title="bbox 273 1015 1854 1097">
    <p class='ocr_par' dir='ltr' id='par_1_9' title="bbox 273 1015 1854 1097">
     <span class='ocr_line' id='line_1_9' title="bbox 273 1015 1854 1097; baseline -0.004 -21"><span class='ocrx_word' id='word_1_68' title='bbox 273 1027 436 1097; x_wconf 69' lang='lat' dir='ltr'><strong>pando</strong></span> <span class='ocrx_word' id='word_1_69' title='bbox 466 1035 583 1097; x_wconf 90' lang='lat' dir='ltr'><strong>post</strong></span> <span class='ocrx_word' id='word_1_70' title='bbox 621 1026 750 1090; x_wconf 76' lang='lat' dir='ltr'><strong>dixi,</strong></span> <span class='ocrx_word' id='word_1_71' title='bbox 793 1025 1044 1080; x_wconf 83' lang='lat' dir='ltr'><strong>Nostrum</strong></span> <span class='ocrx_word' id='word_1_72' title='bbox 1071 1033 1154 1078; x_wconf 90' lang='lat' dir='ltr'><strong>est</strong></span> <span class='ocrx_word' id='word_1_73' title='bbox 1177 1022 1318 1077; x_wconf 86' lang='lat' dir='ltr'><strong>enim</strong></span> <span class='ocrx_word' id='word_1_74' title='bbox 1345 1018 1566 1074; x_wconf 90' lang='lat' dir='ltr'><strong>credere</strong></span> <span class='ocrx_word' id='word_1_75' title='bbox 1601 1024 1655 1070; x_wconf 91' lang='lat' dir='ltr'><strong>et</strong></span> <span class='ocrx_word' id='word_1_76' title='bbox 1685 1015 1854 1076; x_wconf 84' lang='lat' dir='ltr'><strong>velle:</strong></span> 
     </span>
    </p>
   </div>
   <div class='ocr_carea' id='block_1_10' title="bbox 273 1107 1857 1182">
    <p class='ocr_par' dir='ltr' id='par_1_10' title="bbox 273 1107 1857 1182">
     <span class='ocr_line' id='line_1_10' title="bbox 273 1107 1857 1182; baseline -0.006 -12"><span class='ocrx_word' id='word_1_77' title='bbox 273 1118 417 1172; x_wconf 90' lang='lat' dir='ltr'><strong>illius</strong></span> <span class='ocrx_word' id='word_1_78' title='bbox 444 1126 622 1171; x_wconf 79' lang='lat' dir='ltr'><strong>autem</strong></span> <span class='ocrx_word' id='word_1_79' title='bbox 640 1157 657 1182; x_wconf 94' lang='lat'><strong>,</strong></span> <span class='ocrx_word' id='word_1_80' title='bbox 685 1115 815 1170; x_wconf 85' lang='lat' dir='ltr'><strong>dare</strong></span> <span class='ocrx_word' id='word_1_81' title='bbox 840 1113 1181 1170; x_wconf 68' lang='lat' dir='ltr'><strong>credentibus</strong></span> <span class='ocrx_word' id='word_1_82' title='bbox 1221 1119 1276 1166; x_wconf 90' lang='lat' dir='ltr'><strong>et</strong></span> <span class='ocrx_word' id='word_1_83' title='bbox 1305 1109 1604 1164; x_wconf 87' lang='lat' dir='ltr'><strong>volentibus</strong></span> <span class='ocrx_word' id='word_1_84' title='bbox 1635 1107 1857 1162; x_wconf 80' lang='lat' dir='ltr'><strong>faculta-</strong></span> 
     </span>
    </p>
   </div>
   <div class='ocr_carea' id='block_1_11' title="bbox 273 1201 1858 1275">
    <p class='ocr_par' dir='ltr' id='par_1_11' title="bbox 273 1201 1858 1275">
     <span class='ocr_line' id='line_1_11' title="bbox 273 1201 1858 1275; baseline -0.006 -15"><span class='ocrx_word' id='word_1_85' title='bbox 273 1215 378 1260; x_wconf 89' lang='lat' dir='ltr'><strong>tem</strong></span> <span class='ocrx_word' id='word_1_86' title='bbox 407 1207 546 1262; x_wconf 84' lang='lat' dir='ltr'><strong>bene</strong></span> <span class='ocrx_word' id='word_1_87' title='bbox 575 1205 830 1275; x_wconf 73' lang='lat' dir='ltr'><strong>operandi</strong></span> <span class='ocrx_word' id='word_1_88' title='bbox 858 1219 951 1274; x_wconf 90' lang='lat' dir='ltr'><strong>per</strong></span> <span class='ocrx_word' id='word_1_89' title='bbox 979 1201 1234 1273; x_wconf 78' lang='lat' dir='ltr'><strong>Spiritum</strong></span> <span class='ocrx_word' id='word_1_90' title='bbox 1263 1210 1502 1254; x_wconf 85' lang='lat' dir='ltr'><strong>sanctum</strong></span> <span class='ocrx_word' id='word_1_91' title='bbox 1524 1238 1540 1264; x_wconf 92' lang='lat'><strong>,</strong></span> <span class='ocrx_word' id='word_1_92' title='bbox 1571 1212 1666 1266; x_wconf 89' lang='lat' dir='ltr'><strong>per</strong></span> <span class='ocrx_word' id='word_1_93' title='bbox 1701 1210 1858 1267; x_wconf 91' lang='lat' dir='ltr'><strong>quem</strong></span> 
     </span>
    </p>
   </div>
   <div class='ocr_carea' id='block_1_12' title="bbox 269 1288 1863 1354">
    <p class='ocr_par' dir='ltr' id='par_1_12' title="bbox 269 1288 1863 1354">
     <span class='ocr_line' id='line_1_12' title="bbox 269 1288 1863 1354; baseline -0.008 -2"><span class='ocrx_word' id='word_1_94' title='bbox 269 1297 502 1352; x_wconf 83' lang='lat' dir='ltr'><strong>ebaritas</strong></span> <span class='ocrx_word' id='word_1_95' title='bbox 546 1293 858 1350; x_wconf 82' lang='lat' dir='ltr'><strong>diffunditur</strong></span> <span class='ocrx_word' id='word_1_96' title='bbox 899 1293 952 1347; x_wconf 84' lang='lat' dir='ltr'><strong>in</strong></span> <span class='ocrx_word' id='word_1_97' title='bbox 990 1291 1243 1348; x_wconf 89' lang='lat' dir='ltr'><strong>cordibus</strong></span> <span class='ocrx_word' id='word_1_98' title='bbox 1291 1288 1518 1354; x_wconf 76' lang='lat' dir='ltr'><strong>no.tris,</strong></span> <span class='ocrx_word' id='word_1_99' title='bbox 1548 1302 1735 1342; x_wconf 90' lang='lat' dir='ltr'><strong>verum</strong></span> <span class='ocrx_word' id='word_1_100' title='bbox 1777 1293 1863 1341; x_wconf 86' lang='lat' dir='ltr'><strong>est</strong></span> 
     </span>
    </p>
   </div>
   <div class='ocr_carea' id='block_1_13' title="bbox 270 1370 1858 1456">
    <p class='ocr_par' dir='ltr' id='par_1_13' title="bbox 270 1370 1858 1456">
     <span class='ocr_line' id='line_1_13' title="bbox 270 1370 1858 1456; baseline -0.004 -19"><span class='ocrx_word' id='word_1_101' title='bbox 270 1370 485 1456; x_wconf 80' lang='lat' dir='ltr'><strong>quidem</strong></span> <span class='ocrx_word' id='word_1_102' title='bbox 508 1425 524 1451; x_wconf 95' lang='lat'><strong>,</strong></span> <span class='ocrx_word' id='word_1_103' title='bbox 557 1385 649 1440; x_wconf 81' lang='lat' dir='ltr'><strong>sed</strong></span> <span class='ocrx_word' id='word_1_104' title='bbox 678 1384 866 1440; x_wconf 85' lang='lat' dir='ltr'><strong>eadem</strong></span> <span class='ocrx_word' id='word_1_105' title='bbox 897 1383 1078 1454; x_wconf 83' lang='lat' dir='ltr'><strong>regula</strong></span> <span class='ocrx_word' id='word_1_106' title='bbox 1105 1397 1121 1450; x_wconf 91' lang='lat'><strong>;</strong></span> <span class='ocrx_word' id='word_1_107' title='bbox 1151 1391 1208 1438; x_wconf 91' lang='lat' dir='ltr'><strong>et</strong></span> <span class='ocrx_word' id='word_1_108' title='bbox 1236 1391 1520 1450; x_wconf 87' lang='lat' dir='ltr'><strong>utrumque</strong></span> <span class='ocrx_word' id='word_1_109' title='bbox 1551 1378 1716 1448; x_wconf 88' lang='lat' dir='ltr'><strong>ipsius</strong></span> <span class='ocrx_word' id='word_1_110' title='bbox 1745 1385 1858 1443; x_wconf 88' lang='lat' dir='ltr'><strong>est,</strong></span> 
     </span>
    </p>
   </div>
   <div class='ocr_carea' id='block_1_14' title="bbox 271 1473 1858 1546">
    <p class='ocr_par' dir='ltr' id='par_1_14' title="bbox 271 1473 1858 1546">
     <span class='ocr_line' id='line_1_14' title="bbox 271 1473 1858 1546; baseline -0.002 -22"><span class='ocrx_word' id='word_1_111' title='bbox 271 1477 396 1546; x_wconf 82' lang='lat' dir='ltr'><strong>quia</strong></span> <span class='ocrx_word' id='word_1_112' title='bbox 421 1475 534 1544; x_wconf 88' lang='lat' dir='ltr'><strong>ipse</strong></span> <span class='ocrx_word' id='word_1_113' title='bbox 558 1483 824 1544; x_wconf 70' lang='lat' dir='ltr'><strong>pra‘parat</strong></span> <span class='ocrx_word' id='word_1_114' title='bbox 844 1473 1202 1538; x_wconf 87' lang='lat' dir='ltr'><strong>voluntatem;</strong></span> <span class='ocrx_word' id='word_1_115' title='bbox 1221 1481 1274 1527; x_wconf 88' lang='lat' dir='ltr'><strong>et</strong></span> <span class='ocrx_word' id='word_1_116' title='bbox 1295 1481 1576 1540; x_wconf 86' lang='lat' dir='ltr'><strong>utrumque</strong></span> <span class='ocrx_word' id='word_1_117' title='bbox 1595 1479 1858 1532; x_wconf 87' lang='lat' dir='ltr'><strong>nostrum,</strong></span> 
     </span>
    </p>
   </div>
   <div class='ocr_carea' id='block_1_15' title="bbox 272 1557 1860 1636">
    <p class='ocr_par' dir='ltr' id='par_1_15' title="bbox 272 1557 1860 1636">
     <span class='ocr_line' id='line_1_15' title="bbox 272 1557 1860 1636; baseline -0.003 -18"><span class='ocrx_word' id='word_1_118' title='bbox 272 1565 394 1636; x_wconf 84' lang='lat' dir='ltr'><strong>quia</strong></span> <span class='ocrx_word' id='word_1_119' title='bbox 437 1581 542 1619; x_wconf 76' lang='lat' dir='ltr'><strong>non</strong></span> <span class='ocrx_word' id='word_1_120' title='bbox 587 1563 645 1618; x_wconf 89' lang='lat' dir='ltr'><strong>ﬁt</strong></span> <span class='ocrx_word' id='word_1_121' title='bbox 683 1564 782 1619; x_wconf 90' lang='lat' dir='ltr'><strong>nisi</strong></span> <span class='ocrx_word' id='word_1_122' title='bbox 825 1564 1125 1619; x_wconf 86' lang='lat' dir='ltr'><strong>volentibus</strong></span> <span class='ocrx_word' id='word_1_123' title='bbox 1159 1563 1333 1618; x_wconf 86' lang='lat' dir='ltr'><strong>nobis.</strong></span> <span class='ocrx_word' id='word_1_124' title='bbox 1367 1563 1443 1616; x_wconf 82' lang='lat' dir='ltr'><strong>Ac</strong></span> <span class='ocrx_word' id='word_1_125' title='bbox 1471 1559 1693 1632; x_wconf 78' lang='lat' dir='ltr'><strong>perime</strong></span> <span class='ocrx_word' id='word_1_126' title='bbox 1718 1557 1860 1630; x_wconf 91' lang='lat' dir='ltr'><strong>quod</strong></span> 
     </span>
    </p>
   </div>
   <div class='ocr_carea' id='block_1_16' title="bbox 273 1649 1862 1729">
    <p class='ocr_par' dir='ltr' id='par_1_16' title="bbox 273 1649 1862 1729">
     <span class='ocr_line' id='line_1_16' title="bbox 273 1649 1862 1729; baseline -0.004 -17"><span class='ocrx_word' id='word_1_127' title='bbox 273 1659 432 1712; x_wconf 76' lang='lat' dir='ltr'><strong>etiam</strong></span> <span class='ocrx_word' id='word_1_128' title='bbox 473 1665 658 1729; x_wconf 87' lang='lat' dir='ltr'><strong>postea</strong></span> <span class='ocrx_word' id='word_1_129' title='bbox 697 1656 842 1723; x_wconf 79' lang='lat' dir='ltr'><strong>dixi,</strong></span> <span class='ocrx_word' id='word_1_130' title='bbox 886 1655 1019 1726; x_wconf 86' lang='lat' dir='ltr'><strong>Quia</strong></span> <span class='ocrx_word' id='word_1_131' title='bbox 1046 1669 1219 1726; x_wconf 90' lang='lat' dir='ltr'><strong>neque</strong></span> <span class='ocrx_word' id='word_1_132' title='bbox 1246 1653 1382 1710; x_wconf 81' lang='lat' dir='ltr'><strong>velle</strong></span> <span class='ocrx_word' id='word_1_133' title='bbox 1409 1667 1728 1724; x_wconf 86' lang='lat' dir='ltr'><strong>possumus,</strong></span> <span class='ocrx_word' id='word_1_134' title='bbox 1760 1649 1862 1706; x_wconf 83' lang='lat' dir='ltr'><strong>nisi</strong></span> 
     </span>
    </p>
   </div>
   <div class='ocr_carea' id='block_1_17' title="bbox 273 1744 1861 1819">
    <p class='ocr_par' dir='ltr' id='par_1_17' title="bbox 273 1744 1861 1819">
     <span class='ocr_line' id='line_1_17' title="bbox 273 1744 1861 1819; baseline -0.004 -16"><span class='ocrx_word' id='word_1_135' title='bbox 273 1764 528 1803; x_wconf 87' lang='lat' dir='ltr'><strong>vocemur</strong></span> <span class='ocrx_word' id='word_1_136' title='bbox 560 1765 573 1800; x_wconf 90' lang='lat'>:</span> <span class='ocrx_word' id='word_1_137' title='bbox 613 1757 668 1804; x_wconf 89' lang='lat' dir='ltr'><strong>et</strong></span> <span class='ocrx_word' id='word_1_138' title='bbox 695 1762 814 1804; x_wconf 91' lang='lat' dir='ltr'><strong>cum</strong></span> <span class='ocrx_word' id='word_1_139' title='bbox 847 1757 966 1819; x_wconf 91' lang='lat' dir='ltr'><strong>post</strong></span> <span class='ocrx_word' id='word_1_140' title='bbox 997 1747 1330 1803; x_wconf 83' lang='lat' dir='ltr'><strong>vocationem</strong></span> <span class='ocrx_word' id='word_1_141' title='bbox 1359 1744 1722 1806; x_wconf 88' lang='lat' dir='ltr'><strong>voluerimus,</strong></span> <span class='ocrx_word' id='word_1_142' title='bbox 1755 1756 1861 1796; x_wconf 91' lang='lat' dir='ltr'><strong>non</strong></span> 
     </span>
    </p>
   </div>
   <div class='ocr_carea' id='block_1_18' title="bbox 273 1835 1864 1908">
    <p class='ocr_par' dir='ltr' id='par_1_18' title="bbox 273 1835 1864 1908">
     <span class='ocr_line' id='line_1_18' title="bbox 273 1835 1864 1908; baseline -0.003 -14"><span class='ocrx_word' id='word_1_143' title='bbox 273 1840 466 1894; x_wconf 77' lang='lat' dir='ltr'><strong>suﬁicit</strong></span> <span class='ocrx_word' id='word_1_144' title='bbox 492 1841 741 1908; x_wconf 79' lang='lat' dir='ltr'><strong>voluntas</strong></span> <span class='ocrx_word' id='word_1_145' title='bbox 762 1849 964 1908; x_wconf 87' lang='lat' dir='ltr'><strong>nostra,</strong></span> <span class='ocrx_word' id='word_1_146' title='bbox 995 1848 1052 1896; x_wconf 91' lang='lat' dir='ltr'><strong>et</strong></span> <span class='ocrx_word' id='word_1_147' title='bbox 1076 1855 1267 1896; x_wconf 86' lang='lat' dir='ltr'><strong>cursus</strong></span> <span class='ocrx_word' id='word_1_148' title='bbox 1291 1847 1490 1902; x_wconf 81' lang='lat' dir='ltr'><strong>noster,</strong></span> <span class='ocrx_word' id='word_1_149' title='bbox 1517 1836 1620 1890; x_wconf 89' lang='lat' dir='ltr'><strong>nisi</strong></span> <span class='ocrx_word' id='word_1_150' title='bbox 1650 1835 1790 1890; x_wconf 87' lang='lat' dir='ltr'><strong>Deus</strong></span> <span class='ocrx_word' id='word_1_151' title='bbox 1808 1841 1864 1890; x_wconf 86' lang='lat' dir='ltr'><strong>et</strong></span> 
     </span>
    </p>
   </div>
   <div class='ocr_carea' id='block_1_19' title="bbox 276 1929 1863 2000">
    <p class='ocr_par' dir='ltr' id='par_1_19' title="bbox 276 1929 1863 2000">
     <span class='ocr_line' id='line_1_19' title="bbox 276 1929 1863 2000; baseline -0.001 -18"><span class='ocrx_word' id='word_1_152' title='bbox 276 1931 419 1986; x_wconf 86' lang='lat' dir='ltr'><strong>vires</strong></span> <span class='ocrx_word' id='word_1_153' title='bbox 439 1930 778 1986; x_wconf 88' lang='lat' dir='ltr'><strong>currentibus</strong></span> <span class='ocrx_word' id='word_1_154' title='bbox 804 1929 1060 2000; x_wconf 66' lang='lat' dir='ltr'><strong>praebeat,</strong></span> <span class='ocrx_word' id='word_1_155' title='bbox 1091 1940 1143 1988; x_wconf 88' lang='lat' dir='ltr'><strong>et</strong></span> <span class='ocrx_word' id='word_1_156' title='bbox 1172 1929 1426 2000; x_wconf 78' lang='lat' dir='ltr'><strong>perducat</strong></span> <span class='ocrx_word' id='word_1_157' title='bbox 1449 1942 1558 1998; x_wconf 93' lang='lat' dir='ltr'><strong>quo</strong></span> <span class='ocrx_word' id='word_1_158' title='bbox 1585 1935 1774 1990; x_wconf 79' lang='lat' dir='ltr'><strong>vocat;</strong></span> <span class='ocrx_word' id='word_1_159' title='bbox 1799 1939 1863 1982; x_wconf 88' lang='lat' dir='ltr'><strong>ac</strong></span> 
     </span>
    </p>
   </div>
   <div class='ocr_carea' id='block_1_20' title="bbox 274 2015 1862 2094">
    <p class='ocr_par' dir='ltr' id='par_1_20' title="bbox 274 2015 1862 2094">
     <span class='ocr_line' id='line_1_20' title="bbox 274 2015 1862 2094; baseline -0.004 -17"><span class='ocrx_word' id='word_1_160' title='bbox 274 2023 468 2080; x_wconf 85' lang='lat' dir='ltr'><strong>deinde</strong></span> <span class='ocrx_word' id='word_1_161' title='bbox 493 2023 740 2094; x_wconf 75' lang='lat' dir='ltr'><strong>subjunxi</strong></span> <span class='ocrx_word' id='word_1_162' title='bbox 762 2065 778 2090; x_wconf 90' lang='lat'><strong>,</strong></span> <span class='ocrx_word' id='word_1_163' title='bbox 809 2022 1150 2079; x_wconf 81' lang='lat' dir='ltr'><strong>Manifestum</strong></span> <span class='ocrx_word' id='word_1_164' title='bbox 1177 2031 1260 2078; x_wconf 91' lang='lat' dir='ltr'><strong>est</strong></span> <span class='ocrx_word' id='word_1_165' title='bbox 1294 2034 1425 2090; x_wconf 83' lang='lat' dir='ltr'><strong>ergo</strong></span> <span class='ocrx_word' id='word_1_166' title='bbox 1445 2059 1459 2082; x_wconf 92' lang='lat'><strong>.</strong></span> <span class='ocrx_word' id='word_1_167' title='bbox 1489 2033 1597 2074; x_wconf 94' lang='lat' dir='ltr'><strong>non</strong></span> <span class='ocrx_word' id='word_1_168' title='bbox 1636 2015 1862 2072; x_wconf 79' lang='lat' dir='ltr'><strong>volentis</strong></span> 
     </span>
    </p>
   </div>
   <div class='ocr_carea' id='block_1_21' title="bbox 277 2106 1861 2186">
    <p class='ocr_par' dir='ltr' id='par_1_21' title="bbox 277 2106 1861 2186">
     <span class='ocr_line' id='line_1_21' title="bbox 277 2106 1861 2186; baseline -0.005 -18"><span class='ocrx_word' id='word_1_169' title='bbox 277 2130 449 2186; x_wconf 87' lang='lat' dir='ltr'><strong>neque</strong></span> <span class='ocrx_word' id='word_1_170' title='bbox 483 2113 780 2182; x_wconf 88' lang='lat' dir='ltr'><strong>currentis,</strong></span> <span class='ocrx_word' id='word_1_171' title='bbox 809 2113 906 2169; x_wconf 89' lang='lat' dir='ltr'><strong>sed</strong></span> <span class='ocrx_word' id='word_1_172' title='bbox 943 2113 1248 2170; x_wconf 90' lang='lat' dir='ltr'><strong>miserentis</strong></span> <span class='ocrx_word' id='word_1_173' title='bbox 1277 2111 1369 2165; x_wconf 87' lang='lat' dir='ltr'><strong>Dei</strong></span> <span class='ocrx_word' id='word_1_174' title='bbox 1407 2124 1529 2164; x_wconf 89' lang='lat' dir='ltr'><strong>esse</strong></span> <span class='ocrx_word' id='word_1_175' title='bbox 1569 2106 1746 2180; x_wconf 80' lang='lat' dir='ltr'><strong>(Rom.</strong></span> <span class='ocrx_word' id='word_1_176' title='bbox 1785 2121 1861 2171; x_wconf 78' lang='lat' dir='ltr'><strong>ix,</strong></span> 
     </span>
    </p>
   </div>
   <div class='ocr_carea' id='block_1_22' title="bbox 278 2199 1862 2283">
    <p class='ocr_par' dir='ltr' id='par_1_22' title="bbox 278 2199 1862 2283">
     <span class='ocr_line' id='line_1_22' title="bbox 278 2199 1862 2283; baseline -0.004 -23"><span class='ocrx_word' id='word_1_177' title='bbox 278 2205 547 2283; x_wconf 79' lang='lat' dir='ltr'><strong>tti)_qnod</strong></span> <span class='ocrx_word' id='word_1_178' title='bbox 589 2205 725 2261; x_wconf 86' lang='lat' dir='ltr'><strong>bene</strong></span> <span class='ocrx_word' id='word_1_179' title='bbox 765 2219 1053 2276; x_wconf 72' lang='lat' dir='ltr'><strong>operantur</strong></span> <span class='ocrx_word' id='word_1_180' title='bbox 1083 2220 1097 2258; x_wconf 92' lang='lat'><strong>:</strong></span> <span class='ocrx_word' id='word_1_181' title='bbox 1128 2202 1348 2258; x_wconf 82' lang='lat' dir='ltr'><strong>omnino</strong></span> <span class='ocrx_word' id='word_1_182' title='bbox 1383 2199 1725 2256; x_wconf 86' lang='lat' dir='ltr'><strong>verissimum</strong></span> <span class='ocrx_word' id='word_1_183' title='bbox 1759 2205 1862 2255; x_wconf 87' lang='lat' dir='ltr'><strong>est.</strong></span> 
     </span>
    </p>
   </div>
   <div class='ocr_carea' id='block_1_23' title="bbox 277 2289 1868 2366">
    <p class='ocr_par' dir='ltr' id='par_1_23' title="bbox 277 2289 1868 2366">
     <span class='ocr_line' id='line_1_23' title="bbox 277 2289 1868 2366; baseline -0.004 -16"><span class='ocrx_word' id='word_1_184' title='bbox 277 2295 383 2350; x_wconf 83' lang='lat' dir='ltr'><strong>Sed</strong></span> <span class='ocrx_word' id='word_1_185' title='bbox 415 2311 597 2365; x_wconf 80' lang='lat' dir='ltr'><strong>parum</strong></span> <span class='ocrx_word' id='word_1_186' title='bbox 628 2295 695 2350; x_wconf 89' lang='lat' dir='ltr'><strong>de</strong></span> <span class='ocrx_word' id='word_1_187' title='bbox 720 2296 833 2366; x_wconf 88' lang='lat' dir='ltr'><strong>ipsa</strong></span> <span class='ocrx_word' id='word_1_188' title='bbox 861 2294 1140 2351; x_wconf 86' lang='lat' dir='ltr'><strong>vocatione</strong></span> <span class='ocrx_word' id='word_1_189' title='bbox 1168 2292 1415 2356; x_wconf 77' lang='lat' dir='ltr'><strong>disserui,</strong></span> <span class='ocrx_word' id='word_1_190' title='bbox 1441 2306 1562 2362; x_wconf 73' lang='lat' dir='ltr'><strong>qua:</strong></span> <span class='ocrx_word' id='word_1_191' title='bbox 1585 2289 1646 2344; x_wconf 90' lang='lat' dir='ltr'><strong>ﬁt</strong></span> <span class='ocrx_word' id='word_1_192' title='bbox 1673 2304 1868 2346; x_wconf 87' lang='lat' dir='ltr'><strong>secun-</strong></span> 
     </span>
    </p>
   </div>
   <div class='ocr_carea' id='block_1_24' title="bbox 276 2383 1865 2458">
    <p class='ocr_par' dir='ltr' id='par_1_24' title="bbox 276 2383 1865 2458">
     <span class='ocr_line' id='line_1_24' title="bbox 276 2383 1865 2458; baseline -0.003 -18"><span class='ocrx_word' id='word_1_193' title='bbox 276 2385 403 2440; x_wconf 87' lang='lat' dir='ltr'><strong>dum</strong></span> <span class='ocrx_word' id='word_1_194' title='bbox 431 2389 762 2458; x_wconf 87' lang='lat' dir='ltr'><strong>propositum</strong></span> <span class='ocrx_word' id='word_1_195' title='bbox 796 2387 890 2443; x_wconf 89' lang='lat' dir='ltr'><strong>Dei</strong></span> <span class='ocrx_word' id='word_1_196' title='bbox 923 2404 936 2440; x_wconf 93' lang='lat'><strong>:</strong></span> <span class='ocrx_word' id='word_1_197' title='bbox 966 2400 1080 2442; x_wconf 81' lang='lat' dir='ltr'><strong>non&#39;</strong></span> <span class='ocrx_word' id='word_1_198' title='bbox 1107 2386 1252 2442; x_wconf 89' lang='lat' dir='ltr'><strong>enim</strong></span> <span class='ocrx_word' id='word_1_199' title='bbox 1279 2383 1516 2440; x_wconf 86' lang='lat' dir='ltr'><strong>omnium</strong></span> <span class='ocrx_word' id='word_1_200' title='bbox 1544 2383 1634 2454; x_wconf 87' lang='lat' dir='ltr'><strong>qui</strong></span> <span class='ocrx_word' id='word_1_201' title='bbox 1665 2397 1865 2438; x_wconf 87' lang='lat' dir='ltr'><strong>vocan-</strong></span> 
     </span>
    </p>
   </div>
   <div class='ocr_carea' id='block_1_25' title="bbox 279 2472 1866 2544">
    <p class='ocr_par' dir='ltr' id='par_1_25' title="bbox 279 2472 1866 2544">
     <span class='ocr_line' id='line_1_25' title="bbox 279 2472 1866 2544; baseline -0.002 -12"><span class='ocrx_word' id='word_1_202' title='bbox 279 2487 364 2532; x_wconf 93' lang='lat' dir='ltr'><strong>tur</strong></span> <span class='ocrx_word' id='word_1_203' title='bbox 383 2477 502 2532; x_wconf 87' lang='lat' dir='ltr'><strong>talis</strong></span> <span class='ocrx_word' id='word_1_204' title='bbox 525 2487 628 2543; x_wconf 88' lang='lat' dir='ltr'><strong>est,</strong></span> <span class='ocrx_word' id='word_1_205' title='bbox 647 2477 740 2534; x_wconf 89' lang='lat' dir='ltr'><strong>sed</strong></span> <span class='ocrx_word' id='word_1_206' title='bbox 765 2485 967 2534; x_wconf 85' lang='lat' dir='ltr'><strong>tantum</strong></span> <span class='ocrx_word' id='word_1_207' title='bbox 991 2478 1306 2533; x_wconf 80' lang='lat' dir='ltr'><strong>electorum.</strong></span> <span class='ocrx_word' id='word_1_208' title='bbox 1333 2474 1516 2544; x_wconf 84' lang='lat' dir='ltr'><strong>itaque</strong></span> <span class='ocrx_word' id='word_1_209' title='bbox 1538 2473 1678 2544; x_wconf 86' lang='lat' dir='ltr'><strong>quod</strong></span> <span class='ocrx_word' id='word_1_210' title='bbox 1707 2472 1866 2544; x_wconf 87' lang='lat' dir='ltr'><strong>paulo</strong></span> 
     </span>
    </p>
   </div>
   <div class='ocr_carea' id='block_1_26' title="bbox 278 2565 1868 2639">
    <p class='ocr_par' dir='ltr' id='par_1_26' title="bbox 278 2565 1868 2639">
     <span class='ocr_line' id='line_1_26' title="bbox 278 2565 1868 2639; baseline -0.004 -15"><span class='ocrx_word' id='word_1_211' title='bbox 278 2579 400 2639; x_wconf 86' lang='lat' dir='ltr'><strong>post</strong></span> <span class='ocrx_word' id='word_1_212' title='bbox 425 2569 566 2635; x_wconf 78' lang='lat' dir='ltr'><strong>disi,</strong></span> <span class='ocrx_word' id='word_1_213' title='bbox 593 2569 744 2624; x_wconf 92' lang='lat' dir='ltr'><strong>Sicut</strong></span> <span class='ocrx_word' id='word_1_214' title='bbox 771 2569 915 2625; x_wconf 92' lang='lat' dir='ltr'><strong>enim</strong></span> <span class='ocrx_word' id='word_1_215' title='bbox 955 2569 1006 2624; x_wconf 92' lang='lat' dir='ltr'><strong>in</strong></span> <span class='ocrx_word' id='word_1_216' title='bbox 1049 2567 1134 2622; x_wconf 89' lang='lat' dir='ltr'><strong>his</strong></span> <span class='ocrx_word' id='word_1_217' title='bbox 1171 2580 1307 2636; x_wconf 86' lang='lat' dir='ltr'><strong>quos</strong></span> <span class='ocrx_word' id='word_1_218' title='bbox 1344 2565 1507 2633; x_wconf 80' lang='lat' dir='ltr'><strong>elegit</strong></span> <span class='ocrx_word' id='word_1_219' title='bbox 1550 2565 1688 2618; x_wconf 86' lang='lat' dir='ltr'><strong>Deus</strong></span> <span class='ocrx_word' id='word_1_220' title='bbox 1711 2604 1726 2620; x_wconf 92' lang='lat'><strong>.</strong></span> <span class='ocrx_word' id='word_1_221' title='bbox 1759 2578 1868 2618; x_wconf 83' lang='lat' dir='ltr'><strong>non</strong></span> 
     </span>
    </p>
   </div>
   <div class='ocr_carea' id='block_1_27' title="bbox 280 2653 1868 2730">
    <p class='ocr_par' dir='ltr' id='par_1_27' title="bbox 280 2653 1868 2730">
     <span class='ocr_line' id='line_1_27' title="bbox 280 2653 1868 2730; baseline -0.004 -18"><span class='ocrx_word' id='word_1_222' title='bbox 280 2676 466 2730; x_wconf 83' lang='lat' dir='ltr'><strong>opera,</strong></span> <span class='ocrx_word' id='word_1_223' title='bbox 499 2661 595 2715; x_wconf 88' lang='lat' dir='ltr'><strong>sed</strong></span> <span class='ocrx_word' id='word_1_224' title='bbox 620 2660 753 2714; x_wconf 90' lang='lat' dir='ltr'><strong>ﬁdes</strong></span> <span class='ocrx_word' id='word_1_225' title='bbox 784 2659 998 2715; x_wconf 84' lang='lat' dir='ltr'><strong>inchoat</strong></span> <span class='ocrx_word' id='word_1_226' title='bbox 1023 2658 1304 2721; x_wconf 90' lang='lat' dir='ltr'><strong>meritum,</strong></span> <span class='ocrx_word' id='word_1_227' title='bbox 1342 2663 1399 2710; x_wconf 92' lang='lat' dir='ltr'><strong>ut</strong></span> <span class='ocrx_word' id='word_1_228' title='bbox 1427 2669 1523 2722; x_wconf 89' lang='lat' dir='ltr'><strong>per</strong></span> <span class='ocrx_word' id='word_1_229' title='bbox 1551 2666 1746 2711; x_wconf 85' lang='lat' dir='ltr'><strong>munus</strong></span> <span class='ocrx_word' id='word_1_230' title='bbox 1774 2653 1868 2706; x_wconf 88' lang='lat' dir='ltr'><strong>Dei</strong></span> 
     </span>
    </p>
   </div>
   <div class='ocr_carea' id='block_1_28' title="bbox 281 2740 1870 2819">
    <p class='ocr_par' dir='ltr' id='par_1_28' title="bbox 281 2740 1870 2819">
     <span class='ocr_line' id='line_1_28' title="bbox 281 2740 1870 2819; baseline -0.006 -13"><span class='ocrx_word' id='word_1_231' title='bbox 281 2751 419 2806; x_wconf 89' lang='lat' dir='ltr'><strong>bene</strong></span> <span class='ocrx_word' id='word_1_232' title='bbox 450 2751 465 2780; x_wconf 89' lang='grc'>¹</span> <span class='ocrx_word' id='word_1_233' title='bbox 494 2757 820 2819; x_wconf 88' lang='lat' dir='ltr'><strong>operentur;</strong></span> <span class='ocrx_word' id='word_1_234' title='bbox 849 2748 926 2802; x_wconf 92' lang='lat' dir='ltr'><strong>sic</strong></span> <span class='ocrx_word' id='word_1_235' title='bbox 952 2748 1005 2802; x_wconf 87' lang='lat' dir='ltr'><strong>in</strong></span> <span class='ocrx_word' id='word_1_236' title='bbox 1035 2747 1119 2800; x_wconf 90' lang='lat' dir='ltr'><strong>his</strong></span> <span class='ocrx_word' id='word_1_237' title='bbox 1141 2759 1276 2816; x_wconf 87' lang='lat' dir='ltr'><strong>quos</strong></span> <span class='ocrx_word' id='word_1_238' title='bbox 1301 2743 1554 2809; x_wconf 86' lang='lat' dir='ltr'><strong>damnat,</strong></span> <span class='ocrx_word' id='word_1_239' title='bbox 1583 2740 1870 2797; x_wconf 86' lang='lat' dir='ltr'><strong>inﬁdelitas</strong></span> 
     </span>
    </p>
   </div>
   <div class='ocr_carea' id='block_1_29' title="bbox 281 2833 1870 2908">
    <p class='ocr_par' dir='ltr' id='par_1_29' title="bbox 281 2833 1870 2908">
     <span class='ocr_line' id='line_1_29' title="bbox 281 2833 1870 2908; baseline -0.008 -12"><span class='ocrx_word' id='word_1_240' title='bbox 281 2850 335 2896; x_wconf 86' lang='lat' dir='ltr'><strong>et</strong></span> <span class='ocrx_word' id='word_1_241' title='bbox 363 2839 608 2908; x_wconf 80' lang='lat' dir='ltr'><strong>impietas</strong></span> <span class='ocrx_word' id='word_1_242' title='bbox 629 2837 846 2892; x_wconf 83' lang='lat' dir='ltr'><strong>inchoat</strong></span> <span class='ocrx_word' id='word_1_243' title='bbox 866 2851 1039 2908; x_wconf 71' lang='lat' dir='ltr'><strong>pinnae</strong></span> <span class='ocrx_word' id='word_1_244' title='bbox 1059 2836 1332 2899; x_wconf 84' lang='lat' dir='ltr'><strong>meritum,</strong></span> <span class='ocrx_word' id='word_1_245' title='bbox 1358 2841 1416 2890; x_wconf 91' lang='lat' dir='ltr'><strong>ut</strong></span> <span class='ocrx_word' id='word_1_246' title='bbox 1441 2847 1535 2904; x_wconf 88' lang='lat' dir='ltr'><strong>per</strong></span> <span class='ocrx_word' id='word_1_247' title='bbox 1557 2833 1726 2902; x_wconf 89' lang='lat' dir='ltr'><strong>ipsam</strong></span> <span class='ocrx_word' id='word_1_248' title='bbox 1753 2844 1870 2900; x_wconf 75' lang='lat' dir='ltr'><strong>pm-</strong></span> 
     </span>
    </p>
   </div>
   <div class='ocr_carea' id='block_1_30' title="bbox 281 2919 1870 3000">
    <p class='ocr_par' dir='ltr' id='par_1_30' title="bbox 281 2919 1870 3000">
     <span class='ocr_line' id='line_1_30' title="bbox 281 2919 1870 3000; baseline -0.004 -18"><span class='ocrx_word' id='word_1_249' title='bbox 281 2944 406 2982; x_wconf 89' lang='lat' dir='ltr'><strong>nam</strong></span> <span class='ocrx_word' id='word_1_250' title='bbox 429 2928 588 2984; x_wconf 88' lang='lat' dir='ltr'><strong>etiam</strong></span> <span class='ocrx_word' id='word_1_251' title='bbox 624 2928 764 2983; x_wconf 89' lang='lat' dir='ltr'><strong>male</strong></span> <span class='ocrx_word' id='word_1_252' title='bbox 793 2935 1114 3000; x_wconf 88' lang='lat' dir='ltr'><strong>operentur;</strong></span> <span class='ocrx_word' id='word_1_253' title='bbox 1145 2925 1424 2982; x_wconf 80' lang='lat' dir='ltr'><strong>verissime</strong></span> <span class='ocrx_word' id='word_1_254' title='bbox 1449 2923 1560 2980; x_wconf 81' lang='lat' dir='ltr'><strong>dixi</strong></span> <span class='ocrx_word' id='word_1_255' title='bbox 1579 2963 1596 2989; x_wconf 92' lang='lat'><strong>,</strong></span> <span class='ocrx_word' id='word_1_256' title='bbox 1623 2921 1720 2978; x_wconf 88' lang='lat' dir='ltr'><strong>sed</strong></span> <span class='ocrx_word' id='word_1_257' title='bbox 1749 2919 1870 2976; x_wconf 88' lang='lat' dir='ltr'><strong>ﬁdei</strong></span> 
     </span>
    </p>
   </div>
   <div class='ocr_carea' id='block_1_31' title="bbox 283 3009 1872 3088">
    <p class='ocr_par' dir='ltr' id='par_1_31' title="bbox 283 3009 1872 3088">
     <span class='ocr_line' id='line_1_31' title="bbox 283 3009 1872 3088; baseline -0.005 -16"><span class='ocrx_word' id='word_1_258' title='bbox 283 3018 534 3073; x_wconf 84' lang='lat' dir='ltr'><strong>meritum</strong></span> <span class='ocrx_word' id='word_1_259' title='bbox 576 3017 736 3072; x_wconf 80' lang='lat' dir='ltr'><strong>etiam</strong></span> <span class='ocrx_word' id='word_1_260' title='bbox 781 3018 954 3088; x_wconf 90' lang='lat' dir='ltr'><strong>ipsum</strong></span> <span class='ocrx_word' id='word_1_261' title='bbox 993 3031 1115 3072; x_wconf 89' lang='lat' dir='ltr'><strong>esse</strong></span> <span class='ocrx_word' id='word_1_262' title='bbox 1157 3016 1359 3070; x_wconf 90' lang='lat' dir='ltr'><strong>donum</strong></span> <span class='ocrx_word' id='word_1_263' title='bbox 1392 3014 1524 3079; x_wconf 91' lang='lat' dir='ltr'><strong>Dei,</strong></span> <span class='ocrx_word' id='word_1_264' title='bbox 1554 3027 1654 3067; x_wconf 88' lang='lat' dir='ltr'><strong>nec</strong></span> <span class='ocrx_word' id='word_1_265' title='bbox 1695 3009 1872 3081; x_wconf 84' lang='lat' dir='ltr'><strong>putavi</strong></span> 
     </span>
    </p>
   </div>
   <div class='ocr_carea' id='block_1_32' title="bbox 279 3101 1872 3180">
    <p class='ocr_par' dir='ltr' id='par_1_32' title="bbox 279 3101 1872 3180">
     <span class='ocr_line' id='line_1_32' title="bbox 279 3101 1872 3180; baseline -0.003 -17"><span class='ocrx_word' id='word_1_266' title='bbox 279 3108 625 3180; x_wconf 82' lang='lat' dir='ltr'><strong>qu:erendum</strong></span> <span class='ocrx_word' id='word_1_267' title='bbox 655 3123 795 3174; x_wconf 89' lang='lat' dir='ltr'><strong>esse,</strong></span> <span class='ocrx_word' id='word_1_268' title='bbox 827 3123 926 3165; x_wconf 88' lang='lat' dir='ltr'><strong>nec</strong></span> <span class='ocrx_word' id='word_1_269' title='bbox 953 3107 1084 3162; x_wconf 80' lang='lat' dir='ltr'><strong>dixi.</strong></span> <span class='ocrx_word' id='word_1_270' title='bbox 1119 3107 1186 3161; x_wconf 85' lang='lat' dir='ltr'><strong>Et</strong></span> <span class='ocrx_word' id='word_1_271' title='bbox 1216 3106 1324 3160; x_wconf 88' lang='lat' dir='ltr'><strong>alio</strong></span> <span class='ocrx_word' id='word_1_272' title='bbox 1353 3106 1470 3159; x_wconf 93' lang='lat' dir='ltr'><strong>loco</strong></span> <span class='ocrx_word' id='word_1_273' title='bbox 1499 3121 1512 3158; x_wconf 90' lang='lat'><strong>:</strong></span> <span class='ocrx_word' id='word_1_274' title='bbox 1543 3103 1705 3172; x_wconf 71' lang='lat' dir='ltr'><strong>Cujus</strong></span> <span class='ocrx_word' id='word_1_275' title='bbox 1727 3101 1872 3158; x_wconf 89' lang='lat' dir='ltr'><strong>enim</strong></span> 
     </span>
    </p>
   </div>
   <div class='ocr_carea' id='block_1_33' title="bbox 283 3193 1872 3268">
    <p class='ocr_par' dir='ltr' id='par_1_33' title="bbox 283 3193 1872 3268">
     <span class='ocr_line' id='line_1_33' title="bbox 283 3193 1872 3268; baseline -0.003 -16"><span class='ocrx_word' id='word_1_276' title='bbox 283 3198 590 3263; x_wconf 74' lang='lat' dir='ltr'><strong>miseretur,</strong></span> <span class='ocrx_word' id='word_1_277' title='bbox 615 3197 852 3268; x_wconf 89' lang='lat' dir='ltr'><strong>inquam,</strong></span> <span class='ocrx_word' id='word_1_278' title='bbox 883 3198 1010 3252; x_wconf 86' lang='lat' dir='ltr'><strong>facit</strong></span> <span class='ocrx_word' id='word_1_279' title='bbox 1034 3212 1154 3252; x_wconf 89' lang='lat' dir='ltr'><strong>eum</strong></span> <span class='ocrx_word' id='word_1_280' title='bbox 1183 3197 1320 3251; x_wconf 88' lang='lat' dir='ltr'><strong>bene</strong></span> <span class='ocrx_word' id='word_1_281' title='bbox 1349 3193 1597 3266; x_wconf 86' lang='lat' dir='ltr'><strong>operari;</strong></span> <span class='ocrx_word' id='word_1_282' title='bbox 1626 3201 1680 3247; x_wconf 91' lang='lat' dir='ltr'><strong>et</strong></span> <span class='ocrx_word' id='word_1_283' title='bbox 1713 3207 1872 3262; x_wconf 86' lang='lat' dir='ltr'><strong>quem</strong></span> 
     </span>
    </p>
   </div>
   <div class='ocr_carea' id='block_1_34' title="bbox 283 3285 1873 3358">
    <p class='ocr_par' dir='ltr' id='par_1_34' title="bbox 283 3285 1873 3358">
     <span class='ocr_line' id='line_1_34' title="bbox 283 3285 1873 3358; baseline -0.003 -17"><span class='ocrx_word' id='word_1_284' title='bbox 283 3287 509 3341; x_wconf 91' lang='lat' dir='ltr'><strong>obdurat</strong></span> <span class='ocrx_word' id='word_1_285' title='bbox 531 3286 721 3358; x_wconf 69' lang='lat' dir='ltr'><strong>(Ibid,</strong></span> <span class='ocrx_word' id='word_1_286' title='bbox 748 3287 856 3358; x_wconf 84' lang='grc'><strong>18),</strong></span> <span class='ocrx_word' id='word_1_287' title='bbox 879 3288 1133 3357; x_wconf 83' lang='lat' dir='ltr'><strong>relinquit</strong></span> <span class='ocrx_word' id='word_1_288' title='bbox 1153 3302 1274 3342; x_wconf 90' lang='lat' dir='ltr'><strong>cum</strong></span> <span class='ocrx_word' id='word_1_289' title='bbox 1298 3295 1354 3340; x_wconf 91' lang='lat' dir='ltr'><strong>ut</strong></span> <span class='ocrx_word' id='word_1_290' title='bbox 1376 3286 1512 3339; x_wconf 88' lang='lat' dir='ltr'><strong>male</strong></span> <span class='ocrx_word' id='word_1_291' title='bbox 1533 3285 1554 3315; x_wconf 80' lang='grc'>¹</span> <span class='ocrx_word' id='word_1_292' title='bbox 1582 3293 1873 3354; x_wconf 84' lang='lat' dir='ltr'><strong>operetur:</strong></span> 
     </span>
    </p>
   </div>
   <div class='ocr_carea' id='block_1_35' title="bbox 287 3375 1876 3452">
    <p class='ocr_par' dir='ltr' id='par_1_35' title="bbox 287 3375 1876 3452">
     <span class='ocr_line' id='line_1_35' title="bbox 287 3375 1876 3452; baseline -0.002 -17"><span class='ocrx_word' id='word_1_293' title='bbox 287 3381 382 3435; x_wconf 91' lang='lat' dir='ltr'><strong>sed</strong></span> <span class='ocrx_word' id='word_1_294' title='bbox 409 3389 464 3436; x_wconf 93' lang='lat' dir='ltr'><strong>et</strong></span> <span class='ocrx_word' id='word_1_295' title='bbox 505 3381 592 3435; x_wconf 88' lang='lat' dir='ltr'><strong>illa</strong></span> <span class='ocrx_word' id='word_1_296' title='bbox 633 3380 994 3438; x_wconf 83' lang='lat' dir='ltr'><strong>misericordia</strong></span> <span class='ocrx_word' id='word_1_297' title='bbox 1025 3378 1349 3452; x_wconf 77' lang='lat' dir='ltr'><strong>przecedenti</strong></span> <span class='ocrx_word' id='word_1_298' title='bbox 1387 3381 1579 3433; x_wconf 89' lang='lat' dir='ltr'><strong>merito</strong></span> <span class='ocrx_word' id='word_1_299' title='bbox 1617 3375 1738 3432; x_wconf 86' lang='lat' dir='ltr'><strong>ﬁdei</strong></span> <span class='ocrx_word' id='word_1_300' title='bbox 1781 3377 1876 3432; x_wconf 61' lang='lat' dir='ltr'><strong>tria</strong></span> 
     </span>
    </p>
   </div>
   <div class='ocr_carea' id='block_1_36' title="bbox 289 3464 1876 3540">
    <p class='ocr_par' dir='ltr' id='par_1_36' title="bbox 289 3464 1876 3540">
     <span class='ocr_line' id='line_1_36' title="bbox 289 3464 1876 3540; baseline -0.001 -16"><span class='ocrx_word' id='word_1_301' title='bbox 289 3469 472 3525; x_wconf 85' lang='lat' dir='ltr'><strong>huitur</strong></span> <span class='ocrx_word' id='word_1_302' title='bbox 495 3512 509 3536; x_wconf 90' lang='lat'><strong>,</strong></span> <span class='ocrx_word' id='word_1_303' title='bbox 539 3482 592 3526; x_wconf 89' lang='lat' dir='ltr'><strong>et</strong></span> <span class='ocrx_word' id='word_1_304' title='bbox 625 3470 724 3526; x_wconf 78' lang='lat' dir='ltr'><strong>ista</strong></span> <span class='ocrx_word' id='word_1_305' title='bbox 751 3470 1033 3526; x_wconf 86' lang='lat' dir='ltr'><strong>obduratio</strong></span> <span class='ocrx_word' id='word_1_306' title='bbox 1063 3466 1384 3540; x_wconf 63' lang='lat' dir='ltr'><strong>praecedenti</strong></span> <span class='ocrx_word' id='word_1_307' title='bbox 1409 3465 1694 3536; x_wconf 84' lang='lat' dir='ltr'><strong>iniquitati.</strong></span> <span class='ocrx_word' id='word_1_308' title='bbox 1723 3464 1876 3533; x_wconf 84' lang='lat' dir='ltr'><strong>Quod</strong></span> 
     </span>
    </p>
   </div>
   <div class='ocr_carea' id='block_1_37' title="bbox 285 3555 1876 3631">
    <p class='ocr_par' dir='ltr' id='par_1_37' title="bbox 285 3555 1876 3631">
     <span class='ocr_line' id='line_1_37' title="bbox 285 3555 1876 3631; baseline -0.002 -17"><span class='ocrx_word' id='word_1_309' title='bbox 285 3561 500 3631; x_wconf 85' lang='lat' dir='ltr'><strong>quidem</strong></span> <span class='ocrx_word' id='word_1_310' title='bbox 523 3576 707 3616; x_wconf 89' lang='lat' dir='ltr'><strong>verum</strong></span> <span class='ocrx_word' id='word_1_311' title='bbox 731 3555 842 3626; x_wconf 78' lang='lat' dir='ltr'><strong>est;</strong></span> <span class='ocrx_word' id='word_1_312' title='bbox 863 3561 955 3615; x_wconf 90' lang='lat' dir='ltr'><strong>scd</strong></span> <span class='ocrx_word' id='word_1_313' title='bbox 978 3559 1154 3614; x_wconf 88' lang='lat' dir='ltr'><strong>adhuc</strong></span> <span class='ocrx_word' id='word_1_314' title='bbox 1173 3555 1516 3628; x_wconf 63' lang='lat' dir='ltr'><strong>quaerendum</strong></span> <span class='ocrx_word' id='word_1_315' title='bbox 1541 3563 1674 3620; x_wconf 88' lang='lat' dir='ltr'><strong>erat,</strong></span> <span class='ocrx_word' id='word_1_316' title='bbox 1699 3565 1876 3612; x_wconf 85' lang='lat' dir='ltr'><strong>utrum</strong></span> 
     </span>
    </p>
   </div>
   <div class='ocr_carea' id='block_1_38' title="bbox 285 3645 1874 3712">
    <p class='ocr_par' dir='ltr' id='par_1_38' title="bbox 285 3645 1874 3712">
     <span class='ocr_line' id='line_1_38' title="bbox 285 3645 1874 3712; baseline -0.004 -6"><span class='ocrx_word' id='word_1_317' title='bbox 285 3661 339 3706; x_wconf 92' lang='lat' dir='ltr'><strong>et</strong></span> <span class='ocrx_word' id='word_1_318' title='bbox 366 3653 616 3706; x_wconf 82' lang='lat' dir='ltr'><strong>meritum</strong></span> <span class='ocrx_word' id='word_1_319' title='bbox 647 3650 772 3707; x_wconf 87' lang='lat' dir='ltr'><strong>ﬁdei</strong></span> <span class='ocrx_word' id='word_1_320' title='bbox 801 3650 870 3706; x_wconf 90' lang='lat' dir='ltr'><strong>de</strong></span> <span class='ocrx_word' id='word_1_321' title='bbox 897 3649 1266 3705; x_wconf 87' lang='lat' dir='ltr'><strong>misericordia</strong></span> <span class='ocrx_word' id='word_1_322' title='bbox 1295 3649 1386 3704; x_wconf 89' lang='lat' dir='ltr'><strong>Dei</strong></span> <span class='ocrx_word' id='word_1_323' title='bbox 1413 3649 1592 3703; x_wconf 83' lang='lat' dir='ltr'><strong>veniat</strong></span> <span class='ocrx_word' id='word_1_324' title='bbox 1619 3645 1672 3710; x_wconf 85' lang='grc'><strong>³;</strong></span> <span class='ocrx_word' id='word_1_325' title='bbox 1697 3645 1748 3700; x_wconf 89' lang='lat' dir='ltr'><strong>id</strong></span> <span class='ocrx_word' id='word_1_326' title='bbox 1770 3655 1874 3712; x_wconf 88' lang='lat' dir='ltr'><strong>est,</strong></span> 
     </span>
    </p>
   </div>
   <div class='ocr_carea' id='block_1_39' title="bbox 203 3737 1879 3797">
    <p class='ocr_par' dir='ltr' id='par_1_39' title="bbox 203 3737 1879 3797">
     <span class='ocr_line' id='line_1_39' title="bbox 203 3737 1879 3797; baseline -0.005 -2"><span class='ocrx_word' id='word_1_327' title='bbox 203 3740 214 3745; x_wconf 85' lang='grc'><strong>’</strong></span> <span class='ocrx_word' id='word_1_328' title='bbox 289 3751 465 3796; x_wconf 87' lang='lat' dir='ltr'><strong>utrum</strong></span> <span class='ocrx_word' id='word_1_329' title='bbox 496 3742 596 3796; x_wconf 87' lang='lat' dir='ltr'><strong>ista</strong></span> <span class='ocrx_word' id='word_1_330' title='bbox 624 3741 990 3797; x_wconf 81' lang='lat' dir='ltr'><strong>misericordia</strong></span> <span class='ocrx_word' id='word_1_331' title='bbox 1021 3741 1141 3796; x_wconf 86' lang='lat' dir='ltr'><strong>ideo</strong></span> <span class='ocrx_word' id='word_1_332' title='bbox 1171 3738 1540 3794; x_wconf 89' lang='lat' dir='ltr'><strong>tantummodo</strong></span> <span class='ocrx_word' id='word_1_333' title='bbox 1579 3737 1670 3792; x_wconf 92' lang='lat' dir='ltr'><strong>ﬁat</strong></span> <span class='ocrx_word' id='word_1_334' title='bbox 1699 3737 1752 3791; x_wconf 93' lang='lat' dir='ltr'><strong>in</strong></span> <span class='ocrx_word' id='word_1_335' title='bbox 1781 3737 1879 3792; x_wconf 80' lang='lat' dir='ltr'><strong>ho—</strong></span> 
     </span>
    </p>
   </div>
   <div class='ocr_carea' id='block_1_40' title="bbox 289 3827 1880 3901">
    <p class='ocr_par' dir='ltr' id='par_1_40' title="bbox 289 3827 1880 3901">
     <span class='ocr_line' id='line_1_40' title="bbox 289 3827 1880 3901; baseline -0.001 -16"><span class='ocrx_word' id='word_1_336' title='bbox 289 3831 432 3886; x_wconf 91' lang='lat' dir='ltr'><strong>mine</strong></span> <span class='ocrx_word' id='word_1_337' title='bbox 451 3872 468 3897; x_wconf 93' lang='lat'><strong>,</strong></span> <span class='ocrx_word' id='word_1_338' title='bbox 489 3832 612 3901; x_wconf 89' lang='lat' dir='ltr'><strong>quia</strong></span> <span class='ocrx_word' id='word_1_339' title='bbox 639 3832 807 3886; x_wconf 89' lang='lat' dir='ltr'><strong>ﬁdelis</strong></span> <span class='ocrx_word' id='word_1_340' title='bbox 825 3839 908 3886; x_wconf 90' lang='lat' dir='ltr'><strong>est</strong></span> <span class='ocrx_word' id='word_1_341' title='bbox 925 3871 940 3894; x_wconf 96' lang='lat'><strong>,</strong></span> <span class='ocrx_word' id='word_1_342' title='bbox 964 3847 1030 3884; x_wconf 88' lang='lat' dir='ltr'><strong>an</strong></span> <span class='ocrx_word' id='word_1_343' title='bbox 1061 3830 1221 3886; x_wconf 87' lang='lat' dir='ltr'><strong>etiam</strong></span> <span class='ocrx_word' id='word_1_344' title='bbox 1254 3829 1388 3884; x_wconf 85' lang='lat' dir='ltr'><strong>facta</strong></span> <span class='ocrx_word' id='word_1_345' title='bbox 1414 3827 1594 3896; x_wconf 79' lang='lat' dir='ltr'><strong>fuerit,</strong></span> <span class='ocrx_word' id='word_1_346' title='bbox 1620 3837 1677 3882; x_wconf 91' lang='lat' dir='ltr'><strong>ut</strong></span> <span class='ocrx_word' id='word_1_347' title='bbox 1705 3827 1880 3884; x_wconf 79' lang='lat' dir='ltr'><strong>ﬁdelis</strong></span> 
     </span>
    </p>
   </div>
   <div class='ocr_carea' id='block_1_41' title="bbox 289 3918 1879 3990">
    <p class='ocr_par' dir='ltr' id='par_1_41' title="bbox 289 3918 1879 3990">
     <span class='ocr_line' id='line_1_41' title="bbox 289 3918 1879 3990; baseline 0 -16"><span class='ocrx_word' id='word_1_348' title='bbox 289 3929 452 3974; x_wconf 87' lang='lat' dir='ltr'><strong>esset.</strong></span> <span class='ocrx_word' id='word_1_349' title='bbox 477 3920 728 3988; x_wconf 76' lang='lat' dir='ltr'><strong>Legimus</strong></span> <span class='ocrx_word' id='word_1_350' title='bbox 753 3921 896 3975; x_wconf 87' lang='lat' dir='ltr'><strong>enim</strong></span> <span class='ocrx_word' id='word_1_351' title='bbox 922 3921 1134 3976; x_wconf 88' lang='lat' dir='ltr'><strong>dicente</strong></span> <span class='ocrx_word' id='word_1_352' title='bbox 1162 3919 1443 3990; x_wconf 86' lang='lat' dir='ltr'><strong>Apostolo,</strong></span> <span class='ocrx_word' id='word_1_353' title='bbox 1473 3918 1879 3974; x_wconf 74' lang='lat' dir='ltr'><strong>Misericordiam</strong></span> 
     </span>
    </p>
   </div>
   <div class='ocr_carea' id='block_1_42' title="bbox 289 4010 1877 4083">
    <p class='ocr_par' dir='ltr' id='par_1_42' title="bbox 289 4010 1877 4083">
     <span class='ocr_line' id='line_1_42' title="bbox 289 4010 1877 4083; baseline 0.003 -18"><span class='ocrx_word' id='word_1_354' title='bbox 289 4020 585 4066; x_wconf 73' lang='lat' dir='ltr'><strong>consecutus</strong></span> <span class='ocrx_word' id='word_1_355' title='bbox 609 4027 722 4065; x_wconf 87' lang='lat' dir='ltr'><strong>sum</strong></span> <span class='ocrx_word' id='word_1_356' title='bbox 741 4053 754 4076; x_wconf 97' lang='lat'><strong>,</strong></span> <span class='ocrx_word' id='word_1_357' title='bbox 783 4021 837 4065; x_wconf 87' lang='lat' dir='ltr'><strong>ut</strong></span> <span class='ocrx_word' id='word_1_358' title='bbox 860 4011 1028 4081; x_wconf 80' lang='lat' dir='ltr'><strong>ﬁdelis</strong></span> <span class='ocrx_word' id='word_1_359' title='bbox 1058 4027 1216 4065; x_wconf 80' lang='lat' dir='ltr'><strong>essent</strong></span> <span class='ocrx_word' id='word_1_360' title='bbox 1241 4011 1294 4083; x_wconf 85' lang='grc' dir='ltr'>(Ι</span> <span class='ocrx_word' id='word_1_361' title='bbox 1321 4011 1438 4066; x_wconf 83' lang='lat' dir='ltr'><strong>Cor.</strong></span> <span class='ocrx_word' id='word_1_362' title='bbox 1467 4027 1536 4065; x_wconf 86' lang='lat' dir='ltr'><strong>vn</strong></span> <span class='ocrx_word' id='word_1_363' title='bbox 1557 4052 1572 4074; x_wconf 89' lang='lat'><strong>,</strong></span> <span class='ocrx_word' id='word_1_364' title='bbox 1596 4010 1700 4082; x_wconf 69' lang='lat'><strong>23)</strong></span> <span class='ocrx_word' id='word_1_365' title='bbox 1729 4029 1742 4065; x_wconf 74' lang='grc' dir='ltr'>ε</span> <span class='ocrx_word' id='word_1_366' title='bbox 1771 4027 1877 4070; x_wconf 88' lang='lat' dir='ltr'><strong>non</strong></span> 
     </span>
    </p>
   </div>
   <div class='ocr_carea' id='block_1_43' title="bbox 293 4100 1879 4173">
    <p class='ocr_par' dir='ltr' id='par_1_43' title="bbox 293 4100 1879 4173">
     <span class='ocr_line' id='line_1_43' title="bbox 293 4100 1879 4173; baseline 0.001 -17"><span class='ocrx_word' id='word_1_367' title='bbox 293 4103 363 4157; x_wconf 90' lang='lat' dir='ltr'><strong>ait</strong></span> <span class='ocrx_word' id='word_1_368' title='bbox 387 4145 403 4170; x_wconf 92' lang='lat'><strong>,</strong></span> <span class='ocrx_word' id='word_1_369' title='bbox 429 4103 550 4173; x_wconf 84' lang='lat' dir='ltr'><strong>quia</strong></span> <span class='ocrx_word' id='word_1_370' title='bbox 581 4101 752 4158; x_wconf 88' lang='lat' dir='ltr'><strong>ﬁdelis</strong></span> <span class='ocrx_word' id='word_1_371' title='bbox 781 4117 949 4156; x_wconf 87' lang='lat' dir='ltr'><strong>eram.</strong></span> <span class='ocrx_word' id='word_1_372' title='bbox 981 4100 1148 4158; x_wconf 89' lang='lat' dir='ltr'><strong>Fidcli</strong></span> <span class='ocrx_word' id='word_1_373' title='bbox 1179 4117 1308 4173; x_wconf 76' lang='lat' dir='ltr'><strong>ergo</strong></span> <span class='ocrx_word' id='word_1_374' title='bbox 1333 4101 1490 4156; x_wconf 87' lang='lat' dir='ltr'><strong>datur</strong></span> <span class='ocrx_word' id='word_1_375' title='bbox 1515 4101 1754 4172; x_wconf 90' lang='lat' dir='ltr'><strong>quidem,</strong></span> <span class='ocrx_word' id='word_1_376' title='bbox 1785 4101 1879 4158; x_wconf 87' lang='lat' dir='ltr'><strong>sed</strong></span> 
     </span>
    </p>
   </div>
   <div class='ocr_carea' id='block_1_44' title="bbox 292 4193 1882 4265">
    <p class='ocr_par' dir='ltr' id='par_1_44' title="bbox 292 4193 1882 4265">
     <span class='ocr_line' id='line_1_44' title="bbox 292 4193 1882 4265; baseline 0 -17"><span class='ocrx_word' id='word_1_377' title='bbox 292 4195 413 4248; x_wconf 84' lang='lat' dir='ltr'><strong>data</strong></span> <span class='ocrx_word' id='word_1_378' title='bbox 443 4203 528 4249; x_wconf 91' lang='lat' dir='ltr'><strong>est</strong></span> <span class='ocrx_word' id='word_1_379' title='bbox 554 4194 716 4250; x_wconf 89' lang='lat' dir='ltr'><strong>etiam</strong></span> <span class='ocrx_word' id='word_1_380' title='bbox 743 4205 801 4249; x_wconf 91' lang='lat' dir='ltr'><strong>ut</strong></span> <span class='ocrx_word' id='word_1_381' title='bbox 837 4203 982 4250; x_wconf 87' lang='lat' dir='ltr'><strong>esset</strong></span> <span class='ocrx_word' id='word_1_382' title='bbox 1010 4193 1202 4250; x_wconf 91' lang='lat' dir='ltr'><strong>ﬁdelis.</strong></span> <span class='ocrx_word' id='word_1_383' title='bbox 1232 4193 1552 4248; x_wconf 81' lang='lat' dir='ltr'><strong>Rectissime</strong></span> <span class='ocrx_word' id='word_1_384' title='bbox 1574 4193 1749 4265; x_wconf 85' lang='lat' dir='ltr'><strong>itaque</strong></span> <span class='ocrx_word' id='word_1_385' title='bbox 1773 4193 1882 4248; x_wconf 89' lang='lat' dir='ltr'><strong>alio</strong></span> 
     </span>
    </p>
   </div>
   <div class='ocr_carea' id='block_1_45' title="bbox 293 4284 1883 4356">
    <p class='ocr_par' dir='ltr' id='par_1_45' title="bbox 293 4284 1883 4356">
     <span class='ocr_line' id='line_1_45' title="bbox 293 4284 1883 4356; baseline -0.002 -14"><span class='ocrx_word' id='word_1_386' title='bbox 293 4288 412 4342; x_wconf 89' lang='lat' dir='ltr'><strong>loco</strong></span> <span class='ocrx_word' id='word_1_387' title='bbox 441 4289 492 4342; x_wconf 90' lang='lat' dir='ltr'><strong>in</strong></span> <span class='ocrx_word' id='word_1_388' title='bbox 519 4289 710 4344; x_wconf 89' lang='lat' dir='ltr'><strong>eodem</strong></span> <span class='ocrx_word' id='word_1_389' title='bbox 751 4289 890 4346; x_wconf 86' lang='lat' dir='ltr'><strong>libro</strong></span> <span class='ocrx_word' id='word_1_390' title='bbox 926 4287 1070 4354; x_wconf 82' lang='lat' dir='ltr'><strong>dixi,</strong></span> <span class='ocrx_word' id='word_1_391' title='bbox 1101 4285 1363 4356; x_wconf 69' lang='lat' dir='ltr'><strong>Quoniam</strong></span> <span class='ocrx_word' id='word_1_392' title='bbox 1401 4287 1444 4339; x_wconf 88' lang='lat' dir='ltr'><strong>si</strong></span> <span class='ocrx_word' id='word_1_393' title='bbox 1478 4299 1582 4340; x_wconf 91' lang='lat' dir='ltr'><strong>non</strong></span> <span class='ocrx_word' id='word_1_394' title='bbox 1610 4299 1677 4340; x_wconf 82' lang='lat' dir='ltr'><strong>ex</strong></span> <span class='ocrx_word' id='word_1_395' title='bbox 1706 4284 1883 4354; x_wconf 72' lang='lat' dir='ltr'><strong>operi~</strong></span> 
     </span>
    </p>
   </div>
   <div class='ocr_carea' id='block_1_46' title="bbox 295 4376 1880 4446">
    <p class='ocr_par' dir='ltr' id='par_1_46' title="bbox 295 4376 1880 4446">
     <span class='ocr_line' id='line_1_46' title="bbox 295 4376 1880 4446; baseline -0.003 -12"><span class='ocrx_word' id='word_1_396' title='bbox 295 4380 427 4446; x_wconf 76' lang='lat' dir='ltr'><strong>lius,</strong></span> <span class='ocrx_word' id='word_1_397' title='bbox 452 4381 544 4436; x_wconf 87' lang='lat' dir='ltr'><strong>sed</strong></span> <span class='ocrx_word' id='word_1_398' title='bbox 577 4381 940 4436; x_wconf 73' lang='lat' dir='ltr'><strong>misericordia</strong></span> <span class='ocrx_word' id='word_1_399' title='bbox 983 4380 1076 4435; x_wconf 92' lang='lat' dir='ltr'><strong>Dei</strong></span> <span class='ocrx_word' id='word_1_400' title='bbox 1104 4388 1158 4434; x_wconf 91' lang='lat' dir='ltr'><strong>et</strong></span> <span class='ocrx_word' id='word_1_401' title='bbox 1185 4392 1440 4433; x_wconf 86' lang='lat' dir='ltr'><strong>vocamur</strong></span> <span class='ocrx_word' id='word_1_402' title='bbox 1478 4384 1536 4431; x_wconf 93' lang='lat' dir='ltr'><strong>ut</strong></span> <span class='ocrx_word' id='word_1_403' title='bbox 1558 4376 1880 4443; x_wconf 87' lang='lat' dir='ltr'><strong>credamus,</strong></span> 
     </span>
    </p>
   </div>
   <div class='ocr_carea' id='block_1_47' title="bbox 297 4470 1885 4542">
    <p class='ocr_par' dir='ltr' id='par_1_47' title="bbox 297 4470 1885 4542">
     <span class='ocr_line' id='line_1_47' title="bbox 297 4470 1885 4542; baseline -0.002 -16"><span class='ocrx_word' id='word_1_404' title='bbox 297 4481 348 4526; x_wconf 87' lang='lat' dir='ltr'><strong>et</strong></span> <span class='ocrx_word' id='word_1_405' title='bbox 377 4473 718 4528; x_wconf 83' lang='lat' dir='ltr'><strong>credentibus</strong></span> <span class='ocrx_word' id='word_1_406' title='bbox 747 4480 1032 4542; x_wconf 56' lang='lat' dir='ltr'><strong>priestatur</strong></span> <span class='ocrx_word' id='word_1_407' title='bbox 1056 4480 1113 4526; x_wconf 92' lang='lat' dir='ltr'><strong>ut</strong></span> <span class='ocrx_word' id='word_1_408' title='bbox 1140 4470 1278 4526; x_wconf 87' lang='lat' dir='ltr'><strong>bene</strong></span> <span class='ocrx_word' id='word_1_409' title='bbox 1309 4483 1616 4538; x_wconf 85' lang='lat' dir='ltr'><strong>operemur,</strong></span> <span class='ocrx_word' id='word_1_410' title='bbox 1656 4485 1762 4524; x_wconf 87' lang='lat' dir='ltr'><strong>non</strong></span> <span class='ocrx_word' id='word_1_411' title='bbox 1801 4478 1885 4523; x_wconf 90' lang='lat' dir='ltr'><strong>est</strong></span> 
     </span>
    </p>
   </div>
   <div class='ocr_carea' id='block_1_48' title="bbox 297 4559 1885 4634">
    <p class='ocr_par' dir='ltr' id='par_1_48' title="bbox 297 4559 1885 4634">
     <span class='ocr_line' id='line_1_48' title="bbox 297 4559 1885 4634; baseline -0.001 -16"><span class='ocrx_word' id='word_1_412' title='bbox 297 4565 544 4634; x_wconf 78' lang='lat' dir='ltr'><strong>gentibus</strong></span> <span class='ocrx_word' id='word_1_413' title='bbox 567 4564 666 4618; x_wconf 89' lang='lat' dir='ltr'><strong>ista</strong></span> <span class='ocrx_word' id='word_1_414' title='bbox 702 4563 981 4618; x_wconf 85' lang='lat' dir='ltr'><strong>invidenda</strong></span> <span class='ocrx_word' id='word_1_415' title='bbox 1018 4560 1406 4627; x_wconf 84' lang='lat' dir='ltr'><strong>misericordia,</strong></span> <span class='ocrx_word' id='word_1_416' title='bbox 1436 4559 1680 4631; x_wconf 83' lang='lat' dir='ltr'><strong>quamvis</strong></span> <span class='ocrx_word' id='word_1_417' title='bbox 1709 4560 1885 4616; x_wconf 87' lang='lat' dir='ltr'><strong>minus</strong></span> 
     </span>
    </p>
   </div>
   <div class='ocr_carea' id='block_1_49' title="bbox 300 4650 1883 4726">
    <p class='ocr_par' dir='ltr' id='par_1_49' title="bbox 300 4650 1883 4726">
     <span class='ocr_line' id='line_1_49' title="bbox 300 4650 1883 4726; baseline -0.004 -17"><span class='ocrx_word' id='word_1_418' title='bbox 300 4655 372 4709; x_wconf 91' lang='lat' dir='ltr'><strong>ibi</strong></span> <span class='ocrx_word' id='word_1_419' title='bbox 399 4653 686 4726; x_wconf 79' lang='lat' dir='ltr'><strong>diligenter</strong></span> <span class='ocrx_word' id='word_1_420' title='bbox 718 4654 787 4710; x_wconf 92' lang='lat' dir='ltr'><strong>de</strong></span> <span class='ocrx_word' id='word_1_421' title='bbox 829 4655 918 4710; x_wconf 89' lang='lat' dir='ltr'><strong>illa</strong></span> <span class='ocrx_word' id='word_1_422' title='bbox 942 4695 958 4720; x_wconf 93' lang='lat'><strong>,</strong></span> <span class='ocrx_word' id='word_1_423' title='bbox 989 4670 1110 4724; x_wconf 72' lang='lat' dir='ltr'><strong>qua:</strong></span> <span class='ocrx_word' id='word_1_424' title='bbox 1146 4668 1244 4725; x_wconf 88' lang='lat' dir='ltr'><strong>per</strong></span> <span class='ocrx_word' id='word_1_425' title='bbox 1279 4652 1372 4707; x_wconf 90' lang='lat' dir='ltr'><strong>Dei</strong></span> <span class='ocrx_word' id='word_1_426' title='bbox 1413 4651 1744 4722; x_wconf 85' lang='lat' dir='ltr'><strong>propositum</strong></span> <span class='ocrx_word' id='word_1_427' title='bbox 1787 4650 1883 4716; x_wconf 89' lang='lat' dir='ltr'><strong>ﬁt,</strong></span> 
     </span>
    </p>
   </div>
   <div class='ocr_carea' id='block_1_50' title="bbox 301 4742 1884 4815">
    <p class='ocr_par' dir='ltr' id='par_1_50' title="bbox 301 4742 1884 4815">
     <span class='ocr_line' id='line_1_50' title="bbox 301 4742 1884 4815; baseline -0.003 -14"><span class='ocrx_word' id='word_1_428' title='bbox 301 4748 579 4805; x_wconf 82' lang='lat' dir='ltr'><strong>vocatione</strong></span> <span class='ocrx_word' id='word_1_429' title='bbox 598 4747 932 4803; x_wconf 88' lang='lat' dir='ltr'><strong>tractaverim</strong></span> <span class='ocrx_word' id='word_1_430' title='bbox 948 4764 966 4798; x_wconf 72' lang='lat' dir='ltr'><strong>s</strong></span> <span class='ocrx_word' id='word_1_431' title='bbox 987 4744 1238 4810; x_wconf 71' lang='lat' dir='ltr'><strong>{RetracL</strong></span> <span class='ocrx_word' id='word_1_432' title='bbox 1255 4743 1345 4798; x_wconf 84' lang='lat' dir='ltr'><strong>tib.</strong></span> <span class='ocrx_word' id='word_1_433' title='bbox 1361 4745 1410 4807; x_wconf 81' lang='grc'><strong>1,</strong></span> <span class='ocrx_word' id='word_1_434' title='bbox 1425 4760 1539 4815; x_wconf 85' lang='lat' dir='ltr'><strong>cap.</strong></span> <span class='ocrx_word' id='word_1_435' title='bbox 1553 4743 1644 4808; x_wconf 74' lang='lat'><strong>9.5,</strong></span> <span class='ocrx_word' id='word_1_436' title='bbox 1664 4760 1717 4798; x_wconf 76' lang='grc' dir='ltr'><strong>η.</strong></span> <span class='ocrx_word' id='word_1_437' title='bbox 1735 4744 1789 4804; x_wconf 80' lang='grc'><strong>5,</strong></span> <span class='ocrx_word' id='word_1_438' title='bbox 1803 4742 1858 4813; x_wconf 72' lang='grc'><strong>4)</strong></span> <span class='ocrx_word' id='word_1_439' title='bbox 1870 4781 1884 4796; x_wconf 91' lang='grc'><strong>.</strong></span> 
     </span>
    </p>
   </div>
   <div class='ocr_carea' id='block_1_51' title="bbox 370 4832 1888 4904">
    <p class='ocr_par' dir='ltr' id='par_1_51' title="bbox 370 4832 1888 4904">
     <span class='ocr_line' id='line_1_51' title="bbox 370 4832 1888 4904; baseline -0.004 -10"><span class='ocrx_word' id='word_1_440' title='bbox 370 4839 595 4896; x_wconf 75' lang='lat' dir='ltr'><strong>CAPUT</strong></span> <span class='ocrx_word' id='word_1_441' title='bbox 631 4838 720 4894; x_wconf 90' lang='lat' dir='ltr'><strong>IV.</strong></span> <span class='ocrx_word' id='word_1_442' title='bbox 747 4869 820 4880; x_wconf 93' lang='lat'><strong><em>—</em></strong></span> <span class='ocrx_word' id='word_1_443' title='bbox 847 4839 900 4894; x_wconf 88' lang='lat'><strong>8.</strong></span> <span class='ocrx_word' id='word_1_444' title='bbox 940 4836 1144 4892; x_wconf 78' lang='lat' dir='ltr'><strong>Videtis</strong></span> <span class='ocrx_word' id='word_1_445' title='bbox 1173 4843 1321 4890; x_wconf 89' lang='lat' dir='ltr'><strong>certe</strong></span> <span class='ocrx_word' id='word_1_446' title='bbox 1363 4834 1490 4904; x_wconf 91' lang='lat' dir='ltr'><strong>quid</strong></span> <span class='ocrx_word' id='word_1_447' title='bbox 1540 4843 1662 4888; x_wconf 93' lang='lat' dir='ltr'><strong>tunc</strong></span> <span class='ocrx_word' id='word_1_448' title='bbox 1689 4833 1757 4889; x_wconf 89' lang='lat' dir='ltr'><strong>de</strong></span> <span class='ocrx_word' id='word_1_449' title='bbox 1783 4832 1888 4888; x_wconf 87' lang='lat' dir='ltr'><strong>ﬁde</strong></span> 
     </span>
    </p>
   </div>
   <div class='ocr_carea' id='block_1_52' title="bbox 303 4913 1886 5001">
    <p class='ocr_par' dir='ltr' id='par_1_52' title="bbox 303 4913 1886 5001">
     <span class='ocr_line' id='line_1_52' title="bbox 303 4913 1886 5001; baseline -0.005 -17"><span class='ocrx_word' id='word_1_450' title='bbox 303 4937 460 5000; x_wconf 80' lang='lat' dir='ltr'><strong>atque</strong></span> <span class='ocrx_word' id='word_1_451' title='bbox 485 4929 734 5001; x_wconf 87' lang='lat' dir='ltr'><strong>operibus</strong></span> <span class='ocrx_word' id='word_1_452' title='bbox 759 4927 1078 4993; x_wconf 84' lang='lat' dir='ltr'><strong>sentiebam,</strong></span> <span class='ocrx_word' id='word_1_453' title='bbox 1101 4925 1344 4996; x_wconf 83' lang='lat' dir='ltr'><strong>quamvis</strong></span> <span class='ocrx_word' id='word_1_454' title='bbox 1372 4924 1438 4980; x_wconf 91' lang='lat' dir='ltr'><strong>de</strong></span> <span class='ocrx_word' id='word_1_455' title='bbox 1463 4913 1886 4979; x_wconf 83' lang='lat' dir='ltr'><strong>commendanda</strong></span> 
     </span>
    </p>
   </div>
   <div class='ocr_carea' id='block_1_53' title="bbox 301 5013 1890 5092">
    <p class='ocr_par' dir='ltr' id='par_1_53' title="bbox 301 5013 1890 5092">
     <span class='ocr_line' id='line_1_53' title="bbox 301 5013 1890 5092; baseline -0.003 -17"><span class='ocrx_word' id='word_1_456' title='bbox 301 5023 470 5092; x_wconf 78' lang='lat' dir='ltr'><strong>gratia</strong></span> <span class='ocrx_word' id='word_1_457' title='bbox 505 5021 594 5075; x_wconf 90' lang='lat' dir='ltr'><strong>Dei</strong></span> <span class='ocrx_word' id='word_1_458' title='bbox 626 5019 923 5075; x_wconf 85' lang='lat' dir='ltr'><strong>laborarem</strong></span> <span class='ocrx_word' id='word_1_459' title='bbox 956 5037 970 5074; x_wconf 92' lang='lat'><strong>:</strong></span> <span class='ocrx_word' id='word_1_460' title='bbox 1003 5018 1055 5072; x_wconf 93' lang='lat' dir='ltr'><strong>in</strong></span> <span class='ocrx_word' id='word_1_461' title='bbox 1091 5032 1194 5088; x_wconf 90' lang='lat' dir='ltr'><strong>qua</strong></span> <span class='ocrx_word' id='word_1_462' title='bbox 1229 5015 1494 5072; x_wconf 87' lang='lat' dir='ltr'><strong>sententia</strong></span> <span class='ocrx_word' id='word_1_463' title='bbox 1524 5015 1656 5070; x_wconf 89' lang='lat' dir='ltr'><strong>istos</strong></span> <span class='ocrx_word' id='word_1_464' title='bbox 1697 5013 1890 5070; x_wconf 77' lang='lat' dir='ltr'><strong>fratres</strong></span> 
     </span>
    </p>
   </div>
   <div class='ocr_carea' id='block_1_54' title="bbox 304 5105 1890 5180">
    <p class='ocr_par' dir='ltr' id='par_1_54' title="bbox 304 5105 1890 5180">
     <span class='ocr_line' id='line_1_54' title="bbox 304 5105 1890 5180; baseline -0.005 -12"><span class='ocrx_word' id='word_1_465' title='bbox 304 5124 518 5168; x_wconf 81' lang='lat' dir='ltr'><strong>nostros</strong></span> <span class='ocrx_word' id='word_1_466' title='bbox 537 5126 656 5168; x_wconf 82' lang='lat' dir='ltr'><strong>esse</strong></span> <span class='ocrx_word' id='word_1_467' title='bbox 683 5125 826 5166; x_wconf 89' lang='lat' dir='ltr'><strong>nunc</strong></span> <span class='ocrx_word' id='word_1_468' title='bbox 851 5109 1040 5175; x_wconf 86' lang='lat' dir='ltr'><strong>video;</strong></span> <span class='ocrx_word' id='word_1_469' title='bbox 1075 5110 1196 5180; x_wconf 85' lang='lat' dir='ltr'><strong>quia</strong></span> <span class='ocrx_word' id='word_1_470' title='bbox 1225 5122 1332 5162; x_wconf 92' lang='lat' dir='ltr'><strong>non</strong></span> <span class='ocrx_word' id='word_1_471' title='bbox 1358 5106 1496 5162; x_wconf 90' lang='lat' dir='ltr'><strong>sicut</strong></span> <span class='ocrx_word' id='word_1_472' title='bbox 1523 5105 1698 5177; x_wconf 77' lang='lat' dir='ltr'><strong>legere</strong></span> <span class='ocrx_word' id='word_1_473' title='bbox 1721 5105 1890 5160; x_wconf 84' lang='lat' dir='ltr'><strong>libros</strong></span> 
     </span>
    </p>
   </div>
   <div class='ocr_carea' id='block_1_55' title="bbox 297 5199 1886 5270">
    <p class='ocr_par' dir='ltr' id='par_1_55' title="bbox 297 5199 1886 5270">
     <span class='ocr_line' id='line_1_55' title="bbox 297 5199 1886 5270; baseline -0.003 -11"><span class='ocrx_word' id='word_1_474' title='bbox 297 5220 452 5261; x_wconf 83' lang='lat' dir='ltr'><strong>meos</strong></span> <span class='ocrx_word' id='word_1_475' title='bbox 471 5243 488 5270; x_wconf 88' lang='lat'><strong>,</strong></span> <span class='ocrx_word' id='word_1_476' title='bbox 519 5204 591 5258; x_wconf 90' lang='lat' dir='ltr'><strong>ita</strong></span> <span class='ocrx_word' id='word_1_477' title='bbox 619 5202 783 5260; x_wconf 87' lang='lat' dir='ltr'><strong>etiam</strong></span> <span class='ocrx_word' id='word_1_478' title='bbox 810 5202 864 5256; x_wconf 92' lang='lat' dir='ltr'><strong>in</strong></span> <span class='ocrx_word' id='word_1_479' title='bbox 894 5201 972 5258; x_wconf 90' lang='lat' dir='ltr'><strong>eis</strong></span> <span class='ocrx_word' id='word_1_480' title='bbox 999 5209 1322 5258; x_wconf 88' lang='lat' dir='ltr'><strong>curaverunt</strong></span> <span class='ocrx_word' id='word_1_481' title='bbox 1361 5199 1624 5270; x_wconf 86' lang='lat' dir='ltr'><strong>proﬁcere</strong></span> <span class='ocrx_word' id='word_1_482' title='bbox 1651 5213 1886 5256; x_wconf 87' lang='lat' dir='ltr'><strong>mecum.</strong></span> 
     </span>
    </p>
   </div>
   <div class='ocr_carea' id='block_1_56' title="bbox 371 5371 1588 5449">
    <p class='ocr_par' dir='ltr' id='par_1_56' title="bbox 371 5371 1588 5449">
     <span class='ocr_line' id='line_1_56' title="bbox 371 5371 1588 5449; baseline -0.007 -22"><span class='ocrx_word' id='word_1_483' title='bbox 371 5381 390 5449; x_wconf 64' lang='grc' dir='ltr'><strong>ξ</strong></span> <span class='ocrx_word' id='word_1_484' title='bbox 417 5380 498 5430; x_wconf 81' lang='lat' dir='ltr'><strong>ttic</strong></span> <span class='ocrx_word' id='word_1_485' title='bbox 523 5386 620 5449; x_wconf 77' lang='lat' dir='ltr'><strong>A_m.</strong></span> <span class='ocrx_word' id='word_1_486' title='bbox 644 5383 718 5449; x_wconf 81' lang='lat' dir='ltr'><strong>Er.</strong></span> <span class='ocrx_word' id='word_1_487' title='bbox 734 5383 786 5449; x_wconf 76' lang='lat' dir='ltr'><strong>et</strong></span> <span class='ocrx_word' id='word_1_488' title='bbox 809 5375 1034 5449; x_wconf 80' lang='lat' dir='ltr'><strong>plerique</strong></span> <span class='ocrx_word' id='word_1_489' title='bbox 1055 5380 1165 5449; x_wconf 70' lang='lat' dir='ltr'><strong>Mss.</strong></span> <span class='ocrx_word' id='word_1_490' title='bbox 1185 5374 1430 5449; x_wconf 69' lang='lat' dir='ltr'><strong>omittunt,</strong></span> <span class='ocrx_word' id='word_1_491' title='bbox 1455 5371 1588 5421; x_wconf 83' lang='lat' dir='ltr'><strong>bene.</strong></span> 
     </span>
    </p>
   </div>
   <div class='ocr_carea' id='block_1_57' title="bbox 371 5433 1324 5510">
    <p class='ocr_par' dir='ltr' id='par_1_57' title="bbox 371 5433 1324 5510">
     <span class='ocr_line' id='line_1_57' title="bbox 371 5433 1324 5510; baseline -0.001 0"><span class='ocrx_word' id='word_1_492' title='bbox 371 5443 393 5510; x_wconf 70' lang='grc' dir='ltr'><strong>ξ</strong></span> <span class='ocrx_word' id='word_1_493' title='bbox 419 5445 610 5510; x_wconf 50' lang='grc' dir='ltr'><strong>ἀωτεῖς</strong></span> <span class='ocrx_word' id='word_1_494' title='bbox 637 5445 687 5487; x_wconf 67' lang='grc' dir='ltr'><strong>οι</strong></span> <span class='ocrx_word' id='word_1_495' title='bbox 704 5433 1078 5510; x_wconf 47' lang='lat' dir='ltr'><strong>residuam.»</strong></span> <span class='ocrx_word' id='word_1_496' title='bbox 1099 5441 1159 5510; x_wconf 54' lang='lat'><strong>31!,</strong></span> <span class='ocrx_word' id='word_1_497' title='bbox 1176 5433 1324 5510; x_wconf 64' lang='grc' dir='ltr'><strong>ἠαὲαο</strong></span> 
     </span>
    </p>
   </div>
   <div class='ocr_carea' id='block_1_58' title="bbox 373 5490 1894 5564">
    <p class='ocr_par' dir='ltr' id='par_1_58' title="bbox 373 5490 1894 5564">
     <span class='ocr_line' id='line_1_58' title="bbox 373 5490 1894 5564; baseline -0.004 -16"><span class='ocrx_word' id='word_1_498' title='bbox 373 5503 394 5534; x_wconf 85' lang='grc'><em>³</em></span> <span class='ocrx_word' id='word_1_499' title='bbox 417 5503 488 5551; x_wconf 77' lang='lat' dir='ltr'><strong>Sic</strong></span> <span class='ocrx_word' id='word_1_500' title='bbox 510 5490 718 5564; x_wconf 56' lang='lat' dir='ltr'><strong>Vaticani</strong></span> <span class='ocrx_word' id='word_1_501' title='bbox 760 5505 814 5547; x_wconf 88' lang='lat' dir='ltr'><strong>et</strong></span> <span class='ocrx_word' id='word_1_502' title='bbox 834 5490 1074 5564; x_wconf 57' lang='lat' dir='ltr'><strong>Gallicani</strong></span> <span class='ocrx_word' id='word_1_503' title='bbox 1099 5503 1204 5544; x_wconf 77' lang='lat' dir='ltr'><strong>Mss.</strong></span> <span class='ocrx_word' id='word_1_504' title='bbox 1252 5497 1342 5564; x_wconf 87' lang='lat' dir='ltr'><strong>hoc</strong></span> <span class='ocrx_word' id='word_1_505' title='bbox 1371 5494 1511 5552; x_wconf 87' lang='lat' dir='ltr'><strong>loco,</strong></span> <span class='ocrx_word' id='word_1_506' title='bbox 1535 5499 1608 5564; x_wconf 33' lang='lat' dir='ltr'><strong>“et</strong></span> <span class='ocrx_word' id='word_1_507' title='bbox 1638 5490 1894 5564; x_wconf 37' lang='lat' dir='ltr'><strong>limine.-</strong></span> 
     </span>
    </p>
   </div>
   <div class='ocr_carea' id='block_1_59' title="bbox 310 5551 1897 5625">
    <p class='ocr_par' dir='ltr' id='par_1_59' title="bbox 310 5551 1897 5625">
     <span class='ocr_line' id='line_1_59' title="bbox 310 5551 1897 5625; baseline -0.006 -11"><span class='ocrx_word' id='word_1_508' title='bbox 310 5571 471 5625; x_wconf 56' lang='grc' dir='ltr'><strong>πᾶσι,</strong></span> <span class='ocrx_word' id='word_1_509' title='bbox 495 5575 600 5625; x_wconf 80' lang='lat' dir='ltr'><strong>cap.</strong></span> <span class='ocrx_word' id='word_1_510' title='bbox 729 5568 784 5625; x_wconf 65' lang='grc' dir='ltr'><strong>ᾼι</strong></span> <span class='ocrx_word' id='word_1_511' title='bbox 808 5559 1050 5625; x_wconf 84' lang='lat' dir='ltr'><strong>editiones</strong></span> <span class='ocrx_word' id='word_1_512' title='bbox 1081 5568 1180 5606; x_wconf 79' lang='lat' dir='ltr'><strong>Am.</strong></span> <span class='ocrx_word' id='word_1_513' title='bbox 1221 5565 1274 5607; x_wconf 86' lang='lat' dir='ltr'><strong>et</strong></span> <span class='ocrx_word' id='word_1_514' title='bbox 1303 5563 1398 5625; x_wconf 76' lang='lat' dir='ltr'><strong>tlr.,</strong></span> <span class='ocrx_word' id='word_1_515' title='bbox 1423 5551 1646 5625; x_wconf 41' lang='lat' dir='ltr'><strong>mellitum</strong></span> <span class='ocrx_word' id='word_1_516' title='bbox 1668 5551 1897 5625; x_wconf 78' lang='lat' dir='ltr'><strong>nti-</strong></span> 
     </span>
    </p>
   </div>
   <div class='ocr_carea' id='block_1_60' title="bbox 309 5613 1896 5684">
    <p class='ocr_par' dir='ltr' id='par_1_60' title="bbox 309 5613 1896 5684">
     <span class='ocr_line' id='line_1_60' title="bbox 309 5613 1896 5684; baseline -0.004 -10"><span class='ocrx_word' id='word_1_517' title='bbox 309 5613 630 5676; x_wconf 62' lang='lat' dir='ltr'><strong>serico&#39;rdiizm</strong></span> <span class='ocrx_word' id='word_1_518' title='bbox 654 5619 743 5672; x_wconf 78' lang='grc' dir='ltr'><strong>Ι)ρὶ</strong></span> <span class='ocrx_word' id='word_1_519' title='bbox 771 5619 1048 5684; x_wconf 72' lang='grc' dir='ltr'><strong>νῖωιιειιίαι.</strong></span> <span class='ocrx_word' id='word_1_520' title='bbox 1072 5625 1203 5681; x_wconf 88' lang='lat' dir='ltr'><strong>Lov.,</strong></span> <span class='ocrx_word' id='word_1_521' title='bbox 1237 5616 1458 5671; x_wconf 65' lang='lat' dir='ltr'><strong>&quot;teritum</strong></span> <span class='ocrx_word' id='word_1_522' title='bbox 1489 5613 1606 5681; x_wconf 69' lang='lat' dir='ltr'><strong>fidei</strong></span> <span class='ocrx_word' id='word_1_523' title='bbox 1629 5613 1758 5669; x_wconf 74' lang='lat' dir='ltr'><strong>ntise;</strong></span> <span class='ocrx_word' id='word_1_524' title='bbox 1775 5615 1807 5667; x_wconf 86' lang='lat' dir='ltr'><strong>i.</strong></span> <span class='ocrx_word' id='word_1_525' title='bbox 1821 5631 1896 5667; x_wconf 88' lang='lat' dir='ltr'><strong>or-</strong></span> 
     </span>
    </p>
   </div>
   <div class='ocr_carea' id='block_1_61' title="bbox 311 5684 798 5750">
    <p class='ocr_par' dir='ltr' id='par_1_61' title="bbox 311 5684 798 5750">
     <span class='ocr_line' id='line_1_61' title="bbox 311 5684 798 5750; baseline -0.014 -11"><span class='ocrx_word' id='word_1_526' title='bbox 311 5686 397 5739; x_wconf 72' lang='lat' dir='ltr'><strong>dia</strong></span> <span class='ocrx_word' id='word_1_527' title='bbox 424 5684 508 5736; x_wconf 80' lang='lat' dir='ltr'><strong>Dei</strong></span> <span class='ocrx_word' id='word_1_528' title='bbox 521 5691 798 5750; x_wconf 61' lang='lat' dir='ltr'><strong>praeerant.</strong></span> 
     </span>
    </p>
   </div>
   <div class='ocr_carea' id='block_1_62' title="bbox 1132 251 2628 318">
    <p class='ocr_par' dir='ltr' id='par_1_62' title="bbox 1132 251 2628 318">
     <span class='ocr_line' id='line_1_62' title="bbox 1132 251 2628 318; baseline -0.007 1"><span class='ocrx_word' id='word_1_529' title='bbox 1132 262 1333 318; x_wconf 76' lang='lat' dir='ltr'><strong>LIBER</strong></span> <span class='ocrx_word' id='word_1_530' title='bbox 1374 258 1460 316; x_wconf 77' lang='lat' dir='ltr'><strong>DE</strong></span> <span class='ocrx_word' id='word_1_531' title='bbox 1497 251 2160 314; x_wconf 66' lang='grc' dir='ltr'><strong>ΓΒᾹΞΟΕΞἸΊΝᾹΤΙΟΝΕ</strong></span> <span class='ocrx_word' id='word_1_532' title='bbox 2196 253 2628 314; x_wconf 63' lang='lat' dir='ltr'><strong>SANGTORUM.</strong></span> 
     </span>
    </p>
   </div>
   <div class='ocr_carea' id='block_1_63' title="bbox 3419 259 3526 320">
    <p class='ocr_par' dir='ltr' id='par_1_63' title="bbox 3419 259 3526 320">
     <span class='ocr_line' id='line_1_63' title="bbox 3419 259 3526 320; baseline 0.019 -2"><span class='ocrx_word' id='word_1_533' title='bbox 3419 259 3526 320; x_wconf 80' lang='lat'><strong><em>966</em></strong></span> 
     </span>
    </p>
   </div>
   <div class='ocr_carea' id='block_1_64' title="bbox 1967 367 3542 451">
    <p class='ocr_par' dir='ltr' id='par_1_64' title="bbox 1967 367 3542 451">
     <span class='ocr_line' id='line_1_64' title="bbox 1967 367 3542 451; baseline 0.008 -31"><span class='ocrx_word' id='word_1_534' title='bbox 1967 367 2095 451; x_wconf 71' lang='lat' dir='ltr'><strong>Nam</strong></span> <span class='ocrx_word' id='word_1_535' title='bbox 2124 368 2166 424; x_wconf 89' lang='lat' dir='ltr'><strong>si</strong></span> <span class='ocrx_word' id='word_1_536' title='bbox 2201 379 2498 436; x_wconf 83' lang='lat' dir='ltr'><strong>curassent,</strong></span> <span class='ocrx_word' id='word_1_537' title='bbox 2527 369 2852 427; x_wconf 66' lang='lat' dir='ltr'><strong>invenissent</strong></span> <span class='ocrx_word' id='word_1_538' title='bbox 2889 371 3042 426; x_wconf 88' lang='lat' dir='ltr'><strong>istam</strong></span> <span class='ocrx_word' id='word_1_539' title='bbox 3071 373 3421 444; x_wconf 64' lang='lat' dir='ltr'><strong>quaestionem</strong></span> <span class='ocrx_word' id='word_1_540' title='bbox 3456 392 3542 433; x_wconf 86' lang='lat' dir='ltr'><strong>se-</strong></span> 
     </span>
    </p>
   </div>
   <div class='ocr_carea' id='block_1_65' title="bbox 1961 457 3542 532">
    <p class='ocr_par' dir='ltr' id='par_1_65' title="bbox 1961 457 3542 532">
     <span class='ocr_line' id='line_1_65' title="bbox 1961 457 3542 532; baseline 0.006 -20"><span class='ocrx_word' id='word_1_541' title='bbox 1961 457 2190 512; x_wconf 87' lang='lat' dir='ltr'><strong>cundum</strong></span> <span class='ocrx_word' id='word_1_542' title='bbox 2229 461 2505 515; x_wconf 84' lang='lat' dir='ltr'><strong>veritatem</strong></span> <span class='ocrx_word' id='word_1_543' title='bbox 2537 461 2838 517; x_wconf 88' lang='lat' dir='ltr'><strong>divinarum</strong></span> <span class='ocrx_word' id='word_1_544' title='bbox 2878 461 3272 532; x_wconf 87' lang='lat' dir='ltr'><strong>Scripturarum</strong></span> <span class='ocrx_word' id='word_1_545' title='bbox 3313 464 3542 524; x_wconf 80' lang='lat' dir='ltr'><strong>solutam</strong></span> 
     </span>
    </p>
   </div>
   <div class='ocr_carea' id='block_1_66' title="bbox 1963 549 3540 624">
    <p class='ocr_par' dir='ltr' id='par_1_66' title="bbox 1963 549 3540 624">
     <span class='ocr_line' id='line_1_66' title="bbox 1963 549 3540 624; baseline 0.008 -21"><span class='ocrx_word' id='word_1_546' title='bbox 1963 549 2014 604; x_wconf 89' lang='lat' dir='ltr'><strong>in</strong></span> <span class='ocrx_word' id='word_1_547' title='bbox 2055 551 2226 622; x_wconf 80' lang='lat' dir='ltr'><strong>primo</strong></span> <span class='ocrx_word' id='word_1_548' title='bbox 2268 552 2404 606; x_wconf 90' lang='lat' dir='ltr'><strong>libro</strong></span> <span class='ocrx_word' id='word_1_549' title='bbox 2449 551 2674 608; x_wconf 87' lang='lat' dir='ltr'><strong>duorum</strong></span> <span class='ocrx_word' id='word_1_550' title='bbox 2705 595 2720 621; x_wconf 91' lang='lat'><strong>,</strong></span> <span class='ocrx_word' id='word_1_551' title='bbox 2766 569 2900 624; x_wconf 88' lang='lat' dir='ltr'><strong>quos</strong></span> <span class='ocrx_word' id='word_1_552' title='bbox 2940 553 3008 610; x_wconf 90' lang='lat' dir='ltr'><strong>ad</strong></span> <span class='ocrx_word' id='word_1_553' title='bbox 3052 555 3219 612; x_wconf 76' lang='lat' dir='ltr'><strong>beatze</strong></span> <span class='ocrx_word' id='word_1_554' title='bbox 3262 558 3540 616; x_wconf 68' lang='lat' dir='ltr'><strong>memoriae</strong></span> 
     </span>
    </p>
   </div>
   <div class='ocr_carea' id='block_1_67' title="bbox 1961 643 3540 716">
    <p class='ocr_par' dir='ltr' id='par_1_67' title="bbox 1961 643 3540 716">
     <span class='ocr_line' id='line_1_67' title="bbox 1961 643 3540 716; baseline 0.004 -17"><span class='ocrx_word' id='word_1_555' title='bbox 1961 643 2359 714; x_wconf 89' lang='lat' dir='ltr'><strong>Simplicianum</strong></span> <span class='ocrx_word' id='word_1_556' title='bbox 2401 645 2588 712; x_wconf 85' lang='lat' dir='ltr'><strong>scripsi</strong></span> <span class='ocrx_word' id='word_1_557' title='bbox 2629 647 2937 716; x_wconf 78' lang='lat' dir='ltr'><strong>episc0pum</strong></span> <span class='ocrx_word' id='word_1_558' title='bbox 2975 647 3387 704; x_wconf 84' lang='lat' dir='ltr'><strong>Mediolancnsis</strong></span> <span class='ocrx_word' id='word_1_559' title='bbox 3429 651 3540 706; x_wconf 87' lang='lat' dir='ltr'><strong>Ee-</strong></span> 
     </span>
    </p>
   </div>
   <div class='ocr_carea' id='block_1_68' title="bbox 1962 733 3543 808">
    <p class='ocr_par' dir='ltr' id='par_1_68' title="bbox 1962 733 3543 808">
     <span class='ocr_line' id='line_1_68' title="bbox 1962 733 3543 808; baseline 0.003 -18"><span class='ocrx_word' id='word_1_560' title='bbox 1962 733 2158 799; x_wconf 71' lang='lat' dir='ltr'><strong>Clesiac,</strong></span> <span class='ocrx_word' id='word_1_561' title='bbox 2187 735 2356 791; x_wconf 86' lang='lat' dir='ltr'><strong>sancti</strong></span> <span class='ocrx_word' id='word_1_562' title='bbox 2385 735 2646 790; x_wconf 84' lang='lat' dir='ltr'><strong>Ambrosii</strong></span> <span class='ocrx_word' id='word_1_563' title='bbox 2673 751 3040 794; x_wconf 76' lang='lat' dir='ltr'><strong>successorem</strong></span> <span class='ocrx_word' id='word_1_564' title='bbox 3065 780 3079 802; x_wconf 93' lang='lat'><strong>,</strong></span> <span class='ocrx_word' id='word_1_565' title='bbox 3105 739 3156 792; x_wconf 91' lang='lat' dir='ltr'><strong>in</strong></span> <span class='ocrx_word' id='word_1_566' title='bbox 3185 737 3302 808; x_wconf 85' lang='lat' dir='ltr'><strong>ipso</strong></span> <span class='ocrx_word' id='word_1_567' title='bbox 3322 741 3543 795; x_wconf 76' lang='lat' dir='ltr'><strong>exordio</strong></span> 
     </span>
    </p>
   </div>
   <div class='ocr_carea' id='block_1_69' title="bbox 1961 825 3544 899">
    <p class='ocr_par' dir='ltr' id='par_1_69' title="bbox 1961 825 3544 899">
     <span class='ocr_line' id='line_1_69' title="bbox 1961 825 3544 899; baseline 0.009 -23"><span class='ocrx_word' id='word_1_568' title='bbox 1961 826 2296 895; x_wconf 86' lang='lat' dir='ltr'><strong>episc0patus</strong></span> <span class='ocrx_word' id='word_1_569' title='bbox 2321 827 2446 881; x_wconf 91' lang='lat' dir='ltr'><strong>mei.</strong></span> <span class='ocrx_word' id='word_1_570' title='bbox 2471 826 2582 880; x_wconf 85' lang='lat' dir='ltr'><strong>Nisi</strong></span> <span class='ocrx_word' id='word_1_571' title='bbox 2625 825 2761 882; x_wconf 82' lang='lat' dir='ltr'><strong>forte</strong></span> <span class='ocrx_word' id='word_1_572' title='bbox 2792 844 2898 882; x_wconf 91' lang='lat' dir='ltr'><strong>non</strong></span> <span class='ocrx_word' id='word_1_573' title='bbox 2931 843 3024 883; x_wconf 85' lang='lat' dir='ltr'><strong>eos</strong></span> <span class='ocrx_word' id='word_1_574' title='bbox 3056 837 3320 884; x_wconf 87' lang='lat' dir='ltr'><strong>noverunt</strong></span> <span class='ocrx_word' id='word_1_575' title='bbox 3351 849 3364 886; x_wconf 90' lang='lat'>:</span> <span class='ocrx_word' id='word_1_576' title='bbox 3395 833 3544 899; x_wconf 82' lang='lat' dir='ltr'><strong>quod</strong></span> 
     </span>
    </p>
   </div>
   <div class='ocr_carea' id='block_1_70' title="bbox 1963 919 3538 990">
    <p class='ocr_par' dir='ltr' id='par_1_70' title="bbox 1963 919 3538 990">
     <span class='ocr_line' id='line_1_70' title="bbox 1963 919 3538 990; baseline 0.008 -20"><span class='ocrx_word' id='word_1_577' title='bbox 1963 919 2006 971; x_wconf 91' lang='lat' dir='ltr'><strong>si</strong></span> <span class='ocrx_word' id='word_1_578' title='bbox 2035 919 2102 971; x_wconf 89' lang='lat' dir='ltr'><strong>ita</strong></span> <span class='ocrx_word' id='word_1_579' title='bbox 2131 928 2248 984; x_wconf 88' lang='lat' dir='ltr'><strong>est,</strong></span> <span class='ocrx_word' id='word_1_580' title='bbox 2279 919 2432 976; x_wconf 79' lang='lat' dir='ltr'><strong>facile</strong></span> <span class='ocrx_word' id='word_1_581' title='bbox 2459 930 2513 975; x_wconf 91' lang='lat' dir='ltr'><strong>ut</strong></span> <span class='ocrx_word' id='word_1_582' title='bbox 2557 921 2818 976; x_wconf 89' lang='lat' dir='ltr'><strong>noverint.</strong></span> <span class='ocrx_word' id='word_1_583' title='bbox 2863 921 2940 976; x_wconf 91' lang='lat' dir='ltr'><strong>De</strong></span> <span class='ocrx_word' id='word_1_584' title='bbox 2978 921 3080 976; x_wconf 90' lang='lat' dir='ltr'><strong>hoc</strong></span> <span class='ocrx_word' id='word_1_585' title='bbox 3115 923 3284 990; x_wconf 86' lang='lat' dir='ltr'><strong>primo</strong></span> <span class='ocrx_word' id='word_1_586' title='bbox 3313 924 3538 982; x_wconf 85' lang='lat' dir='ltr'><strong>duorum</strong></span> 
     </span>
    </p>
   </div>
   <div class='ocr_carea' id='block_1_71' title="bbox 1964 1009 3546 1084">
    <p class='ocr_par' dir='ltr' id='par_1_71' title="bbox 1964 1009 3546 1084">
     <span class='ocr_line' id='line_1_71' title="bbox 1964 1009 3546 1084; baseline 0.003 -20"><span class='ocrx_word' id='word_1_587' title='bbox 1964 1009 2175 1064; x_wconf 89' lang='lat' dir='ltr'><strong>illorum</strong></span> <span class='ocrx_word' id='word_1_588' title='bbox 2216 1011 2350 1066; x_wconf 87' lang='lat' dir='ltr'><strong>libro</strong></span> <span class='ocrx_word' id='word_1_589' title='bbox 2377 1012 2426 1064; x_wconf 92' lang='lat' dir='ltr'><strong>in</strong></span> <span class='ocrx_word' id='word_1_590' title='bbox 2455 1011 2690 1066; x_wconf 85' lang='lat' dir='ltr'><strong>secunde</strong></span> <span class='ocrx_word' id='word_1_591' title='bbox 2717 1011 3172 1067; x_wconf 83' lang='lat' dir='ltr'><strong>Retractationum</strong></span> <span class='ocrx_word' id='word_1_592' title='bbox 3204 1016 3431 1084; x_wconf 88' lang='lat' dir='ltr'><strong>primum</strong></span> <span class='ocrx_word' id='word_1_593' title='bbox 3461 1016 3546 1069; x_wconf 83' lang='lat' dir='ltr'><strong>lo-</strong></span> 
     </span>
    </p>
   </div>
   <div class='ocr_carea' id='block_1_72' title="bbox 1963 1101 3542 1172">
    <p class='ocr_par' dir='ltr' id='par_1_72' title="bbox 1963 1101 3542 1172">
     <span class='ocr_line' id='line_1_72' title="bbox 1963 1101 3542 1172; baseline 0.001 -16"><span class='ocrx_word' id='word_1_594' title='bbox 1963 1108 2118 1156; x_wconf 90' lang='lat' dir='ltr'><strong>cutus</strong></span> <span class='ocrx_word' id='word_1_595' title='bbox 2145 1116 2301 1165; x_wconf 86' lang='lat' dir='ltr'><strong>sum;</strong></span> <span class='ocrx_word' id='word_1_596' title='bbox 2328 1101 2414 1172; x_wconf 90' lang='lat' dir='ltr'><strong>qui</strong></span> <span class='ocrx_word' id='word_1_597' title='bbox 2443 1117 2621 1156; x_wconf 88' lang='lat' dir='ltr'><strong>sermo</strong></span> <span class='ocrx_word' id='word_1_598' title='bbox 2661 1117 2809 1156; x_wconf 91' lang='lat' dir='ltr'><strong>meus</strong></span> <span class='ocrx_word' id='word_1_599' title='bbox 2849 1104 2919 1156; x_wconf 88' lang='lat' dir='ltr'><strong>ita</strong></span> <span class='ocrx_word' id='word_1_600' title='bbox 2949 1117 3007 1157; x_wconf 92' lang='lat' dir='ltr'><strong>se</strong></span> <span class='ocrx_word' id='word_1_601' title='bbox 3047 1105 3205 1158; x_wconf 86' lang='lat' dir='ltr'><strong>habet</strong></span> <span class='ocrx_word' id='word_1_602' title='bbox 3247 1121 3258 1158; x_wconf 93' lang='lat'>:</span> <span class='ocrx_word' id='word_1_603' title='bbox 3298 1123 3314 1156; x_wconf 73' lang='grc' dir='ltr'>ι</span> <span class='ocrx_word' id='word_1_604' title='bbox 3355 1104 3542 1160; x_wconf 88' lang='lat' dir='ltr'><strong>Libro-</strong></span> 
     </span>
    </p>
   </div>
   <div class='ocr_carea' id='block_1_73' title="bbox 1963 1193 3540 1265">
    <p class='ocr_par' dir='ltr' id='par_1_73' title="bbox 1963 1193 3540 1265">
     <span class='ocr_line' id='line_1_73' title="bbox 1963 1193 3540 1265; baseline 0.001 -16"><span class='ocrx_word' id='word_1_605' title='bbox 1963 1209 2080 1250; x_wconf 86' lang='lat' dir='ltr'><strong>rum</strong></span> <span class='ocrx_word' id='word_1_606' title='bbox 2105 1235 2122 1260; x_wconf 94' lang='lat'><strong>,</strong></span> <span class='ocrx_word' id='word_1_607' title='bbox 2157 1211 2176 1246; x_wconf 77' lang='grc' dir='ltr'><strong><em>ι</em></strong></span> <span class='ocrx_word' id='word_1_608' title='bbox 2213 1193 2424 1264; x_wconf 83' lang='lat' dir='ltr'><strong>inquam</strong></span> <span class='ocrx_word' id='word_1_609' title='bbox 2451 1234 2464 1258; x_wconf 89' lang='lat'><strong>,</strong></span> <span class='ocrx_word' id='word_1_610' title='bbox 2495 1212 2513 1246; x_wconf 76' lang='grc' dir='ltr'>ι</span> <span class='ocrx_word' id='word_1_611' title='bbox 2549 1207 2682 1265; x_wconf 88' lang='lat' dir='ltr'><strong>quos</strong></span> <span class='ocrx_word' id='word_1_612' title='bbox 2719 1194 2986 1248; x_wconf 89' lang='lat' dir='ltr'><strong>elaboravi</strong></span> <span class='ocrx_word' id='word_1_613' title='bbox 3025 1195 3304 1264; x_wconf 88' lang='lat' dir='ltr'><strong>episc0pus</strong></span> <span class='ocrx_word' id='word_1_614' title='bbox 3331 1237 3344 1259; x_wconf 92' lang='lat'><strong>,</strong></span> <span class='ocrx_word' id='word_1_615' title='bbox 3382 1195 3540 1265; x_wconf 89' lang='lat' dir='ltr'><strong>primi</strong></span> 
     </span>
    </p>
   </div>
   <div class='ocr_carea' id='block_1_74' title="bbox 1963 1283 3544 1355">
    <p class='ocr_par' dir='ltr' id='par_1_74' title="bbox 1963 1283 3544 1355">
     <span class='ocr_line' id='line_1_74' title="bbox 1963 1283 3544 1355; baseline 0 -16"><span class='ocrx_word' id='word_1_616' title='bbox 1963 1283 2071 1339; x_wconf 89' lang='lat' dir='ltr'><strong>duo</strong></span> <span class='ocrx_word' id='word_1_617' title='bbox 2118 1296 2241 1338; x_wconf 90' lang='lat' dir='ltr'><strong>sunt</strong></span> <span class='ocrx_word' id='word_1_618' title='bbox 2281 1284 2348 1339; x_wconf 89' lang='lat' dir='ltr'><strong>ad</strong></span> <span class='ocrx_word' id='word_1_619' title='bbox 2393 1283 2794 1355; x_wconf 87' lang='lat' dir='ltr'><strong>Simplicianum</strong></span> <span class='ocrx_word' id='word_1_620' title='bbox 2844 1283 3098 1339; x_wconf 73' lang='lat' dir='ltr'><strong>Ecclesia:</strong></span> <span class='ocrx_word' id='word_1_621' title='bbox 3135 1284 3544 1340; x_wconf 79' lang='lat' dir='ltr'><strong>Mediolanensis</strong></span> 
     </span>
    </p>
   </div>
   <div class='ocr_carea' id='block_1_75' title="bbox 1964 1376 3548 1446">
    <p class='ocr_par' dir='ltr' id='par_1_75' title="bbox 1964 1376 3548 1446">
     <span class='ocr_line' id='line_1_75' title="bbox 1964 1376 3548 1446; baseline 0.002 -16"><span class='ocrx_word' id='word_1_622' title='bbox 1964 1377 2256 1432; x_wconf 88' lang='lat' dir='ltr'><strong>antistitem</strong></span> <span class='ocrx_word' id='word_1_623' title='bbox 2284 1417 2300 1445; x_wconf 94' lang='lat'><strong>,</strong></span> <span class='ocrx_word' id='word_1_624' title='bbox 2345 1377 2433 1446; x_wconf 88' lang='lat' dir='ltr'><strong>qui</strong></span> <span class='ocrx_word' id='word_1_625' title='bbox 2483 1377 2789 1432; x_wconf 86' lang='lat' dir='ltr'><strong>beatissimo</strong></span> <span class='ocrx_word' id='word_1_626' title='bbox 2827 1378 3086 1432; x_wconf 89' lang='lat' dir='ltr'><strong>successit</strong></span> <span class='ocrx_word' id='word_1_627' title='bbox 3114 1376 3438 1444; x_wconf 84' lang='lat' dir='ltr'><strong>Ambrosio,</strong></span> <span class='ocrx_word' id='word_1_628' title='bbox 3480 1378 3548 1433; x_wconf 93' lang='lat' dir='ltr'><strong>de</strong></span> 
     </span>
    </p>
   </div>
   <div class='ocr_carea' id='block_1_76' title="bbox 1965 1467 3547 1540">
    <p class='ocr_par' dir='ltr' id='par_1_76' title="bbox 1965 1467 3547 1540">
     <span class='ocr_line' id='line_1_76' title="bbox 1965 1467 3547 1540; baseline 0 -15"><span class='ocrx_word' id='word_1_629' title='bbox 1965 1467 2190 1526; x_wconf 87' lang='lat' dir='ltr'><strong>diversis</strong></span> <span class='ocrx_word' id='word_1_630' title='bbox 2219 1469 2622 1538; x_wconf 75' lang='lat' dir='ltr'><strong>qumstionibus,</strong></span> <span class='ocrx_word' id='word_1_631' title='bbox 2651 1485 2874 1540; x_wconf 89' lang='lat' dir='ltr'><strong>quarum</strong></span> <span class='ocrx_word' id='word_1_632' title='bbox 2897 1468 3030 1524; x_wconf 87' lang='lat' dir='ltr'><strong>duas</strong></span> <span class='ocrx_word' id='word_1_633' title='bbox 3051 1485 3115 1523; x_wconf 82' lang='lat' dir='ltr'><strong>ex</strong></span> <span class='ocrx_word' id='word_1_634' title='bbox 3136 1469 3372 1538; x_wconf 84' lang='lat' dir='ltr'><strong>Epistola</strong></span> <span class='ocrx_word' id='word_1_635' title='bbox 3395 1470 3547 1524; x_wconf 84' lang='lat' dir='ltr'><strong>Pauli</strong></span> 
     </span>
    </p>
   </div>
   <div class='ocr_carea' id='block_1_77' title="bbox 1963 1559 3550 1632">
    <p class='ocr_par' dir='ltr' id='par_1_77' title="bbox 1963 1559 3550 1632">
     <span class='ocr_line' id='line_1_77' title="bbox 1963 1559 3550 1632; baseline 0.003 -18"><span class='ocrx_word' id='word_1_636' title='bbox 1963 1560 2193 1632; x_wconf 86' lang='lat' dir='ltr'><strong>apostoli</strong></span> <span class='ocrx_word' id='word_1_637' title='bbox 2219 1559 2284 1615; x_wconf 88' lang='lat' dir='ltr'><strong>ad</strong></span> <span class='ocrx_word' id='word_1_638' title='bbox 2326 1560 2596 1616; x_wconf 80' lang='lat' dir='ltr'><strong>Romanos</strong></span> <span class='ocrx_word' id='word_1_639' title='bbox 2625 1561 2674 1615; x_wconf 90' lang='lat' dir='ltr'><strong>in</strong></span> <span class='ocrx_word' id='word_1_640' title='bbox 2706 1561 2938 1632; x_wconf 86' lang='lat' dir='ltr'><strong>primum</strong></span> <span class='ocrx_word' id='word_1_641' title='bbox 2969 1561 3162 1616; x_wconf 89' lang='lat' dir='ltr'><strong>librum</strong></span> <span class='ocrx_word' id='word_1_642' title='bbox 3192 1563 3410 1618; x_wconf 69' lang='lat' dir='ltr'><strong>contuli.</strong></span> <span class='ocrx_word' id='word_1_643' title='bbox 3445 1563 3550 1618; x_wconf 87' lang='lat' dir='ltr'><strong>lla-</strong></span> 
     </span>
    </p>
   </div>
   <div class='ocr_carea' id='block_1_78' title="bbox 1965 1651 3550 1727">
    <p class='ocr_par' dir='ltr' id='par_1_78' title="bbox 1965 1651 3550 1727">
     <span class='ocr_line' id='line_1_78' title="bbox 1965 1651 3550 1727; baseline 0.002 -21"><span class='ocrx_word' id='word_1_644' title='bbox 1965 1667 2084 1707; x_wconf 90' lang='lat' dir='ltr'><strong>rum</strong></span> <span class='ocrx_word' id='word_1_645' title='bbox 2127 1653 2274 1722; x_wconf 88' lang='lat' dir='ltr'><strong>prior</strong></span> <span class='ocrx_word' id='word_1_646' title='bbox 2313 1662 2394 1710; x_wconf 85' lang='lat' dir='ltr'><strong>est</strong></span> <span class='ocrx_word' id='word_1_647' title='bbox 2431 1651 2498 1708; x_wconf 89' lang='lat' dir='ltr'><strong>de</strong></span> <span class='ocrx_word' id='word_1_648' title='bbox 2540 1667 2604 1708; x_wconf 92' lang='lat' dir='ltr'><strong>eo</strong></span> <span class='ocrx_word' id='word_1_649' title='bbox 2645 1652 2788 1723; x_wconf 80' lang='lat' dir='ltr'><strong>quod</strong></span> <span class='ocrx_word' id='word_1_650' title='bbox 2827 1653 3082 1723; x_wconf 88' lang='lat' dir='ltr'><strong>scriptum</strong></span> <span class='ocrx_word' id='word_1_651' title='bbox 3113 1664 3193 1709; x_wconf 89' lang='lat' dir='ltr'><strong>est</strong></span> <span class='ocrx_word' id='word_1_652' title='bbox 3217 1696 3232 1720; x_wconf 95' lang='lat'><strong>,</strong></span> <span class='ocrx_word' id='word_1_653' title='bbox 3271 1655 3407 1722; x_wconf 83' lang='lat' dir='ltr'><strong>Quid</strong></span> <span class='ocrx_word' id='word_1_654' title='bbox 3430 1672 3550 1727; x_wconf 84' lang='lat' dir='ltr'><strong>ergo</strong></span> 
     </span>
    </p>
   </div>
   <div class='ocr_carea' id='block_1_79' title="bbox 1966 1742 3548 1815">
    <p class='ocr_par' dir='ltr' id='par_1_79' title="bbox 1966 1742 3548 1815">
     <span class='ocr_line' id='line_1_79' title="bbox 1966 1742 3548 1815; baseline 0.003 -19"><span class='ocrx_word' id='word_1_655' title='bbox 1966 1743 2228 1797; x_wconf 82' lang='lat' dir='ltr'><strong>dicemus?</strong></span> <span class='ocrx_word' id='word_1_656' title='bbox 2248 1742 2358 1798; x_wconf 76' lang='lat' dir='ltr'><strong>Lex</strong></span> <span class='ocrx_word' id='word_1_657' title='bbox 2380 1753 2634 1815; x_wconf 85' lang='lat' dir='ltr'><strong>peccatum</strong></span> <span class='ocrx_word' id='word_1_658' title='bbox 2663 1744 2774 1798; x_wconf 84' lang='lat' dir='ltr'><strong>est?</strong></span> <span class='ocrx_word' id='word_1_659' title='bbox 2801 1744 2976 1810; x_wconf 82' lang='lat' dir='ltr'><strong>Absit;</strong></span> <span class='ocrx_word' id='word_1_660' title='bbox 3012 1759 3180 1814; x_wconf 91' lang='lat' dir='ltr'><strong>usque</strong></span> <span class='ocrx_word' id='word_1_661' title='bbox 3207 1745 3272 1800; x_wconf 87' lang='lat' dir='ltr'><strong>ad</strong></span> <span class='ocrx_word' id='word_1_662' title='bbox 3305 1745 3433 1799; x_wconf 90' lang='lat' dir='ltr'><strong>illud</strong></span> <span class='ocrx_word' id='word_1_663' title='bbox 3459 1745 3548 1801; x_wconf 87' lang='lat' dir='ltr'><strong>ubi</strong></span> 
     </span>
    </p>
   </div>
   <div class='ocr_carea' id='block_1_80' title="bbox 1966 1835 3552 1908">
    <p class='ocr_par' dir='ltr' id='par_1_80' title="bbox 1966 1835 3552 1908">
     <span class='ocr_line' id='line_1_80' title="bbox 1966 1835 3552 1908; baseline 0.001 -17"><span class='ocrx_word' id='word_1_664' title='bbox 1966 1838 2041 1892; x_wconf 87' lang='lat' dir='ltr'><strong>ait</strong></span> <span class='ocrx_word' id='word_1_665' title='bbox 2063 1879 2079 1906; x_wconf 90' lang='lat'><strong>,</strong></span> <span class='ocrx_word' id='word_1_666' title='bbox 2111 1837 2236 1902; x_wconf 86' lang='lat' dir='ltr'><strong>Quis</strong></span> <span class='ocrx_word' id='word_1_667' title='bbox 2264 1855 2343 1893; x_wconf 86' lang='lat' dir='ltr'><strong>me</strong></span> <span class='ocrx_word' id='word_1_668' title='bbox 2381 1839 2607 1892; x_wconf 80' lang='lat' dir='ltr'><strong>liberabit</strong></span> <span class='ocrx_word' id='word_1_669' title='bbox 2634 1837 2696 1891; x_wconf 86' lang='lat' dir='ltr'><strong>de</strong></span> <span class='ocrx_word' id='word_1_670' title='bbox 2719 1853 2930 1903; x_wconf 84' lang='lat' dir='ltr'><strong>corpore</strong></span> <span class='ocrx_word' id='word_1_671' title='bbox 2957 1839 3130 1892; x_wconf 86' lang='lat' dir='ltr'><strong>mortis</strong></span> <span class='ocrx_word' id='word_1_672' title='bbox 3153 1839 3346 1908; x_wconf 80' lang='lat' dir='ltr'><strong>hujus?</strong></span> <span class='ocrx_word' id='word_1_673' title='bbox 3374 1835 3552 1893; x_wconf 81' lang='lat' dir='ltr'><strong>Gratia</strong></span> 
     </span>
    </p>
   </div>
   <div class='ocr_carea' id='block_1_81' title="bbox 1971 1925 3548 1998">
    <p class='ocr_par' dir='ltr' id='par_1_81' title="bbox 1971 1925 3548 1998">
     <span class='ocr_line' id='line_1_81' title="bbox 1971 1925 3548 1998; baseline 0.001 -18"><span class='ocrx_word' id='word_1_674' title='bbox 1971 1925 2064 1981; x_wconf 86' lang='lat' dir='ltr'><strong>Dei</strong></span> <span class='ocrx_word' id='word_1_675' title='bbox 2088 1943 2177 1996; x_wconf 84' lang='lat' dir='ltr'><strong>per</strong></span> <span class='ocrx_word' id='word_1_676' title='bbox 2201 1926 2378 1982; x_wconf 71' lang='lat' dir='ltr'><strong>Iesum</strong></span> <span class='ocrx_word' id='word_1_677' title='bbox 2405 1925 2661 1982; x_wconf 85' lang='lat' dir='ltr'><strong>Christum</strong></span> <span class='ocrx_word' id='word_1_678' title='bbox 2693 1925 2968 1980; x_wconf 86' lang='lat' dir='ltr'><strong>Dominum</strong></span> <span class='ocrx_word' id='word_1_679' title='bbox 2989 1936 3214 1981; x_wconf 86' lang='lat' dir='ltr'><strong>nostrum</strong></span> <span class='ocrx_word' id='word_1_680' title='bbox 3243 1925 3418 1998; x_wconf 86' lang='lat' dir='ltr'><strong>(Rom.</strong></span> <span class='ocrx_word' id='word_1_681' title='bbox 3441 1944 3548 1992; x_wconf 88' lang='lat' dir='ltr'><strong>vn,</strong></span> 
     </span>
    </p>
   </div>
   <div class='ocr_carea' id='block_1_82' title="bbox 1967 2017 3549 2090">
    <p class='ocr_par' dir='ltr' id='par_1_82' title="bbox 1967 2017 3549 2090">
     <span class='ocr_line' id='line_1_82' title="bbox 1967 2017 3549 2090; baseline -0.002 -17"><span class='ocrx_word' id='word_1_682' title='bbox 1967 2018 2148 2090; x_wconf 71' lang='lat'><strong>7—25).</strong></span> <span class='ocrx_word' id='word_1_683' title='bbox 2181 2019 2237 2074; x_wconf 90' lang='lat' dir='ltr'><strong>ln</strong></span> <span class='ocrx_word' id='word_1_684' title='bbox 2267 2034 2368 2090; x_wconf 89' lang='lat' dir='ltr'><strong>qua</strong></span> <span class='ocrx_word' id='word_1_685' title='bbox 2399 2019 2484 2074; x_wconf 91' lang='lat' dir='ltr'><strong>illa</strong></span> <span class='ocrx_word' id='word_1_686' title='bbox 2521 2019 2762 2088; x_wconf 84' lang='lat' dir='ltr'><strong>Apostoli</strong></span> <span class='ocrx_word' id='word_1_687' title='bbox 2790 2019 2982 2083; x_wconf 89' lang='lat' dir='ltr'><strong>verba,</strong></span> <span class='ocrx_word' id='word_1_688' title='bbox 3015 2017 3124 2073; x_wconf 69' lang='lat' dir='ltr'><strong>Leo:</strong></span> <span class='ocrx_word' id='word_1_689' title='bbox 3147 2019 3428 2090; x_wconf 83' lang='lat' dir='ltr'><strong>spiritualis</strong></span> <span class='ocrx_word' id='word_1_690' title='bbox 3453 2031 3549 2086; x_wconf 80' lang='lat' dir='ltr'><strong>est,</strong></span> 
     </span>
    </p>
   </div>
   <div class='ocr_carea' id='block_1_83' title="bbox 1967 2108 3550 2182">
    <p class='ocr_par' dir='ltr' id='par_1_83' title="bbox 1967 2108 3550 2182">
     <span class='ocr_line' id='line_1_83' title="bbox 1967 2108 3550 2182; baseline -0.001 -18"><span class='ocrx_word' id='word_1_691' title='bbox 1967 2126 2058 2180; x_wconf 87' lang='lat' dir='ltr'><strong>ego</strong></span> <span class='ocrx_word' id='word_1_692' title='bbox 2089 2119 2257 2164; x_wconf 78' lang='lat' dir='ltr'><strong>autent</strong></span> <span class='ocrx_word' id='word_1_693' title='bbox 2292 2109 2513 2164; x_wconf 84' lang='lat' dir='ltr'><strong>carnalis</strong></span> <span class='ocrx_word' id='word_1_694' title='bbox 2538 2126 2649 2164; x_wconf 86' lang='lat' dir='ltr'><strong>sum</strong></span> <span class='ocrx_word' id='word_1_695' title='bbox 2681 2108 2846 2182; x_wconf 89' lang='lat' dir='ltr'><strong>(Ibid.</strong></span> <span class='ocrx_word' id='word_1_696' title='bbox 2867 2149 2882 2174; x_wconf 93' lang='lat'><strong>,</strong></span> <span class='ocrx_word' id='word_1_697' title='bbox 2918 2108 3005 2180; x_wconf 72' lang='grc'><strong>14)</strong></span> <span class='ocrx_word' id='word_1_698' title='bbox 3039 2126 3054 2162; x_wconf 89' lang='lat'><strong>:</strong></span> <span class='ocrx_word' id='word_1_699' title='bbox 3086 2117 3139 2164; x_wconf 93' lang='lat' dir='ltr'><strong>et</strong></span> <span class='ocrx_word' id='word_1_700' title='bbox 3167 2119 3356 2164; x_wconf 66' lang='lat' dir='ltr'><strong>cetera</strong></span> <span class='ocrx_word' id='word_1_701' title='bbox 3381 2151 3396 2176; x_wconf 93' lang='lat'><strong>,</strong></span> <span class='ocrx_word' id='word_1_702' title='bbox 3428 2109 3550 2180; x_wconf 85' lang='lat' dir='ltr'><strong>qni-</strong></span> 
     </span>
    </p>
   </div>
   <div class='ocr_carea' id='block_1_84' title="bbox 1967 2189 3553 2272">
    <p class='ocr_par' dir='ltr' id='par_1_84' title="bbox 1967 2189 3553 2272">
     <span class='ocr_line' id='line_1_84' title="bbox 1967 2189 3553 2272; baseline -0.002 -17"><span class='ocrx_word' id='word_1_703' title='bbox 1967 2200 2070 2256; x_wconf 87' lang='lat' dir='ltr'><strong>bus</strong></span> <span class='ocrx_word' id='word_1_704' title='bbox 2109 2189 2236 2256; x_wconf 85' lang='lat' dir='ltr'><strong>caro</strong></span> <span class='ocrx_word' id='word_1_705' title='bbox 2275 2213 2462 2257; x_wconf 74' lang='lat' dir='ltr'><strong>eontra</strong></span> <span class='ocrx_word' id='word_1_706' title='bbox 2501 2201 2746 2270; x_wconf 89' lang='lat' dir='ltr'><strong>spiritum</strong></span> <span class='ocrx_word' id='word_1_707' title='bbox 2788 2201 3078 2272; x_wconf 81' lang='lat' dir='ltr'><strong>conﬂigere</strong></span> <span class='ocrx_word' id='word_1_708' title='bbox 3119 2201 3458 2267; x_wconf 87' lang='lat' dir='ltr'><strong>ostenditur,</strong></span> <span class='ocrx_word' id='word_1_709' title='bbox 3485 2217 3553 2256; x_wconf 87' lang='lat' dir='ltr'><strong>eo</strong></span> 
     </span>
    </p>
   </div>
   <div class='ocr_carea' id='block_1_85' title="bbox 1969 2291 3554 2362">
    <p class='ocr_par' dir='ltr' id='par_1_85' title="bbox 1969 2291 3554 2362">
     <span class='ocr_line' id='line_1_85' title="bbox 1969 2291 3554 2362; baseline 0 -16"><span class='ocrx_word' id='word_1_710' title='bbox 1969 2291 2130 2348; x_wconf 88' lang='lat' dir='ltr'><strong>modo</strong></span> <span class='ocrx_word' id='word_1_711' title='bbox 2157 2293 2402 2361; x_wconf 81' lang='lat' dir='ltr'><strong>exposui,</strong></span> <span class='ocrx_word' id='word_1_712' title='bbox 2433 2300 2684 2362; x_wconf 88' lang='lat' dir='ltr'><strong>tanquam</strong></span> <span class='ocrx_word' id='word_1_713' title='bbox 2708 2291 2873 2347; x_wconf 88' lang='lat' dir='ltr'><strong>homo</strong></span> <span class='ocrx_word' id='word_1_714' title='bbox 2901 2291 3231 2347; x_wconf 88' lang='lat' dir='ltr'><strong>describatur</strong></span> <span class='ocrx_word' id='word_1_715' title='bbox 3251 2293 3426 2348; x_wconf 88' lang='lat' dir='ltr'><strong>adlmc</strong></span> <span class='ocrx_word' id='word_1_716' title='bbox 3453 2292 3554 2346; x_wconf 82' lang='lat' dir='ltr'><strong>sub</strong></span> 
     </span>
    </p>
   </div>
   <div class='ocr_carea' id='block_1_86' title="bbox 1969 2381 3554 2454">
    <p class='ocr_par' dir='ltr' id='par_1_86' title="bbox 1969 2381 3554 2454">
     <span class='ocr_line' id='line_1_86' title="bbox 1969 2381 3554 2454; baseline 0.001 -18"><span class='ocrx_word' id='word_1_717' title='bbox 1969 2381 2123 2454; x_wconf 83' lang='lat' dir='ltr'><strong>lege,</strong></span> <span class='ocrx_word' id='word_1_718' title='bbox 2154 2383 2392 2438; x_wconf 90' lang='lat' dir='ltr'><strong>nondum</strong></span> <span class='ocrx_word' id='word_1_719' title='bbox 2435 2381 2537 2436; x_wconf 87' lang='lat' dir='ltr'><strong>sub</strong></span> <span class='ocrx_word' id='word_1_720' title='bbox 2582 2382 2750 2452; x_wconf 76' lang='lat' dir='ltr'><strong>gratia</strong></span> <span class='ocrx_word' id='word_1_721' title='bbox 2793 2383 3132 2438; x_wconf 90' lang='lat' dir='ltr'><strong>constitutus.</strong></span> <span class='ocrx_word' id='word_1_722' title='bbox 3182 2381 3362 2452; x_wconf 75' lang='lat' dir='ltr'><strong>Longe</strong></span> <span class='ocrx_word' id='word_1_723' title='bbox 3409 2383 3554 2438; x_wconf 89' lang='lat' dir='ltr'><strong>enim</strong></span> 
     </span>
    </p>
   </div>
   <div class='ocr_carea' id='block_1_87' title="bbox 1970 2473 3554 2547">
    <p class='ocr_par' dir='ltr' id='par_1_87' title="bbox 1970 2473 3554 2547">
     <span class='ocr_line' id='line_1_87' title="bbox 1970 2473 3554 2547; baseline 0 -19"><span class='ocrx_word' id='word_1_724' title='bbox 1970 2485 2176 2547; x_wconf 88' lang='lat' dir='ltr'><strong>postea,</strong></span> <span class='ocrx_word' id='word_1_725' title='bbox 2207 2475 2366 2530; x_wconf 88' lang='lat' dir='ltr'><strong>etiam</strong></span> <span class='ocrx_word' id='word_1_726' title='bbox 2393 2475 2685 2546; x_wconf 87' lang='lat' dir='ltr'><strong>spiritualis</strong></span> <span class='ocrx_word' id='word_1_727' title='bbox 2711 2473 2942 2529; x_wconf 89' lang='lat' dir='ltr'><strong>hominis</strong></span> <span class='ocrx_word' id='word_1_728' title='bbox 2973 2473 3052 2546; x_wconf 88' lang='lat' dir='ltr'><strong>(et</strong></span> <span class='ocrx_word' id='word_1_729' title='bbox 3080 2473 3180 2530; x_wconf 91' lang='lat' dir='ltr'><strong>hoc</strong></span> <span class='ocrx_word' id='word_1_730' title='bbox 3208 2475 3554 2546; x_wconf 77' lang='lat' dir='ltr'><strong>probabilius)</strong></span> 
     </span>
    </p>
   </div>
   <div class='ocr_carea' id='block_1_88' title="bbox 1971 2565 3559 2637">
    <p class='ocr_par' dir='ltr' id='par_1_88' title="bbox 1971 2565 3559 2637">
     <span class='ocr_line' id='line_1_88' title="bbox 1971 2565 3559 2637; baseline -0.004 -13"><span class='ocrx_word' id='word_1_731' title='bbox 1971 2583 2091 2624; x_wconf 60' lang='lat' dir='ltr'><strong>esse</strong></span> <span class='ocrx_word' id='word_1_732' title='bbox 2116 2582 2274 2637; x_wconf 88' lang='lat' dir='ltr'><strong>posse</strong></span> <span class='ocrx_word' id='word_1_733' title='bbox 2310 2568 2396 2622; x_wconf 86' lang='lat' dir='ltr'><strong>illa</strong></span> <span class='ocrx_word' id='word_1_734' title='bbox 2424 2567 2584 2622; x_wconf 86' lang='lat' dir='ltr'><strong>verba</strong></span> <span class='ocrx_word' id='word_1_735' title='bbox 2614 2565 2856 2636; x_wconf 81' lang='lat' dir='ltr'><strong>cognovi.</strong></span> <span class='ocrx_word' id='word_1_736' title='bbox 2886 2566 3155 2621; x_wconf 87' lang='lat' dir='ltr'><strong>Posterior</strong></span> <span class='ocrx_word' id='word_1_737' title='bbox 3181 2567 3234 2622; x_wconf 92' lang='lat' dir='ltr'><strong>in</strong></span> <span class='ocrx_word' id='word_1_738' title='bbox 3260 2567 3360 2621; x_wconf 88' lang='lat' dir='ltr'><strong>hoc</strong></span> <span class='ocrx_word' id='word_1_739' title='bbox 3389 2567 3559 2622; x_wconf 82' lang='lat' dir='ltr'><strong>libero</strong></span> 
     </span>
    </p>
   </div>
   <div class='ocr_carea' id='block_1_89' title="bbox 1972 2653 3560 2726">
    <p class='ocr_par' dir='ltr' id='par_1_89' title="bbox 1972 2653 3560 2726">
     <span class='ocr_line' id='line_1_89' title="bbox 1972 2653 3560 2726; baseline 0 -16"><span class='ocrx_word' id='word_1_740' title='bbox 1972 2657 2196 2726; x_wconf 77' lang='lat' dir='ltr'><strong>quaestio</strong></span> <span class='ocrx_word' id='word_1_741' title='bbox 2214 2665 2297 2711; x_wconf 89' lang='lat' dir='ltr'><strong>est</strong></span> <span class='ocrx_word' id='word_1_742' title='bbox 2317 2655 2386 2710; x_wconf 87' lang='lat' dir='ltr'><strong>ab</strong></span> <span class='ocrx_word' id='word_1_743' title='bbox 2405 2670 2472 2710; x_wconf 87' lang='lat' dir='ltr'><strong>eo</strong></span> <span class='ocrx_word' id='word_1_744' title='bbox 2495 2657 2614 2712; x_wconf 89' lang='lat' dir='ltr'><strong>loco</strong></span> <span class='ocrx_word' id='word_1_745' title='bbox 2644 2655 2731 2712; x_wconf 90' lang='lat' dir='ltr'><strong>ubi</strong></span> <span class='ocrx_word' id='word_1_746' title='bbox 2755 2655 2860 2719; x_wconf 88' lang='lat' dir='ltr'><strong>ait,</strong></span> <span class='ocrx_word' id='word_1_747' title='bbox 2893 2653 3015 2708; x_wconf 90' lang='lat' dir='ltr'><strong>Non</strong></span> <span class='ocrx_word' id='word_1_748' title='bbox 3043 2655 3208 2710; x_wconf 84' lang='lat' dir='ltr'><strong>solum</strong></span> <span class='ocrx_word' id='word_1_749' title='bbox 3231 2666 3398 2710; x_wconf 77' lang='lat' dir='ltr'><strong>autem</strong></span> <span class='ocrx_word' id='word_1_750' title='bbox 3421 2697 3438 2722; x_wconf 94' lang='lat'><strong>,</strong></span> <span class='ocrx_word' id='word_1_751' title='bbox 3471 2658 3560 2710; x_wconf 78' lang='lat' dir='ltr'><strong>sed</strong></span> 
     </span>
    </p>
   </div>
   <div class='ocr_carea' id='block_1_90' title="bbox 1973 2745 3560 2818">
    <p class='ocr_par' dir='ltr' id='par_1_90' title="bbox 1973 2745 3560 2818">
     <span class='ocr_line' id='line_1_90' title="bbox 1973 2745 3560 2818; baseline -0.001 -16"><span class='ocrx_word' id='word_1_752' title='bbox 1973 2756 2020 2802; x_wconf 87' lang='lat' dir='ltr'><strong>et</strong></span> <span class='ocrx_word' id='word_1_753' title='bbox 2045 2747 2264 2803; x_wconf 73' lang='lat' dir='ltr'><strong>Rebecca</strong></span> <span class='ocrx_word' id='word_1_754' title='bbox 2287 2763 2350 2802; x_wconf 79' lang='lat' dir='ltr'><strong>ex</strong></span> <span class='ocrx_word' id='word_1_755' title='bbox 2368 2763 2468 2802; x_wconf 83' lang='lat' dir='ltr'><strong>uno</strong></span> <span class='ocrx_word' id='word_1_756' title='bbox 2489 2747 2751 2800; x_wconf 82' lang='lat' dir='ltr'><strong>concubitu</strong></span> <span class='ocrx_word' id='word_1_757' title='bbox 2774 2747 2962 2802; x_wconf 82' lang='lat' dir='ltr'><strong>habens</strong></span> <span class='ocrx_word' id='word_1_758' title='bbox 2989 2745 3016 2799; x_wconf 92' lang='grc'><strong><em>1</em></strong></span> <span class='ocrx_word' id='word_1_759' title='bbox 3021 2763 3138 2804; x_wconf 77' lang='lat' dir='ltr'><strong>sane</strong></span> <span class='ocrx_word' id='word_1_760' title='bbox 3167 2747 3327 2818; x_wconf 80' lang='lat' dir='ltr'><strong>patris</strong></span> <span class='ocrx_word' id='word_1_761' title='bbox 3357 2748 3516 2801; x_wconf 82' lang='lat' dir='ltr'><strong>nostri</strong></span> <span class='ocrx_word' id='word_1_762' title='bbox 3539 2763 3560 2804; x_wconf 85' lang='lat'><strong><em>:</em></strong></span> 
     </span>
    </p>
   </div>
   <div class='ocr_carea' id='block_1_91' title="bbox 1977 2835 3561 2908">
    <p class='ocr_par' dir='ltr' id='par_1_91' title="bbox 1977 2835 3561 2908">
     <span class='ocr_line' id='line_1_91' title="bbox 1977 2835 3561 2908; baseline -0.001 -16"><span class='ocrx_word' id='word_1_763' title='bbox 1977 2851 2144 2908; x_wconf 83' lang='lat' dir='ltr'><strong>usque</strong></span> <span class='ocrx_word' id='word_1_764' title='bbox 2169 2836 2235 2891; x_wconf 88' lang='lat' dir='ltr'><strong>ad</strong></span> <span class='ocrx_word' id='word_1_765' title='bbox 2263 2836 2390 2891; x_wconf 87' lang='lat' dir='ltr'><strong>illttd</strong></span> <span class='ocrx_word' id='word_1_766' title='bbox 2422 2837 2510 2891; x_wconf 84' lang='lat' dir='ltr'><strong>ubi</strong></span> <span class='ocrx_word' id='word_1_767' title='bbox 2537 2837 2632 2902; x_wconf 84' lang='lat' dir='ltr'><strong>ait,</strong></span> <span class='ocrx_word' id='word_1_768' title='bbox 2659 2835 2778 2890; x_wconf 82' lang='lat' dir='ltr'><strong>Nisi</strong></span> <span class='ocrx_word' id='word_1_769' title='bbox 2799 2835 3050 2891; x_wconf 78' lang='lat' dir='ltr'><strong>Dominus</strong></span> <span class='ocrx_word' id='word_1_770' title='bbox 3076 2835 3304 2890; x_wconf 87' lang='lat' dir='ltr'><strong>Sabaoth</strong></span> <span class='ocrx_word' id='word_1_771' title='bbox 3331 2837 3561 2907; x_wconf 78' lang='lat' dir='ltr'><strong>reiiqnis-</strong></span> 
     </span>
    </p>
   </div>
   <div class='ocr_carea' id='block_1_92' title="bbox 1975 2927 3560 2998">
    <p class='ocr_par' dir='ltr' id='par_1_92' title="bbox 1975 2927 3560 2998">
     <span class='ocr_line' id='line_1_92' title="bbox 1975 2927 3560 2998; baseline -0.002 -15"><span class='ocrx_word' id='word_1_772' title='bbox 1975 2939 2048 2984; x_wconf 87' lang='lat' dir='ltr'><strong>set</strong></span> <span class='ocrx_word' id='word_1_773' title='bbox 2089 2928 2230 2982; x_wconf 87' lang='lat' dir='ltr'><strong>nobis</strong></span> <span class='ocrx_word' id='word_1_774' title='bbox 2268 2944 2434 2982; x_wconf 86' lang='lat' dir='ltr'><strong>semen</strong></span> <span class='ocrx_word' id='word_1_775' title='bbox 2454 2969 2468 2992; x_wconf 96' lang='lat'><strong>,</strong></span> <span class='ocrx_word' id='word_1_776' title='bbox 2499 2928 2628 2982; x_wconf 84' lang='lat' dir='ltr'><strong>sicut</strong></span> <span class='ocrx_word' id='word_1_777' title='bbox 2669 2927 2896 2982; x_wconf 85' lang='lat' dir='ltr'><strong>Sodoma</strong></span> <span class='ocrx_word' id='word_1_778' title='bbox 2926 2927 3048 2998; x_wconf 78' lang='lat' dir='ltr'><strong>facti</strong></span> <span class='ocrx_word' id='word_1_779' title='bbox 3072 2943 3292 2982; x_wconf 84' lang='lat' dir='ltr'><strong>essemus</strong></span> <span class='ocrx_word' id='word_1_780' title='bbox 3313 2969 3326 2994; x_wconf 94' lang='lat'><strong>,</strong></span> <span class='ocrx_word' id='word_1_781' title='bbox 3356 2937 3402 2983; x_wconf 86' lang='lat' dir='ltr'><strong>et</strong></span> <span class='ocrx_word' id='word_1_782' title='bbox 3431 2929 3560 2982; x_wconf 77' lang='lat' dir='ltr'><strong>sicut</strong></span> 
     </span>
    </p>
   </div>
   <div class='ocr_carea' id='block_1_93' title="bbox 1979 3015 3563 3091">
    <p class='ocr_par' dir='ltr' id='par_1_93' title="bbox 1979 3015 3563 3091">
     <span class='ocr_line' id='line_1_93' title="bbox 1979 3015 3563 3091; baseline -0.001 -17"><span class='ocrx_word' id='word_1_783' title='bbox 1979 3017 2261 3074; x_wconf 81' lang='lat' dir='ltr'><strong>Gomorrha</strong></span> <span class='ocrx_word' id='word_1_784' title='bbox 2287 3017 2475 3072; x_wconf 80' lang='lat' dir='ltr'><strong>similes</strong></span> <span class='ocrx_word' id='word_1_785' title='bbox 2503 3018 2776 3088; x_wconf 81' lang='lat' dir='ltr'><strong>fuissemus</strong></span> <span class='ocrx_word' id='word_1_786' title='bbox 2829 3015 2936 3091; x_wconf 82' lang='lat' dir='ltr'><strong>(1d.</strong></span> <span class='ocrx_word' id='word_1_787' title='bbox 2975 3033 3048 3082; x_wconf 66' lang='grc' dir='ltr'><strong>ιι,</strong></span> <span class='ocrx_word' id='word_1_788' title='bbox 3083 3017 3290 3088; x_wconf 69' lang='grc'><strong>10-29).</strong></span> <span class='ocrx_word' id='word_1_789' title='bbox 3324 3017 3382 3072; x_wconf 91' lang='lat' dir='ltr'><strong>In</strong></span> <span class='ocrx_word' id='word_1_790' title='bbox 3409 3020 3563 3088; x_wconf 84' lang='lat' dir='ltr'><strong>cujus</strong></span> 
     </span>
    </p>
   </div>
   <div class='ocr_carea' id='block_1_94' title="bbox 1976 3107 3563 3180">
    <p class='ocr_par' dir='ltr' id='par_1_94' title="bbox 1976 3107 3563 3180">
     <span class='ocr_line' id='line_1_94' title="bbox 1976 3107 3563 3180; baseline -0.001 -18"><span class='ocrx_word' id='word_1_791' title='bbox 1976 3108 2286 3180; x_wconf 71' lang='lat' dir='ltr'><strong>qumstionis</strong></span> <span class='ocrx_word' id='word_1_792' title='bbox 2307 3107 2571 3162; x_wconf 89' lang='lat' dir='ltr'><strong>solutione</strong></span> <span class='ocrx_word' id='word_1_793' title='bbox 2591 3107 2890 3164; x_wconf 88' lang='lat' dir='ltr'><strong>laboratum</strong></span> <span class='ocrx_word' id='word_1_794' title='bbox 2919 3117 3001 3162; x_wconf 89' lang='lat' dir='ltr'><strong>est</strong></span> <span class='ocrx_word' id='word_1_795' title='bbox 3030 3108 3045 3139; x_wconf 83' lang='grc'>¹</span> <span class='ocrx_word' id='word_1_796' title='bbox 3073 3109 3286 3178; x_wconf 89' lang='lat' dir='ltr'><strong>quidem</strong></span> <span class='ocrx_word' id='word_1_797' title='bbox 3310 3122 3406 3177; x_wconf 88' lang='lat' dir='ltr'><strong>pro</strong></span> <span class='ocrx_word' id='word_1_798' title='bbox 3428 3108 3563 3161; x_wconf 86' lang='lat' dir='ltr'><strong>libro</strong></span> 
     </span>
    </p>
   </div>
   <div class='ocr_carea' id='block_1_95' title="bbox 1978 3197 3564 3269">
    <p class='ocr_par' dir='ltr' id='par_1_95' title="bbox 1978 3197 3564 3269">
     <span class='ocr_line' id='line_1_95' title="bbox 1978 3197 3564 3269; baseline 0 -15"><span class='ocrx_word' id='word_1_799' title='bbox 1978 3199 2201 3256; x_wconf 86' lang='lat' dir='ltr'><strong>arbitrio</strong></span> <span class='ocrx_word' id='word_1_800' title='bbox 2221 3198 2512 3253; x_wconf 86' lang='lat' dir='ltr'><strong>voluntatis</strong></span> <span class='ocrx_word' id='word_1_801' title='bbox 2533 3197 2812 3264; x_wconf 68' lang='lat' dir='ltr'><strong>humanm;</strong></span> <span class='ocrx_word' id='word_1_802' title='bbox 2841 3197 2933 3252; x_wconf 89' lang='lat' dir='ltr'><strong>sed</strong></span> <span class='ocrx_word' id='word_1_803' title='bbox 2957 3197 3083 3252; x_wconf 91' lang='lat' dir='ltr'><strong>vicit</strong></span> <span class='ocrx_word' id='word_1_804' title='bbox 3105 3197 3200 3253; x_wconf 87' lang='lat' dir='ltr'><strong>Dei</strong></span> <span class='ocrx_word' id='word_1_805' title='bbox 3225 3198 3393 3269; x_wconf 78' lang='lat' dir='ltr'><strong>gratia</strong></span> <span class='ocrx_word' id='word_1_806' title='bbox 3423 3217 3436 3252; x_wconf 89' lang='lat'><strong>:</strong></span> <span class='ocrx_word' id='word_1_807' title='bbox 3464 3215 3564 3254; x_wconf 91' lang='lat' dir='ltr'><strong>nec</strong></span> 
     </span>
    </p>
   </div>
   <div class='ocr_carea' id='block_1_96' title="bbox 1981 3287 3562 3360">
    <p class='ocr_par' dir='ltr' id='par_1_96' title="bbox 1981 3287 3562 3360">
     <span class='ocr_line' id='line_1_96' title="bbox 1981 3287 3562 3360; baseline 0 -14"><span class='ocrx_word' id='word_1_808' title='bbox 1981 3291 2081 3346; x_wconf 89' lang='lat' dir='ltr'><strong>nisi</strong></span> <span class='ocrx_word' id='word_1_809' title='bbox 2106 3289 2172 3345; x_wconf 89' lang='lat' dir='ltr'><strong>ad</strong></span> <span class='ocrx_word' id='word_1_810' title='bbox 2203 3288 2331 3346; x_wconf 83' lang='lat' dir='ltr'><strong>illud</strong></span> <span class='ocrx_word' id='word_1_811' title='bbox 2361 3289 2532 3360; x_wconf 83' lang='lat' dir='ltr'><strong>potuit</strong></span> <span class='ocrx_word' id='word_1_812' title='bbox 2560 3287 2846 3359; x_wconf 88' lang='lat' dir='ltr'><strong>perveniri,</strong></span> <span class='ocrx_word' id='word_1_813' title='bbox 2880 3297 2936 3344; x_wconf 93' lang='lat' dir='ltr'><strong>ut</strong></span> <span class='ocrx_word' id='word_1_814' title='bbox 2964 3289 3314 3358; x_wconf 87' lang='lat' dir='ltr'><strong>liquidissima</strong></span> <span class='ocrx_word' id='word_1_815' title='bbox 3341 3292 3562 3346; x_wconf 87' lang='lat' dir='ltr'><strong>veritate</strong></span> 
     </span>
    </p>
   </div>
   <div class='ocr_carea' id='block_1_97' title="bbox 1981 3377 3568 3450">
    <p class='ocr_par' dir='ltr' id='par_1_97' title="bbox 1981 3377 3568 3450">
     <span class='ocr_line' id='line_1_97' title="bbox 1981 3377 3568 3450; baseline 0.001 -15"><span class='ocrx_word' id='word_1_816' title='bbox 1981 3382 2182 3438; x_wconf 74' lang='lat' dir='ltr'><strong>dixisse</strong></span> <span class='ocrx_word' id='word_1_817' title='bbox 2211 3381 2536 3450; x_wconf 83' lang='lat' dir='ltr'><strong>intelligatur</strong></span> <span class='ocrx_word' id='word_1_818' title='bbox 2561 3379 2876 3450; x_wconf 70' lang='lat' dir='ltr'><strong>Apostolus,</strong></span> <span class='ocrx_word' id='word_1_819' title='bbox 2911 3377 3036 3446; x_wconf 84' lang='lat' dir='ltr'><strong>Quis</strong></span> <span class='ocrx_word' id='word_1_820' title='bbox 3061 3379 3191 3432; x_wconf 85' lang='lat' dir='ltr'><strong>enim</strong></span> <span class='ocrx_word' id='word_1_821' title='bbox 3217 3390 3262 3434; x_wconf 86' lang='lat' dir='ltr'><strong>te</strong></span> <span class='ocrx_word' id='word_1_822' title='bbox 3286 3381 3520 3434; x_wconf 84' lang='lat' dir='ltr'><strong>discernit</strong></span> <span class='ocrx_word' id='word_1_823' title='bbox 3538 3383 3568 3436; x_wconf 71' lang='grc'><strong><em>2</em></strong></span> 
     </span>
    </p>
   </div>
   <div class='ocr_carea' id='block_1_98' title="bbox 1984 3469 3566 3539">
    <p class='ocr_par' dir='ltr' id='par_1_98' title="bbox 1984 3469 3566 3539">
     <span class='ocr_line' id='line_1_98' title="bbox 1984 3469 3566 3539; baseline 0.004 -20"><span class='ocrx_word' id='word_1_824' title='bbox 1984 3471 2118 3537; x_wconf 80' lang='lat' dir='ltr'><strong>Quid</strong></span> <span class='ocrx_word' id='word_1_825' title='bbox 2143 3481 2310 3524; x_wconf 89' lang='lat' dir='ltr'><strong>autem</strong></span> <span class='ocrx_word' id='word_1_826' title='bbox 2339 3470 2489 3524; x_wconf 87' lang='lat' dir='ltr'><strong>habes</strong></span> <span class='ocrx_word' id='word_1_827' title='bbox 2528 3471 2665 3539; x_wconf 82' lang='lat' dir='ltr'><strong>quod</strong></span> <span class='ocrx_word' id='word_1_828' title='bbox 2693 3487 2793 3524; x_wconf 87' lang='lat' dir='ltr'><strong>non</strong></span> <span class='ocrx_word' id='word_1_829' title='bbox 2833 3469 3116 3536; x_wconf 78' lang='lat' dir='ltr'><strong>accepisti?</strong></span> <span class='ocrx_word' id='word_1_830' title='bbox 3143 3470 3204 3524; x_wconf 80' lang='lat' dir='ltr'><strong>Si</strong></span> <span class='ocrx_word' id='word_1_831' title='bbox 3229 3480 3395 3524; x_wconf 81' lang='lat' dir='ltr'><strong>autem</strong></span> <span class='ocrx_word' id='word_1_832' title='bbox 3421 3489 3566 3526; x_wconf 78' lang='lat' dir='ltr'><strong>acre-</strong></span> 
     </span>
    </p>
   </div>
   <div class='ocr_carea' id='block_1_99' title="bbox 1981 3559 3568 3635">
    <p class='ocr_par' dir='ltr' id='par_1_99' title="bbox 1981 3559 3568 3635">
     <span class='ocr_line' id='line_1_99' title="bbox 1981 3559 3568 3635; baseline 0.003 -21"><span class='ocrx_word' id='word_1_833' title='bbox 1981 3562 2118 3633; x_wconf 86' lang='lat' dir='ltr'><strong>pisti,</strong></span> <span class='ocrx_word' id='word_1_834' title='bbox 2143 3559 2266 3630; x_wconf 84' lang='lat' dir='ltr'><strong>quid</strong></span> <span class='ocrx_word' id='word_1_835' title='bbox 2284 3561 2520 3632; x_wconf 81' lang='lat' dir='ltr'><strong>gloriaris</strong></span> <span class='ocrx_word' id='word_1_836' title='bbox 2543 3561 2688 3630; x_wconf 85' lang='lat' dir='ltr'><strong>quasi</strong></span> <span class='ocrx_word' id='word_1_837' title='bbox 2715 3577 2814 3614; x_wconf 85' lang='lat' dir='ltr'><strong>non</strong></span> <span class='ocrx_word' id='word_1_838' title='bbox 2844 3561 3096 3629; x_wconf 82' lang='lat' dir='ltr'><strong>acceperis</strong></span> <span class='ocrx_word' id='word_1_839' title='bbox 3123 3561 3178 3634; x_wconf 89' lang='grc' dir='ltr'>(Ι</span> <span class='ocrx_word' id='word_1_840' title='bbox 3207 3560 3323 3616; x_wconf 83' lang='lat' dir='ltr'><strong>Cor.</strong></span> <span class='ocrx_word' id='word_1_841' title='bbox 3359 3579 3431 3629; x_wconf 86' lang='lat' dir='ltr'><strong>tv,</strong></span> <span class='ocrx_word' id='word_1_842' title='bbox 3467 3562 3521 3635; x_wconf 83' lang='lat'><strong>7)</strong></span> <span class='ocrx_word' id='word_1_843' title='bbox 3541 3563 3568 3618; x_wconf 69' lang='grc' dir='ltr'><strong><em>Ἰ</em></strong></span> 
     </span>
    </p>
   </div>
   <div class='ocr_carea' id='block_1_100' title="bbox 1982 3649 3570 3721">
    <p class='ocr_par' dir='ltr' id='par_1_100' title="bbox 1982 3649 3570 3721">
     <span class='ocr_line' id='line_1_100' title="bbox 1982 3649 3570 3721; baseline 0.006 -20"><span class='ocrx_word' id='word_1_844' title='bbox 1982 3650 2136 3720; x_wconf 84' lang='lat' dir='ltr'><strong>Quod</strong></span> <span class='ocrx_word' id='word_1_845' title='bbox 2161 3651 2348 3706; x_wconf 91' lang='lat' dir='ltr'><strong>volens</strong></span> <span class='ocrx_word' id='word_1_846' title='bbox 2375 3651 2534 3705; x_wconf 88' lang='lat' dir='ltr'><strong>etiam</strong></span> <span class='ocrx_word' id='word_1_847' title='bbox 2564 3653 2775 3721; x_wconf 63' lang='lat' dir='ltr'><strong>martyr“</strong></span> <span class='ocrx_word' id='word_1_848' title='bbox 2795 3649 3093 3720; x_wconf 82' lang='lat' dir='ltr'><strong>Cyprianus</strong></span> <span class='ocrx_word' id='word_1_849' title='bbox 3117 3653 3398 3708; x_wconf 87' lang='lat' dir='ltr'><strong>ostendere</strong></span> <span class='ocrx_word' id='word_1_850' title='bbox 3418 3696 3434 3714; x_wconf 92' lang='lat'><strong>.</strong></span> <span class='ocrx_word' id='word_1_851' title='bbox 3468 3655 3570 3712; x_wconf 86' lang='lat' dir='ltr'><strong>hoc</strong></span> 
     </span>
    </p>
   </div>
   <div class='ocr_carea' id='block_1_101' title="bbox 1983 3739 3570 3814">
    <p class='ocr_par' dir='ltr' id='par_1_101' title="bbox 1983 3739 3570 3814">
     <span class='ocr_line' id='line_1_101' title="bbox 1983 3739 3570 3814; baseline 0.004 -18"><span class='ocrx_word' id='word_1_852' title='bbox 1983 3749 2153 3797; x_wconf 91' lang='lat' dir='ltr'><strong>totum</strong></span> <span class='ocrx_word' id='word_1_853' title='bbox 2190 3741 2306 3812; x_wconf 88' lang='lat' dir='ltr'><strong>ipso</strong></span> <span class='ocrx_word' id='word_1_854' title='bbox 2335 3741 2486 3796; x_wconf 87' lang='lat' dir='ltr'><strong>titulo</strong></span> <span class='ocrx_word' id='word_1_855' title='bbox 2515 3741 2788 3809; x_wconf 89' lang='lat' dir='ltr'><strong>deﬁnivit,</strong></span> <span class='ocrx_word' id='word_1_856' title='bbox 2816 3739 3004 3796; x_wconf 88' lang='lat' dir='ltr'><strong>dicens</strong></span> <span class='ocrx_word' id='word_1_857' title='bbox 3031 3760 3044 3796; x_wconf 93' lang='lat'><strong>:</strong></span> <span class='ocrx_word' id='word_1_858' title='bbox 3079 3741 3134 3798; x_wconf 84' lang='lat' dir='ltr'><strong>in</strong></span> <span class='ocrx_word' id='word_1_859' title='bbox 3166 3743 3310 3798; x_wconf 92' lang='lat' dir='ltr'><strong>nullo</strong></span> <span class='ocrx_word' id='word_1_860' title='bbox 3335 3745 3570 3814; x_wconf 77' lang='lat' dir='ltr'><strong>glorian-</strong></span> 
     </span>
    </p>
   </div>
   <div class='ocr_carea' id='block_1_102' title="bbox 1983 3831 3568 3908">
    <p class='ocr_par' dir='ltr' id='par_1_102' title="bbox 1983 3831 3568 3908">
     <span class='ocr_line' id='line_1_102' title="bbox 1983 3831 3568 3908; baseline 0.003 -20"><span class='ocrx_word' id='word_1_861' title='bbox 1983 3832 2131 3901; x_wconf 86' lang='lat' dir='ltr'><strong>dum,</strong></span> <span class='ocrx_word' id='word_1_862' title='bbox 2159 3831 2374 3906; x_wconf 88' lang='lat' dir='ltr'><strong>quando</strong></span> <span class='ocrx_word' id='word_1_863' title='bbox 2393 3841 2630 3888; x_wconf 87' lang='lat' dir='ltr'><strong>nostrum</strong></span> <span class='ocrx_word' id='word_1_864' title='bbox 2651 3833 2783 3889; x_wconf 85' lang='lat' dir='ltr'><strong>nihil</strong></span> <span class='ocrx_word' id='word_1_865' title='bbox 2809 3834 2908 3890; x_wconf 76' lang='lat' dir='ltr'><strong>sits</strong></span> <span class='ocrx_word' id='word_1_866' title='bbox 2929 3831 3175 3908; x_wconf 83' lang='lat' dir='ltr'><strong>(Retract.</strong></span> <span class='ocrx_word' id='word_1_867' title='bbox 3197 3833 3285 3890; x_wconf 83' lang='lat' dir='ltr'><strong>tib.</strong></span> <span class='ocrx_word' id='word_1_868' title='bbox 3303 3834 3357 3900; x_wconf 75' lang='lat'><strong>2,</strong></span> <span class='ocrx_word' id='word_1_869' title='bbox 3377 3853 3492 3906; x_wconf 83' lang='lat' dir='ltr'><strong>cap.</strong></span> <span class='ocrx_word' id='word_1_870' title='bbox 3515 3838 3568 3904; x_wconf 82' lang='grc'><strong>1,</strong></span> 
     </span>
    </p>
   </div>
   <div class='ocr_carea' id='block_1_103' title="bbox 1985 3922 3566 3995">
    <p class='ocr_par' dir='ltr' id='par_1_103' title="bbox 1985 3922 3566 3995">
     <span class='ocr_line' id='line_1_103' title="bbox 1985 3922 3566 3995; baseline 0.004 -19"><span class='ocrx_word' id='word_1_871' title='bbox 1985 3939 2036 3976; x_wconf 92' lang='lat' dir='ltr'><strong>n.</strong></span> <span class='ocrx_word' id='word_1_872' title='bbox 2081 3924 2157 3995; x_wconf 82' lang='grc'><strong>1).</strong></span> <span class='ocrx_word' id='word_1_873' title='bbox 2223 3922 2365 3980; x_wconf 87' lang='lat' dir='ltr'><strong>Ecce</strong></span> <span class='ocrx_word' id='word_1_874' title='bbox 2407 3939 2576 3994; x_wconf 88' lang='lat' dir='ltr'><strong>quare</strong></span> <span class='ocrx_word' id='word_1_875' title='bbox 2641 3923 2751 3979; x_wconf 78' lang='lat' dir='ltr'><strong>dixi</strong></span> <span class='ocrx_word' id='word_1_876' title='bbox 2803 3924 3078 3994; x_wconf 87' lang='lat' dir='ltr'><strong>superius,</strong></span> <span class='ocrx_word' id='word_1_877' title='bbox 3125 3923 3228 3978; x_wconf 88' lang='lat' dir='ltr'><strong>hoc</strong></span> <span class='ocrx_word' id='word_1_878' title='bbox 3271 3927 3566 3994; x_wconf 55' lang='lat' dir='ltr'><strong>apestolico</strong></span> 
     </span>
    </p>
   </div>
   <div class='ocr_carea' id='block_1_104' title="bbox 1985 4013 3568 4088">
    <p class='ocr_par' dir='ltr' id='par_1_104' title="bbox 1985 4013 3568 4088">
     <span class='ocr_line' id='line_1_104' title="bbox 1985 4013 3568 4088; baseline 0.003 -19"><span class='ocrx_word' id='word_1_879' title='bbox 1985 4015 2251 4086; x_wconf 74' lang='lat' dir='ltr'><strong>prmcipue</strong></span> <span class='ocrx_word' id='word_1_880' title='bbox 2281 4013 2584 4071; x_wconf 88' lang='lat' dir='ltr'><strong>testimonio</strong></span> <span class='ocrx_word' id='word_1_881' title='bbox 2621 4017 2780 4072; x_wconf 87' lang='lat' dir='ltr'><strong>etiam</strong></span> <span class='ocrx_word' id='word_1_882' title='bbox 2831 4030 2919 4071; x_wconf 89' lang='lat' dir='ltr'><strong>me</strong></span> <span class='ocrx_word' id='word_1_883' title='bbox 2965 4015 3137 4088; x_wconf 87' lang='lat' dir='ltr'><strong>ipsum</strong></span> <span class='ocrx_word' id='word_1_884' title='bbox 3187 4016 3349 4073; x_wconf 89' lang='lat' dir='ltr'><strong>fuisse</strong></span> <span class='ocrx_word' id='word_1_885' title='bbox 3383 4020 3568 4074; x_wconf 82' lang='lat' dir='ltr'><strong>convi-</strong></span> 
     </span>
    </p>
   </div>
   <div class='ocr_carea' id='block_1_105' title="bbox 1985 4105 3568 4179">
    <p class='ocr_par' dir='ltr' id='par_1_105' title="bbox 1985 4105 3568 4179">
     <span class='ocr_line' id='line_1_105' title="bbox 1985 4105 3568 4179; baseline 0.004 -17"><span class='ocrx_word' id='word_1_886' title='bbox 1985 4116 2128 4162; x_wconf 87' lang='lat' dir='ltr'><strong>ctum</strong></span> <span class='ocrx_word' id='word_1_887' title='bbox 2168 4123 2182 4160; x_wconf 92' lang='lat'><strong>:</strong></span> <span class='ocrx_word' id='word_1_888' title='bbox 2219 4122 2340 4162; x_wconf 91' lang='lat' dir='ltr'><strong>cum</strong></span> <span class='ocrx_word' id='word_1_889' title='bbox 2379 4106 2447 4162; x_wconf 92' lang='lat' dir='ltr'><strong>de</strong></span> <span class='ocrx_word' id='word_1_890' title='bbox 2487 4105 2588 4162; x_wconf 89' lang='lat' dir='ltr'><strong>hac</strong></span> <span class='ocrx_word' id='word_1_891' title='bbox 2627 4122 2688 4163; x_wconf 92' lang='lat' dir='ltr'><strong>re</strong></span> <span class='ocrx_word' id='word_1_892' title='bbox 2729 4105 2882 4162; x_wconf 82' lang='lat' dir='ltr'><strong>aliter</strong></span> <span class='ocrx_word' id='word_1_893' title='bbox 2919 4121 3192 4178; x_wconf 78' lang='lat' dir='ltr'><strong>Saporem;</strong></span> <span class='ocrx_word' id='word_1_894' title='bbox 3235 4124 3392 4179; x_wconf 88' lang='lat' dir='ltr'><strong>quam</strong></span> <span class='ocrx_word' id='word_1_895' title='bbox 3439 4111 3568 4168; x_wconf 84' lang='lat' dir='ltr'><strong>mihi</strong></span> 
     </span>
    </p>
   </div>
   <div class='ocr_carea' id='block_1_106' title="bbox 1988 4197 3570 4271">
    <p class='ocr_par' dir='ltr' id='par_1_106' title="bbox 1988 4197 3570 4271">
     <span class='ocr_line' id='line_1_106' title="bbox 1988 4197 3570 4271; baseline 0.002 -18"><span class='ocrx_word' id='word_1_896' title='bbox 1988 4198 2127 4253; x_wconf 88' lang='lat' dir='ltr'><strong>Deus</strong></span> <span class='ocrx_word' id='word_1_897' title='bbox 2153 4197 2204 4252; x_wconf 92' lang='lat' dir='ltr'><strong>in</strong></span> <span class='ocrx_word' id='word_1_898' title='bbox 2243 4198 2342 4253; x_wconf 90' lang='lat' dir='ltr'><strong>hac</strong></span> <span class='ocrx_word' id='word_1_899' title='bbox 2365 4197 2662 4269; x_wconf 64' lang='lat' dir='ltr'><strong>quaestione</strong></span> <span class='ocrx_word' id='word_1_900' title='bbox 2693 4197 2950 4253; x_wconf 88' lang='lat' dir='ltr'><strong>solvenda</strong></span> <span class='ocrx_word' id='word_1_901' title='bbox 2970 4241 2985 4262; x_wconf 94' lang='lat'><strong>,</strong></span> <span class='ocrx_word' id='word_1_902' title='bbox 3016 4213 3137 4254; x_wconf 90' lang='lat' dir='ltr'><strong>cum</strong></span> <span class='ocrx_word' id='word_1_903' title='bbox 3167 4198 3232 4253; x_wconf 88' lang='lat' dir='ltr'><strong>ad</strong></span> <span class='ocrx_word' id='word_1_904' title='bbox 3259 4200 3570 4271; x_wconf 74' lang='lat' dir='ltr'><strong>Opisct&#39;pnm</strong></span> 
     </span>
    </p>
   </div>
   <div class='ocr_carea' id='block_1_107' title="bbox 1987 4289 3623 4360">
    <p class='ocr_par' dir='ltr' id='par_1_107' title="bbox 1987 4289 3623 4360">
     <span class='ocr_line' id='line_1_107' title="bbox 1987 4289 3623 4360; baseline -0.001 -12"><span class='ocrx_word' id='word_1_905' title='bbox 1987 4289 2390 4359; x_wconf 88' lang='lat' dir='ltr'><strong>Simplicianum</strong></span> <span class='ocrx_word' id='word_1_906' title='bbox 2412 4331 2428 4356; x_wconf 96' lang='lat'><strong>,</strong></span> <span class='ocrx_word' id='word_1_907' title='bbox 2461 4291 2599 4345; x_wconf 89' lang='lat' dir='ltr'><strong>sicut</strong></span> <span class='ocrx_word' id='word_1_908' title='bbox 2633 4289 2740 4344; x_wconf 77' lang='lat' dir='ltr'><strong>dixi</strong></span> <span class='ocrx_word' id='word_1_909' title='bbox 2763 4330 2778 4355; x_wconf 91' lang='lat'><strong>,</strong></span> <span class='ocrx_word' id='word_1_910' title='bbox 2825 4289 3156 4355; x_wconf 87' lang='lat' dir='ltr'><strong>scriberem.</strong></span> <span class='ocrx_word' id='word_1_911' title='bbox 3188 4291 3441 4348; x_wconf 86' lang='lat' dir='ltr'><strong>revelavit</strong></span> <span class='ocrx_word' id='word_1_912' title='bbox 3469 4296 3569 4360; x_wconf 72' lang='grc' dir='ltr'><strong>(α).</strong></span> <span class='ocrx_word' id='word_1_913' title='bbox 3615 4338 3623 4358; x_wconf 77' lang='grc'>,</span> 
     </span>
    </p>
   </div>
   <div class='ocr_carea' id='block_1_108' title="bbox 1934 4381 3572 4460">
    <p class='ocr_par' dir='ltr' id='par_1_108' title="bbox 1934 4381 3572 4460">
     <span class='ocr_line' id='line_1_108' title="bbox 1934 4381 3572 4460; baseline 0.002 -24"><span class='ocrx_word' id='word_1_914' title='bbox 1934 4453 1950 4460; x_wconf 35' lang='grc'><strong>,</strong></span> <span class='ocrx_word' id='word_1_915' title='bbox 1992 4382 2102 4436; x_wconf 87' lang='lat' dir='ltr'><strong>lloc</strong></span> <span class='ocrx_word' id='word_1_916' title='bbox 2124 4382 2282 4452; x_wconf 80' lang='lat' dir='ltr'><strong>igitur</strong></span> <span class='ocrx_word' id='word_1_917' title='bbox 2303 4381 2540 4451; x_wconf 89' lang='lat' dir='ltr'><strong>Apostoli</strong></span> <span class='ocrx_word' id='word_1_918' title='bbox 2566 4382 2948 4448; x_wconf 85' lang='lat' dir='ltr'><strong>testimonium,</strong></span> <span class='ocrx_word' id='word_1_919' title='bbox 2973 4383 3061 4438; x_wconf 84' lang='lat' dir='ltr'><strong>ubi</strong></span> <span class='ocrx_word' id='word_1_920' title='bbox 3086 4382 3153 4437; x_wconf 87' lang='lat' dir='ltr'><strong>ad</strong></span> <span class='ocrx_word' id='word_1_921' title='bbox 3177 4385 3572 4453; x_wconf 77' lang='lat' dir='ltr'><strong>reprimendum</strong></span> 
     </span>
    </p>
   </div>
   <div class='ocr_carea' id='block_1_109' title="bbox 1991 4469 3572 4546">
    <p class='ocr_par' dir='ltr' id='par_1_109' title="bbox 1991 4469 3572 4546">
     <span class='ocr_line' id='line_1_109' title="bbox 1991 4469 3572 4546; baseline 0.003 -19"><span class='ocrx_word' id='word_1_922' title='bbox 1991 4470 2225 4527; x_wconf 84' lang='lat' dir='ltr'><strong>hominis</strong></span> <span class='ocrx_word' id='word_1_923' title='bbox 2259 4469 2584 4525; x_wconf 83' lang='lat' dir='ltr'><strong>inﬂationem</strong></span> <span class='ocrx_word' id='word_1_924' title='bbox 2611 4471 2776 4536; x_wconf 77' lang='lat' dir='ltr'><strong>dixit,</strong></span> <span class='ocrx_word' id='word_1_925' title='bbox 2809 4469 2945 4538; x_wconf 85' lang='lat' dir='ltr'><strong>Quid</strong></span> <span class='ocrx_word' id='word_1_926' title='bbox 2971 4473 3102 4526; x_wconf 81' lang='lat' dir='ltr'><strong>enim</strong></span> <span class='ocrx_word' id='word_1_927' title='bbox 3129 4471 3279 4528; x_wconf 82' lang='lat' dir='ltr'><strong>habes</strong></span> <span class='ocrx_word' id='word_1_928' title='bbox 3307 4475 3442 4546; x_wconf 85' lang='lat' dir='ltr'><strong>quod</strong></span> <span class='ocrx_word' id='word_1_929' title='bbox 3471 4493 3572 4532; x_wconf 82' lang='lat' dir='ltr'><strong>non</strong></span> 
     </span>
    </p>
   </div>
   <div class='ocr_carea' id='block_1_110' title="bbox 1991 4561 3574 4632">
    <p class='ocr_par' dir='ltr' id='par_1_110' title="bbox 1991 4561 3574 4632">
     <span class='ocr_line' id='line_1_110' title="bbox 1991 4561 3574 4632; baseline 0.001 -16"><span class='ocrx_word' id='word_1_930' title='bbox 1991 4561 2258 4632; x_wconf 81' lang='lat' dir='ltr'><strong>accepisti?</strong></span> <span class='ocrx_word' id='word_1_931' title='bbox 2282 4576 2389 4617; x_wconf 86' lang='lat' dir='ltr'><strong>non</strong></span> <span class='ocrx_word' id='word_1_932' title='bbox 2416 4562 2543 4617; x_wconf 88' lang='lat' dir='ltr'><strong>sinit</strong></span> <span class='ocrx_word' id='word_1_933' title='bbox 2567 4577 2884 4632; x_wconf 82' lang='lat' dir='ltr'><strong>quemquam</strong></span> <span class='ocrx_word' id='word_1_934' title='bbox 2913 4561 3143 4620; x_wconf 89' lang='lat' dir='ltr'><strong>ﬁdelium</strong></span> <span class='ocrx_word' id='word_1_935' title='bbox 3167 4563 3364 4630; x_wconf 89' lang='lat' dir='ltr'><strong>dicere,</strong></span> <span class='ocrx_word' id='word_1_936' title='bbox 3391 4566 3574 4620; x_wconf 88' lang='lat' dir='ltr'><strong>llabeo</strong></span> 
     </span>
    </p>
   </div>
   <div class='ocr_carea' id='block_1_111' title="bbox 1993 4653 3576 4726">
    <p class='ocr_par' dir='ltr' id='par_1_111' title="bbox 1993 4653 3576 4726">
     <span class='ocr_line' id='line_1_111' title="bbox 1993 4653 3576 4726; baseline 0.003 -16"><span class='ocrx_word' id='word_1_937' title='bbox 1993 4654 2153 4710; x_wconf 79' lang='lat' dir='ltr'><strong>ﬁdem</strong></span> <span class='ocrx_word' id='word_1_938' title='bbox 2199 4668 2358 4724; x_wconf 85' lang='lat' dir='ltr'><strong>quam</strong></span> <span class='ocrx_word' id='word_1_939' title='bbox 2402 4669 2509 4708; x_wconf 88' lang='lat' dir='ltr'><strong>non</strong></span> <span class='ocrx_word' id='word_1_940' title='bbox 2553 4653 2754 4724; x_wconf 78' lang='lat' dir='ltr'><strong>accepi.</strong></span> <span class='ocrx_word' id='word_1_941' title='bbox 2809 4653 3133 4726; x_wconf 65' lang='lat' dir='ltr'><strong>Deprimitur</strong></span> <span class='ocrx_word' id='word_1_942' title='bbox 3173 4658 3194 4688; x_wconf 75' lang='lat'><strong>’</strong></span> <span class='ocrx_word' id='word_1_943' title='bbox 3224 4656 3446 4717; x_wconf 75' lang='lat' dir='ltr'><strong>omnino</strong></span> <span class='ocrx_word' id='word_1_944' title='bbox 3493 4659 3576 4714; x_wconf 76' lang='lat' dir='ltr'><strong>h&#39;s</strong></span> 
     </span>
    </p>
   </div>
   <div class='ocr_carea' id='block_1_112' title="bbox 1993 4744 3574 4816">
    <p class='ocr_par' dir='ltr' id='par_1_112' title="bbox 1993 4744 3574 4816">
     <span class='ocr_line' id='line_1_112' title="bbox 1993 4744 3574 4816; baseline 0.003 -15"><span class='ocrx_word' id='word_1_945' title='bbox 1993 4746 2300 4816; x_wconf 86' lang='lat' dir='ltr'><strong>apostolicis</strong></span> <span class='ocrx_word' id='word_1_946' title='bbox 2327 4744 2510 4800; x_wconf 86' lang='lat' dir='ltr'><strong>verbis</strong></span> <span class='ocrx_word' id='word_1_947' title='bbox 2548 4755 2655 4800; x_wconf 90' lang='lat' dir='ltr'><strong>tota</strong></span> <span class='ocrx_word' id='word_1_948' title='bbox 2683 4745 2840 4814; x_wconf 84' lang='lat' dir='ltr'><strong>hujus</strong></span> <span class='ocrx_word' id='word_1_949' title='bbox 2871 4746 3234 4816; x_wconf 86' lang='lat' dir='ltr'><strong>responsionis</strong></span> <span class='ocrx_word' id='word_1_950' title='bbox 3258 4747 3438 4804; x_wconf 87' lang='lat' dir='ltr'><strong>elatio.</strong></span> <span class='ocrx_word' id='word_1_951' title='bbox 3469 4749 3574 4806; x_wconf 83' lang='lat' dir='ltr'><strong>Sed</strong></span> 
     </span>
    </p>
   </div>
   <div class='ocr_carea' id='block_1_113' title="bbox 1995 4835 3580 4909">
    <p class='ocr_par' dir='ltr' id='par_1_113' title="bbox 1995 4835 3580 4909">
     <span class='ocr_line' id='line_1_113' title="bbox 1995 4835 3580 4909; baseline 0.002 -14"><span class='ocrx_word' id='word_1_952' title='bbox 1995 4855 2062 4895; x_wconf 91' lang='lat' dir='ltr'><strong>ne</strong></span> <span class='ocrx_word' id='word_1_953' title='bbox 2104 4839 2206 4895; x_wconf 90' lang='lat' dir='ltr'><strong>hoc</strong></span> <span class='ocrx_word' id='word_1_954' title='bbox 2240 4838 2456 4909; x_wconf 89' lang='lat' dir='ltr'><strong>quidem</strong></span> <span class='ocrx_word' id='word_1_955' title='bbox 2502 4847 2675 4909; x_wconf 85' lang='lat' dir='ltr'><strong>potest</strong></span> <span class='ocrx_word' id='word_1_956' title='bbox 2719 4837 2822 4894; x_wconf 88' lang='lat' dir='ltr'><strong>dici</strong></span> <span class='ocrx_word' id='word_1_957' title='bbox 2867 4855 2880 4892; x_wconf 90' lang='lat'><strong>:</strong></span> <span class='ocrx_word' id='word_1_958' title='bbox 2919 4835 3172 4908; x_wconf 84' lang='lat' dir='ltr'><strong>Quamvis</strong></span> <span class='ocrx_word' id='word_1_959' title='bbox 3207 4855 3312 4895; x_wconf 90' lang='lat' dir='ltr'><strong>non</strong></span> <span class='ocrx_word' id='word_1_960' title='bbox 3353 4841 3580 4898; x_wconf 71' lang='lat' dir='ltr'><strong>habeam</strong></span> 
     </span>
    </p>
   </div>
   <div class='ocr_carea' id='block_1_114' title="bbox 1997 4931 3580 5004">
    <p class='ocr_par' dir='ltr' id='par_1_114' title="bbox 1997 4931 3580 5004">
     <span class='ocr_line' id='line_1_114' title="bbox 1997 4931 3580 5004; baseline 0.001 -16"><span class='ocrx_word' id='word_1_961' title='bbox 1997 4932 2288 5004; x_wconf 80' lang='lat' dir='ltr'><strong>perfectam</strong></span> <span class='ocrx_word' id='word_1_962' title='bbox 2318 4931 2475 4986; x_wconf 86' lang='lat' dir='ltr'><strong>ﬁdem</strong></span> <span class='ocrx_word' id='word_1_963' title='bbox 2497 4973 2512 4999; x_wconf 90' lang='lat'><strong>,</strong></span> <span class='ocrx_word' id='word_1_964' title='bbox 2542 4931 2714 4986; x_wconf 88' lang='lat' dir='ltr'><strong>habeo</strong></span> <span class='ocrx_word' id='word_1_965' title='bbox 2748 4941 2924 4985; x_wconf 87' lang='lat' dir='ltr'><strong>tamen</strong></span> <span class='ocrx_word' id='word_1_966' title='bbox 2963 4931 3078 5001; x_wconf 81' lang='lat' dir='ltr'><strong>eius</strong></span> <span class='ocrx_word' id='word_1_967' title='bbox 3110 4931 3317 4988; x_wconf 88' lang='lat' dir='ltr'><strong>initium</strong></span> <span class='ocrx_word' id='word_1_968' title='bbox 3342 4975 3358 4999; x_wconf 95' lang='lat'><strong>,</strong></span> <span class='ocrx_word' id='word_1_969' title='bbox 3391 4951 3496 5004; x_wconf 88' lang='lat' dir='ltr'><strong>quo</strong></span> <span class='ocrx_word' id='word_1_970' title='bbox 3529 4938 3580 4990; x_wconf 88' lang='lat' dir='ltr'><strong>in</strong></span> 
     </span>
    </p>
   </div>
   <div class='ocr_carea' id='block_1_115' title="bbox 1995 5020 3579 5094">
    <p class='ocr_par' dir='ltr' id='par_1_115' title="bbox 1995 5020 3579 5094">
     <span class='ocr_line' id='line_1_115' title="bbox 1995 5020 3579 5094; baseline 0.001 -14"><span class='ocrx_word' id='word_1_971' title='bbox 1995 5023 2268 5082; x_wconf 84' lang='lat' dir='ltr'><strong>Christum</strong></span> <span class='ocrx_word' id='word_1_972' title='bbox 2300 5022 2544 5092; x_wconf 91' lang='lat' dir='ltr'><strong>primitus</strong></span> <span class='ocrx_word' id='word_1_973' title='bbox 2570 5020 2794 5078; x_wconf 85' lang='lat' dir='ltr'><strong>credidi.</strong></span> <span class='ocrx_word' id='word_1_974' title='bbox 2825 5021 2955 5088; x_wconf 85' lang='lat' dir='ltr'><strong>Quia</strong></span> <span class='ocrx_word' id='word_1_975' title='bbox 2985 5031 3038 5076; x_wconf 90' lang='lat' dir='ltr'><strong>et</strong></span> <span class='ocrx_word' id='word_1_976' title='bbox 3067 5022 3156 5077; x_wconf 90' lang='lat' dir='ltr'><strong>hic</strong></span> <span class='ocrx_word' id='word_1_977' title='bbox 3183 5025 3533 5094; x_wconf 84' lang='lat' dir='ltr'><strong>respondetur</strong></span> <span class='ocrx_word' id='word_1_978' title='bbox 3564 5045 3579 5081; x_wconf 89' lang='lat'>:</span> 
     </span>
    </p>
   </div>
   <div class='ocr_carea' id='block_1_116' title="bbox 2003 5111 3582 5185">
    <p class='ocr_par' dir='ltr' id='par_1_116' title="bbox 2003 5111 3582 5185">
     <span class='ocr_line' id='line_1_116' title="bbox 2003 5111 3582 5185; baseline 0.003 -19"><span class='ocrx_word' id='word_1_979' title='bbox 2003 5113 2140 5182; x_wconf 86' lang='lat' dir='ltr'><strong>Quid</strong></span> <span class='ocrx_word' id='word_1_980' title='bbox 2173 5123 2340 5168; x_wconf 84' lang='lat' dir='ltr'><strong>autem</strong></span> <span class='ocrx_word' id='word_1_981' title='bbox 2365 5111 2516 5166; x_wconf 84' lang='lat' dir='ltr'><strong>habes</strong></span> <span class='ocrx_word' id='word_1_982' title='bbox 2541 5111 2677 5182; x_wconf 85' lang='lat' dir='ltr'><strong>quod</strong></span> <span class='ocrx_word' id='word_1_983' title='bbox 2705 5128 2804 5166; x_wconf 85' lang='lat' dir='ltr'><strong>non</strong></span> <span class='ocrx_word' id='word_1_984' title='bbox 2830 5113 3106 5185; x_wconf 82' lang='lat' dir='ltr'><strong>accepisti?</strong></span> <span class='ocrx_word' id='word_1_985' title='bbox 3133 5113 3194 5168; x_wconf 86' lang='lat' dir='ltr'><strong>Si</strong></span> <span class='ocrx_word' id='word_1_986' title='bbox 3223 5124 3389 5169; x_wconf 87' lang='lat' dir='ltr'><strong>autem</strong></span> <span class='ocrx_word' id='word_1_987' title='bbox 3424 5126 3470 5172; x_wconf 83' lang='lat' dir='ltr'><strong>et</strong></span> <span class='ocrx_word' id='word_1_988' title='bbox 3491 5135 3582 5171; x_wconf 77' lang='lat' dir='ltr'><strong>ac-</strong></span> 
     </span>
    </p>
   </div>
   <div class='ocr_carea' id='block_1_117' title="bbox 1998 5204 3586 5280">
    <p class='ocr_par' dir='ltr' id='par_1_117' title="bbox 1998 5204 3586 5280">
     <span class='ocr_line' id='line_1_117' title="bbox 1998 5204 3586 5280; baseline 0.001 -17"><span class='ocrx_word' id='word_1_989' title='bbox 1998 5207 2195 5280; x_wconf 85' lang='lat' dir='ltr'><strong>cepisti,</strong></span> <span class='ocrx_word' id='word_1_990' title='bbox 2218 5205 2342 5278; x_wconf 80' lang='lat' dir='ltr'><strong>quid</strong></span> <span class='ocrx_word' id='word_1_991' title='bbox 2359 5205 2596 5278; x_wconf 84' lang='lat' dir='ltr'><strong>gloriaris</strong></span> <span class='ocrx_word' id='word_1_992' title='bbox 2613 5204 2760 5277; x_wconf 86' lang='lat' dir='ltr'><strong>quasi</strong></span> <span class='ocrx_word' id='word_1_993' title='bbox 2782 5221 2882 5259; x_wconf 86' lang='lat' dir='ltr'><strong>non</strong></span> <span class='ocrx_word' id='word_1_994' title='bbox 2905 5206 3154 5278; x_wconf 80' lang='lat' dir='ltr'><strong>acceperis</strong></span> <span class='ocrx_word' id='word_1_995' title='bbox 3177 5205 3368 5278; x_wconf 84' lang='lat' dir='ltr'><strong>(lCor.</strong></span> <span class='ocrx_word' id='word_1_996' title='bbox 3393 5223 3466 5278; x_wconf 86' lang='lat' dir='ltr'><strong>tv,</strong></span> <span class='ocrx_word' id='word_1_997' title='bbox 3489 5209 3544 5280; x_wconf 85' lang='lat'><strong>7)</strong></span> <span class='ocrx_word' id='word_1_998' title='bbox 3561 5209 3586 5264; x_wconf 81' lang='lat'><strong>?</strong></span> 
     </span>
    </p>
   </div>
   <div class='ocr_carea' id='block_1_118' title="bbox 2065 5360 2881 5418">
    <p class='ocr_par' dir='ltr' id='par_1_118' title="bbox 2065 5360 2881 5418">
     <span class='ocr_line' id='line_1_118' title="bbox 2065 5360 2881 5418; baseline -0.004 -3"><span class='ocrx_word' id='word_1_999' title='bbox 2065 5367 2081 5400; x_wconf 88' lang='grc'>¹</span> <span class='ocrx_word' id='word_1_1000' title='bbox 2108 5366 2182 5415; x_wconf 87' lang='lat' dir='ltr'><strong>sic</strong></span> <span class='ocrx_word' id='word_1_1001' title='bbox 2195 5370 2304 5414; x_wconf 76' lang='lat' dir='ltr'><strong>Mss.</strong></span> <span class='ocrx_word' id='word_1_1002' title='bbox 2321 5362 2458 5418; x_wconf 77' lang='lat' dir='ltr'><strong>Fditi.</strong></span> <span class='ocrx_word' id='word_1_1003' title='bbox 2483 5360 2778 5414; x_wconf 74' lang='lat' dir='ltr'><strong>elaboratum</strong></span> <span class='ocrx_word' id='word_1_1004' title='bbox 2795 5369 2881 5414; x_wconf 81' lang='lat' dir='ltr'><strong>est.</strong></span> 
     </span>
    </p>
   </div>
   <div class='ocr_carea' id='block_1_119' title="bbox 2063 5424 3136 5489">
    <p class='ocr_par' dir='ltr' id='par_1_119' title="bbox 2063 5424 3136 5489">
     <span class='ocr_line' id='line_1_119' title="bbox 2063 5424 3136 5489; baseline -0.001 -13"><span class='ocrx_word' id='word_1_1005' title='bbox 2063 5429 2083 5460; x_wconf 79' lang='grc'><em>³</em></span> <span class='ocrx_word' id='word_1_1006' title='bbox 2107 5427 2245 5484; x_wconf 67' lang='lat' dir='ltr'><strong>Eiiti,</strong></span> <span class='ocrx_word' id='word_1_1007' title='bbox 2263 5424 2651 5489; x_wconf 79' lang='lat' dir='ltr'><strong>reprimiturque.</strong></span> <span class='ocrx_word' id='word_1_1008' title='bbox 2677 5427 2842 5488; x_wconf 79' lang='lat' dir='ltr'><strong>Abest,</strong></span> <span class='ocrx_word' id='word_1_1009' title='bbox 2857 5439 2962 5489; x_wconf 82' lang='lat' dir='ltr'><strong>que.</strong></span> <span class='ocrx_word' id='word_1_1010' title='bbox 2986 5439 3014 5476; x_wconf 89' lang='lat' dir='ltr'><strong>a</strong></span> <span class='ocrx_word' id='word_1_1011' title='bbox 3031 5434 3136 5478; x_wconf 62' lang='grc' dir='ltr'><strong>ηδε.</strong></span> 
     </span>
    </p>
   </div>
   <div class='ocr_carea' id='block_1_120' title="bbox 2065 5487 3590 5562">
    <p class='ocr_par' dir='ltr' id='par_1_120' title="bbox 2065 5487 3590 5562">
     <span class='ocr_line' id='line_1_120' title="bbox 2065 5487 3590 5562; baseline 0.003 -24"><span class='ocrx_word' id='word_1_1012' title='bbox 2065 5487 2450 5562; x_wconf 39' lang='lat' dir='ltr'><strong>(a)._lte.velatum</strong></span> <span class='ocrx_word' id='word_1_1013' title='bbox 2476 5487 2518 5536; x_wconf 92' lang='lat' dir='ltr'><strong>id</strong></span> <span class='ocrx_word' id='word_1_1014' title='bbox 2541 5487 2640 5562; x_wconf 56' lang='lat' dir='ltr'><strong>sint</strong></span> <span class='ocrx_word' id='word_1_1015' title='bbox 2677 5501 2706 5560; x_wconf 60' lang='grc' dir='ltr'><strong><em>ρ</em></strong></span> <span class='ocrx_word' id='word_1_1016' title='bbox 2743 5487 2840 5536; x_wconf 89' lang='lat' dir='ltr'><strong>Deo</strong></span> <span class='ocrx_word' id='word_1_1017' title='bbox 2869 5487 3018 5562; x_wconf 75' lang='lat' dir='ltr'><strong>dicit;</strong></span> <span class='ocrx_word' id='word_1_1018' title='bbox 3054 5490 3166 5562; x_wconf 73' lang='lat' dir='ltr'><strong>quia</strong></span> <span class='ocrx_word' id='word_1_1019' title='bbox 3190 5491 3507 5562; x_wconf 76' lang='lat' dir='ltr'><strong>noningeniq</strong></span> <span class='ocrx_word' id='word_1_1020' title='bbox 3543 5499 3590 5542; x_wconf 85' lang='lat' dir='ltr'><strong>et</strong></span> 
     </span>
    </p>
   </div>
   <div class='ocr_carea' id='block_1_121' title="bbox 1999 5550 3592 5614">
    <p class='ocr_par' dir='ltr' id='par_1_121' title="bbox 1999 5550 3592 5614">
     <span class='ocr_line' id='line_1_121' title="bbox 1999 5550 3592 5614; baseline -0.002 -10"><span class='ocrx_word' id='word_1_1021' title='bbox 1999 5550 2246 5614; x_wconf 81' lang='lat' dir='ltr'><strong>sagaeitati</strong></span> <span class='ocrx_word' id='word_1_1022' title='bbox 2289 5561 2423 5614; x_wconf 68' lang='lat' dir='ltr'><strong>sine,</strong></span> <span class='ocrx_word' id='word_1_1023' title='bbox 2463 5550 2552 5614; x_wconf 68' lang='lat' dir='ltr'><strong>sed</strong></span> <span class='ocrx_word' id='word_1_1024' title='bbox 2595 5550 2769 5614; x_wconf 77' lang='lat' dir='ltr'><strong>divizne</strong></span> <span class='ocrx_word' id='word_1_1025' title='bbox 2805 5552 2972 5614; x_wconf 68' lang='lat' dir='ltr'><strong>gratia:</strong></span> <span class='ocrx_word' id='word_1_1026' title='bbox 3015 5550 3251 5614; x_wconf 73' lang='lat' dir='ltr'><strong>adiutorio</strong></span> <span class='ocrx_word' id='word_1_1027' title='bbox 3283 5550 3592 5602; x_wconf 65' lang='lat' dir='ltr'><strong>tribuendum</strong></span> 
     </span>
    </p>
   </div>
   <div class='ocr_carea' id='block_1_122' title="bbox 2001 5611 3593 5722">
    <p class='ocr_par' dir='ltr' id='par_1_122' title="bbox 2001 5611 3593 5722">
     <span class='ocr_line' id='line_1_122' title="bbox 2001 5611 3593 5674; baseline 0.001 -12"><span class='ocrx_word' id='word_1_1028' title='bbox 2001 5611 2147 5663; x_wconf 74' lang='lat' dir='ltr'><strong>sentit</strong></span> <span class='ocrx_word' id='word_1_1029' title='bbox 2193 5612 2324 5674; x_wconf 86' lang='lat' dir='ltr'><strong>quod</strong></span> <span class='ocrx_word' id='word_1_1030' title='bbox 2357 5612 2448 5662; x_wconf 76' lang='lat' dir='ltr'><strong>hee</strong></span> <span class='ocrx_word' id='word_1_1031' title='bbox 2478 5611 2634 5674; x_wconf 88' lang='lat' dir='ltr'><strong>ipsum</strong></span> <span class='ocrx_word' id='word_1_1032' title='bbox 2655 5611 2720 5659; x_wconf 89' lang='lat' dir='ltr'><strong>de</strong></span> <span class='ocrx_word' id='word_1_1033' title='bbox 2742 5624 2840 5674; x_wconf 87' lang='lat' dir='ltr'><strong>quo</strong></span> <span class='ocrx_word' id='word_1_1034' title='bbox 2862 5612 3004 5662; x_wconf 88' lang='lat' dir='ltr'><strong>aliter</strong></span> <span class='ocrx_word' id='word_1_1035' title='bbox 3027 5611 3267 5674; x_wconf 77' lang='lat' dir='ltr'><strong>sapiebat,</strong></span> <span class='ocrx_word' id='word_1_1036' title='bbox 3290 5615 3593 5666; x_wconf 62' lang='lat' dir='ltr'><strong>COIlSidt&#39;t‘aW</strong></span> 
     </span>
     <span class='ocr_line' id='line_1_123' title="bbox 2007 5646 3324 5722; baseline 0 0"><span class='ocrx_word' id='word_1_1037' title='bbox 2007 5646 2238 5722; x_wconf 50' lang='lat' dir='ltr'><strong>attrnéus</strong></span> <span class='ocrx_word' id='word_1_1038' title='bbox 2261 5673 2464 5722; x_wconf 73' lang='lat' dir='ltr'><strong>Ancstoii</strong></span> <span class='ocrx_word' id='word_1_1039' title='bbox 2491 5675 2763 5722; x_wconf 64' lang='lat' dir='ltr'><strong>testinwmiu</strong></span> <span class='ocrx_word' id='word_1_1040' title='bbox 2787 5676 2980 5722; x_wconf 77' lang='lat' dir='ltr'><strong>tandem</strong></span> <span class='ocrx_word' id='word_1_1041' title='bbox 3005 5673 3324 5722; x_wconf 69' lang='lat' dir='ltr'><strong>intellcmrit.</strong></span> 
     </span>
    </p>
   </div>
   <div class='ocr_carea' id='block_1_123' title="bbox 2007 5673 3324 5734">
    <p class='ocr_par' dir='ltr' id='par_1_123' title="bbox 2007 5673 3324 5734">
     <span class='ocr_line' id='line_1_124' title="bbox 2007 5673 3324 5734; baseline 0.001 -12"><span class='ocrx_word' id='word_1_1042' title='bbox 2007 5673 2238 5726; x_wconf 71' lang='lat' dir='ltr'><strong>attrnBus</strong></span> <span class='ocrx_word' id='word_1_1043' title='bbox 2261 5673 2464 5734; x_wconf 72' lang='lat' dir='ltr'><strong>Apostoii</strong></span> <span class='ocrx_word' id='word_1_1044' title='bbox 2491 5673 2763 5724; x_wconf 70' lang='lat' dir='ltr'><strong>testimonio</strong></span> <span class='ocrx_word' id='word_1_1045' title='bbox 2787 5676 2980 5724; x_wconf 77' lang='lat' dir='ltr'><strong>tandem</strong></span> <span class='ocrx_word' id='word_1_1046' title='bbox 3005 5673 3324 5726; x_wconf 78' lang='lat' dir='ltr'><strong>intellexerit.</strong></span> 
     </span>
    </p>
   </div>
  </div>
