3972 6178
454 345 558 403 967

511 478 738 539 CAPUT
768 477 832 533 γ.
857 475 1000 532 --9.
1031 471 1164 529 Illud
1197 486 1322 526 vero
1348 468 1488 540 quod
1522 474 1728 537 putant,
1768 481 1787 516 ι
1825 461 1891 517 de
1921 460 2022 514 hac

443 573 549 630 llde
575 571 693 626 ideo
721 583 826 624 non
870 579 1029 637 posse
1056 563 1160 619 dici
1185 604 1201 628 ,
1234 561 1371 627 Quid
1405 559 1538 613 enim
1578 556 1729 611 habes
1761 552 1896 624 quod
1923 567 2022 605 non

441 659 678 733 accepisti
695 659 721 714 .9
764 658 887 730 quia
928 657 983 711 in
1012 654 1198 710 eadem
1231 663 1415 708 natura
1443 649 1734 711 remansit,
1783 647 1909 700 licet
1937 644 2019 696 vi-

373 765 378 770 ‘
443 753 569 809 tiata
594 793 610 818 ,
637 765 754 820 qua:
784 747 932 820 prius
965 761 1092 802 sana
1118 760 1182 800 ac
1209 743 1437 813 perlecta
1465 741 1656 796 donata
1679 739 1747 793 sit
1784 735 1871 806 (In
1900 733 2027 804 Epi-

441 845 572 900 stola
592 841 799 901 Hilarii.
816 858 869 894 ιι.
887 839 938 902 4,
953 854 1126 908 supra,
1144 836 1244 891 col.
1258 833 1516 902 935-956)
1539 834 1554 887 ἑ
1577 830 1703 885 nihil
1721 828 1786 883 ad
1812 828 1860 882 id
1875 824 2019 896 quod

442 937 628 990 volunt
651 935 828 988 valere
856 931 1182 1000 intelligitur,
1213 926 1258 981 si
1279 941 1375 981 cur
1397 925 1498 978 hoc
1521 921 1806 992 Apostolus
1835 916 2032 973 dixerit

444 1027 726 1098 Cogitetur.
781 1021 983 1092 Agebat
1023 1019 1196 1083 enim,
1227 1033 1293 1072 ne
1322 1014 1600 1086 quisquam
1629 1009 1949 1082 gloriaretur
1975 1007 2026 1060 in

443 1117 691 1179 homine;
739 1113 988 1183 quoniam
1030 1108 1392 1164 dissensiones
1416 1114 1616 1160 exorta:
1656 1101 1866 1157 fuerant
1891 1101 2032 1153 inter

442 1205 750 1262 Corinthios
788 1201 1140 1265 christianos,
1187 1200 1258 1253 ita
1307 1207 1367 1253 ut
1405 1193 1769 1266 unusquisque
1803 1190 2028 1256 diceret,

445 1296 558 1367 Ego
585 1294 788 1367 quidem
833 1308 944 1346 sunt
992 1289 1188 1353 Pauli;
1231 1289 1362 1343 alius
1403 1295 1607 1351 autent,
1653 1283 1760 1354 Ego
1804 1280 2030 1352 Apollo;

443 1389 576 1440 alius
614 1401 765 1448 vero,
815 1377 927 1454 Ego
955 1381 1140 1452 Cephea
1165 1396 1184 1434 :
1213 1388 1267 1434 et
1295 1378 1420 1434 inde
1454 1387 1673 1432 ventum
1705 1383 1789 1430 est
1810 1415 1826 1439 ,
1865 1380 1923 1426 ut
1945 1371 2029 1426 di-

443 1485 624 1540 ceret,
654 1475 826 1530 Stulta
853 1472 1026 1526 mundi
1051 1471 1199 1541 elegit
1227 1468 1363 1522 Deus
1383 1509 1402 1536 ,
1444 1475 1499 1520 ut
1523 1463 1802 1538 confundat
1829 1463 2032 1530 sapien-

447 1577 556 1632 tes;
581 1576 626 1620 et
652 1564 858 1632 inﬁrma
891 1561 1070 1616 mundi
1092 1558 1240 1630 elegit
1268 1557 1438 1620 Deus,
1467 1565 1522 1610 ut
1542 1553 1819 1625 confundat
1845 1552 2031 1623 fortia;

446 1667 494 1711 et
532 1657 774 1728 igncbilia
809 1653 986 1708 mundi
1015 1661 1063 1706 et
1095 1647 1490 1720 contemptibilia
1525 1646 1676 1718 elegit
1705 1643 1862 1708 Deus,
1894 1653 1942 1696 et
1975 1657 2036 1696 ea

446 1764 561 1817 qua:
600 1763 701 1800 non
733 1755 850 1800 sunt
890 1755 1128 1814 tanquam
1158 1742 1258 1796 sint
1279 1782 1294 1804 ,
1331 1749 1384 1792 ut
1411 1753 1522 1809 qua:
1556 1745 1672 1792 sunt
1698 1744 1938 1798 eaacuet;
1981 1743 2035 1786 ut

449 1856 552 1893 non
587 1839 828 1910 glorietur
857 1851 1030 1891 comm
1060 1833 1166 1888 Deo
1193 1832 1355 1886 omnis
1379 1847 1518 1886 caro.
1559 1827 1656 1885 llic
1679 1837 1823 1882 certe
1849 1835 2033 1881 contra

453 1933 740 1987 humanam
765 1929 1065 2002 superbiam
1088 1927 1218 1984 satis
1245 1926 1386 1981 clara
1413 1933 1497 1979 est
1523 1922 1762 1994 Apostoli
1789 1919 2034 1985 intentio,

448 2043 518 2082 ne
543 2025 595 2079 in
622 2023 840 2076 homine
879 2020 1164 2090 quisquam
1195 2016 1488 2088 glorietur,
1519 2029 1582 2069 ac
1613 2027 1708 2083 per
1731 2013 1834 2067 hoc
1853 2025 1953 2066 nec
1980 2010 2036 2066 in

453 2133 513 2174 se
542 2118 679 2187 ipso.
715 2112 956 2182 Denique
984 2125 1104 2164 cum
1137 2107 1379 2174 dixisset,
1406 2117 1463 2161 ut
1489 2122 1588 2160 non
1609 2107 1850 2178 glorietur
1867 2118 2038 2156 coram

451 2208 559 2263 Deo
585 2206 748 2262 omnis
786 2219 947 2267 caro;
995 2213 1053 2256 ut
1089 2199 1397 2255 ostenderet
1429 2199 1482 2253 in
1509 2213 1615 2270 quo
1638 2197 1837 2252 debeat
1873 2195 2036 2250 homo

449 2279 708 2374 gloriari,
755 2315 876 2354 mox
909 2295 1150 2361 addidit,
1203 2293 1286 2349 Ea:
1326 2295 1438 2366 ipso
1474 2303 1672 2358 autem,
1720 2307 1807 2346 vos
1831 2289 1948 2344 estis
1983 2288 2038 2341 in

448 2395 650 2448 Chris'o
691 2391 848 2457 Iesu,
889 2390 978 2458 qui
1017 2389 1184 2460 factus
1230 2396 1302 2443 est
1345 2387 1488 2441 nobis
1524 2384 1770 2456 sapientia
1795 2400 1828 2437 a
1856 2381 1963 2436 Deo
1989 2391 2035 2436 et

446 2487 646 2560 iustitia
665 2527 680 2549 ,
711 2492 758 2538 et
785 2481 1146 2550 sanctiﬁcatio,
1177 2489 1224 2534 et
1252 2478 1528 2547 redemptio
1561 2492 1580 2530 :
1605 2483 1682 2541 ut,
1711 2473 2040 2546 quemadmo-

451 2579 572 2633 dum
600 2577 840 2646 scriptum
867 2584 973 2638 est,
1016 2572 1117 2640 Qui
1152 2571 1400 2643 gloriatur
1417 2609 1432 2636 ,
1461 2571 1514 2624 in
1553 2567 1772 2622 Domino
1799 2567 2040 2638 glorietur

455 2667 500 2728 ll
529 2665 647 2723 Cor.
677 2682 692 2720 ι
717 2707 732 2729 ,
765 2663 860 2728 12,
887 2663 1079 2732 27-51)
1111 2680 1125 2718 :
1158 2661 1280 2716 inde
1307 2660 1542 2732 pervenit
1571 2659 1672 2714 ista
1715 2657 1831 2729 ejus
1862 2659 2039 2712 inten-

452 2734 562 2822 tio,
609 2767 667 2811 ut
704 2763 889 2826 postea
917 2753 1197 2822 increpans
1222 2751 1400 2818 dicat,
1437 2749 1617 2804 Adhuc
1639 2748 1772 2804 enim
1809 2749 2039 2802 carnales

451 2849 571 2904 estis
602 2863 757 2902 :cum
791 2847 922 2900 enim
961 2845 1062 2898 sint
1096 2844 1227 2896 inter
1264 2858 1350 2896 vos
1388 2841 1642 2897 wittulatio
1681 2849 1728 2894 et
1767 2839 2036 2900 contentio,

452 2938 874 2996 nounerarnales
894 2937 1010 2992 estis
1028 2977 1044 3000 ,
1087 2947 1132 2990 et
1157 2934 1432 2990 secundum
1452 2932 1704 2988 hominem
1731 2930 2041 2985 ambulatis.’

453 3032 581 3085 Cum
609 3031 742 3084 enim
763 3029 872 3098 quis
894 3027 1060 3090 dicat,
1093 3023 1205 3098 Ego
1225 3024 1424 3094 quidem
1448 3039 1559 3078 sum
1593 3021 1762 3087 l’auli,
1788 3021 1920 3076 alius
1947 3037 2042 3074 au-

453 3131 552 3176 tem
573 3163 588 3186 ,
614 3119 730 3191 Ego"
758 3119 942 3187 Apollo
969 3135 988 3184 ;
1015 3133 1182 3171 nonne
1207 3117 1433 3170 homines
1462 3115 1622 3168 estis?
1655 3114 1792 3181 Quid
1821 3131 1940 3185 ergo
1968 3123 2040 3166 est

455 3213 687 3283 Apollo?
725 3211 849 3282 quid
890 3218 1058 3264 autem
1099 3208 1344 3264 Paulus?
1389 3206 1614 3261 Ministri
1647 3223 1738 3277 per
1775 3222 1898 3276 quos
1933 3221 2041 3258 cre-

456 3303 656 3358 didistis
681 3317 702 3356 :
735 3311 782 3354 et
811 3299 1078 3368 unicuique
1111 3299 1239 3352 sicut
1268 3297 1512 3352 Dominus
1541 3299 1696 3352 dedit.
1743 3296 1856 3368 Ego
1893 3297 2043 3366 plan-

456 3395 558 3450 tavi
582 3436 598 3461 ,
649 3391 836 3464 Apollo
879 3389 1105 3462 rigavit;
1150 3388 1241 3444 sed
1290 3387 1430 3442 Deus
1471 3389 1833 3443 incrementum
1882 3387 2037 3441 dedit.

457 3486 640 3557 Itaque
667 3499 828 3556 neque
853 3482 942 3554 qui
967 3481 1164 3551 plantat
1188 3490 1260 3536 est
1287 3479 1512 3552 aliquid,
1553 3496 1710 3551 neque
1745 3481 1831 3551 qui
1867 3481 1998 3552 rigat
2021 3496 2042 3545 ;

457 3577 546 3634 sed
579 3577 666 3646 qui
703 3575 1066 3628 incrementum
1095 3571 1183 3625 dot
1220 3570 1378 3625 Deus.
1425 3570 1698 3627 Videtisne
1726 3571 1856 3626 nihil
1883 3585 2043 3642 agere

458 3665 808 3736 Apostolum,
855 3662 955 3718 nisi
983 3671 1042 3716 ut
1079 3661 1387 3717 lntmilietur
1428 3661 1628 3730 homo,
1679 3671 1733 3717 et
1775 3662 2044 3717 exaltetnr

459 3759 602 3815 Deus
629 3755 813 3812 solus?
854 3753 1292 3826 Quandoquidem
1328 3754 1381 3809 in
1418 3755 1498 3810 eis
1532 3755 1622 3826 qui
1659 3752 1960 3826 plantantur
1988 3763 2044 3809 et

400 3840 405 3850 ’
457 3850 738 3921 rigantur,
781 3861 883 3902 nec
922 3847 1093 3918 ipsum
1126 3846 1473 3916 plantatorem
1499 3853 1554 3902 et
1592 3846 1876 3917 rigatorem
1915 3844 2044 3901 dicit

459 3954 582 3997 esse
631 3936 827 4008 aliquid
852 3977 868 4004 ,
916 3935 1012 3991 sed
1057 3935 1151 4007 qui
1191 3936 1574 3991 incrementum
1601 3936 1731 4004 dat,
1777 3938 1942 3993 Deum
1975 3939 2039 3993 ίε

457 4028 702 4102 quamvis
731 4035 786 4084 et
824 4025 928 4082 hoc
968 4026 1140 4098 ipsum
1167 4026 1308 4098 quod
1343 4025 1434 4081 ille
1477 4025 1714 4097 plantat,
1761 4027 1850 4084 hic
1882 4029 2040 4100 rigat,

459 4139 567 4180 non
615 4119 776 4193 ipsis,
821 4118 916 4175 sed
961 4118 1188 4174 Domino
1229 4119 1457 4184 tribuat,
1499 4119 1729 4176 dicens:
1765 4119 2046 4193 Unicuique

457 4216 587 4271 sicut
659 4211 907 4267 Dominus
947 4211 1105 4266 dedit.
1147 4210 1260 4282 Ego
1305 4212 1532 4284 plantavi
1553 4253 1570 4277 ,
1617 4213 1802 4283 Apollo
1839 4215 2041 4286 rigavit.

459 4306 595 4362 llinc
619 4317 750 4374 ergo
775 4302 828 4357 in
850 4301 1038 4358 eadem
1065 4301 1360 4358 intentione
1386 4304 1696 4373 persistens,
1737 4305 1802 4360 ad
1834 4305 1936 4362 hnc
1961 4323 2044 4363 ve.

463 4397 542 4452 nit
567 4404 623 4448 ut
648 4393 870 4459 diceret,
900 4391 1083 4464 Itaque
1109 4395 1540 4470 nemoglorietur
1579 4395 1633 4450 in
1683 4395 1882 4452 homine
1931 4397 2041 4470 (ld.

465 4503 544 4553 nt,
569 4485 688 4552 2-7,
710 4484 825 4558 ξι).
855 4476 972 4540 Iam
999 4485 1140 4540 enim
1167 4469 1402 4551 dixerat,
1435 4486 1534 4554 Qui
1559 4487 1828 4557 gloriatur,
1859 4489 1912 4543 in
1935 4489 2045 4545 Do-

462 4579 599 4633 mino
637 4577 900 4649 glorietur.
943 4577 1075 4632 Post
1119 4577 1234 4633 haec
1271 4585 1328 4632 et
1361 4578 1464 4634 alia
1507 4581 1759 4636 nonnulla
1797 4596 1917 4652 quae
1963 4582 2046 4638 his

461 4677 878 4733 connectuntur,
909 4667 975 4724 ad
1003 4669 1104 4724 hoc
1135 4669 1438 4740 perducitur
1465 4671 1649 4725 eadem
1681 4672 1790 4742 ipsa
1823 4673 1938 4744 ejus
1961 4674 2046 4729 in-

463 4764 654 4828 tentio,
684 4771 745 4818 ut
768 4761 910 4818 dicat
939 4779 954 4818 :
987 4758 1114 4816 Hatc
1134 4769 1296 4815 autem
1317 4802 1333 4826 ,
1362 4762 1544 4832 fratres
1561 4803 1577 4828 ,
1609 4764 1967 4835 transﬁguravi
1993 4767 2046 4821 in

449 4873 542 4914 me
565 4865 612 4912 et
639 4854 826 4926 Apollo
850 4863 1056 4927 propter
1089 4868 1212 4918 vos;
1237 4862 1290 4908 ut
1310 4853 1362 4908 in
1393 4853 1534 4908 nobis
1553 4855 1781 4917 discatis,
1805 4873 1868 4912 ne
1891 4874 2048 4927 supra

461 4965 616 5020 quam
643 4948 886 5018 scriptum
911 4953 984 5000 est
1008 4961 1138 5000 unus
1169 4960 1259 5014 pro
1283 4944 1440 4999 altero
1465 4945 1672 5016 inﬂetur
1703 4947 1942 5002 adversus
1970 4948 2048 5002 al-

461 5050 644 5095 terum.
687 5037 811 5104 Quis
839 5036 972 5092 enim
997 5045 1043 5090 te
1066 5034 1341 5090 discernit?
1382 5035 1520 5104 Quid
1553 5047 1718 5092 autem
1739 5038 1892 5092 habes
1913 5039 2049 5110 quod

461 5148 563 5186 non
614 5129 896 5201 accepisti?
935 5129 996 5184 Si
1037 5139 1206 5182 autem
1246 5135 1292 5183 et
1328 5129 1599 5200 accepisti,
1649 5129 1774 5200 quid
1813 5131 2050 5202 gloriaris

461 5222 608 5293 quasi
634 5237 736 5275 non
763 5219 1013 5292 acceperis
1041 5217 1151 5293 (Id.
1175 5235 1248 5284 tv,
1276 5219 1332 5287 6,
1359 5219 1455 5292 7)?

541 5314 625 5370 to.
669 5312 726 5368 In
759 5312 860 5369 hac
887 5311 1127 5382 Apostoli
1153 5311 1552 5368 evidentissima
1581 5311 1908 5382 intentione,
1948 5330 2051 5388 qua

465 5415 650 5459 contra
673 5404 962 5460 humanam
981 5402 1287 5474 superbiam
1315 5403 1546 5475 loquitur
1561 5445 1576 5468 ,
1606 5419 1675 5460 ne
1697 5406 1972 5478 quisquam
1997 5407 2050 5462 in

468 5495 716 5563 homine,
742 5496 840 5552 sed
866 5497 919 5552 in
947 5496 1172 5552 Domino
1196 5496 1482 5568 glorietur,
1507 5496 1646 5554 dona
1667 5498 1759 5554 Dei
1791 5500 2053 5556 naturalia

473 5587 728 5662 suspicari
753 5630 768 5656 ,
814 5589 929 5646 sive
973 5591 1142 5661 ipsam
1167 5597 1330 5645 totam
1358 5586 1758 5664 perfectamque
1784 5601 2050 5662 naturam,

472 5680 649 5750 qualis
690 5679 742 5733 in
772 5680 944 5752 prima
983 5680 1286 5738 conditione
1317 5680 1509 5738 donata
1539 5690 1660 5754 est,
1713 5685 1826 5742 sive
1854 5685 2054 5755 ﬁliam

539 5793 556 5824 ⁸
583 5792 656 5840 Sic
677 5797 782 5841 διες.
802 5789 939 5846 Edlti,
966 5797 1107 5842 Deus.

1585 5823 1637 5850 ’θλ
1679 5839 1685 5850 ι

1675 331 1730 388 S.
1773 323 2136 386 AUGUSTINI
2175 323 2480 384 EPISCOPI

3611 333 3716 390 938

2133 447 2338 494 natura:
2365 440 2781 512 qualescumque
2809 441 3079 513 reliquias,
3111 443 3289 508 nimis,
3317 453 3572 516 quantum
3602 449 3712 500 exi-

2128 529 2319 597 stimo,
2365 530 2654 586 absurdum
2685 541 2787 586 est.
2827 531 3096 602 Numquid
3127 533 3271 588 enim
3301 548 3396 602 per
3429 533 3544 589 hare
3576 533 3718 589 dona

2129 636 2248 690 quae
2276 621 2524 677 omnibus
2542 624 2844 678 communia
2869 633 2994 678 sunt
3031 621 3339 680 hominibus
3361 663 3380 692 ,-
3404 625 3718 682 discernun-

2133 718 2220 765 tur
2264 710 2509 768 homines
2536 713 2605 767 ab
2654 711 2996 769 hominibus?
3037 714 3134 770 llic
3167 725 3350 770 autem
3382 719 3520 785 prius
3545 717 3718 782 dixit,

2135 799 2261 864 Quis
2284 803 2415 855 enim
2439 811 2485 855 te
2511 802 2794 858 discemit.’
2829 812 2885 859 et
2907 803 3101 860 deinde
3124 805 3362 872 addidit,
3395 805 3528 873 Quid
3552 820 3718 860 autem

2132 891 2282 946 habes
2314 892 2451 965 quod
2475 909 2574 947 non
2599 895 2888 964 accepisti?
2915 895 3104 950 Posset
3137 895 3332 967 quippe
3356 896 3537 952 dicere
3562 898 3720 952 homo

2132 980 2346 1036 inﬂatus
2370 981 2642 1037 adversus
2679 984 2910 1039 alterum
2935 1025 2950 1049 ,
3005 984 3266 1041 Discernit
3293 1001 3380 1041 me
3421 986 3552 1040 lides
3579 1003 3724 1056 mea,

2126 1072 2334 1144 justitia
2370 1088 2487 1128 mea
2513 1113 2528 1138 ,
2561 1075 2642 1128 vel
2681 1075 2726 1130 si
2765 1075 2892 1145 quid
2924 1075 3091 1130 aliud.
3139 1075 3358 1130 Talibus
3387 1077 3404 1108 ί
3435 1092 3725 1131 occurrens

2133 1163 2542 1233 cogitationibus
2579 1165 2753 1220 bonus
2780 1165 2969 1220 doctor
2988 1207 3002 1231 ,
3055 1166 3192 1232 Quid
3213 1177 3381 1220 autem
3409 1167 3558 1222 habes
3581 1210 3598 1233 ,
3640 1170 3728 1223 in-

2133 1254 2279 1326 quit,
2307 1253 2444 1318 quod
2480 1271 2580 1308 ιιοιι
2607 1255 2892 1326 accepisti?
2932 1259 2974 1310 A
3005 1272 3112 1327 quo
3137 1297 3151 1319 ,
3197 1257 3298 1311 nisi
3335 1257 3404 1311 ab
3442 1258 3530 1310 illo
3553 1259 3645 1327 qui
3673 1269 3730 1313 te

2136 1344 2395 1399 discernit
2419 1344 2487 1398 ab
2515 1345 2621 1400 alio
2645 1387 2660 1407 .
2689 1345 2777 1400 cui
2803 1361 2908 1401 non
2939 1345 3157 1400 donavit
3183 1346 3328 1416 quod
3349 1347 3566 1401 donavit
3594 1348 3728 1402 tibi?

2137 1434 2197 1490 Si
2227 1445 2396 1489 autem
2416 1445 2461 1489 et
2480 1437 2716 1506 accepisti
2735 1478 2750 1504 ,
2780 1437 2854 1490 ait
2872 1479 2886 1504 ,
2933 1437 3056 1506 quid
3081 1438 3319 1508 gloriaris
3344 1438 3490 1507 quasi
3513 1455 3614 1491 non
3640 1455 3729 1490 ae-

2134 1526 2326 1595 csperis
2346 1527 2372 1580 ?
2418 1525 2592 1590 Num,
2616 1541 2800 1597 quarso
2819 1569 2834 1593 ,
2866 1529 2976 1597 agit
3006 1528 3180 1594 aliud,
3213 1527 3315 1582 nisi
3347 1529 3512 1598 utqui
3539 1529 3728 1598 gloriae

2137 1626 2260 1684 tur,
2305 1616 2356 1671 in
2393 1615 2617 1676 Domino
2645 1619 2943 1688 glorietur?
2985 1619 3126 1674 Nihil
3165 1629 3342 1674 autem
3383 1619 3505 1675 huic
3539 1620 3722 1674 sensui

2137 1719 2244 1766 tam
2271 1710 2598 1766 contrarium
2621 1719 2704 1766 est
2729 1754 2743 1777 ,
2775 1727 2935 1782 quam
2962 1711 3031 1768 de
3059 1711 3170 1767 suis
3197 1711 3402 1767 meritis
3438 1713 3517 1766 sic
3542 1727 3731 1781 quem-

2137 1814 2296 1870 quam
2345 1801 2598 1872 gloriari,
2647 1811 2896 1872 tanquam
2951 1802 3067 1873 ipse
3104 1802 3205 1857 sibi
3249 1819 3311 1858 ea
3352 1801 3572 1868 iecerit,
3615 1819 3724 1858 non

2138 1892 2310 1962 gratia
2357 1891 2451 1947 Dei
2483 1908 2496 1945 :
2524 1891 2621 1947 sed
2661 1893 2829 1963 gratia
2859 1909 2980 1964 quas
3009 1893 3180 1948 bonos
3209 1893 3465 1948 discernit
3491 1911 3518 1946 a
3548 1896 3722 1959 malis,

2140 1999 2246 2036 non
2275 1999 2396 2052 quae
2423 1985 2724 2038 communis
2761 1995 2845 2040 est
2881 1984 3039 2041 bonis
3064 1993 3121 2040 et
3144 1985 3316 2040 malis.
3347 1985 3430 2040 Sit
3456 2000 3584 2055 ergo
3607 2000 3727 2056 gia-

2142 2075 2214 2128 tia
2237 2083 2440 2129 natura:
2460 2074 2735 2142 attributa,
2759 2091 2862 2147 qua
2889 2091 3074 2132 sumus
3101 2077 3394 2132 animantia
3424 2078 3722 2145 rationalia,

2138 2163 2600 2236 discernimurque
2626 2181 2656 2220 a
2690 2167 3004 2238 pecoribus;
3035 2169 3106 2224 sit
3135 2170 3297 2224 etiam
3321 2169 3489 2240 gratia
3513 2179 3718 2226 natura:

2139 2255 2392 2310 attributa
2417 2295 2432 2322 ,
2475 2271 2577 2325 qua
2608 2257 2661 2312 in
2705 2257 2838 2327 ipsis
2877 2257 3181 2315 hominibus
3202 2275 3232 2314 a
3252 2258 3584 2316 deformibus
3609 2262 3727 2331 pul-

2139 2345 2256 2402 chri
2281 2385 2297 2413 ,
2342 2347 2426 2402 vel
2462 2347 2724 2418 ingeniosi
2751 2349 3132 2407 discernuntur
3151 2368 3184 2408 a
3211 2352 3377 2408 tardis
3395 2395 3410 2418 ,
3439 2369 3502 2408 ac
3529 2355 3574 2408 si
3599 2355 3724 2426 quid

2139 2437 2402 2508 ejusmodi
2429 2445 2512 2494 est
2542 2457 2556 2494 :
2586 2440 2680 2497 scd
2706 2457 2810 2498 non
2847 2458 2909 2499 se
2937 2444 3054 2510 ille,
3088 2462 3246 2516 quem
3275 2449 3556 2504 coercebat
3583 2454 3725 2518 Apo-

2139 2530 2341 2598 stolus,
2369 2531 2630 2588 adversus
2657 2549 2820 2604 pecus
2846 2535 3063 2592 inﬂabat
3081 2578 3096 2604 ,
3134 2553 3233 2593 nec
3261 2539 3516 2595 adversus
3551 2541 3726 2596 homi-

2141 2633 2266 2674 nem
2308 2620 2534 2677 alterum
2564 2622 2634 2680 de
2659 2624 2840 2696 aliquo
2866 2627 3095 2682 naturali
3125 2643 3352 2684 munere
3379 2629 3516 2700 quod
3543 2631 3725 2688 inesse

2142 2719 2325 2780 posset
2346 2719 2405 2769 et
2431 2713 2700 2781 pessimo;
2741 2713 2834 2770 sed
2858 2715 3069 2786 aliquod
3101 2719 3296 2774 bonum
3319 2721 3460 2790 quod
3490 2723 3726 2791 pertine-

2140 2809 2222 2854 ret
2248 2799 2316 2854 ad
2341 2801 2503 2857 vitam
2529 2803 2748 2872 bonam,
2776 2806 2878 2862 sibi
2903 2823 3010 2862 non
3031 2807 3142 2864 Deo
3165 2809 3406 2866 tribuens
3425 2811 3723 2876 inllabatur.

2137 2891 2354 2960 quando
2381 2893 2568 2949 audire
2595 2897 2821 2962 meruit,
2864 2897 2989 2964 Quis
3024 2899 3158 2954 enim
3195 2910 3244 2955 te
3273 2901 3551 2958 discernit?
3592 2905 3728 2972 Quid

2141 2991 2311 3037 autem
2334 2983 2486 3039 habes
2514 2987 2650 3055 quod
2684 3005 2787 3043 non
2809 2991 3091 3060 accepisti?
3136 2991 3202 3049 Ut
3230 2994 3373 3048 enim
3403 2995 3472 3049 sit
3502 3009 3724 3065 naturae.

2142 3073 2304 3128 ﬁdem
2337 3090 2494 3144 posse
2535 3076 2765 3146 habere;
2804 3083 3059 3153 numquid
3093 3095 3148 3138 ct
3180 3085 3412 3140 habere?
3449 3086 3570 3142 Non
3595 3092 3726 3144 enim

2141 3166 2368 3220 omnium
2393 3177 2464 3222 est
2491 3168 2618 3238 ﬁdes
2657 3170 2721 3240 (ll
2751 3169 2929 3227 Thess.
2961 3189 3015 3228 Ill
3035 3216 3050 3240 ,
3081 3174 3178 3244 2);
3223 3191 3342 3230 cum
3386 3177 3542 3233 ﬁdem
3572 3195 3727 3249 posse

2145 3253 2346 3312 habere
2366 3258 2438 3312 sit
2458 3261 2716 3314 omnium.
2758 3261 2878 3316 Non
2914 3274 3092 3320 autem
3130 3263 3206 3320 tiit
3233 3269 3551 3337 Apostolus,
3591 3271 3725 3338 Quid

2141 3359 2320 3404 autem
2351 3358 2502 3420 potes
2544 3351 2741 3408 habere
2761 3395 2777 3420 ,
2806 3355 2950 3426 quod
2988 3373 3096 3414 non
3133 3363 3419 3431 acccepisti
3448 3372 3505 3418 ut
3543 3380 3728 3433 posses

2143 3437 2340 3494 habere
2363 3456 2378 3506 ;
2411 3440 2506 3496 sed
2539 3441 2632 3508 ait,
2661 3442 2796 3506 Quid
2817 3455 2986 3501 autem
3003 3449 3154 3504 habes
3175 3452 3311 3520 quod
3338 3469 3438 3506 non
3457 3456 3726 3525 accepisti?

2143 3529 2376 3587 Proinde
2405 3547 2566 3602 posse
2585 3533 2784 3592 habere
2809 3535 2966 3592 lldcm
2992 3577 3010 3604 ,
3037 3539 3176 3594 sicut
3201 3555 3357 3610 posse
3378 3541 3574 3599 habere
3596 3545 3724 3600 cha-

2141 3623 2386 3691 ritatem,
2429 3636 2633 3682 natura:
2657 3637 2741 3684 est
2782 3627 3055 3686 hominum
3085 3648 3100 3686 :
3127 3631 3329 3694 habere
3357 3647 3535 3690 autem
3566 3636 3718 3692 lide

2141 3716 2589 3786 quemadmodum
2637 3718 2836 3775 habere
2863 3719 3215 3788 charitatem,
3263 3726 3450 3795 gratia:
3487 3737 3569 3782 est
3599 3726 3728 3782 lide-

2143 3804 2271 3860 lium
2307 3804 2404 3877 (a).
2454 3805 2550 3863 Illa
2595 3807 2774 3880 itaque
2811 3821 3034 3879 natura,
3077 3814 3131 3867 in
3172 3827 3276 3884 qua
3320 3815 3478 3871 nobis
3503 3815 3618 3871 data
3643 3831 3725 3872 est

2143 3896 2470 3966 possibilitas
2507 3897 2739 3956 habendi
2783 3899 2978 3969 tidem,
3011 3917 3118 3958 non
3146 3904 3400 3960 discernit
3421 3906 3490 3962 ab
3517 3907 3725 3964 homine

2145 3985 2416 4043 hominem
2451 4007 2466 4044 :
2499 3989 2611 4060 ipsa
2639 4005 2766 4048 vero
2814 3991 2945 4049 lldes
2973 3993 3232 4051 discernit
3263 3997 3332 4052 ab
3373 3999 3576 4054 inﬁdeli
3603 4001 3719 4056 tide-

2145 4078 2272 4134 lem.
2300 4079 2378 4134 Ac
2413 4096 2509 4152 per
2540 4069 2664 4150 hoc,
2699 4082 2788 4138 ubi
2815 4083 3038 4151 dicitur,
3071 4086 3197 4154 Quis
3225 4089 3358 4142 enim
3385 4098 3433 4144 te
3455 4090 3729 4144 discernit!

2149 4167 2288 4235 Quid
2311 4177 2480 4223 autem
2517 4170 2670 4226 habes
2694 4173 2830 4244 quod
2857 4190 2958 4229 non
2981 4175 3263 4248 accepisti?
3304 4179 3542 4250 quisquis
3569 4180 3731 4237 audet

2145 4258 2326 4315 dicere
2345 4301 2361 4326 ,
2393 4260 2576 4317 Habeo
2602 4278 2668 4317 ex
2708 4279 2794 4319 me
2820 4264 2937 4334 ipso
2975 4263 3134 4322 [idem
3157 4307 3172 4332 ,
3222 4283 3328 4324 non
3358 4285 3484 4340 ergo
3508 4273 3728 4342 accepi;

2145 4351 2390 4422 profecto
2429 4353 2744 4409 contradicit
2781 4354 2907 4411 huic
2945 4357 3298 4427 apertissima:
3341 4361 3548 4416 veritati
3580 4379 3595 4416 :
3625 4380 3732 4420 non

2145 4443 2268 4513 quia
2311 4442 2534 4498 credere
2582 4445 2666 4499 vel
2711 4461 2817 4500 non
2866 4447 3088 4504 credere
3133 4465 3239 4506 non
3284 4458 3367 4506 est
3413 4451 3465 4506 in
3509 4452 3734 4508 arbitrio

2147 4536 2432 4590 voluntatis
2459 4535 2735 4602 humanm,
2775 4537 2870 4594 sed
2899 4541 2950 4593 in
2976 4540 3165 4596 electis
3189 4553 3516 4612 prmparatur
3543 4546 3734 4599 volun-

2147 4635 2231 4682 tas
2257 4641 2286 4679 a
2310 4627 2534 4680 Domino
2565 4626 2744 4698 (Prov.
2781 4645 2874 4685 vnt
2893 4671 2909 4697 ,
2941 4647 3046 4686 sec.
3071 4631 3260 4705 LXX).
3311 4633 3436 4689 Ideo
3466 4635 3532 4690 ad
3565 4636 3734 4708 ipsam

2148 4732 2361 4788 quoque
2386 4717 2544 4772 [idem
2569 4759 2585 4782 ,
2624 4733 2743 4788 qua:
2772 4720 2824 4774 in
2853 4721 3126 4778 voluntate
3154 4733 3268 4791 est,
3301 4726 3566 4793 pertinet,
3609 4725 3738 4788 Quis

2149 4809 2282 4864 enim
2319 4818 2366 4864 te
2411 4809 2697 4865 discernit!
2743 4809 2879 4877 Quid
2923 4823 3092 4868 autem
3142 4813 3294 4869 habes
3331 4814 3468 4886 quod
3507 4831 3606 4870 non
3643 4833 3738 4872 ac-

2151 4900 2326 4970 cepisti
2342 4899 2370 4952 .’
2399 4964 2407 4971 η

2221 4991 2448 5047 CAPUT
2481 4990 2565 5046 Vl.
2592 5021 2666 5033 —-
2707 4993 2793 5048 ll.
2827 5011 2848 5046 ι
2883 4992 3026 5050 Multi
3067 4995 3309 5068 audiunt
3335 4997 3556 5054 verbum
3592 4998 3739 5053 veri—

2153 5082 2277 5137 latis
2308 5099 2324 5138 :
2355 5082 2449 5138 sed
2471 5083 2558 5137 alii
2585 5083 2828 5151 credunt,
2859 5085 2948 5140 alii
2969 5087 3359 5143 contradicunt.
3393 5087 3587 5144 Volunt
3611 5104 3739 5160 ergo

2153 5173 2243 5228 isti
2278 5172 2535 5240 credere,
2585 5175 2768 5230 nolunt
2796 5184 2971 5231 autem
3001 5176 3096 5230 illi.
3137 5177 3311 5245 sQuis
3351 5180 3453 5234 hoc
3496 5180 3744 5250 ignoret?

2153 5265 2274 5336 quis
2302 5263 2403 5319 hoc
2427 5263 2622 5335 neget?
2651 5264 2757 5322 Sed
2785 5282 2906 5322 cum
2937 5267 3057 5322 aliis
3084 5277 3442 5339 praeparetur,
3487 5271 3605 5326 aliis
3631 5287 3741 5326 non

2154 5365 2485 5428 przeparetur
2532 5357 2774 5414 voluntas
2809 5373 2839 5412 a
2879 5357 3140 5427 Domino;
3193 5360 3606 5419 discernendum
3657 5371 3744 5419 es'

2609 5489 2854 5552 Qualibus.

2218 5552 2304 5617 (α)
2325 5551 2438 5601 tnde
2471 5551 2738 5603 Beniardus
2759 5555 2809 5603 in
2829 5552 2955 5617 libro
2973 5553 3039 5606 de
3051 5556 3216 5617 pratia
3240 5562 3293 5606 et
3325 5558 3494 5608 Libero
3515 5557 3742 5616 Arbitrio,

2155 5613 2261 5677 cap.
2273 5613 2310 5662 't
2331 5629 2344 5662 :
2369 5632 2392 5660 ι
2405 5620 2534 5664 Deus
2555 5621 2720 5677 auctor
2743 5623 2822 5677 est
2840 5613 3027 5676 salutis,
3049 5615 3258 5667 liberum
3280 5619 3527 5668 arbitrium
3555 5613 3744 5668 tantum}

2163 5693 2188 5723 ι
2208 5674 2377 5738 (plus.
2401 5692 2424 5720 ι
2451 5678 2639 5738 Confer.
2674 5674 2761 5725 lib.
2786 5675 2817 5726 3
2837 5677 2902 5728 de
2925 5674 3177 5728 Vocatione
3207 5681 3446 5737 Gentium,
3468 5691 3571 5738 cap.
3597 5677 3646 5738 2,
3689 5687 3744 5728 et

2156 5734 2486 5800 augentium,
2525 5735 2610 5786 lib.
2640 5737 3076 5800 Adeilncarnatione
3101 5748 3152 5792 et
3179 5741 3334 5792 tit-stin
3370 5734 3548 5792 Domini
3587 5734 3740 5790 nostri

2156 5798 2272 5846 Jove
2295 5798 2480 5860 Christi,
2503 5812 2605 5862 cap.
2632 5798 2789 5852 22-24.

2221 5491 2240 5524 ί
2263 5497 2443 5552 Omnes
2459 5496 2590 5552 κει,
