  <div class='ocr_page' id='page_1' title='image "/cluster/home/n/w/nwhite01/storage/ocr_20150623/44/hvd.32044069687945/490.png"; bbox 0 0 3972 6178; ppageno 0'>
   <div class='ocr_carea' id='block_1_1' title="bbox 267 400 367 458">
    <p class='ocr_par' dir='ltr' id='par_1_1' title="bbox 267 400 367 458">
     <span class='ocr_line' id='line_1_1' title="bbox 267 400 367 458; baseline 0 0"><span class='ocrx_word' id='word_1_1' title='bbox 267 400 367 458; x_wconf 76' lang='lat'><strong><em>939</em></strong></span> 
     </span>
    </p>
   </div>
   <div class='ocr_carea' id='block_1_2' title="bbox 263 502 1845 583">
    <p class='ocr_par' dir='ltr' id='par_1_2' title="bbox 263 502 1845 583">
     <span class='ocr_line' id='line_1_2' title="bbox 263 502 1845 583; baseline -0.006 -14"><span class='ocrx_word' id='word_1_2' title='bbox 263 517 446 583; x_wconf 89' lang='lat' dir='ltr'><strong><em>utique</em></strong></span> <span class='ocrx_word' id='word_1_3' title='bbox 488 508 615 583; x_wconf 86' lang='lat' dir='ltr'><strong><em>quid</em></strong></span> <span class='ocrx_word' id='word_1_4' title='bbox 662 510 836 567; x_wconf 85' lang='lat' dir='ltr'><strong><em>veniat</em></strong></span> <span class='ocrx_word' id='word_1_5' title='bbox 868 511 883 539; x_wconf 78' lang='grc'><strong>⁸</strong></span> <span class='ocrx_word' id='word_1_6' title='bbox 913 507 981 562; x_wconf 88' lang='lat' dir='ltr'><strong><em>de</em></strong></span> <span class='ocrx_word' id='word_1_7' title='bbox 1021 506 1384 583; x_wconf 79' lang='lat' dir='ltr'><strong><em>misericordia</em></strong></span> <span class='ocrx_word' id='word_1_8' title='bbox 1421 502 1570 575; x_wconf 82' lang='lat' dir='ltr'><strong><em>ejus,</em></strong></span> <span class='ocrx_word' id='word_1_9' title='bbox 1622 503 1748 574; x_wconf 89' lang='lat' dir='ltr'><strong><em>quid</em></strong></span> <span class='ocrx_word' id='word_1_10' title='bbox 1778 504 1845 559; x_wconf 87' lang='lat' dir='ltr'><strong><em>de</em></strong></span> 
     </span>
    </p>
   </div>
   <div class='ocr_carea' id='block_1_3' title="bbox 260 595 1847 678">
    <p class='ocr_par' dir='ltr' id='par_1_3' title="bbox 260 595 1847 678">
     <span class='ocr_line' id='line_1_3' title="bbox 260 595 1847 678; baseline -0.007 -20"><span class='ocrx_word' id='word_1_11' title='bbox 260 605 475 678; x_wconf 85' lang='lat' dir='ltr'><strong><em>judicio.</em></strong></span> <span class='ocrx_word' id='word_1_12' title='bbox 509 602 659 669; x_wconf 83' lang='lat' dir='ltr'><strong><em>Quod</em></strong></span> <span class='ocrx_word' id='word_1_13' title='bbox 685 600 935 671; x_wconf 79' lang='lat' dir='ltr'><strong><em>quwrebat</em></strong></span> <span class='ocrx_word' id='word_1_14' title='bbox 964 597 1145 662; x_wconf 82' lang='lat' dir='ltr'><strong><em>Israel,</em></strong></span> <span class='ocrx_word' id='word_1_15' title='bbox 1174 598 1247 652; x_wconf 92' lang='lat' dir='ltr'><strong><em>ait</em></strong></span> <span class='ocrx_word' id='word_1_16' title='bbox 1275 596 1581 666; x_wconf 79' lang='lat' dir='ltr'><strong><em>Apostolus,</em></strong></span> <span class='ocrx_word' id='word_1_17' title='bbox 1627 595 1720 648; x_wconf 82' lang='lat' dir='ltr'><strong><em>hoc</em></strong></span> <span class='ocrx_word' id='word_1_18' title='bbox 1746 609 1847 647; x_wconf 91' lang='lat' dir='ltr'><strong><em>non</em></strong></span> 
     </span>
    </p>
   </div>
   <div class='ocr_carea' id='block_1_4' title="bbox 260 685 1843 751">
    <p class='ocr_par' dir='ltr' id='par_1_4' title="bbox 260 685 1843 751">
     <span class='ocr_line' id='line_1_4' title="bbox 260 685 1843 751; baseline -0.008 -1"><span class='ocrx_word' id='word_1_19' title='bbox 260 707 332 751; x_wconf 68' lang='grc' dir='ltr'><strong><em>σει</em></strong></span> <span class='ocrx_word' id='word_1_20' title='bbox 358 703 650 749; x_wconf 70' lang='grc' dir='ltr'><strong><em>σοηδσσιιωε</em></strong></span> <span class='ocrx_word' id='word_1_21' title='bbox 677 710 695 749; x_wconf 85' lang='lat'><strong><em>.&#39;</em></strong></span> <span class='ocrx_word' id='word_1_22' title='bbox 720 694 893 748; x_wconf 91' lang='lat' dir='ltr'><strong><em>electio</em></strong></span> <span class='ocrx_word' id='word_1_23' title='bbox 910 701 1077 745; x_wconf 88' lang='lat' dir='ltr'><strong><em>autem</em></strong></span> <span class='ocrx_word' id='word_1_24' title='bbox 1108 700 1374 744; x_wconf 79' lang='lat' dir='ltr'><strong><em>consecuta</em></strong></span> <span class='ocrx_word' id='word_1_25' title='bbox 1404 698 1475 742; x_wconf 87' lang='lat' dir='ltr'><strong><em>est</em></strong></span> <span class='ocrx_word' id='word_1_26' title='bbox 1500 704 1518 740; x_wconf 83' lang='lat'><strong><em>.&#39;</em></strong></span> <span class='ocrx_word' id='word_1_27' title='bbox 1542 685 1711 741; x_wconf 65' lang='lat' dir='ltr'><strong><em>caeteri</em></strong></span> <span class='ocrx_word' id='word_1_28' title='bbox 1728 702 1843 740; x_wconf 80' lang='lat' dir='ltr'><strong><em>vero</em></strong></span> 
     </span>
    </p>
   </div>
   <div class='ocr_carea' id='block_1_5' title="bbox 258 776 1850 853">
    <p class='ocr_par' dir='ltr' id='par_1_5' title="bbox 258 776 1850 853">
     <span class='ocr_line' id='line_1_5' title="bbox 258 776 1850 853; baseline -0.006 -13"><span class='ocrx_word' id='word_1_29' title='bbox 258 788 496 842; x_wconf 65' lang='grc' dir='ltr'><em>συσσωσαιί</em></span> <span class='ocrx_word' id='word_1_30' title='bbox 515 794 630 840; x_wconf 89' lang='lat' dir='ltr'><strong><em>sunt</em></strong></span> <span class='ocrx_word' id='word_1_31' title='bbox 650 827 665 852; x_wconf 95' lang='lat'><strong><em>,</em></strong></span> <span class='ocrx_word' id='word_1_32' title='bbox 709 784 837 839; x_wconf 86' lang='lat' dir='ltr'><strong><em>sicut</em></strong></span> <span class='ocrx_word' id='word_1_33' title='bbox 861 783 1102 853; x_wconf 84' lang='lat' dir='ltr'><strong><em>scriptum</em></strong></span> <span class='ocrx_word' id='word_1_34' title='bbox 1125 790 1226 846; x_wconf 90' lang='lat' dir='ltr'><strong><em>est,</em></strong></span> <span class='ocrx_word' id='word_1_35' title='bbox 1260 779 1410 834; x_wconf 73' lang='lat' dir='ltr'><strong><em>Dedit</em></strong></span> <span class='ocrx_word' id='word_1_36' title='bbox 1434 779 1538 832; x_wconf 88' lang='lat' dir='ltr'><strong><em>illis</em></strong></span> <span class='ocrx_word' id='word_1_37' title='bbox 1572 776 1708 832; x_wconf 89' lang='lat' dir='ltr'><strong><em>Deus</em></strong></span> <span class='ocrx_word' id='word_1_38' title='bbox 1741 778 1850 847; x_wconf 86' lang='lat' dir='ltr'><strong><em>spi-</em></strong></span> 
     </span>
    </p>
   </div>
   <div class='ocr_carea' id='block_1_6' title="bbox 261 869 1847 947">
    <p class='ocr_par' dir='ltr' id='par_1_6' title="bbox 261 869 1847 947">
     <span class='ocr_line' id='line_1_6' title="bbox 261 869 1847 947; baseline -0.006 -17"><span class='ocrx_word' id='word_1_39' title='bbox 261 878 413 930; x_wconf 87' lang='lat' dir='ltr'><strong><em>ritum</em></strong></span> <span class='ocrx_word' id='word_1_40' title='bbox 442 876 874 947; x_wconf 85' lang='lat' dir='ltr'><strong><em>compunctionis,</em></strong></span> <span class='ocrx_word' id='word_1_41' title='bbox 919 873 1092 928; x_wconf 89' lang='lat' dir='ltr'><strong><em>oculos</em></strong></span> <span class='ocrx_word' id='word_1_42' title='bbox 1122 882 1177 926; x_wconf 91' lang='lat' dir='ltr'><strong><em>ut</em></strong></span> <span class='ocrx_word' id='word_1_43' title='bbox 1215 888 1314 925; x_wconf 88' lang='lat' dir='ltr'><strong><em>non</em></strong></span> <span class='ocrx_word' id='word_1_44' title='bbox 1339 869 1574 936; x_wconf 78' lang='lat' dir='ltr'><strong><em>uideant,</em></strong></span> <span class='ocrx_word' id='word_1_45' title='bbox 1616 878 1661 922; x_wconf 89' lang='lat' dir='ltr'><strong><em>et</em></strong></span> <span class='ocrx_word' id='word_1_46' title='bbox 1698 884 1847 922; x_wconf 89' lang='lat' dir='ltr'><strong><em>aures</em></strong></span> 
     </span>
    </p>
   </div>
   <div class='ocr_carea' id='block_1_7' title="bbox 261 956 1848 1035">
    <p class='ocr_par' dir='ltr' id='par_1_7' title="bbox 261 956 1848 1035">
     <span class='ocr_line' id='line_1_7' title="bbox 261 956 1848 1035; baseline -0.007 -14"><span class='ocrx_word' id='word_1_47' title='bbox 261 978 315 1021; x_wconf 90' lang='lat' dir='ltr'><strong><em>ut</em></strong></span> <span class='ocrx_word' id='word_1_48' title='bbox 343 984 443 1022; x_wconf 88' lang='lat' dir='ltr'><strong><em>non</em></strong></span> <span class='ocrx_word' id='word_1_49' title='bbox 480 967 710 1031; x_wconf 82' lang='lat' dir='ltr'><strong><em>audiant,</em></strong></span> <span class='ocrx_word' id='word_1_50' title='bbox 750 981 907 1035; x_wconf 86' lang='lat' dir='ltr'><strong><em>usque</em></strong></span> <span class='ocrx_word' id='word_1_51' title='bbox 942 966 995 1018; x_wconf 82' lang='lat' dir='ltr'><strong><em>in</em></strong></span> <span class='ocrx_word' id='word_1_52' title='bbox 1036 964 1335 1017; x_wconf 84' lang='lat' dir='ltr'><strong><em>hodiernum</em></strong></span> <span class='ocrx_word' id='word_1_53' title='bbox 1373 960 1525 1013; x_wconf 88' lang='lat' dir='ltr'><strong><em>diem.</em></strong></span> <span class='ocrx_word' id='word_1_54' title='bbox 1578 957 1645 1013; x_wconf 86' lang='lat' dir='ltr'><strong><em>Et</em></strong></span> <span class='ocrx_word' id='word_1_55' title='bbox 1680 956 1848 1011; x_wconf 88' lang='lat' dir='ltr'><strong><em>David</em></strong></span> 
     </span>
    </p>
   </div>
   <div class='ocr_carea' id='block_1_8' title="bbox 265 1050 1848 1139">
    <p class='ocr_par' dir='ltr' id='par_1_8' title="bbox 265 1050 1848 1139">
     <span class='ocr_line' id='line_1_8' title="bbox 265 1050 1848 1139; baseline -0.008 -25"><span class='ocrx_word' id='word_1_56' title='bbox 265 1063 419 1128; x_wconf 90' lang='lat' dir='ltr'><strong><em>dicit,</em></strong></span> <span class='ocrx_word' id='word_1_57' title='bbox 449 1059 572 1115; x_wconf 83' lang='lat' dir='ltr'><strong><em>Fiat</em></strong></span> <span class='ocrx_word' id='word_1_58' title='bbox 593 1077 765 1139; x_wconf 67' lang='lat' dir='ltr'><strong><em>mens_a</em></strong></span> <span class='ocrx_word' id='word_1_59' title='bbox 785 1076 955 1113; x_wconf 89' lang='lat' dir='ltr'><strong><em>eorum</em></strong></span> <span class='ocrx_word' id='word_1_60' title='bbox 975 1057 1029 1111; x_wconf 90' lang='lat' dir='ltr'><strong><em>in</em></strong></span> <span class='ocrx_word' id='word_1_61' title='bbox 1054 1057 1286 1128; x_wconf 85' lang='lat' dir='ltr'><strong><em>laqueum</em></strong></span> <span class='ocrx_word' id='word_1_62' title='bbox 1311 1064 1358 1110; x_wconf 90' lang='lat' dir='ltr'><strong><em>et</em></strong></span> <span class='ocrx_word' id='word_1_63' title='bbox 1384 1056 1438 1107; x_wconf 89' lang='lat' dir='ltr'><strong><em>in</em></strong></span> <span class='ocrx_word' id='word_1_64' title='bbox 1474 1050 1848 1107; x_wconf 91' lang='lat' dir='ltr'><strong><em>retributionem</em></strong></span> 
     </span>
    </p>
   </div>
   <div class='ocr_carea' id='block_1_9' title="bbox 262 1141 1851 1206">
    <p class='ocr_par' dir='ltr' id='par_1_9' title="bbox 262 1141 1851 1206">
     <span class='ocr_line' id='line_1_9' title="bbox 262 1141 1851 1206; baseline -0.006 -2"><span class='ocrx_word' id='word_1_65' title='bbox 262 1162 310 1204; x_wconf 90' lang='lat' dir='ltr'><strong><em>ct</em></strong></span> <span class='ocrx_word' id='word_1_66' title='bbox 334 1154 387 1206; x_wconf 90' lang='lat' dir='ltr'><strong><em>in</em></strong></span> <span class='ocrx_word' id='word_1_67' title='bbox 424 1152 723 1206; x_wconf 72' lang='lat' dir='ltr'><strong><em>scandalum</em></strong></span> <span class='ocrx_word' id='word_1_68' title='bbox 762 1150 865 1204; x_wconf 78' lang='lat' dir='ltr'><strong><em>illis</em></strong></span> <span class='ocrx_word' id='word_1_69' title='bbox 892 1166 911 1203; x_wconf 90' lang='lat'><strong><em>:</em></strong></span> <span class='ocrx_word' id='word_1_70' title='bbox 936 1148 1267 1203; x_wconf 78' lang='lat' dir='ltr'><strong><em>obscurentur</em></strong></span> <span class='ocrx_word' id='word_1_71' title='bbox 1311 1146 1445 1200; x_wconf 90' lang='lat' dir='ltr'><strong><em>oculi</em></strong></span> <span class='ocrx_word' id='word_1_72' title='bbox 1485 1160 1658 1198; x_wconf 90' lang='lat' dir='ltr'><strong><em>eorum</em></strong></span> <span class='ocrx_word' id='word_1_73' title='bbox 1688 1159 1750 1196; x_wconf 89' lang='lat' dir='ltr'><strong><em>ne</em></strong></span> <span class='ocrx_word' id='word_1_74' title='bbox 1776 1141 1851 1195; x_wconf 88' lang='lat' dir='ltr'><strong><em>vi-</em></strong></span> 
     </span>
    </p>
   </div>
   <div class='ocr_carea' id='block_1_10' title="bbox 262 1232 1849 1317">
    <p class='ocr_par' dir='ltr' id='par_1_10' title="bbox 262 1232 1849 1317">
     <span class='ocr_line' id='line_1_10' title="bbox 262 1232 1849 1317; baseline -0.005 -21"><span class='ocrx_word' id='word_1_75' title='bbox 262 1243 446 1309; x_wconf 86' lang='lat' dir='ltr'><strong><em>deant,</em></strong></span> <span class='ocrx_word' id='word_1_76' title='bbox 488 1253 536 1296; x_wconf 90' lang='lat' dir='ltr'><strong><em>et</em></strong></span> <span class='ocrx_word' id='word_1_77' title='bbox 572 1244 779 1297; x_wconf 89' lang='lat' dir='ltr'><strong><em>dorsum</em></strong></span> <span class='ocrx_word' id='word_1_78' title='bbox 804 1256 1196 1317; x_wconf 42' lang='lat' dir='ltr'><strong><em>eorum‘semper</em></strong></span> <span class='ocrx_word' id='word_1_79' title='bbox 1219 1240 1445 1293; x_wconf 81' lang='lat' dir='ltr'><strong><em>incurva.</em></strong></span> <span class='ocrx_word' id='word_1_80' title='bbox 1470 1236 1610 1291; x_wconf 86' lang='lat' dir='ltr'><strong><em>Ecce</em></strong></span> <span class='ocrx_word' id='word_1_81' title='bbox 1639 1232 1849 1289; x_wconf 89' lang='lat' dir='ltr'><strong><em>miseri-</em></strong></span> 
     </span>
    </p>
   </div>
   <div class='ocr_carea' id='block_1_11' title="bbox 261 1325 1851 1403">
    <p class='ocr_par' dir='ltr' id='par_1_11' title="bbox 261 1325 1851 1403">
     <span class='ocr_line' id='line_1_11' title="bbox 261 1325 1851 1403; baseline -0.006 -15"><span class='ocrx_word' id='word_1_82' title='bbox 261 1333 443 1388; x_wconf 78' lang='lat' dir='ltr'><strong><em>cordia</em></strong></span> <span class='ocrx_word' id='word_1_83' title='bbox 470 1346 522 1388; x_wconf 89' lang='lat' dir='ltr'><strong><em>et</em></strong></span> <span class='ocrx_word' id='word_1_84' title='bbox 544 1333 803 1403; x_wconf 84' lang='lat' dir='ltr'><strong><em>judicium</em></strong></span> <span class='ocrx_word' id='word_1_85' title='bbox 840 1349 855 1388; x_wconf 88' lang='lat'><strong>:</strong></span> <span class='ocrx_word' id='word_1_86' title='bbox 885 1328 1250 1386; x_wconf 89' lang='lat' dir='ltr'><strong><em>misericordia</em></strong></span> <span class='ocrx_word' id='word_1_87' title='bbox 1277 1329 1328 1382; x_wconf 93' lang='lat' dir='ltr'><strong><em>in</em></strong></span> <span class='ocrx_word' id='word_1_88' title='bbox 1357 1327 1671 1382; x_wconf 89' lang='lat' dir='ltr'><strong><em>electionem</em></strong></span> <span class='ocrx_word' id='word_1_89' title='bbox 1692 1325 1851 1395; x_wconf 71' lang='lat' dir='ltr'><strong><em>&#39;qua:</em></strong></span> 
     </span>
    </p>
   </div>
   <div class='ocr_carea' id='block_1_12' title="bbox 262 1416 1849 1492">
    <p class='ocr_par' dir='ltr' id='par_1_12' title="bbox 262 1416 1849 1492">
     <span class='ocr_line' id='line_1_12' title="bbox 262 1416 1849 1492; baseline -0.005 -15"><span class='ocrx_word' id='word_1_90' title='bbox 262 1434 549 1479; x_wconf 89' lang='lat' dir='ltr'><strong><em>consecuta</em></strong></span> <span class='ocrx_word' id='word_1_91' title='bbox 577 1431 659 1478; x_wconf 86' lang='lat' dir='ltr'><strong><em>est</em></strong></span> <span class='ocrx_word' id='word_1_92' title='bbox 695 1422 953 1492; x_wconf 85' lang='lat' dir='ltr'><strong><em>justitiam</em></strong></span> <span class='ocrx_word' id='word_1_93' title='bbox 997 1422 1128 1487; x_wconf 86' lang='lat' dir='ltr'><strong><em>Dei;</em></strong></span> <span class='ocrx_word' id='word_1_94' title='bbox 1173 1419 1428 1489; x_wconf 85' lang='lat' dir='ltr'><strong><em>judicium</em></strong></span> <span class='ocrx_word' id='word_1_95' title='bbox 1477 1432 1605 1473; x_wconf 90' lang='lat' dir='ltr'><strong><em>vero</em></strong></span> <span class='ocrx_word' id='word_1_96' title='bbox 1643 1416 1698 1471; x_wconf 92' lang='lat' dir='ltr'><strong><em>in</em></strong></span> <span class='ocrx_word' id='word_1_97' title='bbox 1739 1429 1849 1470; x_wconf 73' lang='lat' dir='ltr'><strong><em>ca:-</em></strong></span> 
     </span>
    </p>
   </div>
   <div class='ocr_carea' id='block_1_13' title="bbox 263 1502 1851 1586">
    <p class='ocr_par' dir='ltr' id='par_1_13' title="bbox 263 1502 1851 1586">
     <span class='ocr_line' id='line_1_13' title="bbox 263 1502 1851 1586; baseline -0.006 -16"><span class='ocrx_word' id='word_1_98' title='bbox 263 1524 408 1570; x_wconf 90' lang='lat' dir='ltr'><strong><em>teros</em></strong></span> <span class='ocrx_word' id='word_1_99' title='bbox 451 1517 539 1586; x_wconf 86' lang='lat' dir='ltr'><strong><em>qui</em></strong></span> <span class='ocrx_word' id='word_1_100' title='bbox 579 1514 831 1571; x_wconf 68' lang='lat' dir='ltr'><strong><em>excaecati</em></strong></span> <span class='ocrx_word' id='word_1_101' title='bbox 878 1524 1046 1570; x_wconf 87' lang='lat' dir='ltr'><strong><em>sunt:</em></strong></span> <span class='ocrx_word' id='word_1_102' title='bbox 1077 1524 1132 1568; x_wconf 91' lang='lat' dir='ltr'><strong><em>et</em></strong></span> <span class='ocrx_word' id='word_1_103' title='bbox 1172 1522 1354 1568; x_wconf 89' lang='lat' dir='ltr'><strong><em>tamen</em></strong></span> <span class='ocrx_word' id='word_1_104' title='bbox 1384 1502 1457 1565; x_wconf 92' lang='lat' dir='ltr'><strong><em>illi</em></strong></span> <span class='ocrx_word' id='word_1_105' title='bbox 1499 1510 1622 1581; x_wconf 88' lang='lat' dir='ltr'><strong><em>quia</em></strong></span> <span class='ocrx_word' id='word_1_106' title='bbox 1669 1506 1851 1562; x_wconf 85' lang='lat' dir='ltr'><strong><em>volue-</em></strong></span> 
     </span>
    </p>
   </div>
   <div class='ocr_carea' id='block_1_14' title="bbox 263 1596 1850 1674">
    <p class='ocr_par' dir='ltr' id='par_1_14' title="bbox 263 1596 1850 1674">
     <span class='ocr_line' id='line_1_14' title="bbox 263 1596 1850 1674; baseline -0.006 -14"><span class='ocrx_word' id='word_1_107' title='bbox 263 1615 388 1660; x_wconf 91' lang='lat' dir='ltr'><strong><em>runt</em></strong></span> <span class='ocrx_word' id='word_1_108' title='bbox 415 1606 470 1670; x_wconf 83' lang='grc'><strong><em>⁸,</em></strong></span> <span class='ocrx_word' id='word_1_109' title='bbox 502 1607 875 1671; x_wconf 86' lang='lat' dir='ltr'><strong><em>crediderunt;</em></strong></span> <span class='ocrx_word' id='word_1_110' title='bbox 909 1604 984 1660; x_wconf 90' lang='lat' dir='ltr'><strong><em>illi</em></strong></span> <span class='ocrx_word' id='word_1_111' title='bbox 1036 1604 1159 1674; x_wconf 87' lang='lat' dir='ltr'><strong><em>quia</em></strong></span> <span class='ocrx_word' id='word_1_112' title='bbox 1190 1604 1473 1657; x_wconf 89' lang='lat' dir='ltr'><strong><em>noluerunt</em></strong></span> <span class='ocrx_word' id='word_1_113' title='bbox 1495 1642 1508 1665; x_wconf 94' lang='lat'><strong><em>,</em></strong></span> <span class='ocrx_word' id='word_1_114' title='bbox 1540 1615 1645 1655; x_wconf 89' lang='lat' dir='ltr'><strong><em>non</em></strong></span> <span class='ocrx_word' id='word_1_115' title='bbox 1672 1596 1850 1655; x_wconf 86' lang='lat' dir='ltr'><strong><em>credi-</em></strong></span> 
     </span>
    </p>
   </div>
   <div class='ocr_carea' id='block_1_15' title="bbox 263 1690 1853 1765">
    <p class='ocr_par' dir='ltr' id='par_1_15' title="bbox 263 1690 1853 1765">
     <span class='ocr_line' id='line_1_15' title="bbox 263 1690 1853 1765; baseline -0.003 -16"><span class='ocrx_word' id='word_1_116' title='bbox 263 1696 475 1750; x_wconf 87' lang='lat' dir='ltr'><strong><em>derunt.</em></strong></span> <span class='ocrx_word' id='word_1_117' title='bbox 522 1696 881 1751; x_wconf 81' lang='lat' dir='ltr'><strong><em>Misericordia</em></strong></span> <span class='ocrx_word' id='word_1_118' title='bbox 922 1695 1081 1765; x_wconf 88' lang='lat' dir='ltr'><strong><em>igitur</em></strong></span> <span class='ocrx_word' id='word_1_119' title='bbox 1124 1701 1179 1749; x_wconf 91' lang='lat' dir='ltr'><strong><em>et</em></strong></span> <span class='ocrx_word' id='word_1_120' title='bbox 1206 1693 1464 1763; x_wconf 86' lang='lat' dir='ltr'><strong><em>judicium</em></strong></span> <span class='ocrx_word' id='word_1_121' title='bbox 1506 1692 1559 1745; x_wconf 93' lang='lat' dir='ltr'><strong><em>in</em></strong></span> <span class='ocrx_word' id='word_1_122' title='bbox 1603 1690 1732 1759; x_wconf 87' lang='lat' dir='ltr'><strong><em>ipsis</em></strong></span> <span class='ocrx_word' id='word_1_123' title='bbox 1757 1703 1853 1744; x_wconf 84' lang='lat' dir='ltr'><strong><em>vo-</em></strong></span> 
     </span>
    </p>
   </div>
   <div class='ocr_carea' id='block_1_16' title="bbox 259 1781 1849 1856">
    <p class='ocr_par' dir='ltr' id='par_1_16' title="bbox 259 1781 1849 1856">
     <span class='ocr_line' id='line_1_16' title="bbox 259 1781 1849 1856; baseline -0.005 -13"><span class='ocrx_word' id='word_1_124' title='bbox 259 1789 555 1844; x_wconf 87' lang='lat' dir='ltr'><strong><em>luntatibus</em></strong></span> <span class='ocrx_word' id='word_1_125' title='bbox 594 1788 729 1842; x_wconf 69' lang='lat' dir='ltr'><strong><em>facta</em></strong></span> <span class='ocrx_word' id='word_1_126' title='bbox 759 1796 902 1841; x_wconf 85' lang='lat' dir='ltr'><strong><em>sunt.</em></strong></span> <span class='ocrx_word' id='word_1_127' title='bbox 936 1786 1143 1841; x_wconf 87' lang='lat' dir='ltr'><strong><em>Electio</em></strong></span> <span class='ocrx_word' id='word_1_128' title='bbox 1171 1785 1367 1856; x_wconf 87' lang='lat' dir='ltr'><strong><em>quippe</em></strong></span> <span class='ocrx_word' id='word_1_129' title='bbox 1397 1784 1498 1838; x_wconf 90' lang='lat' dir='ltr'><strong><em>ista</em></strong></span> <span class='ocrx_word' id='word_1_130' title='bbox 1525 1781 1714 1853; x_wconf 64' lang='lat' dir='ltr'><strong><em>gratiae</em></strong></span> <span class='ocrx_word' id='word_1_131' title='bbox 1744 1790 1849 1846; x_wconf 91' lang='lat' dir='ltr'><strong><em>est,</em></strong></span> 
     </span>
    </p>
   </div>
   <div class='ocr_carea' id='block_1_17' title="bbox 263 1870 1852 1949">
    <p class='ocr_par' dir='ltr' id='par_1_17' title="bbox 263 1870 1852 1949">
     <span class='ocr_line' id='line_1_17' title="bbox 263 1870 1852 1949; baseline -0.004 -16"><span class='ocrx_word' id='word_1_132' title='bbox 263 1894 369 1933; x_wconf 87' lang='lat' dir='ltr'><strong><em>non</em></strong></span> <span class='ocrx_word' id='word_1_133' title='bbox 415 1880 596 1949; x_wconf 87' lang='lat' dir='ltr'><strong><em>utique</em></strong></span> <span class='ocrx_word' id='word_1_134' title='bbox 633 1879 964 1934; x_wconf 88' lang='lat' dir='ltr'><strong><em>meritorum.</em></strong></span> <span class='ocrx_word' id='word_1_135' title='bbox 1010 1877 1269 1947; x_wconf 83' lang='lat' dir='ltr'><strong><em>Superius</em></strong></span> <span class='ocrx_word' id='word_1_136' title='bbox 1303 1875 1446 1932; x_wconf 90' lang='lat' dir='ltr'><strong><em>enim</em></strong></span> <span class='ocrx_word' id='word_1_137' title='bbox 1484 1874 1726 1939; x_wconf 81' lang='lat' dir='ltr'><strong><em>dixerat,</em></strong></span> <span class='ocrx_word' id='word_1_138' title='bbox 1761 1870 1852 1928; x_wconf 85' lang='lat' dir='ltr'><strong><em>Sic</em></strong></span> 
     </span>
    </p>
   </div>
   <div class='ocr_carea' id='block_1_18' title="bbox 263 1964 1853 2041">
    <p class='ocr_par' dir='ltr' id='par_1_18' title="bbox 263 1964 1853 2041">
     <span class='ocr_line' id='line_1_18' title="bbox 263 1964 1853 2041; baseline -0.004 -18"><span class='ocrx_word' id='word_1_139' title='bbox 263 1986 381 2041; x_wconf 85' lang='lat' dir='ltr'><strong><em>ergo</em></strong></span> <span class='ocrx_word' id='word_1_140' title='bbox 407 1980 453 2025; x_wconf 90' lang='lat' dir='ltr'><strong><em>et</em></strong></span> <span class='ocrx_word' id='word_1_141' title='bbox 491 1972 549 2024; x_wconf 73' lang='lat' dir='ltr'><strong><em>in.</em></strong></span> <span class='ocrx_word' id='word_1_142' title='bbox 579 1972 674 2025; x_wconf 85' lang='grc' dir='ltr'><strong><em>Ιιόσ</em></strong></span> <span class='ocrx_word' id='word_1_143' title='bbox 701 1980 955 2041; x_wconf 85' lang='lat' dir='ltr'><strong><em>tempore,</em></strong></span> <span class='ocrx_word' id='word_1_144' title='bbox 986 1968 1214 2037; x_wconf 65' lang='lat' dir='ltr'><strong><em>reliquiae</em></strong></span> <span class='ocrx_word' id='word_1_145' title='bbox 1240 1984 1330 2037; x_wconf 84' lang='lat' dir='ltr'><strong><em>per</em></strong></span> <span class='ocrx_word' id='word_1_146' title='bbox 1354 1964 1648 2021; x_wconf 80' lang='lat' dir='ltr'><strong><em>electionem</em></strong></span> <span class='ocrx_word' id='word_1_147' title='bbox 1673 1965 1853 2037; x_wconf 78' lang='lat' dir='ltr'><strong><em>gratia:</em></strong></span> 
     </span>
    </p>
   </div>
   <div class='ocr_carea' id='block_1_19' title="bbox 264 2055 1854 2131">
    <p class='ocr_par' dir='ltr' id='par_1_19' title="bbox 264 2055 1854 2131">
     <span class='ocr_line' id='line_1_19' title="bbox 264 2055 1854 2131; baseline -0.003 -17"><span class='ocrx_word' id='word_1_148' title='bbox 264 2062 419 2115; x_wconf 80' lang='lat' dir='ltr'><strong><em>salva:</em></strong></span> <span class='ocrx_word' id='word_1_149' title='bbox 448 2064 598 2131; x_wconf 67' lang='lat' dir='ltr'><strong><em>[actin</em></strong></span> <span class='ocrx_word' id='word_1_150' title='bbox 623 2071 761 2116; x_wconf 90' lang='lat' dir='ltr'><strong><em>sunt.</em></strong></span> <span class='ocrx_word' id='word_1_151' title='bbox 794 2060 857 2116; x_wconf 89' lang='lat' dir='ltr'><strong><em>Si</em></strong></span> <span class='ocrx_word' id='word_1_152' title='bbox 885 2069 1052 2114; x_wconf 90' lang='lat' dir='ltr'><strong><em>autem</em></strong></span> <span class='ocrx_word' id='word_1_153' title='bbox 1076 2058 1241 2131; x_wconf 87' lang='lat' dir='ltr'><strong><em>gratia</em></strong></span> <span class='ocrx_word' id='word_1_154' title='bbox 1265 2099 1280 2124; x_wconf 92' lang='lat'><strong><em>,</em></strong></span> <span class='ocrx_word' id='word_1_155' title='bbox 1326 2058 1441 2129; x_wconf 85' lang='lat' dir='ltr'><strong><em>jam</em></strong></span> <span class='ocrx_word' id='word_1_156' title='bbox 1466 2072 1568 2111; x_wconf 90' lang='lat' dir='ltr'><strong><em>non</em></strong></span> <span class='ocrx_word' id='word_1_157' title='bbox 1595 2072 1658 2111; x_wconf 80' lang='lat' dir='ltr'><strong><em>ea:</em></strong></span> <span class='ocrx_word' id='word_1_158' title='bbox 1687 2055 1854 2126; x_wconf 84' lang='lat' dir='ltr'><strong><em>operi-</em></strong></span> 
     </span>
    </p>
   </div>
   <div class='ocr_carea' id='block_1_20' title="bbox 264 2147 1849 2224">
    <p class='ocr_par' dir='ltr' id='par_1_20' title="bbox 264 2147 1849 2224">
     <span class='ocr_line' id='line_1_20' title="bbox 264 2147 1849 2224; baseline -0.003 -19"><span class='ocrx_word' id='word_1_159' title='bbox 264 2152 391 2216; x_wconf 86' lang='lat' dir='ltr'><strong><em>bus;</em></strong></span> <span class='ocrx_word' id='word_1_160' title='bbox 412 2152 638 2223; x_wconf 82' lang='lat' dir='ltr'><strong><em>alioquin</em></strong></span> <span class='ocrx_word' id='word_1_161' title='bbox 657 2153 823 2224; x_wconf 89' lang='lat' dir='ltr'><strong><em>gratia</em></strong></span> <span class='ocrx_word' id='word_1_162' title='bbox 842 2154 960 2224; x_wconf 88' lang='lat' dir='ltr'><strong><em>jam</em></strong></span> <span class='ocrx_word' id='word_1_163' title='bbox 976 2169 1083 2207; x_wconf 84' lang='lat' dir='ltr'><strong><em>non</em></strong></span> <span class='ocrx_word' id='word_1_164' title='bbox 1101 2160 1175 2206; x_wconf 87' lang='lat' dir='ltr'><strong><em>est</em></strong></span> <span class='ocrx_word' id='word_1_165' title='bbox 1188 2151 1354 2222; x_wconf 85' lang='lat' dir='ltr'><strong><em>gratia</em></strong></span> <span class='ocrx_word' id='word_1_166' title='bbox 1380 2150 1556 2222; x_wconf 84' lang='lat' dir='ltr'><strong><em>(Rom.</em></strong></span> <span class='ocrx_word' id='word_1_167' title='bbox 1580 2166 1655 2215; x_wconf 74' lang='lat' dir='ltr'><strong><em>XI,</em></strong></span> <span class='ocrx_word' id='word_1_168' title='bbox 1682 2147 1849 2214; x_wconf 73' lang='lat'><strong><em>5-10).</em></strong></span> 
     </span>
    </p>
   </div>
   <div class='ocr_carea' id='block_1_21' title="bbox 262 2240 1848 2314">
    <p class='ocr_par' dir='ltr' id='par_1_21' title="bbox 262 2240 1848 2314">
     <span class='ocr_line' id='line_1_21' title="bbox 262 2240 1848 2314; baseline -0.001 -18"><span class='ocrx_word' id='word_1_169' title='bbox 262 2241 443 2298; x_wconf 80' lang='lat' dir='ltr'><strong><em>Gratis</em></strong></span> <span class='ocrx_word' id='word_1_170' title='bbox 468 2259 593 2314; x_wconf 85' lang='lat' dir='ltr'><strong><em>ergo</em></strong></span> <span class='ocrx_word' id='word_1_171' title='bbox 622 2252 910 2299; x_wconf 86' lang='lat' dir='ltr'><strong><em>consecuta</em></strong></span> <span class='ocrx_word' id='word_1_172' title='bbox 931 2251 1034 2306; x_wconf 85' lang='lat' dir='ltr'><strong><em>est,</em></strong></span> <span class='ocrx_word' id='word_1_173' title='bbox 1054 2242 1193 2313; x_wconf 92' lang='lat' dir='ltr'><strong><em>quod</em></strong></span> <span class='ocrx_word' id='word_1_174' title='bbox 1210 2251 1497 2298; x_wconf 85' lang='lat' dir='ltr'><strong><em>consecuta</em></strong></span> <span class='ocrx_word' id='word_1_175' title='bbox 1517 2249 1600 2296; x_wconf 90' lang='lat' dir='ltr'><strong><em>est</em></strong></span> <span class='ocrx_word' id='word_1_176' title='bbox 1618 2240 1811 2295; x_wconf 85' lang='lat' dir='ltr'><strong><em>electio</em></strong></span> <span class='ocrx_word' id='word_1_177' title='bbox 1834 2257 1848 2294; x_wconf 89' lang='lat'><strong>:</strong></span> 
     </span>
    </p>
   </div>
   <div class='ocr_carea' id='block_1_22' title="bbox 262 2329 1849 2404">
    <p class='ocr_par' dir='ltr' id='par_1_22' title="bbox 262 2329 1849 2404">
     <span class='ocr_line' id='line_1_22' title="bbox 262 2329 1849 2404; baseline -0.001 -18"><span class='ocrx_word' id='word_1_178' title='bbox 262 2348 370 2387; x_wconf 87' lang='lat' dir='ltr'><strong><em>non</em></strong></span> <span class='ocrx_word' id='word_1_179' title='bbox 399 2336 671 2402; x_wconf 74' lang='lat' dir='ltr'><strong><em>praecessit</em></strong></span> <span class='ocrx_word' id='word_1_180' title='bbox 710 2349 895 2389; x_wconf 90' lang='lat' dir='ltr'><strong><em>eorum</em></strong></span> <span class='ocrx_word' id='word_1_181' title='bbox 928 2332 1125 2404; x_wconf 89' lang='lat' dir='ltr'><strong><em>aliquid</em></strong></span> <span class='ocrx_word' id='word_1_182' title='bbox 1150 2374 1166 2399; x_wconf 94' lang='lat'><strong><em>,</em></strong></span> <span class='ocrx_word' id='word_1_183' title='bbox 1206 2331 1348 2404; x_wconf 91' lang='lat' dir='ltr'><strong><em>quod</em></strong></span> <span class='ocrx_word' id='word_1_184' title='bbox 1398 2332 1602 2401; x_wconf 89' lang='lat' dir='ltr'><strong><em>priores</em></strong></span> <span class='ocrx_word' id='word_1_185' title='bbox 1640 2329 1849 2396; x_wconf 85' lang='lat' dir='ltr'><strong><em>darent,</em></strong></span> 
     </span>
    </p>
   </div>
   <div class='ocr_carea' id='block_1_23' title="bbox 262 2421 1852 2495">
    <p class='ocr_par' dir='ltr' id='par_1_23' title="bbox 262 2421 1852 2495">
     <span class='ocr_line' id='line_1_23' title="bbox 262 2421 1852 2495; baseline 0.001 -17"><span class='ocrx_word' id='word_1_186' title='bbox 262 2432 319 2479; x_wconf 85' lang='lat' dir='ltr'><strong><em>et</em></strong></span> <span class='ocrx_word' id='word_1_187' title='bbox 337 2426 716 2481; x_wconf 89' lang='lat' dir='ltr'><strong><em>retribueretur</em></strong></span> <span class='ocrx_word' id='word_1_188' title='bbox 735 2425 840 2480; x_wconf 91' lang='lat' dir='ltr'><strong><em>illis</em></strong></span> <span class='ocrx_word' id='word_1_189' title='bbox 870 2443 884 2480; x_wconf 90' lang='lat'><strong>:</strong></span> <span class='ocrx_word' id='word_1_190' title='bbox 914 2440 1011 2495; x_wconf 90' lang='lat' dir='ltr'><strong><em>pro</em></strong></span> <span class='ocrx_word' id='word_1_191' title='bbox 1028 2424 1191 2480; x_wconf 91' lang='lat' dir='ltr'><strong><em>nihilo</em></strong></span> <span class='ocrx_word' id='word_1_192' title='bbox 1216 2425 1394 2481; x_wconf 89' lang='lat' dir='ltr'><strong><em>salvos</em></strong></span> <span class='ocrx_word' id='word_1_193' title='bbox 1409 2423 1530 2480; x_wconf 80' lang='lat' dir='ltr'><strong><em>fecit</em></strong></span> <span class='ocrx_word' id='word_1_194' title='bbox 1548 2438 1642 2479; x_wconf 89' lang='lat' dir='ltr'><strong><em>eos</em></strong></span> <span class='ocrx_word' id='word_1_195' title='bbox 1657 2421 1698 2479; x_wconf 70' lang='grc'><strong>⁸.</strong></span> <span class='ocrx_word' id='word_1_196' title='bbox 1731 2424 1852 2479; x_wconf 78' lang='lat' dir='ltr'><strong><em>Ca:-</em></strong></span> 
     </span>
    </p>
   </div>
   <div class='ocr_carea' id='block_1_24' title="bbox 264 2514 1850 2587">
    <p class='ocr_par' dir='ltr' id='par_1_24' title="bbox 264 2514 1850 2587">
     <span class='ocr_line' id='line_1_24' title="bbox 264 2514 1850 2587; baseline 0 -19"><span class='ocrx_word' id='word_1_197' title='bbox 264 2515 394 2569; x_wconf 92' lang='lat' dir='ltr'><strong><em>teris</em></strong></span> <span class='ocrx_word' id='word_1_198' title='bbox 422 2524 596 2570; x_wconf 90' lang='lat' dir='ltr'><strong><em>autem</em></strong></span> <span class='ocrx_word' id='word_1_199' title='bbox 629 2518 717 2587; x_wconf 92' lang='lat' dir='ltr'><strong><em>qui</em></strong></span> <span class='ocrx_word' id='word_1_200' title='bbox 748 2517 1004 2572; x_wconf 64' lang='lat' dir='ltr'><strong><em>excmcati</em></strong></span> <span class='ocrx_word' id='word_1_201' title='bbox 1031 2522 1190 2582; x_wconf 88' lang='lat' dir='ltr'><strong><em>sunt,</em></strong></span> <span class='ocrx_word' id='word_1_202' title='bbox 1232 2515 1371 2571; x_wconf 88' lang='lat' dir='ltr'><strong><em>sicut</em></strong></span> <span class='ocrx_word' id='word_1_203' title='bbox 1399 2514 1471 2570; x_wconf 91' lang='lat' dir='ltr'><strong><em>ibi</em></strong></span> <span class='ocrx_word' id='word_1_204' title='bbox 1497 2529 1603 2570; x_wconf 93' lang='lat' dir='ltr'><strong><em>non</em></strong></span> <span class='ocrx_word' id='word_1_205' title='bbox 1632 2514 1850 2569; x_wconf 89' lang='lat' dir='ltr'><strong><em>tacitum</em></strong></span> 
     </span>
    </p>
   </div>
   <div class='ocr_carea' id='block_1_25' title="bbox 263 2604 1853 2671">
    <p class='ocr_par' dir='ltr' id='par_1_25' title="bbox 263 2604 1853 2671">
     <span class='ocr_line' id='line_1_25' title="bbox 263 2604 1853 2671; baseline -0.001 -10"><span class='ocrx_word' id='word_1_206' title='bbox 263 2614 365 2671; x_wconf 88' lang='lat' dir='ltr'><strong><em>est,</em></strong></span> <span class='ocrx_word' id='word_1_207' title='bbox 397 2605 448 2659; x_wconf 91' lang='lat' dir='ltr'><strong><em>iu</em></strong></span> <span class='ocrx_word' id='word_1_208' title='bbox 478 2606 830 2662; x_wconf 84' lang='lat' dir='ltr'><strong><em>retributione</em></strong></span> <span class='ocrx_word' id='word_1_209' title='bbox 857 2608 879 2640; x_wconf 86' lang='grc'>⁸</span> <span class='ocrx_word' id='word_1_210' title='bbox 906 2606 1104 2662; x_wconf 79' lang='lat' dir='ltr'><strong><em>factum</em></strong></span> <span class='ocrx_word' id='word_1_211' title='bbox 1130 2615 1232 2663; x_wconf 87' lang='lat' dir='ltr'><strong><em>est.</em></strong></span> <span class='ocrx_word' id='word_1_212' title='bbox 1262 2605 1519 2661; x_wconf 74' lang='lat' dir='ltr'><strong><em>Universat</em></strong></span> <span class='ocrx_word' id='word_1_213' title='bbox 1542 2606 1633 2661; x_wconf 75' lang='lat' dir='ltr'><strong><em>uite</em></strong></span> <span class='ocrx_word' id='word_1_214' title='bbox 1649 2604 1853 2660; x_wconf 86' lang='lat' dir='ltr'><strong><em>Domini</em></strong></span> 
     </span>
    </p>
   </div>
   <div class='ocr_carea' id='block_1_26' title="bbox 260 2695 1853 2769">
    <p class='ocr_par' dir='ltr' id='par_1_26' title="bbox 260 2695 1853 2769">
     <span class='ocr_line' id='line_1_26' title="bbox 260 2695 1853 2769; baseline 0.002 -20"><span class='ocrx_word' id='word_1_215' title='bbox 260 2698 607 2751; x_wconf 77' lang='lat' dir='ltr'><strong><em>misericordia</em></strong></span> <span class='ocrx_word' id='word_1_216' title='bbox 636 2709 681 2751; x_wconf 90' lang='lat' dir='ltr'><strong><em>et</em></strong></span> <span class='ocrx_word' id='word_1_217' title='bbox 717 2699 902 2752; x_wconf 83' lang='lat' dir='ltr'><strong><em>veritas</em></strong></span> <span class='ocrx_word' id='word_1_218' title='bbox 930 2698 1101 2766; x_wconf 86' lang='lat' dir='ltr'><strong><em>(Psal.</em></strong></span> <span class='ocrx_word' id='word_1_219' title='bbox 1137 2714 1293 2763; x_wconf 78' lang='lat' dir='ltr'><strong><em>xstv,</em></strong></span> <span class='ocrx_word' id='word_1_220' title='bbox 1320 2696 1432 2769; x_wconf 80' lang='grc'><strong><em>10).</em></strong></span> <span class='ocrx_word' id='word_1_221' title='bbox 1471 2695 1853 2768; x_wconf 81' lang='lat' dir='ltr'><strong><em>Investigabiles</em></strong></span> 
     </span>
    </p>
   </div>
   <div class='ocr_carea' id='block_1_27' title="bbox 262 2786 1853 2861">
    <p class='ocr_par' dir='ltr' id='par_1_27' title="bbox 262 2786 1853 2861">
     <span class='ocr_line' id='line_1_27' title="bbox 262 2786 1853 2861; baseline -0.001 -19"><span class='ocrx_word' id='word_1_222' title='bbox 262 2797 385 2842; x_wconf 88' lang='lat' dir='ltr'><strong><em>sunt</em></strong></span> <span class='ocrx_word' id='word_1_223' title='bbox 404 2798 579 2842; x_wconf 86' lang='lat' dir='ltr'><strong><em>autem</em></strong></span> <span class='ocrx_word' id='word_1_224' title='bbox 606 2793 701 2842; x_wconf 67' lang='lat' dir='ltr'><strong><em>vim</em></strong></span> <span class='ocrx_word' id='word_1_225' title='bbox 721 2790 832 2857; x_wconf 84' lang='lat' dir='ltr'><strong><em>ejus</em></strong></span> <span class='ocrx_word' id='word_1_226' title='bbox 865 2788 1040 2861; x_wconf 84' lang='lat' dir='ltr'><strong><em>(Rom.</em></strong></span> <span class='ocrx_word' id='word_1_227' title='bbox 1066 2804 1121 2843; x_wconf 74' lang='grc' dir='ltr'>ιι</span> <span class='ocrx_word' id='word_1_228' title='bbox 1141 2828 1156 2853; x_wconf 89' lang='grc'><em>,</em></span> <span class='ocrx_word' id='word_1_229' title='bbox 1184 2786 1303 2859; x_wconf 78' lang='lat'><strong><em>3&#39;5).</em></strong></span> <span class='ocrx_word' id='word_1_230' title='bbox 1330 2786 1732 2857; x_wconf 88' lang='lat' dir='ltr'><strong><em>luvestigabiles</em></strong></span> <span class='ocrx_word' id='word_1_231' title='bbox 1756 2786 1853 2858; x_wconf 85' lang='lat' dir='ltr'><strong><em>igi-</em></strong></span> 
     </span>
    </p>
   </div>
   <div class='ocr_carea' id='block_1_28' title="bbox 263 2860 1852 2951">
    <p class='ocr_par' dir='ltr' id='par_1_28' title="bbox 263 2860 1852 2951">
     <span class='ocr_line' id='line_1_28' title="bbox 263 2860 1852 2951; baseline 0.001 -17"><span class='ocrx_word' id='word_1_232' title='bbox 263 2889 353 2935; x_wconf 93' lang='lat' dir='ltr'><strong><em>tur</em></strong></span> <span class='ocrx_word' id='word_1_233' title='bbox 376 2889 520 2943; x_wconf 92' lang='lat' dir='ltr'><strong><em>sunt,</em></strong></span> <span class='ocrx_word' id='word_1_234' title='bbox 548 2890 603 2935; x_wconf 90' lang='lat' dir='ltr'><strong><em>et</em></strong></span> <span class='ocrx_word' id='word_1_235' title='bbox 620 2860 992 2936; x_wconf 76' lang='lat' dir='ltr'><strong><em>misericordia</em></strong></span> <span class='ocrx_word' id='word_1_236' title='bbox 1016 2896 1119 2951; x_wconf 86' lang='lat' dir='ltr'><strong><em>qua</em></strong></span> <span class='ocrx_word' id='word_1_237' title='bbox 1146 2880 1312 2951; x_wconf 89' lang='lat' dir='ltr'><strong><em>gratis</em></strong></span> <span class='ocrx_word' id='word_1_238' title='bbox 1334 2879 1544 2946; x_wconf 88' lang='lat' dir='ltr'><strong><em>liberat,</em></strong></span> <span class='ocrx_word' id='word_1_239' title='bbox 1572 2886 1628 2934; x_wconf 92' lang='lat' dir='ltr'><strong><em>et</em></strong></span> <span class='ocrx_word' id='word_1_240' title='bbox 1657 2878 1852 2936; x_wconf 79' lang='lat' dir='ltr'><strong><em>veritas</em></strong></span> 
     </span>
    </p>
   </div>
   <div class='ocr_carea' id='block_1_29' title="bbox 261 2973 771 3043">
    <p class='ocr_par' dir='ltr' id='par_1_29' title="bbox 261 2973 771 3043">
     <span class='ocr_line' id='line_1_29' title="bbox 261 2973 771 3043; baseline 0.004 -16"><span class='ocrx_word' id='word_1_241' title='bbox 261 2987 366 3043; x_wconf 87' lang='lat' dir='ltr'><strong><em>qua</em></strong></span> <span class='ocrx_word' id='word_1_242' title='bbox 387 2973 529 3043; x_wconf 87' lang='lat' dir='ltr'><strong><em>juste</em></strong></span> <span class='ocrx_word' id='word_1_243' title='bbox 549 2973 771 3042; x_wconf 75' lang='lat' dir='ltr'><strong><em>iudicat.</em></strong></span> 
     </span>
    </p>
   </div>
   <div class='ocr_carea' id='block_1_30' title="bbox 349 3062 1852 3134">
    <p class='ocr_par' dir='ltr' id='par_1_30' title="bbox 349 3062 1852 3134">
     <span class='ocr_line' id='line_1_30' title="bbox 349 3062 1852 3134; baseline 0 -15"><span class='ocrx_word' id='word_1_244' title='bbox 349 3064 576 3121; x_wconf 82' lang='lat' dir='ltr'><strong><em>CAPUT</em></strong></span> <span class='ocrx_word' id='word_1_245' title='bbox 608 3064 713 3120; x_wconf 79' lang='lat' dir='ltr'><strong><em>VII.</em></strong></span> <span class='ocrx_word' id='word_1_246' title='bbox 757 3093 830 3106; x_wconf 90' lang='lat'><strong><em>—-</em></strong></span> <span class='ocrx_word' id='word_1_247' title='bbox 873 3063 962 3120; x_wconf 72' lang='grc'><strong><em>12.</em></strong></span> <span class='ocrx_word' id='word_1_248' title='bbox 1003 3062 1109 3121; x_wconf 86' lang='lat' dir='ltr'><strong><em>Sed</em></strong></span> <span class='ocrx_word' id='word_1_249' title='bbox 1155 3063 1379 3120; x_wconf 81' lang='lat' dir='ltr'><strong><em>forsitan</em></strong></span> <span class='ocrx_word' id='word_1_250' title='bbox 1420 3063 1602 3119; x_wconf 86' lang='lat' dir='ltr'><strong><em>dicant</em></strong></span> <span class='ocrx_word' id='word_1_251' title='bbox 1627 3064 1670 3134; x_wconf 83' lang='grc'><strong><em>⁸,</em></strong></span> <span class='ocrx_word' id='word_1_252' title='bbox 1714 3081 1734 3116; x_wconf 73' lang='grc' dir='ltr'>ι</span> <span class='ocrx_word' id='word_1_253' title='bbox 1768 3063 1852 3119; x_wconf 84' lang='lat' dir='ltr'><strong><em>Ab</em></strong></span> 
     </span>
    </p>
   </div>
   <div class='ocr_carea' id='block_1_31' title="bbox 260 3155 1849 3227">
    <p class='ocr_par' dir='ltr' id='par_1_31' title="bbox 260 3155 1849 3227">
     <span class='ocr_line' id='line_1_31' title="bbox 260 3155 1849 3227; baseline 0 -17"><span class='ocrx_word' id='word_1_254' title='bbox 260 3157 514 3226; x_wconf 77' lang='lat' dir='ltr'><strong><em>operibus</em></strong></span> <span class='ocrx_word' id='word_1_255' title='bbox 556 3156 716 3212; x_wconf 86' lang='lat' dir='ltr'><strong><em>[idem</em></strong></span> <span class='ocrx_word' id='word_1_256' title='bbox 758 3157 1035 3227; x_wconf 84' lang='lat' dir='ltr'><strong><em>distinguit</em></strong></span> <span class='ocrx_word' id='word_1_257' title='bbox 1079 3156 1372 3227; x_wconf 85' lang='lat' dir='ltr'><strong><em>Apostolus</em></strong></span> <span class='ocrx_word' id='word_1_258' title='bbox 1406 3174 1419 3210; x_wconf 91' lang='lat'><strong>:</strong></span> <span class='ocrx_word' id='word_1_259' title='bbox 1449 3155 1676 3226; x_wconf 78' lang='lat' dir='ltr'><strong><em>gratiam</em></strong></span> <span class='ocrx_word' id='word_1_260' title='bbox 1718 3170 1849 3211; x_wconf 88' lang='lat' dir='ltr'><strong><em>vero</em></strong></span> 
     </span>
    </p>
   </div>
   <div class='ocr_carea' id='block_1_32' title="bbox 262 3245 1851 3318">
    <p class='ocr_par' dir='ltr' id='par_1_32' title="bbox 262 3245 1851 3318">
     <span class='ocr_line' id='line_1_32' title="bbox 262 3245 1851 3318; baseline 0.002 -19"><span class='ocrx_word' id='word_1_261' title='bbox 262 3260 367 3300; x_wconf 88' lang='lat' dir='ltr'><strong><em>non</em></strong></span> <span class='ocrx_word' id='word_1_262' title='bbox 397 3262 462 3300; x_wconf 82' lang='lat' dir='ltr'><strong><em>ex</em></strong></span> <span class='ocrx_word' id='word_1_263' title='bbox 503 3248 754 3318; x_wconf 85' lang='lat' dir='ltr'><strong><em>operibus</em></strong></span> <span class='ocrx_word' id='word_1_264' title='bbox 799 3263 921 3303; x_wconf 89' lang='lat' dir='ltr'><strong><em>esse</em></strong></span> <span class='ocrx_word' id='word_1_265' title='bbox 960 3248 1123 3309; x_wconf 84' lang='lat' dir='ltr'><strong><em>dicit;</em></strong></span> <span class='ocrx_word' id='word_1_266' title='bbox 1164 3263 1273 3302; x_wconf 89' lang='lat' dir='ltr'><strong><em>non</em></strong></span> <span class='ocrx_word' id='word_1_267' title='bbox 1311 3254 1491 3302; x_wconf 89' lang='lat' dir='ltr'><strong><em>autem</em></strong></span> <span class='ocrx_word' id='word_1_268' title='bbox 1535 3245 1664 3301; x_wconf 82' lang='lat' dir='ltr'><strong><em>dicit</em></strong></span> <span class='ocrx_word' id='word_1_269' title='bbox 1707 3246 1851 3317; x_wconf 89' lang='lat' dir='ltr'><strong><em>quod</em></strong></span> 
     </span>
    </p>
   </div>
   <div class='ocr_carea' id='block_1_33' title="bbox 262 3337 1849 3410">
    <p class='ocr_par' dir='ltr' id='par_1_33' title="bbox 262 3337 1849 3410">
     <span class='ocr_line' id='line_1_33' title="bbox 262 3337 1849 3410; baseline 0 -18"><span class='ocrx_word' id='word_1_270' title='bbox 262 3348 367 3392; x_wconf 85' lang='lat' dir='ltr'><strong><em>non</em></strong></span> <span class='ocrx_word' id='word_1_271' title='bbox 395 3339 463 3392; x_wconf 92' lang='lat' dir='ltr'><strong><em>sit</em></strong></span> <span class='ocrx_word' id='word_1_272' title='bbox 492 3354 556 3393; x_wconf 78' lang='lat' dir='ltr'><strong><em>ex</em></strong></span> <span class='ocrx_word' id='word_1_273' title='bbox 582 3338 703 3393; x_wconf 88' lang='lat' dir='ltr'><strong><em>lide.</em></strong></span> <span class='ocrx_word' id='word_1_274' title='bbox 742 3358 761 3391; x_wconf 74' lang='grc' dir='ltr'><strong><em>ι</em></strong></span> <span class='ocrx_word' id='word_1_275' title='bbox 796 3338 870 3393; x_wconf 85' lang='lat' dir='ltr'><strong><em>Ita</em></strong></span> <span class='ocrx_word' id='word_1_276' title='bbox 896 3352 1024 3393; x_wconf 85' lang='lat' dir='ltr'><strong><em>vero</em></strong></span> <span class='ocrx_word' id='word_1_277' title='bbox 1063 3347 1147 3394; x_wconf 91' lang='lat' dir='ltr'><strong><em>est</em></strong></span> <span class='ocrx_word' id='word_1_278' title='bbox 1175 3356 1189 3393; x_wconf 92' lang='lat'><strong>:</strong></span> <span class='ocrx_word' id='word_1_279' title='bbox 1220 3337 1316 3394; x_wconf 86' lang='lat' dir='ltr'><strong><em>sed</em></strong></span> <span class='ocrx_word' id='word_1_280' title='bbox 1351 3337 1521 3410; x_wconf 88' lang='lat' dir='ltr'><strong><em>ipsam</em></strong></span> <span class='ocrx_word' id='word_1_281' title='bbox 1544 3353 1756 3409; x_wconf 91' lang='lat' dir='ltr'><strong><em>quoque</em></strong></span> <span class='ocrx_word' id='word_1_282' title='bbox 1784 3339 1849 3392; x_wconf 84' lang='lat' dir='ltr'><strong><em>tl-</em></strong></span> 
     </span>
    </p>
   </div>
   <div class='ocr_carea' id='block_1_34' title="bbox 260 3430 1851 3500">
    <p class='ocr_par' dir='ltr' id='par_1_34' title="bbox 260 3430 1851 3500">
     <span class='ocr_line' id='line_1_34' title="bbox 260 3430 1851 3500; baseline 0.003 -17"><span class='ocrx_word' id='word_1_283' title='bbox 260 3430 382 3484; x_wconf 85' lang='lat' dir='ltr'><strong><em>dem</em></strong></span> <span class='ocrx_word' id='word_1_284' title='bbox 416 3445 551 3500; x_wconf 88' lang='lat' dir='ltr'><strong><em>opus</em></strong></span> <span class='ocrx_word' id='word_1_285' title='bbox 584 3430 676 3485; x_wconf 85' lang='lat' dir='ltr'><strong><em>Dei</em></strong></span> <span class='ocrx_word' id='word_1_286' title='bbox 706 3431 837 3486; x_wconf 89' lang='lat' dir='ltr'><strong><em>dicit</em></strong></span> <span class='ocrx_word' id='word_1_287' title='bbox 871 3445 993 3487; x_wconf 89' lang='lat' dir='ltr'><strong><em>esse</em></strong></span> <span class='ocrx_word' id='word_1_288' title='bbox 1020 3430 1195 3497; x_wconf 85' lang='lat' dir='ltr'><strong><em>Jesus,</em></strong></span> <span class='ocrx_word' id='word_1_289' title='bbox 1224 3438 1280 3486; x_wconf 91' lang='lat' dir='ltr'><strong><em>et</em></strong></span> <span class='ocrx_word' id='word_1_290' title='bbox 1308 3430 1445 3486; x_wconf 89' lang='lat' dir='ltr'><strong><em>hanc</em></strong></span> <span class='ocrx_word' id='word_1_291' title='bbox 1467 3440 1527 3486; x_wconf 92' lang='lat' dir='ltr'><strong><em>ut</em></strong></span> <span class='ocrx_word' id='word_1_292' title='bbox 1563 3445 1851 3500; x_wconf 86' lang='lat' dir='ltr'><strong><em>operemur</em></strong></span> 
     </span>
    </p>
   </div>
   <div class='ocr_carea' id='block_1_35' title="bbox 253 3520 1851 3593">
    <p class='ocr_par' dir='ltr' id='par_1_35' title="bbox 253 3520 1851 3593">
     <span class='ocr_line' id='line_1_35' title="bbox 253 3520 1851 3593; baseline 0.003 -21"><span class='ocrx_word' id='word_1_293' title='bbox 253 3520 423 3589; x_wconf 85' lang='lat' dir='ltr'><strong><em>jubet.</em></strong></span> <span class='ocrx_word' id='word_1_294' title='bbox 451 3521 705 3575; x_wconf 85' lang='lat' dir='ltr'><strong><em>Dixerunt</em></strong></span> <span class='ocrx_word' id='word_1_295' title='bbox 728 3522 870 3577; x_wconf 86' lang='lat' dir='ltr'><strong><em>enim</em></strong></span> <span class='ocrx_word' id='word_1_296' title='bbox 894 3522 960 3575; x_wconf 89' lang='lat' dir='ltr'><strong><em>ad</em></strong></span> <span class='ocrx_word' id='word_1_297' title='bbox 977 3538 1098 3577; x_wconf 90' lang='lat' dir='ltr'><strong><em>eum</em></strong></span> <span class='ocrx_word' id='word_1_298' title='bbox 1117 3521 1286 3578; x_wconf 78' lang='lat' dir='ltr'><strong><em>Judzei</em></strong></span> <span class='ocrx_word' id='word_1_299' title='bbox 1311 3540 1324 3576; x_wconf 93' lang='lat'>:</span> <span class='ocrx_word' id='word_1_300' title='bbox 1348 3521 1484 3589; x_wconf 84' lang='lat' dir='ltr'><strong><em>Quid</em></strong></span> <span class='ocrx_word' id='word_1_301' title='bbox 1509 3522 1771 3593; x_wconf 78' lang='lat' dir='ltr'><strong><em>faciemus,</em></strong></span> <span class='ocrx_word' id='word_1_302' title='bbox 1794 3532 1851 3577; x_wconf 90' lang='lat' dir='ltr'><strong><em>ut</em></strong></span> 
     </span>
    </p>
   </div>
   <div class='ocr_carea' id='block_1_36' title="bbox 259 3611 1850 3684">
    <p class='ocr_par' dir='ltr' id='par_1_36' title="bbox 259 3611 1850 3684">
     <span class='ocr_line' id='line_1_36' title="bbox 259 3611 1850 3684; baseline 0.003 -19"><span class='ocrx_word' id='word_1_303' title='bbox 259 3627 523 3682; x_wconf 78' lang='lat' dir='ltr'><strong><em>operemur</em></strong></span> <span class='ocrx_word' id='word_1_304' title='bbox 547 3626 673 3682; x_wconf 80' lang='lat' dir='ltr'><strong><em>Opus</em></strong></span> <span class='ocrx_word' id='word_1_305' title='bbox 693 3612 788 3666; x_wconf 90' lang='lat' dir='ltr'><strong><em>Dei</em></strong></span> <span class='ocrx_word' id='word_1_306' title='bbox 803 3613 824 3644; x_wconf 85' lang='grc'><strong>⁷</strong></span> <span class='ocrx_word' id='word_1_307' title='bbox 838 3614 863 3666; x_wconf 88' lang='lat'><strong>?</strong></span> <span class='ocrx_word' id='word_1_308' title='bbox 880 3611 1159 3684; x_wconf 83' lang='lat' dir='ltr'><strong><em>Respondit</em></strong></span> <span class='ocrx_word' id='word_1_309' title='bbox 1179 3611 1217 3666; x_wconf 81' lang='grc' dir='ltr'><em>Ι</em></span> <span class='ocrx_word' id='word_1_310' title='bbox 1219 3629 1334 3667; x_wconf 85' lang='lat' dir='ltr'><strong><em>esus</em></strong></span> <span class='ocrx_word' id='word_1_311' title='bbox 1352 3620 1399 3667; x_wconf 89' lang='lat' dir='ltr'><strong><em>et</em></strong></span> <span class='ocrx_word' id='word_1_312' title='bbox 1419 3612 1547 3666; x_wconf 66' lang='lat' dir='ltr'><strong><em>dixit</em></strong></span> <span class='ocrx_word' id='word_1_313' title='bbox 1568 3611 1672 3667; x_wconf 82' lang='lat' dir='ltr'><strong><em>illis</em></strong></span> <span class='ocrx_word' id='word_1_314' title='bbox 1693 3631 1714 3667; x_wconf 78' lang='grc'><strong><em>.’</em></strong></span> <span class='ocrx_word' id='word_1_315' title='bbox 1737 3612 1850 3669; x_wconf 82' lang='lat' dir='ltr'><strong><em>Hoc</em></strong></span> 
     </span>
    </p>
   </div>
   <div class='ocr_carea' id='block_1_37' title="bbox 257 3706 1845 3782">
    <p class='ocr_par' dir='ltr' id='par_1_37' title="bbox 257 3706 1845 3782">
     <span class='ocr_line' id='line_1_37' title="bbox 257 3706 1845 3782; baseline 0.003 -22"><span class='ocrx_word' id='word_1_316' title='bbox 257 3716 330 3760; x_wconf 89' lang='lat' dir='ltr'><strong><em>est</em></strong></span> <span class='ocrx_word' id='word_1_317' title='bbox 350 3722 476 3776; x_wconf 77' lang='lat' dir='ltr'><strong><em>opus</em></strong></span> <span class='ocrx_word' id='word_1_318' title='bbox 504 3706 619 3773; x_wconf 91' lang='lat' dir='ltr'><strong><em>Dei,</em></strong></span> <span class='ocrx_word' id='word_1_319' title='bbox 648 3716 704 3761; x_wconf 91' lang='lat' dir='ltr'><strong><em>ut</em></strong></span> <span class='ocrx_word' id='word_1_320' title='bbox 731 3708 947 3762; x_wconf 85' lang='lat' dir='ltr'><strong><em>credatis</em></strong></span> <span class='ocrx_word' id='word_1_321' title='bbox 972 3709 1025 3763; x_wconf 91' lang='lat' dir='ltr'><strong><em>in</em></strong></span> <span class='ocrx_word' id='word_1_322' title='bbox 1048 3725 1162 3764; x_wconf 89' lang='lat' dir='ltr'><strong><em>eum</em></strong></span> <span class='ocrx_word' id='word_1_323' title='bbox 1198 3724 1348 3779; x_wconf 85' lang='lat' dir='ltr'><strong><em>quem</em></strong></span> <span class='ocrx_word' id='word_1_324' title='bbox 1372 3709 1509 3764; x_wconf 87' lang='lat' dir='ltr'><strong><em>misit</em></strong></span> <span class='ocrx_word' id='word_1_325' title='bbox 1549 3709 1637 3765; x_wconf 85' lang='lat' dir='ltr'><strong><em>ille</em></strong></span> <span class='ocrx_word' id='word_1_326' title='bbox 1666 3707 1845 3782; x_wconf 82' lang='lat' dir='ltr'><strong><em>(Joan.</em></strong></span> 
     </span>
    </p>
   </div>
   <div class='ocr_carea' id='block_1_38' title="bbox 257 3796 1848 3870">
    <p class='ocr_par' dir='ltr' id='par_1_38' title="bbox 257 3796 1848 3870">
     <span class='ocr_line' id='line_1_38' title="bbox 257 3796 1848 3870; baseline 0.003 -19"><span class='ocrx_word' id='word_1_327' title='bbox 257 3802 331 3862; x_wconf 72' lang='lat' dir='ltr'><strong><em>vn&#39;,</em></strong></span> <span class='ocrx_word' id='word_1_328' title='bbox 359 3798 450 3860; x_wconf 73' lang='lat'><strong><em>28,</em></strong></span> <span class='ocrx_word' id='word_1_329' title='bbox 477 3798 591 3868; x_wconf 76' lang='lat'><strong><em>29).</em></strong></span> <span class='ocrx_word' id='word_1_330' title='bbox 625 3796 714 3854; x_wconf 90' lang='lat' dir='ltr'><strong><em>Sic</em></strong></span> <span class='ocrx_word' id='word_1_331' title='bbox 739 3815 868 3869; x_wconf 88' lang='lat' dir='ltr'><strong><em>ergo</em></strong></span> <span class='ocrx_word' id='word_1_332' title='bbox 894 3800 1170 3870; x_wconf 81' lang='lat' dir='ltr'><strong><em>distinguit</em></strong></span> <span class='ocrx_word' id='word_1_333' title='bbox 1193 3800 1483 3869; x_wconf 82' lang='lat' dir='ltr'><strong><em>Apostolus</em></strong></span> <span class='ocrx_word' id='word_1_334' title='bbox 1509 3800 1578 3855; x_wconf 89' lang='lat' dir='ltr'><strong><em>ab</em></strong></span> <span class='ocrx_word' id='word_1_335' title='bbox 1597 3800 1848 3870; x_wconf 86' lang='lat' dir='ltr'><strong><em>operibus</em></strong></span> 
     </span>
    </p>
   </div>
   <div class='ocr_carea' id='block_1_39' title="bbox 258 3887 1845 3961">
    <p class='ocr_par' dir='ltr' id='par_1_39' title="bbox 258 3887 1845 3961">
     <span class='ocr_line' id='line_1_39' title="bbox 258 3887 1845 3961; baseline 0.005 -21"><span class='ocrx_word' id='word_1_336' title='bbox 258 3887 442 3952; x_wconf 81' lang='lat' dir='ltr'><strong><em>ﬁdem,</em></strong></span> <span class='ocrx_word' id='word_1_337' title='bbox 470 3890 916 3957; x_wconf 82' lang='lat' dir='ltr'><strong><em>quemadmodum</em></strong></span> <span class='ocrx_word' id='word_1_338' title='bbox 953 3891 1005 3943; x_wconf 90' lang='lat' dir='ltr'><strong><em>in</em></strong></span> <span class='ocrx_word' id='word_1_339' title='bbox 1034 3890 1244 3945; x_wconf 91' lang='lat' dir='ltr'><strong><em>duobus</em></strong></span> <span class='ocrx_word' id='word_1_340' title='bbox 1280 3891 1459 3961; x_wconf 85' lang='lat' dir='ltr'><strong><em>regnis</em></strong></span> <span class='ocrx_word' id='word_1_341' title='bbox 1500 3890 1845 3948; x_wconf 73' lang='lat' dir='ltr'><strong><em>llebrzcorum</em></strong></span> 
     </span>
    </p>
   </div>
   <div class='ocr_carea' id='block_1_40' title="bbox 258 3973 1847 4050">
    <p class='ocr_par' dir='ltr' id='par_1_40' title="bbox 258 3973 1847 4050">
     <span class='ocr_line' id='line_1_40' title="bbox 258 3973 1847 4050; baseline 0.007 -23"><span class='ocrx_word' id='word_1_342' title='bbox 258 3973 601 4043; x_wconf 75' lang='lat' dir='ltr'><strong><em>distinguitur</em></strong></span> <span class='ocrx_word' id='word_1_343' title='bbox 637 3975 802 4031; x_wconf 84' lang='lat' dir='ltr'><strong><em>Judas</em></strong></span> <span class='ocrx_word' id='word_1_344' title='bbox 837 3978 904 4032; x_wconf 89' lang='lat' dir='ltr'><strong><em>ab</em></strong></span> <span class='ocrx_word' id='word_1_345' title='bbox 951 3977 1136 4043; x_wconf 88' lang='lat' dir='ltr'><strong><em>Israel,</em></strong></span> <span class='ocrx_word' id='word_1_346' title='bbox 1179 3993 1301 4033; x_wconf 89' lang='lat' dir='ltr'><strong><em>cum</em></strong></span> <span class='ocrx_word' id='word_1_347' title='bbox 1331 3988 1389 4034; x_wconf 93' lang='lat' dir='ltr'><strong><em>et</em></strong></span> <span class='ocrx_word' id='word_1_348' title='bbox 1431 3980 1546 4050; x_wconf 90' lang='lat' dir='ltr'><strong><em>ipse</em></strong></span> <span class='ocrx_word' id='word_1_349' title='bbox 1583 3980 1754 4037; x_wconf 69' lang='lat' dir='ltr'><strong><em>ludas</em></strong></span> <span class='ocrx_word' id='word_1_350' title='bbox 1777 3984 1847 4038; x_wconf 91' lang='lat' dir='ltr'><strong><em>sit</em></strong></span> 
     </span>
    </p>
   </div>
   <div class='ocr_carea' id='block_1_41' title="bbox 257 4066 1841 4142">
    <p class='ocr_par' dir='ltr' id='par_1_41' title="bbox 257 4066 1841 4142">
     <span class='ocr_line' id='line_1_41' title="bbox 257 4066 1841 4142; baseline 0.007 -22"><span class='ocrx_word' id='word_1_351' title='bbox 257 4067 440 4121; x_wconf 86' lang='lat' dir='ltr'><strong><em>Israel.</em></strong></span> <span class='ocrx_word' id='word_1_352' title='bbox 485 4066 562 4121; x_wconf 80' lang='lat' dir='ltr'><strong><em>Ex</em></strong></span> <span class='ocrx_word' id='word_1_353' title='bbox 595 4066 698 4123; x_wconf 80' lang='lat' dir='ltr'><strong><em>ﬁde</em></strong></span> <span class='ocrx_word' id='word_1_354' title='bbox 726 4077 903 4124; x_wconf 88' lang='lat' dir='ltr'><strong><em>autem</em></strong></span> <span class='ocrx_word' id='word_1_355' title='bbox 932 4069 1053 4126; x_wconf 89' lang='lat' dir='ltr'><strong><em>ideo</em></strong></span> <span class='ocrx_word' id='word_1_356' title='bbox 1079 4070 1208 4126; x_wconf 91' lang='lat' dir='ltr'><strong><em>dicit</em></strong></span> <span class='ocrx_word' id='word_1_357' title='bbox 1234 4071 1518 4142; x_wconf 77' lang='lat' dir='ltr'><strong><em>justiiicari</em></strong></span> <span class='ocrx_word' id='word_1_358' title='bbox 1547 4074 1841 4141; x_wconf 83' lang='lat' dir='ltr'><strong><em>hominem,</em></strong></span> 
     </span>
    </p>
   </div>
   <div class='ocr_carea' id='block_1_42' title="bbox 255 4156 1842 4236">
    <p class='ocr_par' dir='ltr' id='par_1_42' title="bbox 255 4156 1842 4236">
     <span class='ocr_line' id='line_1_42' title="bbox 255 4156 1842 4236; baseline 0.006 -23"><span class='ocrx_word' id='word_1_359' title='bbox 255 4170 364 4213; x_wconf 88' lang='lat' dir='ltr'><strong><em>non</em></strong></span> <span class='ocrx_word' id='word_1_360' title='bbox 405 4172 469 4212; x_wconf 79' lang='lat' dir='ltr'><strong><em>ex</em></strong></span> <span class='ocrx_word' id='word_1_361' title='bbox 502 4159 752 4228; x_wconf 89' lang='lat' dir='ltr'><strong><em>operibus</em></strong></span> <span class='ocrx_word' id='word_1_362' title='bbox 783 4156 982 4232; x_wconf 86' lang='lat' dir='ltr'><strong><em>(Gatat.</em></strong></span> <span class='ocrx_word' id='word_1_363' title='bbox 1014 4177 1072 4228; x_wconf 84' lang='grc' dir='ltr'><strong><em>ιι,</em></strong></span> <span class='ocrx_word' id='word_1_364' title='bbox 1106 4162 1221 4233; x_wconf 85' lang='grc'><strong><em>16),</em></strong></span> <span class='ocrx_word' id='word_1_365' title='bbox 1256 4163 1380 4234; x_wconf 87' lang='lat' dir='ltr'><strong><em>quia</em></strong></span> <span class='ocrx_word' id='word_1_366' title='bbox 1407 4164 1519 4234; x_wconf 89' lang='lat' dir='ltr'><strong><em>ipsa</em></strong></span> <span class='ocrx_word' id='word_1_367' title='bbox 1550 4168 1716 4236; x_wconf 85' lang='lat' dir='ltr'><strong><em>prima</em></strong></span> <span class='ocrx_word' id='word_1_368' title='bbox 1742 4166 1842 4221; x_wconf 88' lang='lat' dir='ltr'><strong><em>da-</em></strong></span> 
     </span>
    </p>
   </div>
   <div class='ocr_carea' id='block_1_43' title="bbox 254 4251 1844 4328">
    <p class='ocr_par' dir='ltr' id='par_1_43' title="bbox 254 4251 1844 4328">
     <span class='ocr_line' id='line_1_43' title="bbox 254 4251 1844 4328; baseline 0.007 -26"><span class='ocrx_word' id='word_1_369' title='bbox 254 4257 366 4314; x_wconf 89' lang='lat' dir='ltr'><strong><em>tur,</em></strong></span> <span class='ocrx_word' id='word_1_370' title='bbox 400 4265 464 4303; x_wconf 77' lang='lat' dir='ltr'><strong><em>ex</em></strong></span> <span class='ocrx_word' id='word_1_371' title='bbox 491 4265 593 4320; x_wconf 89' lang='lat' dir='ltr'><strong><em>qua</em></strong></span> <span class='ocrx_word' id='word_1_372' title='bbox 623 4251 973 4321; x_wconf 88' lang='lat' dir='ltr'><strong><em>impetrentur</em></strong></span> <span class='ocrx_word' id='word_1_373' title='bbox 1013 4262 1232 4322; x_wconf 70' lang='lat' dir='ltr'><strong><em>emtera,</em></strong></span> <span class='ocrx_word' id='word_1_374' title='bbox 1278 4269 1399 4325; x_wconf 64' lang='lat' dir='ltr'><strong><em>qua;</em></strong></span> <span class='ocrx_word' id='word_1_375' title='bbox 1430 4257 1644 4327; x_wconf 88' lang='lat' dir='ltr'><strong><em>proprie</em></strong></span> <span class='ocrx_word' id='word_1_376' title='bbox 1680 4272 1844 4328; x_wconf 86' lang='lat' dir='ltr'><strong><em>opera</em></strong></span> 
     </span>
    </p>
   </div>
   <div class='ocr_carea' id='block_1_44' title="bbox 254 4342 1839 4414">
    <p class='ocr_par' dir='ltr' id='par_1_44' title="bbox 254 4342 1839 4414">
     <span class='ocr_line' id='line_1_44' title="bbox 254 4342 1839 4414; baseline 0.006 -19"><span class='ocrx_word' id='word_1_377' title='bbox 254 4351 645 4410; x_wconf 81' lang='lat' dir='ltr'><strong><em>nuncupantur,</em></strong></span> <span class='ocrx_word' id='word_1_378' title='bbox 670 4342 722 4396; x_wconf 93' lang='lat' dir='ltr'><strong><em>in</em></strong></span> <span class='ocrx_word' id='word_1_379' title='bbox 749 4344 1101 4414; x_wconf 88' lang='lat' dir='ltr'><strong><em>quibusjuste</em></strong></span> <span class='ocrx_word' id='word_1_380' title='bbox 1128 4346 1344 4401; x_wconf 82' lang='lat' dir='ltr'><strong><em>vivitur.</em></strong></span> <span class='ocrx_word' id='word_1_381' title='bbox 1376 4347 1508 4402; x_wconf 87' lang='lat' dir='ltr'><strong><em>Nam</em></strong></span> <span class='ocrx_word' id='word_1_382' title='bbox 1530 4348 1659 4403; x_wconf 87' lang='lat' dir='ltr'><strong><em>dicit</em></strong></span> <span class='ocrx_word' id='word_1_383' title='bbox 1678 4350 1839 4405; x_wconf 90' lang='lat' dir='ltr'><strong><em>etiam</em></strong></span> 
     </span>
    </p>
   </div>
   <div class='ocr_carea' id='block_1_45' title="bbox 254 4414 1843 4507">
    <p class='ocr_par' dir='ltr' id='par_1_45' title="bbox 254 4414 1843 4507">
     <span class='ocr_line' id='line_1_45' title="bbox 254 4414 1843 4507; baseline 0.007 -23"><span class='ocrx_word' id='word_1_384' title='bbox 254 4430 397 4499; x_wconf 88' lang='lat' dir='ltr'><strong><em>ipse,</em></strong></span> <span class='ocrx_word' id='word_1_385' title='bbox 441 4429 617 4486; x_wconf 83' lang='lat' dir='ltr'><strong><em>Gratia</em></strong></span> <span class='ocrx_word' id='word_1_386' title='bbox 652 4414 779 4487; x_wconf 50' lang='lat' dir='ltr'><strong><em>salvi</em></strong></span> <span class='ocrx_word' id='word_1_387' title='bbox 815 4436 935 4491; x_wconf 86' lang='lat' dir='ltr'><strong><em>estis</em></strong></span> <span class='ocrx_word' id='word_1_388' title='bbox 959 4436 1083 4505; x_wconf 81' lang='lat' dir='ltr'><strong><em>[acti</em></strong></span> <span class='ocrx_word' id='word_1_389' title='bbox 1110 4453 1201 4507; x_wconf 84' lang='lat' dir='ltr'><strong><em>per</em></strong></span> <span class='ocrx_word' id='word_1_390' title='bbox 1228 4438 1401 4507; x_wconf 78' lang='lat' dir='ltr'><strong><em>ﬁdem,</em></strong></span> <span class='ocrx_word' id='word_1_391' title='bbox 1446 4449 1496 4493; x_wconf 90' lang='lat' dir='ltr'><strong><em>et</em></strong></span> <span class='ocrx_word' id='word_1_392' title='bbox 1535 4441 1630 4493; x_wconf 83' lang='lat' dir='ltr'><strong><em>hoc</em></strong></span> <span class='ocrx_word' id='word_1_393' title='bbox 1653 4456 1755 4495; x_wconf 90' lang='lat' dir='ltr'><strong><em>non</em></strong></span> <span class='ocrx_word' id='word_1_394' title='bbox 1779 4457 1843 4495; x_wconf 77' lang='lat' dir='ltr'><strong><em>ea:</em></strong></span> 
     </span>
    </p>
   </div>
   <div class='ocr_carea' id='block_1_46' title="bbox 250 4524 1840 4605">
    <p class='ocr_par' dir='ltr' id='par_1_46' title="bbox 250 4524 1840 4605">
     <span class='ocr_line' id='line_1_46' title="bbox 250 4524 1840 4605; baseline 0.009 -29"><span class='ocrx_word' id='word_1_395' title='bbox 250 4524 388 4577; x_wconf 70' lang='lat' dir='ltr'><strong><em>vobis</em></strong></span> <span class='ocrx_word' id='word_1_396' title='bbox 409 4566 424 4590; x_wconf 95' lang='lat'><strong><em>,</em></strong></span> <span class='ocrx_word' id='word_1_397' title='bbox 451 4524 540 4578; x_wconf 87' lang='lat' dir='ltr'><strong><em>sed</em></strong></span> <span class='ocrx_word' id='word_1_398' title='bbox 565 4524 664 4581; x_wconf 89' lang='lat' dir='ltr'><strong><em>Dei</em></strong></span> <span class='ocrx_word' id='word_1_399' title='bbox 689 4527 878 4582; x_wconf 83' lang='lat' dir='ltr'><strong><em>donum</em></strong></span> <span class='ocrx_word' id='word_1_400' title='bbox 907 4538 979 4582; x_wconf 85' lang='lat' dir='ltr'><strong><em>est</em></strong></span> <span class='ocrx_word' id='word_1_401' title='bbox 1002 4544 1021 4584; x_wconf 90' lang='lat'><strong><em>:</em></strong></span> <span class='ocrx_word' id='word_1_402' title='bbox 1051 4530 1100 4584; x_wconf 90' lang='lat' dir='ltr'><strong><em>id</em></strong></span> <span class='ocrx_word' id='word_1_403' title='bbox 1127 4539 1229 4598; x_wconf 87' lang='lat' dir='ltr'><strong><em>est,</em></strong></span> <span class='ocrx_word' id='word_1_404' title='bbox 1257 4540 1313 4588; x_wconf 88' lang='lat' dir='ltr'><strong><em>et</em></strong></span> <span class='ocrx_word' id='word_1_405' title='bbox 1346 4532 1488 4603; x_wconf 89' lang='lat' dir='ltr'><strong><em>quod</em></strong></span> <span class='ocrx_word' id='word_1_406' title='bbox 1513 4532 1623 4588; x_wconf 77' lang='lat' dir='ltr'><strong><em>dixi</em></strong></span> <span class='ocrx_word' id='word_1_407' title='bbox 1661 4552 1752 4605; x_wconf 85' lang='lat' dir='ltr'><strong><em>per</em></strong></span> <span class='ocrx_word' id='word_1_408' title='bbox 1776 4537 1840 4605; x_wconf 85' lang='lat' dir='ltr'><strong><em>Ii-</em></strong></span> 
     </span>
    </p>
   </div>
   <div class='ocr_carea' id='block_1_47' title="bbox 251 4614 1834 4683">
    <p class='ocr_par' dir='ltr' id='par_1_47' title="bbox 251 4614 1834 4683">
     <span class='ocr_line' id='line_1_47' title="bbox 251 4614 1834 4683; baseline 0.01 -18"><span class='ocrx_word' id='word_1_409' title='bbox 251 4614 384 4677; x_wconf 87' lang='lat' dir='ltr'><strong><em>dem,</em></strong></span> <span class='ocrx_word' id='word_1_410' title='bbox 417 4631 524 4669; x_wconf 91' lang='lat' dir='ltr'><strong><em>non</em></strong></span> <span class='ocrx_word' id='word_1_411' title='bbox 560 4632 626 4671; x_wconf 79' lang='lat' dir='ltr'><strong><em>ex</em></strong></span> <span class='ocrx_word' id='word_1_412' title='bbox 668 4618 838 4683; x_wconf 82' lang='lat' dir='ltr'><strong><em>vobis,</em></strong></span> <span class='ocrx_word' id='word_1_413' title='bbox 877 4620 974 4676; x_wconf 91' lang='lat' dir='ltr'><strong><em>sed</em></strong></span> <span class='ocrx_word' id='word_1_414' title='bbox 1019 4621 1111 4675; x_wconf 90' lang='lat' dir='ltr'><strong><em>Dei</em></strong></span> <span class='ocrx_word' id='word_1_415' title='bbox 1148 4620 1348 4677; x_wconf 92' lang='lat' dir='ltr'><strong><em>donum</em></strong></span> <span class='ocrx_word' id='word_1_416' title='bbox 1376 4632 1459 4679; x_wconf 89' lang='lat' dir='ltr'><strong><em>est</em></strong></span> <span class='ocrx_word' id='word_1_417' title='bbox 1488 4625 1647 4680; x_wconf 85' lang='lat' dir='ltr'><strong><em>etiam</em></strong></span> <span class='ocrx_word' id='word_1_418' title='bbox 1683 4626 1834 4683; x_wconf 87' lang='lat' dir='ltr'><strong><em>lides.</em></strong></span> 
     </span>
    </p>
   </div>
   <div class='ocr_carea' id='block_1_48' title="bbox 252 4701 1834 4787">
    <p class='ocr_par' dir='ltr' id='par_1_48' title="bbox 252 4701 1834 4787">
     <span class='ocr_line' id='line_1_48' title="bbox 252 4701 1834 4787; baseline 0.008 -29"><span class='ocrx_word' id='word_1_419' title='bbox 252 4701 373 4758; x_wconf 83' lang='lat' dir='ltr'><strong><em>Non</em></strong></span> <span class='ocrx_word' id='word_1_420' title='bbox 394 4720 456 4759; x_wconf 80' lang='lat' dir='ltr'><strong><em>ea:</em></strong></span> <span class='ocrx_word' id='word_1_421' title='bbox 476 4705 726 4775; x_wconf 80' lang='lat' dir='ltr'><strong><em>aperibus,</em></strong></span> <span class='ocrx_word' id='word_1_422' title='bbox 745 4708 936 4778; x_wconf 89' lang='lat' dir='ltr'><strong><em>inquit,</em></strong></span> <span class='ocrx_word' id='word_1_423' title='bbox 957 4727 1021 4765; x_wconf 91' lang='lat' dir='ltr'><strong><em>ne</em></strong></span> <span class='ocrx_word' id='word_1_424' title='bbox 1036 4713 1301 4783; x_wconf 72' lang='lat' dir='ltr'><strong><em>[ortoquis</em></strong></span> <span class='ocrx_word' id='word_1_425' title='bbox 1320 4714 1595 4769; x_wconf 70' lang='lat' dir='ltr'><strong><em>extollatur</em></strong></span> <span class='ocrx_word' id='word_1_426' title='bbox 1618 4714 1834 4787; x_wconf 82' lang='lat' dir='ltr'><strong><em>(Ep/tes.</em></strong></span> 
     </span>
    </p>
   </div>
   <div class='ocr_carea' id='block_1_49' title="bbox 248 4795 1834 4879">
    <p class='ocr_par' dir='ltr' id='par_1_49' title="bbox 248 4795 1834 4879">
     <span class='ocr_line' id='line_1_49' title="bbox 248 4795 1834 4879; baseline 0.01 -30"><span class='ocrx_word' id='word_1_427' title='bbox 248 4810 307 4858; x_wconf 89' lang='lat' dir='ltr'><strong><em>n,</em></strong></span> <span class='ocrx_word' id='word_1_428' title='bbox 337 4795 391 4857; x_wconf 86' lang='lat'><strong><em>8,</em></strong></span> <span class='ocrx_word' id='word_1_429' title='bbox 423 4795 502 4867; x_wconf 90' lang='lat'><strong><em>9).</em></strong></span> <span class='ocrx_word' id='word_1_430' title='bbox 534 4796 680 4853; x_wconf 87' lang='lat' dir='ltr'><strong><em>Solet</em></strong></span> <span class='ocrx_word' id='word_1_431' title='bbox 705 4799 850 4854; x_wconf 90' lang='lat' dir='ltr'><strong><em>enim</em></strong></span> <span class='ocrx_word' id='word_1_432' title='bbox 891 4800 1020 4866; x_wconf 88' lang='lat' dir='ltr'><strong><em>dici,</em></strong></span> <span class='ocrx_word' id='word_1_433' title='bbox 1059 4801 1183 4860; x_wconf 85' lang='lat' dir='ltr'><strong><em>Ideo</em></strong></span> <span class='ocrx_word' id='word_1_434' title='bbox 1217 4804 1439 4861; x_wconf 88' lang='lat' dir='ltr'><strong><em>credere</em></strong></span> <span class='ocrx_word' id='word_1_435' title='bbox 1468 4808 1682 4874; x_wconf 90' lang='lat' dir='ltr'><strong><em>meruit,</em></strong></span> <span class='ocrx_word' id='word_1_436' title='bbox 1711 4810 1834 4879; x_wconf 85' lang='lat' dir='ltr'><strong><em>quia</em></strong></span> 
     </span>
    </p>
   </div>
   <div class='ocr_carea' id='block_1_50' title="bbox 248 4886 1835 4964">
    <p class='ocr_par' dir='ltr' id='par_1_50' title="bbox 248 4886 1835 4964">
     <span class='ocr_line' id='line_1_50' title="bbox 248 4886 1835 4964; baseline 0.011 -24"><span class='ocrx_word' id='word_1_437' title='bbox 248 4886 330 4941; x_wconf 84' lang='lat' dir='ltr'><strong><em>vir</em></strong></span> <span class='ocrx_word' id='word_1_438' title='bbox 353 4887 525 4943; x_wconf 89' lang='lat' dir='ltr'><strong><em>bonus</em></strong></span> <span class='ocrx_word' id='word_1_439' title='bbox 550 4897 669 4944; x_wconf 90' lang='lat' dir='ltr'><strong><em>erat</em></strong></span> <span class='ocrx_word' id='word_1_440' title='bbox 685 4897 742 4945; x_wconf 92' lang='lat' dir='ltr'><strong><em>et</em></strong></span> <span class='ocrx_word' id='word_1_441' title='bbox 759 4900 1045 4963; x_wconf 85' lang='lat' dir='ltr'><strong><em>antequam</em></strong></span> <span class='ocrx_word' id='word_1_442' title='bbox 1067 4894 1333 4952; x_wconf 88' lang='lat' dir='ltr'><strong><em>crederet.</em></strong></span> <span class='ocrx_word' id='word_1_443' title='bbox 1357 4896 1510 4964; x_wconf 86' lang='lat' dir='ltr'><strong><em>Quod</em></strong></span> <span class='ocrx_word' id='word_1_444' title='bbox 1540 4899 1607 4955; x_wconf 91' lang='lat' dir='ltr'><strong><em>de</em></strong></span> <span class='ocrx_word' id='word_1_445' title='bbox 1636 4899 1835 4958; x_wconf 85' lang='lat' dir='ltr'><strong><em>Corne-</em></strong></span> 
     </span>
    </p>
   </div>
   <div class='ocr_carea' id='block_1_51' title="bbox 311 5037 1186 5103">
    <p class='ocr_par' dir='ltr' id='par_1_51' title="bbox 311 5037 1186 5103">
     <span class='ocr_line' id='line_1_51' title="bbox 311 5037 1186 5103; baseline 0.013 -18"><span class='ocrx_word' id='word_1_446' title='bbox 311 5039 325 5103; x_wconf 65' lang='lat' dir='ltr'>g</span> <span class='ocrx_word' id='word_1_447' title='bbox 354 5045 463 5103; x_wconf 69' lang='lat' dir='ltr'><strong><em>Mss.</em></strong></span> <span class='ocrx_word' id='word_1_448' title='bbox 484 5037 643 5103; x_wconf 73' lang='lat' dir='ltr'><strong><em>Gallici</em></strong></span> <span class='ocrx_word' id='word_1_449' title='bbox 665 5047 717 5091; x_wconf 92' lang='lat' dir='ltr'><strong><em>et</em></strong></span> <span class='ocrx_word' id='word_1_450' title='bbox 731 5044 965 5103; x_wconf 63' lang='lat' dir='ltr'><strong><em>valiant,</em></strong></span> <span class='ocrx_word' id='word_1_451' title='bbox 988 5044 1186 5096; x_wconf 80' lang='lat' dir='ltr'><strong><em>eveniat.</em></strong></span> 
     </span>
    </p>
   </div>
   <div class='ocr_carea' id='block_1_52' title="bbox 306 5100 1830 5185">
    <p class='ocr_par' dir='ltr' id='par_1_52' title="bbox 306 5100 1830 5185">
     <span class='ocr_line' id='line_1_52' title="bbox 306 5100 1830 5185; baseline 0 0"><span class='ocrx_word' id='word_1_452' title='bbox 306 5100 845 5185; x_wconf 61' lang='lat' dir='ltr'><strong><em>&#39;.E€!l€‘:.‘&quot;.ff‘££‘9£‘:</em></strong></span> <span class='ocrx_word' id='word_1_453' title='bbox 866 5100 1214 5185; x_wconf 59' lang='lat' dir='ltr'><strong><em>.¥€&#39;F¥§,_</em></strong></span> <span class='ocrx_word' id='word_1_454' title='bbox 1249 5109 1301 5185; x_wconf 60' lang='lat' dir='ltr'><strong><em>ii?</em></strong></span> <span class='ocrx_word' id='word_1_455' title='bbox 1331 5109 1641 5185; x_wconf 59' lang='grc' dir='ltr'><strong><em>ειρειέφπετηῑ</em></strong></span> <span class='ocrx_word' id='word_1_456' title='bbox 1662 5114 1709 5165; x_wconf 77' lang='grc' dir='ltr'><strong><em>ιιι</em></strong></span> <span class='ocrx_word' id='word_1_457' title='bbox 1734 5123 1830 5185; x_wconf 64' lang='lat' dir='ltr'><strong><em>est.</em></strong></span> 
     </span>
    </p>
   </div>
   <div class='ocr_carea' id='block_1_53' title="bbox 239 5160 1831 5271">
    <p class='ocr_par' dir='ltr' id='par_1_53' title="bbox 239 5160 1831 5271">
     <span class='ocr_line' id='line_1_53' title="bbox 239 5160 1831 5271; baseline 0.015 -64"><span class='ocrx_word' id='word_1_458' title='bbox 239 5160 319 5271; x_wconf 47' lang='lat' dir='ltr'><strong><em>in”</em></strong></span> <span class='ocrx_word' id='word_1_459' title='bbox 333 5160 538 5213; x_wconf 82' lang='lat' dir='ltr'><strong><em>electos.</em></strong></span> <span class='ocrx_word' id='word_1_460' title='bbox 574 5164 650 5213; x_wconf 83' lang='lat' dir='ltr'><strong><em>sic</em></strong></span> <span class='ocrx_word' id='word_1_461' title='bbox 673 5171 843 5227; x_wconf 83' lang='lat' dir='ltr'><strong><em>postea</em></strong></span> <span class='ocrx_word' id='word_1_462' title='bbox 865 5169 916 5218; x_wconf 89' lang='lat' dir='ltr'><strong><em>in</em></strong></span> <span class='ocrx_word' id='word_1_463' title='bbox 936 5160 1345 5223; x_wconf 57' lang='lat' dir='ltr'><strong><em>accusatuli&#39;casu</em></strong></span> <span class='ocrx_word' id='word_1_464' title='bbox 1364 5160 1831 5237; x_wconf 53' lang='lat' dir='ltr'><strong><em>&#39;tegiiiii’Itn&#39;EéB</em></strong></span> 
     </span>
    </p>
   </div>
   <div class='ocr_carea' id='block_1_54' title="bbox 304 5284 1825 5368">
    <p class='ocr_par' dir='ltr' id='par_1_54' title="bbox 304 5284 1825 5368">
     <span class='ocr_line' id='line_1_54' title="bbox 304 5284 1825 5368; baseline 0 0"><span class='ocrx_word' id='word_1_465' title='bbox 304 5284 324 5368; x_wconf 70' lang='grc' dir='ltr'><em>ἲ</em></span> <span class='ocrx_word' id='word_1_466' title='bbox 348 5284 554 5368; x_wconf 63' lang='grc' dir='ltr'><strong><em>νέξίίέξιί</em></strong></span> <span class='ocrx_word' id='word_1_467' title='bbox 578 5293 725 5368; x_wconf 62' lang='lat'><strong><em>3133-:</em></strong></span> <span class='ocrx_word' id='word_1_468' title='bbox 1198 5296 1252 5368; x_wconf 68' lang='grc' dir='ltr'><strong><em>εει</em></strong></span> <span class='ocrx_word' id='word_1_469' title='bbox 1287 5293 1430 5368; x_wconf 55' lang='lat' dir='ltr'><strong><em>intra.</em></strong></span> <span class='ocrx_word' id='word_1_470' title='bbox 1453 5295 1539 5368; x_wconf 68' lang='lat' dir='ltr'><strong><em>qui</em></strong></span> <span class='ocrx_word' id='word_1_471' title='bbox 1556 5297 1825 5368; x_wconf 62' lang='lat' dir='ltr'><strong><em>notuerun-</em></strong></span> 
     </span>
    </p>
   </div>
   <div class='ocr_carea' id='block_1_55' title="bbox 241 5332 1828 5466">
    <p class='ocr_par' dir='ltr' id='par_1_55' title="bbox 241 5332 1828 5466">
     <span class='ocr_line' id='line_1_55' title="bbox 241 5332 1828 5466; baseline 0.013 -74"><span class='ocrx_word' id='word_1_472' title='bbox 241 5332 553 5466; x_wconf 30' lang='lat' dir='ltr'><strong><em>mkgi</em></strong></span> <span class='ocrx_word' id='word_1_473' title='bbox 576 5332 1126 5412; x_wconf 57' lang='grc' dir='ltr'><strong><em>ιίόῐῑῖιοὲῐέιίὸὶιὶῖιὸῐ</em></strong></span> <span class='ocrx_word' id='word_1_474' title='bbox 1141 5332 1372 5419; x_wconf 52' lang='lat' dir='ltr'><strong><em>iniiinii?</em></strong></span> <span class='ocrx_word' id='word_1_475' title='bbox 1383 5332 1538 5422; x_wconf 68' lang='grc' dir='ltr'><strong><em>ἶιὶιὲἆῖ</em></strong></span> <span class='ocrx_word' id='word_1_476' title='bbox 1554 5332 1828 5425; x_wconf 57' lang='grc' dir='ltr'><strong><em>ὲέἶὲῐὸῗὲ</em></strong></span> 
     </span>
     <span class='ocr_line' id='line_1_56' title="bbox 407 5441 542 5466; baseline 0.015 -11"><span class='ocrx_word' id='word_1_477' title='bbox 407 5441 424 5466; x_wconf 87' lang='grc'><em>,</em></span> <span class='ocrx_word' id='word_1_478' title='bbox 532 5446 542 5457; x_wconf 96' lang='grc'><strong>.</strong></span> 
     </span>
    </p>
   </div>
   <div class='ocr_carea' id='block_1_56' title="bbox 303 5465 1823 5549">
    <p class='ocr_par' dir='ltr' id='par_1_56' title="bbox 303 5465 1823 5549">
     <span class='ocr_line' id='line_1_57' title="bbox 303 5465 1823 5549; baseline 0 0"><span class='ocrx_word' id='word_1_479' title='bbox 303 5465 913 5549; x_wconf 52' lang='grc' dir='ltr'><strong><em>ζξὲἷίὶξεέξνολὲἒιὲδέοφιίιη</em></strong></span> <span class='ocrx_word' id='word_1_480' title='bbox 943 5473 1096 5549; x_wconf 62' lang='grc' dir='ltr'><strong><em>ξιξευοε</em></strong></span> <span class='ocrx_word' id='word_1_481' title='bbox 1134 5477 1248 5549; x_wconf 58' lang='lat' dir='ltr'><strong><em>fecit</em></strong></span> <span class='ocrx_word' id='word_1_482' title='bbox 1291 5492 1386 5549; x_wconf 59' lang='grc' dir='ltr'><strong><em>εοξ-</em></strong></span> <span class='ocrx_word' id='word_1_483' title='bbox 1421 5489 1478 5549; x_wconf 67' lang='lat' dir='ltr'><strong><em>tu</em></strong></span> <span class='ocrx_word' id='word_1_484' title='bbox 1515 5486 1823 5549; x_wconf 64' lang='grc' dir='ltr'><strong><em>φημιιεαίριί</em></strong></span> 
     </span>
    </p>
   </div>
   <div class='ocr_carea' id='block_1_57' title="bbox 241 5532 1825 5639">
    <p class='ocr_par' dir='ltr' id='par_1_57' title="bbox 241 5532 1825 5639">
     <span class='ocr_line' id='line_1_58' title="bbox 241 5532 1825 5639; baseline 0.015 -65"><span class='ocrx_word' id='word_1_485' title='bbox 241 5536 560 5639; x_wconf 53' lang='grc' dir='ltr'><strong><em>ἓῖσισσουιιι,</em></strong></span> <span class='ocrx_word' id='word_1_486' title='bbox 578 5532 704 5584; x_wconf 78' lang='lat' dir='ltr'><strong><em>enim</em></strong></span> <span class='ocrx_word' id='word_1_487' title='bbox 725 5545 743 5585; x_wconf 91' lang='lat'><strong><em>:</em></strong></span> <span class='ocrx_word' id='word_1_488' title='bbox 768 5544 822 5586; x_wconf 90' lang='lat' dir='ltr'><strong><em>et</em></strong></span> <span class='ocrx_word' id='word_1_489' title='bbox 843 5548 909 5586; x_wconf 82' lang='lat' dir='ltr'><strong><em>ex</em></strong></span> <span class='ocrx_word' id='word_1_490' title='bbox 951 5536 1029 5593; x_wconf 72' lang='lat' dir='ltr'><strong><em>his</em></strong></span> <span class='ocrx_word' id='word_1_491' title='bbox 1046 5532 1174 5592; x_wconf 75' lang='lat' dir='ltr'><strong><em>unus</em></strong></span> <span class='ocrx_word' id='word_1_492' title='bbox 1195 5540 1319 5605; x_wconf 87' lang='lat' dir='ltr'><strong><em>loco,</em></strong></span> <span class='ocrx_word' id='word_1_493' title='bbox 1340 5541 1486 5606; x_wconf 80' lang='lat' dir='ltr'><strong><em>fecit;</em></strong></span> <span class='ocrx_word' id='word_1_494' title='bbox 1537 5532 1727 5607; x_wconf 61' lang='lat' dir='ltr'><strong><em>habet,</em></strong></span> <span class='ocrx_word' id='word_1_495' title='bbox 1741 5532 1825 5610; x_wconf 50' lang='lat' dir='ltr'><strong><em>fu:</em></strong></span> 
     </span>
    </p>
   </div>
   <div class='ocr_carea' id='block_1_58' title="bbox 302 5622 1219 5714">
    <p class='ocr_par' dir='ltr' id='par_1_58' title="bbox 302 5622 1219 5714">
     <span class='ocr_line' id='line_1_59' title="bbox 302 5622 1219 5714; baseline 0.016 -15"><span class='ocrx_word' id='word_1_496' title='bbox 302 5622 630 5714; x_wconf 39' lang='lat' dir='ltr'><strong><em>incalliensis</em></strong></span> <span class='ocrx_word' id='word_1_497' title='bbox 645 5662 748 5713; x_wconf 71' lang='lat' dir='ltr'><strong><em>Ms...</em></strong></span> <span class='ocrx_word' id='word_1_498' title='bbox 771 5656 822 5708; x_wconf 89' lang='lat' dir='ltr'><strong><em>in</em></strong></span> <span class='ocrx_word' id='word_1_499' title='bbox 846 5658 1219 5714; x_wconf 68' lang='lat' dir='ltr'><strong><em>retributionem.</em></strong></span> 
     </span>
    </p>
   </div>
   <div class='ocr_carea' id='block_1_59' title="bbox 301 5710 866 5775">
    <p class='ocr_par' dir='ltr' id='par_1_59' title="bbox 301 5710 866 5775">
     <span class='ocr_line' id='line_1_60' title="bbox 301 5710 866 5775; baseline 0.018 -15"><span class='ocrx_word' id='word_1_500' title='bbox 301 5710 323 5775; x_wconf 60' lang='grc'><em>9</em></span> <span class='ocrx_word' id='word_1_501' title='bbox 344 5712 511 5764; x_wconf 77' lang='lat' dir='ltr'><strong><em>Plures</em></strong></span> <span class='ocrx_word' id='word_1_502' title='bbox 529 5722 656 5775; x_wconf 66' lang='lat' dir='ltr'><strong><em>uss,</em></strong></span> <span class='ocrx_word' id='word_1_503' title='bbox 682 5710 866 5770; x_wconf 74' lang='lat' dir='ltr'><strong><em>dicina.</em></strong></span> 
     </span>
    </p>
   </div>
   <div class='ocr_carea' id='block_1_60' title="bbox 240 5774 1822 5888">
    <p class='ocr_par' dir='ltr' id='par_1_60' title="bbox 240 5774 1822 5888">
     <span class='ocr_line' id='line_1_61' title="bbox 240 5774 1822 5888; baseline 0.015 -66"><span class='ocrx_word' id='word_1_504' title='bbox 240 5774 329 5888; x_wconf 49' lang='grc' dir='ltr'><em>οὲ</em></span> <span class='ocrx_word' id='word_1_505' title='bbox 354 5777 428 5826; x_wconf 77' lang='lat' dir='ltr'><strong><em>sic</em></strong></span> <span class='ocrx_word' id='word_1_506' title='bbox 479 5774 651 5828; x_wconf 84' lang='lat' dir='ltr'><strong><em>omnes</em></strong></span> <span class='ocrx_word' id='word_1_507' title='bbox 703 5792 902 5843; x_wconf 75' lang='lat' dir='ltr'><strong><em>prorsus</em></strong></span> <span class='ocrx_word' id='word_1_508' title='bbox 953 5789 1279 5851; x_wconf 80' lang='lat' dir='ltr'><strong><em>manuscri,ti.</em></strong></span> <span class='ocrx_word' id='word_1_509' title='bbox 1339 5799 1393 5841; x_wconf 73' lang='grc' dir='ltr'><strong><em>Αι</em></strong></span> <span class='ocrx_word' id='word_1_510' title='bbox 1452 5792 1567 5844; x_wconf 78' lang='lat' dir='ltr'><strong><em>editi</em></strong></span> <span class='ocrx_word' id='word_1_511' title='bbox 1598 5829 1613 5857; x_wconf 92' lang='lat'><strong><em>,</em></strong></span> <span class='ocrx_word' id='word_1_512' title='bbox 1674 5806 1822 5858; x_wconf 81' lang='lat' dir='ltr'><strong><em>opera</em></strong></span> 
     </span>
    </p>
   </div>
   <div class='ocr_carea' id='block_1_61' title="bbox 553 5922 1075 5990">
    <p class='ocr_par' dir='ltr' id='par_1_61' title="bbox 553 5922 1075 5990">
     <span class='ocr_line' id='line_1_62' title="bbox 553 5922 1075 5990; baseline 0.017 -9"><span class='ocrx_word' id='word_1_513' title='bbox 553 5922 818 5986; x_wconf 78' lang='lat' dir='ltr'><strong><em>PATROL.</em></strong></span> <span class='ocrx_word' id='word_1_514' title='bbox 857 5926 1075 5990; x_wconf 77' lang='lat' dir='ltr'><strong>XLIV.</strong></span> 
     </span>
    </p>
   </div>
   <div class='ocr_carea' id='block_1_62' title="bbox 1142 374 2649 450">
    <p class='ocr_par' dir='ltr' id='par_1_62' title="bbox 1142 374 2649 450">
     <span class='ocr_line' id='line_1_63' title="bbox 1142 374 2649 450; baseline -0.001 -2"><span class='ocrx_word' id='word_1_515' title='bbox 1142 391 1346 449; x_wconf 80' lang='lat' dir='ltr'><strong><em>LIBER</em></strong></span> <span class='ocrx_word' id='word_1_516' title='bbox 1387 393 1475 447; x_wconf 75' lang='lat' dir='ltr'><strong><em>ne</em></strong></span> <span class='ocrx_word' id='word_1_517' title='bbox 1516 374 2175 450; x_wconf 57' lang='lat' dir='ltr'><strong><em>pumeesnxnione</em></strong></span> <span class='ocrx_word' id='word_1_518' title='bbox 2214 392 2649 450; x_wconf 74' lang='lat' dir='ltr'><strong><em>SANCTouuu.</em></strong></span> 
     </span>
    </p>
   </div>
   <div class='ocr_carea' id='block_1_63' title="bbox 1888 2672 1929 2689">
    <p class='ocr_par' dir='ltr' id='par_1_63' title="bbox 1888 2672 1929 2689">
     <span class='ocr_line' id='line_1_64' title="bbox 1888 2672 1929 2689; baseline 0 0"><span class='ocrx_word' id='word_1_519' title='bbox 1888 2672 1929 2689; x_wconf 67' lang='lat' dir='ltr'><strong><em>J-</em></strong></span> 
     </span>
    </p>
   </div>
   <div class='ocr_carea' id='block_1_64' title="bbox 3436 397 3537 451">
    <p class='ocr_par' dir='ltr' id='par_1_64' title="bbox 3436 397 3537 451">
     <span class='ocr_line' id='line_1_65' title="bbox 3436 397 3537 451; baseline 0.02 -2"><span class='ocrx_word' id='word_1_520' title='bbox 3436 397 3537 451; x_wconf 78' lang='lat'><strong><em>970</em></strong></span> 
     </span>
    </p>
   </div>
   <div class='ocr_carea' id='block_1_65' title="bbox 1961 501 3536 575">
    <p class='ocr_par' dir='ltr' id='par_1_65' title="bbox 1961 501 3536 575">
     <span class='ocr_line' id='line_1_66' title="bbox 1961 501 3536 575; baseline 0.001 -17"><span class='ocrx_word' id='word_1_521' title='bbox 1961 504 2032 559; x_wconf 89' lang='lat' dir='ltr'><strong><em>ho</em></strong></span> <span class='ocrx_word' id='word_1_522' title='bbox 2058 501 2163 560; x_wconf 79' lang='lat' dir='ltr'><strong><em>dici</em></strong></span> <span class='ocrx_word' id='word_1_523' title='bbox 2208 513 2400 574; x_wconf 87' lang='lat' dir='ltr'><strong><em>potest,</em></strong></span> <span class='ocrx_word' id='word_1_524' title='bbox 2446 508 2599 575; x_wconf 84' lang='lat' dir='ltr'><strong><em>cujus</em></strong></span> <span class='ocrx_word' id='word_1_525' title='bbox 2634 516 2865 575; x_wconf 70' lang='lat' dir='ltr'><strong><em>accepta:</em></strong></span> <span class='ocrx_word' id='word_1_526' title='bbox 2910 514 3033 561; x_wconf 89' lang='lat' dir='ltr'><strong><em>sunt</em></strong></span> <span class='ocrx_word' id='word_1_527' title='bbox 3082 508 3439 575; x_wconf 75' lang='lat' dir='ltr'><strong><em>eleemosyne</em></strong></span> <span class='ocrx_word' id='word_1_528' title='bbox 3480 519 3536 562; x_wconf 84' lang='lat' dir='ltr'><strong><em>et</em></strong></span> 
     </span>
    </p>
   </div>
   <div class='ocr_carea' id='block_1_66' title="bbox 1956 595 3537 668">
    <p class='ocr_par' dir='ltr' id='par_1_66' title="bbox 1956 595 3537 668">
     <span class='ocr_line' id='line_1_67' title="bbox 1956 595 3537 668; baseline 0.002 -20"><span class='ocrx_word' id='word_1_529' title='bbox 1956 595 2218 649; x_wconf 78' lang='lat' dir='ltr'><strong><em>exaudita:</em></strong></span> <span class='ocrx_word' id='word_1_530' title='bbox 2249 596 2520 652; x_wconf 87' lang='lat' dir='ltr'><strong><em>orationes</em></strong></span> <span class='ocrx_word' id='word_1_531' title='bbox 2545 606 2827 668; x_wconf 83' lang='lat' dir='ltr'><strong><em>antequam</em></strong></span> <span class='ocrx_word' id='word_1_532' title='bbox 2858 598 3170 653; x_wconf 82' lang='lat' dir='ltr'><strong><em>credidisset</em></strong></span> <span class='ocrx_word' id='word_1_533' title='bbox 3190 600 3243 653; x_wconf 92' lang='lat' dir='ltr'><strong><em>in</em></strong></span> <span class='ocrx_word' id='word_1_534' title='bbox 3267 598 3537 655; x_wconf 87' lang='lat' dir='ltr'><strong><em>Christum</em></strong></span> 
     </span>
    </p>
   </div>
   <div class='ocr_carea' id='block_1_67' title="bbox 1958 682 3542 760">
    <p class='ocr_par' dir='ltr' id='par_1_67' title="bbox 1958 682 3542 760">
     <span class='ocr_line' id='line_1_68' title="bbox 1958 682 3542 760; baseline 0.004 -21"><span class='ocrx_word' id='word_1_535' title='bbox 1958 686 2093 756; x_wconf 84' lang='lat' dir='ltr'><strong><em>(Act.</em></strong></span> <span class='ocrx_word' id='word_1_536' title='bbox 2115 703 2173 752; x_wconf 73' lang='grc' dir='ltr'><strong><em>ι,</em></strong></span> <span class='ocrx_word' id='word_1_537' title='bbox 2200 682 2254 759; x_wconf 80' lang='grc'><strong><em>4)</em></strong></span> <span class='ocrx_word' id='word_1_538' title='bbox 2277 705 2289 739; x_wconf 89' lang='lat'><strong>:</strong></span> <span class='ocrx_word' id='word_1_539' title='bbox 2315 702 2415 743; x_wconf 90' lang='lat' dir='ltr'><strong><em>uec</em></strong></span> <span class='ocrx_word' id='word_1_540' title='bbox 2440 697 2616 744; x_wconf 89' lang='lat' dir='ltr'><strong><em>tamen</em></strong></span> <span class='ocrx_word' id='word_1_541' title='bbox 2643 690 2758 745; x_wconf 90' lang='lat' dir='ltr'><strong><em>sine</em></strong></span> <span class='ocrx_word' id='word_1_542' title='bbox 2779 689 2951 760; x_wconf 80' lang='lat' dir='ltr'><strong><em>aliqua</em></strong></span> <span class='ocrx_word' id='word_1_543' title='bbox 2977 690 3079 745; x_wconf 82' lang='lat' dir='ltr'><strong><em>ﬁde</em></strong></span> <span class='ocrx_word' id='word_1_544' title='bbox 3098 690 3329 744; x_wconf 87' lang='lat' dir='ltr'><strong><em>donabat</em></strong></span> <span class='ocrx_word' id='word_1_545' title='bbox 3347 699 3404 745; x_wconf 86' lang='lat' dir='ltr'><strong><em>et</em></strong></span> <span class='ocrx_word' id='word_1_546' title='bbox 3426 703 3542 747; x_wconf 81' lang='lat' dir='ltr'><strong><em>ora-</em></strong></span> 
     </span>
    </p>
   </div>
   <div class='ocr_carea' id='block_1_68' title="bbox 1956 776 3540 858">
    <p class='ocr_par' dir='ltr' id='par_1_68' title="bbox 1956 776 3540 858">
     <span class='ocr_line' id='line_1_69' title="bbox 1956 776 3540 858; baseline 0.005 -26"><span class='ocrx_word' id='word_1_547' title='bbox 1956 778 2066 833; x_wconf 86' lang='lat' dir='ltr'><strong><em>bat.</em></strong></span> <span class='ocrx_word' id='word_1_548' title='bbox 2096 778 2226 834; x_wconf 86' lang='lat' dir='ltr'><strong><em>Nam</em></strong></span> <span class='ocrx_word' id='word_1_549' title='bbox 2254 776 2522 850; x_wconf 85' lang='lat' dir='ltr'><strong><em>quomodo</em></strong></span> <span class='ocrx_word' id='word_1_550' title='bbox 2546 783 2858 858; x_wconf 85' lang='lat' dir='ltr'><strong><em>invocabat,‘</em></strong></span> <span class='ocrx_word' id='word_1_551' title='bbox 2874 785 2931 858; x_wconf 88' lang='lat' dir='ltr'><strong><em>in</em></strong></span> <span class='ocrx_word' id='word_1_552' title='bbox 2972 799 3129 854; x_wconf 89' lang='lat' dir='ltr'><strong><em>quem</em></strong></span> <span class='ocrx_word' id='word_1_553' title='bbox 3156 801 3260 838; x_wconf 89' lang='lat' dir='ltr'><strong><em>non</em></strong></span> <span class='ocrx_word' id='word_1_554' title='bbox 3291 784 3540 840; x_wconf 88' lang='lat' dir='ltr'><strong><em>credide-</em></strong></span> 
     </span>
    </p>
   </div>
   <div class='ocr_carea' id='block_1_69' title="bbox 1956 856 3541 945">
    <p class='ocr_par' dir='ltr' id='par_1_69' title="bbox 1956 856 3541 945">
     <span class='ocr_line' id='line_1_70' title="bbox 1956 856 3541 945; baseline 0.005 -22"><span class='ocrx_word' id='word_1_555' title='bbox 1956 879 2040 924; x_wconf 87' lang='lat' dir='ltr'><strong><em>rat</em></strong></span> <span class='ocrx_word' id='word_1_556' title='bbox 2069 869 2241 939; x_wconf 85' lang='lat' dir='ltr'><strong><em>(Rom.</em></strong></span> <span class='ocrx_word' id='word_1_557' title='bbox 2269 889 2322 937; x_wconf 73' lang='grc' dir='ltr'><strong><em>ι,</em></strong></span> <span class='ocrx_word' id='word_1_558' title='bbox 2354 874 2483 944; x_wconf 61' lang='lat' dir='ltr'><strong><em>lt)?</em></strong></span> <span class='ocrx_word' id='word_1_559' title='bbox 2508 873 2614 929; x_wconf 90' lang='lat' dir='ltr'><strong><em>Sed</em></strong></span> <span class='ocrx_word' id='word_1_560' title='bbox 2641 856 2683 929; x_wconf 88' lang='lat' dir='ltr'><strong><em>si</em></strong></span> <span class='ocrx_word' id='word_1_561' title='bbox 2715 856 2894 945; x_wconf 76' lang='lat' dir='ltr'><strong><em>posset</em></strong></span> <span class='ocrx_word' id='word_1_562' title='bbox 2918 875 3033 930; x_wconf 91' lang='lat' dir='ltr'><strong><em>sine</em></strong></span> <span class='ocrx_word' id='word_1_563' title='bbox 3073 875 3174 930; x_wconf 78' lang='lat' dir='ltr'><strong><em>title</em></strong></span> <span class='ocrx_word' id='word_1_564' title='bbox 3197 875 3391 930; x_wconf 77' lang='lat' dir='ltr'><strong><em>Christi</em></strong></span> <span class='ocrx_word' id='word_1_565' title='bbox 3418 891 3541 931; x_wconf 89' lang='lat' dir='ltr'><strong><em>esse</em></strong></span> 
     </span>
    </p>
   </div>
   <div class='ocr_carea' id='block_1_70' title="bbox 1957 961 3543 1029">
    <p class='ocr_par' dir='ltr' id='par_1_70' title="bbox 1957 961 3543 1029">
     <span class='ocr_line' id='line_1_71' title="bbox 1957 961 3543 1029; baseline 0.004 -14"><span class='ocrx_word' id='word_1_566' title='bbox 1957 961 2155 1029; x_wconf 81' lang='lat' dir='ltr'><strong><em>salvus,</em></strong></span> <span class='ocrx_word' id='word_1_567' title='bbox 2202 978 2306 1017; x_wconf 89' lang='lat' dir='ltr'><strong><em>non</em></strong></span> <span class='ocrx_word' id='word_1_568' title='bbox 2348 963 2414 1018; x_wconf 92' lang='lat' dir='ltr'><strong><em>ad</em></strong></span> <span class='ocrx_word' id='word_1_569' title='bbox 2453 981 2575 1021; x_wconf 91' lang='lat' dir='ltr'><strong><em>eum</em></strong></span> <span class='ocrx_word' id='word_1_570' title='bbox 2615 966 2984 1021; x_wconf 73' lang='lat' dir='ltr'><strong><em>mdilicandum</em></strong></span> <span class='ocrx_word' id='word_1_571' title='bbox 3025 969 3327 1023; x_wconf 84' lang='lat' dir='ltr'><strong><em>mitteretur</em></strong></span> <span class='ocrx_word' id='word_1_572' title='bbox 3367 969 3543 1023; x_wconf 82' lang='lat' dir='ltr'><strong><em>archi-</em></strong></span> 
     </span>
    </p>
   </div>
   <div class='ocr_carea' id='block_1_71' title="bbox 1958 1055 3583 1127">
    <p class='ocr_par' dir='ltr' id='par_1_71' title="bbox 1958 1055 3583 1127">
     <span class='ocr_line' id='line_1_72' title="bbox 1958 1055 3583 1127; baseline 0.004 -23"><span class='ocrx_word' id='word_1_573' title='bbox 1958 1058 2126 1105; x_wconf 86' lang='lat' dir='ltr'><strong><em>tectus</em></strong></span> <span class='ocrx_word' id='word_1_574' title='bbox 2154 1055 2430 1122; x_wconf 86' lang='lat' dir='ltr'><strong><em>apostolus</em></strong></span> <span class='ocrx_word' id='word_1_575' title='bbox 2458 1055 2645 1110; x_wconf 87' lang='lat' dir='ltr'><strong><em>Petrus</em></strong></span> <span class='ocrx_word' id='word_1_576' title='bbox 2674 1074 2686 1110; x_wconf 92' lang='lat'><strong>:</strong></span> <span class='ocrx_word' id='word_1_577' title='bbox 2712 1058 2953 1125; x_wconf 80' lang='lat' dir='ltr'><strong><em>quamvis</em></strong></span> <span class='ocrx_word' id='word_1_578' title='bbox 2978 1059 3073 1111; x_wconf 87' lang='lat' dir='ltr'><strong><em>nisi</em></strong></span> <span class='ocrx_word' id='word_1_579' title='bbox 3101 1057 3349 1112; x_wconf 87' lang='lat' dir='ltr'><strong><em>Dominus</em></strong></span> <span class='ocrx_word' id='word_1_580' title='bbox 3375 1060 3540 1127; x_wconf 74' lang='lat' dir='ltr'><strong><em>ardi/i-</em></strong></span> <span class='ocrx_word' id='word_1_581' title='bbox 3574 1072 3583 1079; x_wconf 85' lang='lat'>&#39;</span> 
     </span>
    </p>
   </div>
   <div class='ocr_carea' id='block_1_72' title="bbox 1957 1131 3544 1219">
    <p class='ocr_par' dir='ltr' id='par_1_72' title="bbox 1957 1131 3544 1219">
     <span class='ocr_line' id='line_1_73' title="bbox 1957 1131 3544 1219; baseline 0.004 -24"><span class='ocrx_word' id='word_1_582' title='bbox 1957 1144 2140 1197; x_wconf 86' lang='lat' dir='ltr'><strong><em>caverit</em></strong></span> <span class='ocrx_word' id='word_1_583' title='bbox 2162 1131 2389 1212; x_wconf 75' lang='lat' dir='ltr'><strong><em>domum,</em></strong></span> <span class='ocrx_word' id='word_1_584' title='bbox 2417 1147 2469 1201; x_wconf 87' lang='lat' dir='ltr'><strong><em>in</em></strong></span> <span class='ocrx_word' id='word_1_585' title='bbox 2496 1164 2680 1201; x_wconf 86' lang='lat' dir='ltr'><strong><em>vanum</em></strong></span> <span class='ocrx_word' id='word_1_586' title='bbox 2716 1149 3071 1204; x_wconf 84' lang='lat' dir='ltr'><strong><em>laboraverunt</em></strong></span> <span class='ocrx_word' id='word_1_587' title='bbox 3096 1151 3406 1219; x_wconf 65' lang='lat' dir='ltr'><strong><em>aediﬁcantes</em></strong></span> <span class='ocrx_word' id='word_1_588' title='bbox 3432 1166 3544 1203; x_wconf 90' lang='lat' dir='ltr'><strong><em>eam</em></strong></span> 
     </span>
    </p>
   </div>
   <div class='ocr_carea' id='block_1_73' title="bbox 1963 1232 3542 1307">
    <p class='ocr_par' dir='ltr' id='par_1_73' title="bbox 1963 1232 3542 1307">
     <span class='ocr_line' id='line_1_74' title="bbox 1963 1232 3542 1307; baseline 0.006 -23"><span class='ocrx_word' id='word_1_589' title='bbox 1963 1232 2133 1304; x_wconf 88' lang='lat' dir='ltr'><strong><em>(Psal.</em></strong></span> <span class='ocrx_word' id='word_1_590' title='bbox 2156 1250 2333 1303; x_wconf 73' lang='lat' dir='ltr'><strong><em>cxxvn,</em></strong></span> <span class='ocrx_word' id='word_1_591' title='bbox 2368 1237 2443 1307; x_wconf 84' lang='lat' dir='ltr'><strong><em>l).</em></strong></span> <span class='ocrx_word' id='word_1_592' title='bbox 2468 1237 2537 1292; x_wconf 86' lang='lat' dir='ltr'><strong><em>Et</em></strong></span> <span class='ocrx_word' id='word_1_593' title='bbox 2559 1238 2754 1294; x_wconf 87' lang='lat' dir='ltr'><strong><em>dicitur</em></strong></span> <span class='ocrx_word' id='word_1_594' title='bbox 2779 1241 2952 1307; x_wconf 89' lang='lat' dir='ltr'><strong><em>nobis,</em></strong></span> <span class='ocrx_word' id='word_1_595' title='bbox 2992 1260 3010 1293; x_wconf 74' lang='grc' dir='ltr'>ι</span> <span class='ocrx_word' id='word_1_596' title='bbox 3039 1241 3195 1296; x_wconf 86' lang='lat' dir='ltr'><strong><em>Fides</em></strong></span> <span class='ocrx_word' id='word_1_597' title='bbox 3215 1251 3295 1297; x_wconf 91' lang='lat' dir='ltr'><strong><em>est</em></strong></span> <span class='ocrx_word' id='word_1_598' title='bbox 3316 1257 3344 1295; x_wconf 88' lang='lat' dir='ltr'><strong><em>a</em></strong></span> <span class='ocrx_word' id='word_1_599' title='bbox 3366 1241 3542 1303; x_wconf 84' lang='lat' dir='ltr'><strong><em>nobis,</em></strong></span> 
     </span>
    </p>
   </div>
   <div class='ocr_carea' id='block_1_74' title="bbox 1957 1324 3538 1400">
    <p class='ocr_par' dir='ltr' id='par_1_74' title="bbox 1957 1324 3538 1400">
     <span class='ocr_line' id='line_1_75' title="bbox 1957 1324 3538 1400; baseline 0.004 -24"><span class='ocrx_word' id='word_1_600' title='bbox 1957 1331 2151 1377; x_wconf 66' lang='lat' dir='ltr'><strong><em>ctetera</em></strong></span> <span class='ocrx_word' id='word_1_601' title='bbox 2200 1338 2231 1377; x_wconf 90' lang='lat' dir='ltr'><strong><em>a</em></strong></span> <span class='ocrx_word' id='word_1_602' title='bbox 2275 1324 2504 1380; x_wconf 90' lang='lat' dir='ltr'><strong><em>Domino</em></strong></span> <span class='ocrx_word' id='word_1_603' title='bbox 2549 1328 2616 1381; x_wconf 93' lang='lat' dir='ltr'><strong><em>ad</em></strong></span> <span class='ocrx_word' id='word_1_604' title='bbox 2660 1342 2822 1398; x_wconf 79' lang='lat' dir='ltr'><strong><em>Opera</em></strong></span> <span class='ocrx_word' id='word_1_605' title='bbox 2862 1328 3084 1398; x_wconf 82' lang='lat' dir='ltr'><strong><em>jnstitiae</em></strong></span> <span class='ocrx_word' id='word_1_606' title='bbox 3124 1331 3480 1400; x_wconf 82' lang='lat' dir='ltr'><strong><em>pertinentia:</em></strong></span> <span class='ocrx_word' id='word_1_607' title='bbox 3519 1352 3538 1382; x_wconf 69' lang='grc' dir='ltr'><strong><em>ι</em></strong></span> 
     </span>
    </p>
   </div>
   <div class='ocr_carea' id='block_1_75' title="bbox 1958 1414 3542 1492">
    <p class='ocr_par' dir='ltr' id='par_1_75' title="bbox 1958 1414 3542 1492">
     <span class='ocr_line' id='line_1_76' title="bbox 1958 1414 3542 1492; baseline 0.006 -25"><span class='ocrx_word' id='word_1_608' title='bbox 1958 1415 2109 1483; x_wconf 89' lang='lat' dir='ltr'><strong><em>quasi</em></strong></span> <span class='ocrx_word' id='word_1_609' title='bbox 2155 1414 2223 1469; x_wconf 91' lang='lat' dir='ltr'><strong><em>ad</em></strong></span> <span class='ocrx_word' id='word_1_610' title='bbox 2270 1416 2549 1472; x_wconf 65' lang='lat' dir='ltr'><strong><em>aedilicium</em></strong></span> <span class='ocrx_word' id='word_1_611' title='bbox 2595 1435 2698 1474; x_wconf 93' lang='lat' dir='ltr'><strong><em>non</em></strong></span> <span class='ocrx_word' id='word_1_612' title='bbox 2748 1421 3011 1490; x_wconf 86' lang='lat' dir='ltr'><strong><em>pertineat</em></strong></span> <span class='ocrx_word' id='word_1_613' title='bbox 3058 1421 3224 1490; x_wconf 84' lang='lat' dir='ltr'><strong><em>lides;</em></strong></span> <span class='ocrx_word' id='word_1_614' title='bbox 3273 1424 3425 1492; x_wconf 89' lang='lat' dir='ltr'><strong><em>quasi</em></strong></span> <span class='ocrx_word' id='word_1_615' title='bbox 3477 1422 3542 1477; x_wconf 88' lang='lat' dir='ltr'><strong><em>ad</em></strong></span> 
     </span>
    </p>
   </div>
   <div class='ocr_carea' id='block_1_76' title="bbox 1958 1505 3544 1581">
    <p class='ocr_par' dir='ltr' id='par_1_76' title="bbox 1958 1505 3544 1581">
     <span class='ocr_line' id='line_1_77' title="bbox 1958 1505 3544 1581; baseline 0.005 -22"><span class='ocrx_word' id='word_1_616' title='bbox 1958 1505 2262 1574; x_wconf 69' lang='lat' dir='ltr'><strong><em>aedilicium,</em></strong></span> <span class='ocrx_word' id='word_1_617' title='bbox 2282 1507 2518 1578; x_wconf 90' lang='lat' dir='ltr'><strong><em>inquam,</em></strong></span> <span class='ocrx_word' id='word_1_618' title='bbox 2544 1525 2648 1564; x_wconf 93' lang='lat' dir='ltr'><strong><em>non</em></strong></span> <span class='ocrx_word' id='word_1_619' title='bbox 2667 1511 2928 1580; x_wconf 87' lang='lat' dir='ltr'><strong><em>pertineat</em></strong></span> <span class='ocrx_word' id='word_1_620' title='bbox 2948 1512 3368 1568; x_wconf 78' lang='lat' dir='ltr'><strong><em>fundamentum.</em></strong></span> <span class='ocrx_word' id='word_1_621' title='bbox 3392 1513 3544 1581; x_wconf 87' lang='lat' dir='ltr'><strong><em>Quod</em></strong></span> 
     </span>
    </p>
   </div>
   <div class='ocr_carea' id='block_1_77' title="bbox 1957 1597 3548 1671">
    <p class='ocr_par' dir='ltr' id='par_1_77' title="bbox 1957 1597 3548 1671">
     <span class='ocr_line' id='line_1_78' title="bbox 1957 1597 3548 1671; baseline 0.003 -20"><span class='ocrx_word' id='word_1_622' title='bbox 1957 1597 2004 1651; x_wconf 89' lang='lat' dir='ltr'><strong><em>si</em></strong></span> <span class='ocrx_word' id='word_1_623' title='bbox 2033 1597 2086 1652; x_wconf 93' lang='lat' dir='ltr'><strong><em>in</em></strong></span> <span class='ocrx_word' id='word_1_624' title='bbox 2131 1598 2318 1668; x_wconf 88' lang='lat' dir='ltr'><strong><em>primis</em></strong></span> <span class='ocrx_word' id='word_1_625' title='bbox 2347 1609 2401 1654; x_wconf 92' lang='lat' dir='ltr'><strong><em>et</em></strong></span> <span class='ocrx_word' id='word_1_626' title='bbox 2442 1602 2672 1655; x_wconf 78' lang='lat' dir='ltr'><strong><em>maxime</em></strong></span> <span class='ocrx_word' id='word_1_627' title='bbox 2712 1602 2965 1671; x_wconf 89' lang='lat' dir='ltr'><strong><em>pertinet,</em></strong></span> <span class='ocrx_word' id='word_1_628' title='bbox 3012 1603 3066 1658; x_wconf 88' lang='lat' dir='ltr'><strong><em>in</em></strong></span> <span class='ocrx_word' id='word_1_629' title='bbox 3107 1619 3299 1658; x_wconf 84' lang='lat' dir='ltr'><strong><em>vanum</em></strong></span> <span class='ocrx_word' id='word_1_630' title='bbox 3340 1603 3548 1660; x_wconf 90' lang='lat' dir='ltr'><strong><em>laborat</em></strong></span> 
     </span>
    </p>
   </div>
   <div class='ocr_carea' id='block_1_78' title="bbox 1958 1689 3541 1765">
    <p class='ocr_par' dir='ltr' id='par_1_78' title="bbox 1958 1689 3541 1765">
     <span class='ocr_line' id='line_1_79' title="bbox 1958 1689 3541 1765; baseline 0.004 -21"><span class='ocrx_word' id='word_1_631' title='bbox 1958 1689 2298 1761; x_wconf 63' lang='lat' dir='ltr'><strong><em>praedicando</em></strong></span> <span class='ocrx_word' id='word_1_632' title='bbox 2318 1691 2583 1765; x_wconf 70' lang='lat' dir='ltr'><strong><em>aidilicans</em></strong></span> <span class='ocrx_word' id='word_1_633' title='bbox 2612 1692 2797 1756; x_wconf 78' lang='lat' dir='ltr'><strong><em>fidem,</em></strong></span> <span class='ocrx_word' id='word_1_634' title='bbox 2822 1695 2921 1748; x_wconf 89' lang='lat' dir='ltr'><strong><em>nisi</em></strong></span> <span class='ocrx_word' id='word_1_635' title='bbox 2953 1709 3073 1749; x_wconf 89' lang='lat' dir='ltr'><strong><em>eam</em></strong></span> <span class='ocrx_word' id='word_1_636' title='bbox 3097 1695 3355 1749; x_wconf 75' lang='lat' dir='ltr'><strong><em>Dominus</em></strong></span> <span class='ocrx_word' id='word_1_637' title='bbox 3377 1695 3541 1751; x_wconf 79' lang='lat' dir='ltr'><strong><em>mise—</em></strong></span> 
     </span>
    </p>
   </div>
   <div class='ocr_carea' id='block_1_79' title="bbox 1958 1778 3545 1856">
    <p class='ocr_par' dir='ltr' id='par_1_79' title="bbox 1958 1778 3545 1856">
     <span class='ocr_line' id='line_1_80' title="bbox 1958 1778 3545 1856; baseline 0.005 -23"><span class='ocrx_word' id='word_1_638' title='bbox 1958 1778 2127 1835; x_wconf 90' lang='lat' dir='ltr'><strong><em>rando</em></strong></span> <span class='ocrx_word' id='word_1_639' title='bbox 2154 1780 2296 1836; x_wconf 91' lang='lat' dir='ltr'><strong><em>intus</em></strong></span> <span class='ocrx_word' id='word_1_640' title='bbox 2321 1781 2566 1838; x_wconf 72' lang='lat' dir='ltr'><strong><em>aedificet.</em></strong></span> <span class='ocrx_word' id='word_1_641' title='bbox 2611 1783 2878 1855; x_wconf 85' lang='lat' dir='ltr'><strong><em>Quidquid</em></strong></span> <span class='ocrx_word' id='word_1_642' title='bbox 2908 1785 3068 1855; x_wconf 81' lang='lat' dir='ltr'><strong><em>igitur</em></strong></span> <span class='ocrx_word' id='word_1_643' title='bbox 3100 1796 3153 1841; x_wconf 91' lang='lat' dir='ltr'><strong><em>et</em></strong></span> <span class='ocrx_word' id='word_1_644' title='bbox 3177 1798 3461 1856; x_wconf 83' lang='lat' dir='ltr'><strong><em>antequam</em></strong></span> <span class='ocrx_word' id='word_1_645' title='bbox 3493 1787 3545 1841; x_wconf 92' lang='lat' dir='ltr'><strong><em>iu</em></strong></span> 
     </span>
    </p>
   </div>
   <div class='ocr_carea' id='block_1_80' title="bbox 1959 1866 3545 1942">
    <p class='ocr_par' dir='ltr' id='par_1_80' title="bbox 1959 1866 3545 1942">
     <span class='ocr_line' id='line_1_81' title="bbox 1959 1866 3545 1942; baseline 0.005 -21"><span class='ocrx_word' id='word_1_646' title='bbox 1959 1866 2227 1924; x_wconf 89' lang='lat' dir='ltr'><strong><em>Christum</em></strong></span> <span class='ocrx_word' id='word_1_647' title='bbox 2253 1870 2515 1939; x_wconf 89' lang='lat' dir='ltr'><strong><em>crederet,</em></strong></span> <span class='ocrx_word' id='word_1_648' title='bbox 2541 1883 2596 1928; x_wconf 91' lang='lat' dir='ltr'><strong><em>et</em></strong></span> <span class='ocrx_word' id='word_1_649' title='bbox 2634 1889 2756 1929; x_wconf 91' lang='lat' dir='ltr'><strong><em>cum</em></strong></span> <span class='ocrx_word' id='word_1_650' title='bbox 2785 1874 3035 1930; x_wconf 88' lang='lat' dir='ltr'><strong><em>crederet</em></strong></span> <span class='ocrx_word' id='word_1_651' title='bbox 3060 1875 3100 1942; x_wconf 77' lang='grc' dir='ltr'><strong><em>ί,</em></strong></span> <span class='ocrx_word' id='word_1_652' title='bbox 3133 1885 3186 1930; x_wconf 90' lang='lat' dir='ltr'><strong><em>et</em></strong></span> <span class='ocrx_word' id='word_1_653' title='bbox 3215 1889 3334 1929; x_wconf 88' lang='lat' dir='ltr'><strong><em>cum</em></strong></span> <span class='ocrx_word' id='word_1_654' title='bbox 3368 1875 3545 1931; x_wconf 89' lang='lat' dir='ltr'><strong><em>credi-</em></strong></span> 
     </span>
    </p>
   </div>
   <div class='ocr_carea' id='block_1_81' title="bbox 1959 1959 3545 2036">
    <p class='ocr_par' dir='ltr' id='par_1_81' title="bbox 1959 1959 3545 2036">
     <span class='ocr_line' id='line_1_82' title="bbox 1959 1959 3545 2036; baseline 0.004 -22"><span class='ocrx_word' id='word_1_655' title='bbox 1959 1959 2149 2026; x_wconf 87' lang='lat' dir='ltr'><strong><em>disset.</em></strong></span> <span class='ocrx_word' id='word_1_656' title='bbox 2182 1961 2319 2019; x_wconf 91' lang='lat' dir='ltr'><strong><em>bene</em></strong></span> <span class='ocrx_word' id='word_1_657' title='bbox 2345 1974 2598 2036; x_wconf 85' lang='lat' dir='ltr'><strong><em>operatus</em></strong></span> <span class='ocrx_word' id='word_1_658' title='bbox 2629 1976 2713 2021; x_wconf 90' lang='lat' dir='ltr'><strong><em>est</em></strong></span> <span class='ocrx_word' id='word_1_659' title='bbox 2737 1964 3038 2035; x_wconf 89' lang='lat' dir='ltr'><strong><em>Cornelius,</em></strong></span> <span class='ocrx_word' id='word_1_660' title='bbox 3066 1974 3235 2021; x_wconf 88' lang='lat' dir='ltr'><strong><em>totum</em></strong></span> <span class='ocrx_word' id='word_1_661' title='bbox 3278 1967 3386 2023; x_wconf 90' lang='lat' dir='ltr'><strong><em>Deo</em></strong></span> <span class='ocrx_word' id='word_1_662' title='bbox 3413 1967 3545 2022; x_wconf 86' lang='lat' dir='ltr'><strong><em>dan-</em></strong></span> 
     </span>
    </p>
   </div>
   <div class='ocr_carea' id='block_1_82' title="bbox 1959 2051 2951 2129">
    <p class='ocr_par' dir='ltr' id='par_1_82' title="bbox 1959 2051 2951 2129">
     <span class='ocr_line' id='line_1_83' title="bbox 1959 2051 2951 2129; baseline 0.006 -22"><span class='ocrx_word' id='word_1_663' title='bbox 1959 2051 2087 2108; x_wconf 89' lang='lat' dir='ltr'><strong><em>dum</em></strong></span> <span class='ocrx_word' id='word_1_664' title='bbox 2115 2062 2221 2121; x_wconf 89' lang='lat' dir='ltr'><strong><em>est,</em></strong></span> <span class='ocrx_word' id='word_1_665' title='bbox 2251 2070 2319 2110; x_wconf 91' lang='lat' dir='ltr'><strong><em>ne</em></strong></span> <span class='ocrx_word' id='word_1_666' title='bbox 2343 2055 2479 2112; x_wconf 80' lang='lat' dir='ltr'><strong><em>forte</em></strong></span> <span class='ocrx_word' id='word_1_667' title='bbox 2501 2057 2620 2129; x_wconf 89' lang='lat' dir='ltr'><strong><em>quis</em></strong></span> <span class='ocrx_word' id='word_1_668' title='bbox 2645 2057 2951 2115; x_wconf 75' lang='lat' dir='ltr'><strong><em>extollatur.</em></strong></span> 
     </span>
    </p>
   </div>
   <div class='ocr_carea' id='block_1_83' title="bbox 2029 2145 3547 2222">
    <p class='ocr_par' dir='ltr' id='par_1_83' title="bbox 2029 2145 3547 2222">
     <span class='ocr_line' id='line_1_84' title="bbox 2029 2145 3547 2222; baseline 0.003 -21"><span class='ocrx_word' id='word_1_669' title='bbox 2029 2145 2257 2202; x_wconf 85' lang='lat' dir='ltr'><strong><em>CAPUT</em></strong></span> <span class='ocrx_word' id='word_1_670' title='bbox 2297 2147 2427 2203; x_wconf 67' lang='lat' dir='ltr'><strong><em>\‘lll.</em></strong></span> <span class='ocrx_word' id='word_1_671' title='bbox 2456 2179 2529 2190; x_wconf 91' lang='lat'><strong>-</strong></span> <span class='ocrx_word' id='word_1_672' title='bbox 2571 2150 2660 2206; x_wconf 75' lang='lat' dir='ltr'><strong><em>i5.</em></strong></span> <span class='ocrx_word' id='word_1_673' title='bbox 2711 2150 2943 2206; x_wconf 87' lang='lat' dir='ltr'><strong><em>Proinde</em></strong></span> <span class='ocrx_word' id='word_1_674' title='bbox 2976 2150 3091 2222; x_wconf 90' lang='lat' dir='ltr'><strong><em>ipse</em></strong></span> <span class='ocrx_word' id='word_1_675' title='bbox 3116 2166 3253 2206; x_wconf 90' lang='lat' dir='ltr'><strong><em>unus</em></strong></span> <span class='ocrx_word' id='word_1_676' title='bbox 3296 2150 3547 2221; x_wconf 82' lang='lat' dir='ltr'><strong><em>Magister</em></strong></span> 
     </span>
    </p>
   </div>
   <div class='ocr_carea' id='block_1_84' title="bbox 1959 2236 3546 2314">
    <p class='ocr_par' dir='ltr' id='par_1_84' title="bbox 1959 2236 3546 2314">
     <span class='ocr_line' id='line_1_85' title="bbox 1959 2236 3546 2314; baseline 0.004 -23"><span class='ocrx_word' id='word_1_677' title='bbox 1959 2246 2016 2292; x_wconf 91' lang='lat' dir='ltr'><strong><em>et</em></strong></span> <span class='ocrx_word' id='word_1_678' title='bbox 2037 2239 2315 2307; x_wconf 90' lang='lat' dir='ltr'><strong><em>Dominus,</em></strong></span> <span class='ocrx_word' id='word_1_679' title='bbox 2346 2256 2468 2298; x_wconf 89' lang='lat' dir='ltr'><strong><em>cum</em></strong></span> <span class='ocrx_word' id='word_1_680' title='bbox 2496 2236 2722 2298; x_wconf 74' lang='lat' dir='ltr'><strong><em>dixisset</em></strong></span> <span class='ocrx_word' id='word_1_681' title='bbox 2747 2259 2866 2314; x_wconf 67' lang='lat' dir='ltr'><strong><em>quae</em></strong></span> <span class='ocrx_word' id='word_1_682' title='bbox 2894 2258 3053 2313; x_wconf 89' lang='lat' dir='ltr'><strong><em>supra</em></strong></span> <span class='ocrx_word' id='word_1_683' title='bbox 3082 2245 3397 2310; x_wconf 88' lang='lat' dir='ltr'><strong><em>memoravi,</em></strong></span> <span class='ocrx_word' id='word_1_684' title='bbox 3432 2243 3546 2298; x_wconf 80' lang='lat' dir='ltr'><strong><em>[loc</em></strong></span> 
     </span>
    </p>
   </div>
   <div class='ocr_carea' id='block_1_85' title="bbox 1958 2329 3543 2405">
    <p class='ocr_par' dir='ltr' id='par_1_85' title="bbox 1958 2329 3543 2405">
     <span class='ocr_line' id='line_1_86' title="bbox 1958 2329 3543 2405; baseline 0.005 -22"><span class='ocrx_word' id='word_1_685' title='bbox 1958 2338 2033 2384; x_wconf 84' lang='lat' dir='ltr'><strong><em>est</em></strong></span> <span class='ocrx_word' id='word_1_686' title='bbox 2055 2346 2182 2401; x_wconf 90' lang='lat' dir='ltr'><strong><em>opus</em></strong></span> <span class='ocrx_word' id='word_1_687' title='bbox 2209 2329 2327 2400; x_wconf 89' lang='lat' dir='ltr'><strong><em>Dei,</em></strong></span> <span class='ocrx_word' id='word_1_688' title='bbox 2349 2340 2402 2386; x_wconf 87' lang='lat' dir='ltr'><strong><em>ut</em></strong></span> <span class='ocrx_word' id='word_1_689' title='bbox 2424 2333 2641 2388; x_wconf 84' lang='lat' dir='ltr'><strong><em>credatis</em></strong></span> <span class='ocrx_word' id='word_1_690' title='bbox 2669 2333 2721 2388; x_wconf 88' lang='lat' dir='ltr'><strong><em>in</em></strong></span> <span class='ocrx_word' id='word_1_691' title='bbox 2746 2351 2860 2389; x_wconf 89' lang='lat' dir='ltr'><strong><em>eum</em></strong></span> <span class='ocrx_word' id='word_1_692' title='bbox 2884 2351 3031 2405; x_wconf 88' lang='lat' dir='ltr'><strong><em>quem</em></strong></span> <span class='ocrx_word' id='word_1_693' title='bbox 3054 2335 3186 2388; x_wconf 85' lang='lat' dir='ltr'><strong><em>misit</em></strong></span> <span class='ocrx_word' id='word_1_694' title='bbox 3213 2335 3301 2391; x_wconf 90' lang='lat' dir='ltr'><strong><em>ille</em></strong></span> <span class='ocrx_word' id='word_1_695' title='bbox 3318 2353 3338 2391; x_wconf 89' lang='lat'><strong><em>:</em></strong></span> <span class='ocrx_word' id='word_1_696' title='bbox 3364 2336 3417 2391; x_wconf 90' lang='lat' dir='ltr'><strong><em>in</em></strong></span> <span class='ocrx_word' id='word_1_697' title='bbox 3444 2352 3543 2391; x_wconf 88' lang='lat' dir='ltr'><strong><em>co-</em></strong></span> 
     </span>
    </p>
   </div>
   <div class='ocr_carea' id='block_1_86' title="bbox 1961 2421 3547 2499">
    <p class='ocr_par' dir='ltr' id='par_1_86' title="bbox 1961 2421 3547 2499">
     <span class='ocr_line' id='line_1_87' title="bbox 1961 2421 3547 2499; baseline 0.003 -23"><span class='ocrx_word' id='word_1_698' title='bbox 1961 2421 2083 2477; x_wconf 90' lang='lat' dir='ltr'><strong><em>dem</em></strong></span> <span class='ocrx_word' id='word_1_699' title='bbox 2106 2423 2223 2493; x_wconf 90' lang='lat' dir='ltr'><strong><em>ipso</em></strong></span> <span class='ocrx_word' id='word_1_700' title='bbox 2246 2437 2496 2480; x_wconf 87' lang='lat' dir='ltr'><strong><em>sermone</em></strong></span> <span class='ocrx_word' id='word_1_701' title='bbox 2523 2439 2621 2480; x_wconf 91' lang='lat' dir='ltr'><strong><em>suo</em></strong></span> <span class='ocrx_word' id='word_1_702' title='bbox 2651 2425 2809 2495; x_wconf 90' lang='lat' dir='ltr'><strong><em>paulo</em></strong></span> <span class='ocrx_word' id='word_1_703' title='bbox 2834 2437 2953 2496; x_wconf 91' lang='lat' dir='ltr'><strong><em>post</em></strong></span> <span class='ocrx_word' id='word_1_704' title='bbox 2982 2426 3076 2493; x_wconf 87' lang='lat' dir='ltr'><strong><em>ait,</em></strong></span> <span class='ocrx_word' id='word_1_705' title='bbox 3102 2424 3225 2480; x_wconf 73' lang='lat' dir='ltr'><strong><em>Dixi</em></strong></span> <span class='ocrx_word' id='word_1_706' title='bbox 3248 2427 3403 2494; x_wconf 82' lang='lat' dir='ltr'><strong><em>vobis,</em></strong></span> <span class='ocrx_word' id='word_1_707' title='bbox 3427 2430 3547 2499; x_wconf 83' lang='lat' dir='ltr'><strong><em>quia</em></strong></span> 
     </span>
    </p>
   </div>
   <div class='ocr_carea' id='block_1_87' title="bbox 1959 2516 3549 2590">
    <p class='ocr_par' dir='ltr' id='par_1_87' title="bbox 1959 2516 3549 2590">
     <span class='ocr_line' id='line_1_88' title="bbox 1959 2516 3549 2590; baseline 0.002 -20"><span class='ocrx_word' id='word_1_708' title='bbox 1959 2524 2008 2570; x_wconf 90' lang='lat' dir='ltr'><strong><em>et</em></strong></span> <span class='ocrx_word' id='word_1_709' title='bbox 2035 2516 2230 2571; x_wconf 83' lang='lat' dir='ltr'><strong><em>vidistis</em></strong></span> <span class='ocrx_word' id='word_1_710' title='bbox 2259 2533 2339 2571; x_wconf 90' lang='lat' dir='ltr'><strong><em>me</em></strong></span> <span class='ocrx_word' id='word_1_711' title='bbox 2359 2558 2374 2582; x_wconf 93' lang='lat'><strong><em>,</em></strong></span> <span class='ocrx_word' id='word_1_712' title='bbox 2406 2527 2456 2571; x_wconf 90' lang='lat' dir='ltr'><strong><em>et</em></strong></span> <span class='ocrx_word' id='word_1_713' title='bbox 2485 2534 2586 2572; x_wconf 89' lang='lat' dir='ltr'><strong><em>non</em></strong></span> <span class='ocrx_word' id='word_1_714' title='bbox 2611 2517 2912 2573; x_wconf 86' lang='lat' dir='ltr'><strong><em>credidistis.</em></strong></span> <span class='ocrx_word' id='word_1_715' title='bbox 2949 2516 3111 2573; x_wconf 84' lang='lat' dir='ltr'><strong><em>Omne</em></strong></span> <span class='ocrx_word' id='word_1_716' title='bbox 3136 2520 3270 2590; x_wconf 85' lang='lat' dir='ltr'><strong><em>quod</em></strong></span> <span class='ocrx_word' id='word_1_717' title='bbox 3300 2519 3388 2573; x_wconf 88' lang='lat' dir='ltr'><strong><em>dat</em></strong></span> <span class='ocrx_word' id='word_1_718' title='bbox 3425 2521 3549 2573; x_wconf 83' lang='lat' dir='ltr'><strong><em>mihi</em></strong></span> 
     </span>
    </p>
   </div>
   <div class='ocr_carea' id='block_1_88' title="bbox 1959 2603 3553 2678">
    <p class='ocr_par' dir='ltr' id='par_1_88' title="bbox 1959 2603 3553 2678">
     <span class='ocr_line' id='line_1_89' title="bbox 1959 2603 3553 2678; baseline 0.004 -19"><span class='ocrx_word' id='word_1_719' title='bbox 1959 2603 2138 2672; x_wconf 86' lang='lat' dir='ltr'><strong><em>Pater,</em></strong></span> <span class='ocrx_word' id='word_1_720' title='bbox 2166 2605 2235 2660; x_wconf 89' lang='lat' dir='ltr'><strong><em>ad</em></strong></span> <span class='ocrx_word' id='word_1_721' title='bbox 2258 2623 2341 2661; x_wconf 88' lang='lat' dir='ltr'><strong><em>me</em></strong></span> <span class='ocrx_word' id='word_1_722' title='bbox 2366 2608 2544 2663; x_wconf 84' lang='lat' dir='ltr'><strong><em>veniet.</em></strong></span> <span class='ocrx_word' id='word_1_723' title='bbox 2572 2608 2708 2677; x_wconf 89' lang='lat' dir='ltr'><strong><em>Quid</em></strong></span> <span class='ocrx_word' id='word_1_724' title='bbox 2738 2618 2839 2676; x_wconf 89' lang='lat' dir='ltr'><strong><em>est,</em></strong></span> <span class='ocrx_word' id='word_1_725' title='bbox 2865 2609 2934 2663; x_wconf 88' lang='lat' dir='ltr'><strong><em>ad</em></strong></span> <span class='ocrx_word' id='word_1_726' title='bbox 2960 2626 3040 2664; x_wconf 89' lang='lat' dir='ltr'><strong><em>me</em></strong></span> <span class='ocrx_word' id='word_1_727' title='bbox 3063 2611 3241 2675; x_wconf 76' lang='lat' dir='ltr'><strong><em>ueniet,</em></strong></span> <span class='ocrx_word' id='word_1_728' title='bbox 3272 2612 3394 2678; x_wconf 85' lang='lat' dir='ltr'><strong><em>nisi,</em></strong></span> <span class='ocrx_word' id='word_1_729' title='bbox 3419 2611 3553 2666; x_wconf 85' lang='lat' dir='ltr'><strong><em>Cre-</em></strong></span> 
     </span>
    </p>
   </div>
   <div class='ocr_carea' id='block_1_89' title="bbox 1958 2695 3543 2773">
    <p class='ocr_par' dir='ltr' id='par_1_89' title="bbox 1958 2695 3543 2773">
     <span class='ocr_line' id='line_1_90' title="bbox 1958 2695 3543 2773; baseline 0.005 -23"><span class='ocrx_word' id='word_1_730' title='bbox 1958 2695 2050 2751; x_wconf 89' lang='lat' dir='ltr'><strong><em>det</em></strong></span> <span class='ocrx_word' id='word_1_731' title='bbox 2074 2696 2128 2750; x_wconf 89' lang='lat' dir='ltr'><strong><em>in</em></strong></span> <span class='ocrx_word' id='word_1_732' title='bbox 2156 2699 2281 2751; x_wconf 83' lang='lat' dir='ltr'><strong><em>me?</em></strong></span> <span class='ocrx_word' id='word_1_733' title='bbox 2321 2697 2426 2754; x_wconf 92' lang='lat' dir='ltr'><strong><em>Sed</em></strong></span> <span class='ocrx_word' id='word_1_734' title='bbox 2464 2709 2523 2754; x_wconf 94' lang='lat' dir='ltr'><strong><em>ut</em></strong></span> <span class='ocrx_word' id='word_1_735' title='bbox 2546 2699 2659 2768; x_wconf 82' lang='lat' dir='ltr'><strong><em>ﬁat,</em></strong></span> <span class='ocrx_word' id='word_1_736' title='bbox 2701 2700 2859 2756; x_wconf 90' lang='lat' dir='ltr'><strong><em>Pater</em></strong></span> <span class='ocrx_word' id='word_1_737' title='bbox 2883 2701 2992 2756; x_wconf 88' lang='lat' dir='ltr'><strong><em>dat.</em></strong></span> <span class='ocrx_word' id='word_1_738' title='bbox 3025 2701 3157 2757; x_wconf 88' lang='lat' dir='ltr'><strong><em>Item</em></strong></span> <span class='ocrx_word' id='word_1_739' title='bbox 3191 2704 3346 2772; x_wconf 89' lang='lat' dir='ltr'><strong><em>paulo</em></strong></span> <span class='ocrx_word' id='word_1_740' title='bbox 3374 2714 3495 2773; x_wconf 85' lang='lat' dir='ltr'><strong><em>post</em></strong></span> <span class='ocrx_word' id='word_1_741' title='bbox 3530 2723 3543 2758; x_wconf 94' lang='lat'>:</span> 
     </span>
    </p>
   </div>
   <div class='ocr_carea' id='block_1_90' title="bbox 1960 2784 3593 2863">
    <p class='ocr_par' dir='ltr' id='par_1_90' title="bbox 1960 2784 3593 2863">
     <span class='ocr_line' id='line_1_91' title="bbox 1960 2784 3593 2863; baseline 0.006 -25"><span class='ocrx_word' id='word_1_742' title='bbox 1960 2784 2155 2853; x_wconf 85' lang='lat' dir='ltr'><strong><em>Nolite,</em></strong></span> <span class='ocrx_word' id='word_1_743' title='bbox 2168 2786 2357 2858; x_wconf 89' lang='lat' dir='ltr'><strong><em>inquit,</em></strong></span> <span class='ocrx_word' id='word_1_744' title='bbox 2376 2805 2690 2844; x_wconf 87' lang='lat' dir='ltr'><strong><em>murmurare</em></strong></span> <span class='ocrx_word' id='word_1_745' title='bbox 2706 2791 2947 2846; x_wconf 86' lang='lat' dir='ltr'><strong><em>invicem:</em></strong></span> <span class='ocrx_word' id='word_1_746' title='bbox 2966 2809 3111 2846; x_wconf 90' lang='lat' dir='ltr'><strong><em>nemo</em></strong></span> <span class='ocrx_word' id='word_1_747' title='bbox 3128 2804 3289 2863; x_wconf 86' lang='lat' dir='ltr'><strong><em>potest</em></strong></span> <span class='ocrx_word' id='word_1_748' title='bbox 3303 2795 3469 2849; x_wconf 85' lang='lat' dir='ltr'><strong><em>venire</em></strong></span> <span class='ocrx_word' id='word_1_749' title='bbox 3479 2795 3548 2848; x_wconf 89' lang='lat' dir='ltr'><strong><em>ad</em></strong></span> <span class='ocrx_word' id='word_1_750' title='bbox 3585 2788 3593 2801; x_wconf 78' lang='grc'><strong>’</strong></span> 
     </span>
    </p>
   </div>
   <div class='ocr_carea' id='block_1_91' title="bbox 1958 2876 3547 2955">
    <p class='ocr_par' dir='ltr' id='par_1_91' title="bbox 1958 2876 3547 2955">
     <span class='ocr_line' id='line_1_92' title="bbox 1958 2876 3547 2955; baseline 0.004 -25"><span class='ocrx_word' id='word_1_751' title='bbox 1958 2892 2062 2944; x_wconf 85' lang='lat' dir='ltr'><strong><em>me,</em></strong></span> <span class='ocrx_word' id='word_1_752' title='bbox 2088 2877 2188 2932; x_wconf 87' lang='lat' dir='ltr'><strong><em>nisi</em></strong></span> <span class='ocrx_word' id='word_1_753' title='bbox 2213 2876 2373 2932; x_wconf 88' lang='lat' dir='ltr'><strong><em>Pater</em></strong></span> <span class='ocrx_word' id='word_1_754' title='bbox 2396 2879 2482 2952; x_wconf 87' lang='lat' dir='ltr'><strong><em>qui</em></strong></span> <span class='ocrx_word' id='word_1_755' title='bbox 2512 2879 2646 2935; x_wconf 86' lang='lat' dir='ltr'><strong><em>misit</em></strong></span> <span class='ocrx_word' id='word_1_756' title='bbox 2670 2896 2769 2946; x_wconf 91' lang='lat' dir='ltr'><strong><em>me,</em></strong></span> <span class='ocrx_word' id='word_1_757' title='bbox 2800 2886 3011 2935; x_wconf 73' lang='lat' dir='ltr'><strong><em>traxerit</em></strong></span> <span class='ocrx_word' id='word_1_758' title='bbox 3036 2898 3151 2936; x_wconf 89' lang='lat' dir='ltr'><strong><em>eum</em></strong></span> <span class='ocrx_word' id='word_1_759' title='bbox 3187 2899 3205 2936; x_wconf 89' lang='lat'><strong><em>:</em></strong></span> <span class='ocrx_word' id='word_1_760' title='bbox 3233 2894 3278 2938; x_wconf 90' lang='lat' dir='ltr'><strong><em>et</em></strong></span> <span class='ocrx_word' id='word_1_761' title='bbox 3304 2901 3395 2955; x_wconf 84' lang='lat' dir='ltr'><strong><em>ego</em></strong></span> <span class='ocrx_word' id='word_1_762' title='bbox 3429 2901 3547 2940; x_wconf 84' lang='lat' dir='ltr'><strong><em>eum</em></strong></span> 
     </span>
    </p>
   </div>
   <div class='ocr_carea' id='block_1_92' title="bbox 1956 2967 3545 3045">
    <p class='ocr_par' dir='ltr' id='par_1_92' title="bbox 1956 2967 3545 3045">
     <span class='ocr_line' id='line_1_93' title="bbox 1956 2967 3545 3045; baseline 0.006 -24"><span class='ocrx_word' id='word_1_763' title='bbox 1956 2967 2262 3023; x_wconf 86' lang='lat' dir='ltr'><strong><em>resuscitabo</em></strong></span> <span class='ocrx_word' id='word_1_764' title='bbox 2289 2970 2343 3024; x_wconf 91' lang='lat' dir='ltr'><strong><em>in</em></strong></span> <span class='ocrx_word' id='word_1_765' title='bbox 2367 2970 2636 3025; x_wconf 77' lang='lat' dir='ltr'><strong><em>novissimo</em></strong></span> <span class='ocrx_word' id='word_1_766' title='bbox 2655 2971 2757 3026; x_wconf 91' lang='lat' dir='ltr'><strong><em>die.</em></strong></span> <span class='ocrx_word' id='word_1_767' title='bbox 2787 2968 2880 3025; x_wconf 87' lang='lat' dir='ltr'><strong><em>Est</em></strong></span> <span class='ocrx_word' id='word_1_768' title='bbox 2901 2973 3221 3044; x_wconf 74' lang='lat' dir='ltr'><strong><em>scriptum&#39;in</em></strong></span> <span class='ocrx_word' id='word_1_769' title='bbox 3254 2973 3545 3045; x_wconf 83' lang='lat' dir='ltr'><strong><em>Proplietis,</em></strong></span> 
     </span>
    </p>
   </div>
   <div class='ocr_carea' id='block_1_93' title="bbox 1912 3058 3545 3136">
    <p class='ocr_par' dir='ltr' id='par_1_93' title="bbox 1912 3058 3545 3136">
     <span class='ocr_line' id='line_1_94' title="bbox 1912 3058 3545 3136; baseline 0.005 -23"><span class='ocrx_word' id='word_1_770' title='bbox 1912 3106 1923 3127; x_wconf 91' lang='lat'><strong><em>_.</em></strong></span> <span class='ocrx_word' id='word_1_771' title='bbox 1957 3058 2026 3114; x_wconf 84' lang='lat' dir='ltr'><strong><em>Et</em></strong></span> <span class='ocrx_word' id='word_1_772' title='bbox 2052 3071 2199 3116; x_wconf 84' lang='lat' dir='ltr'><strong><em>erunt</em></strong></span> <span class='ocrx_word' id='word_1_773' title='bbox 2220 3077 2391 3118; x_wconf 80' lang='lat' dir='ltr'><strong><em>omnes</em></strong></span> <span class='ocrx_word' id='word_1_774' title='bbox 2416 3062 2652 3117; x_wconf 86' lang='lat' dir='ltr'><strong><em>docibiles</em></strong></span> <span class='ocrx_word' id='word_1_775' title='bbox 2680 3062 2797 3118; x_wconf 86' lang='lat' dir='ltr'><strong><em>Dei.</em></strong></span> <span class='ocrx_word' id='word_1_776' title='bbox 2827 3063 3004 3118; x_wconf 89' lang='lat' dir='ltr'><strong><em>Omnis</em></strong></span> <span class='ocrx_word' id='word_1_777' title='bbox 3024 3065 3109 3136; x_wconf 89' lang='lat' dir='ltr'><strong><em>qui</em></strong></span> <span class='ocrx_word' id='word_1_778' title='bbox 3125 3065 3315 3126; x_wconf 74' lang='lat' dir='ltr'><strong><em>audivit</em></strong></span> <span class='ocrx_word' id='word_1_779' title='bbox 3336 3084 3365 3119; x_wconf 92' lang='lat' dir='ltr'><strong><em>a</em></strong></span> <span class='ocrx_word' id='word_1_780' title='bbox 3387 3066 3545 3121; x_wconf 81' lang='lat' dir='ltr'><strong><em>Patre</em></strong></span> 
     </span>
    </p>
   </div>
   <div class='ocr_carea' id='block_1_94' title="bbox 1904 3152 3543 3228">
    <p class='ocr_par' dir='ltr' id='par_1_94' title="bbox 1904 3152 3543 3228">
     <span class='ocr_line' id='line_1_95' title="bbox 1904 3152 3543 3228; baseline 0.002 -18"><span class='ocrx_word' id='word_1_781' title='bbox 1904 3203 1921 3210; x_wconf 63' lang='grc'>,</span> <span class='ocrx_word' id='word_1_782' title='bbox 1956 3152 2215 3221; x_wconf 84' lang='lat' dir='ltr'><strong><em>etdidicit,</em></strong></span> <span class='ocrx_word' id='word_1_783' title='bbox 2232 3154 2363 3208; x_wconf 83' lang='lat' dir='ltr'><strong><em>venit</em></strong></span> <span class='ocrx_word' id='word_1_784' title='bbox 2378 3153 2447 3208; x_wconf 86' lang='lat' dir='ltr'><strong><em>ad</em></strong></span> <span class='ocrx_word' id='word_1_785' title='bbox 2466 3171 2545 3208; x_wconf 91' lang='lat' dir='ltr'><strong><em>me</em></strong></span> <span class='ocrx_word' id='word_1_786' title='bbox 2565 3152 2741 3227; x_wconf 79' lang='lat' dir='ltr'><strong><em>(Joan.</em></strong></span> <span class='ocrx_word' id='word_1_787' title='bbox 2763 3152 3046 3223; x_wconf 75' lang='lat' dir='ltr'><strong><em>Vt,29.&#39;56,</em></strong></span> <span class='ocrx_word' id='word_1_788' title='bbox 3062 3156 3151 3223; x_wconf 81' lang='lat'><strong><em>57,</em></strong></span> <span class='ocrx_word' id='word_1_789' title='bbox 3167 3156 3379 3228; x_wconf 48' lang='lat'><strong><em>43-45).</em></strong></span> <span class='ocrx_word' id='word_1_790' title='bbox 3407 3157 3543 3227; x_wconf 87' lang='lat' dir='ltr'><strong><em>Quid</em></strong></span> 
     </span>
    </p>
   </div>
   <div class='ocr_carea' id='block_1_95' title="bbox 1957 3243 3545 3316">
    <p class='ocr_par' dir='ltr' id='par_1_95' title="bbox 1957 3243 3545 3316">
     <span class='ocr_line' id='line_1_96' title="bbox 1957 3243 3545 3316; baseline 0.004 -17"><span class='ocrx_word' id='word_1_791' title='bbox 1957 3253 2061 3312; x_wconf 84' lang='lat' dir='ltr'><strong><em>est,</em></strong></span> <span class='ocrx_word' id='word_1_792' title='bbox 2096 3243 2275 3300; x_wconf 86' lang='lat' dir='ltr'><strong><em>Omnis</em></strong></span> <span class='ocrx_word' id='word_1_793' title='bbox 2299 3246 2385 3316; x_wconf 88' lang='lat' dir='ltr'><strong><em>qui</em></strong></span> <span class='ocrx_word' id='word_1_794' title='bbox 2409 3246 2599 3300; x_wconf 84' lang='lat' dir='ltr'><strong><em>audivit</em></strong></span> <span class='ocrx_word' id='word_1_795' title='bbox 2626 3263 2657 3299; x_wconf 91' lang='lat' dir='ltr'><strong><em>a</em></strong></span> <span class='ocrx_word' id='word_1_796' title='bbox 2685 3244 2841 3302; x_wconf 88' lang='lat' dir='ltr'><strong><em>Patre</em></strong></span> <span class='ocrx_word' id='word_1_797' title='bbox 2868 3258 2914 3301; x_wconf 91' lang='lat' dir='ltr'><strong><em>ct</em></strong></span> <span class='ocrx_word' id='word_1_798' title='bbox 2938 3247 3134 3314; x_wconf 84' lang='lat' dir='ltr'><strong><em>didicit,</em></strong></span> <span class='ocrx_word' id='word_1_799' title='bbox 3176 3249 3306 3303; x_wconf 84' lang='lat' dir='ltr'><strong><em>venit</em></strong></span> <span class='ocrx_word' id='word_1_800' title='bbox 3332 3252 3400 3303; x_wconf 86' lang='lat' dir='ltr'><strong><em>ad</em></strong></span> <span class='ocrx_word' id='word_1_801' title='bbox 3427 3268 3545 3316; x_wconf 84' lang='lat' dir='ltr'><strong><em>me;</em></strong></span> 
     </span>
    </p>
   </div>
   <div class='ocr_carea' id='block_1_96' title="bbox 1957 3334 3541 3407">
    <p class='ocr_par' dir='ltr' id='par_1_96' title="bbox 1957 3334 3541 3407">
     <span class='ocr_line' id='line_1_97' title="bbox 1957 3334 3541 3407; baseline 0.006 -19"><span class='ocrx_word' id='word_1_802' title='bbox 1957 3334 2081 3402; x_wconf 87' lang='lat' dir='ltr'><strong><em>nisi,</em></strong></span> <span class='ocrx_word' id='word_1_803' title='bbox 2109 3334 2297 3391; x_wconf 85' lang='lat' dir='ltr'><strong><em>Nullus</em></strong></span> <span class='ocrx_word' id='word_1_804' title='bbox 2324 3346 2408 3391; x_wconf 90' lang='lat' dir='ltr'><strong><em>est</em></strong></span> <span class='ocrx_word' id='word_1_805' title='bbox 2448 3336 2536 3407; x_wconf 91' lang='lat' dir='ltr'><strong><em>qui</em></strong></span> <span class='ocrx_word' id='word_1_806' title='bbox 2571 3337 2752 3392; x_wconf 90' lang='lat' dir='ltr'><strong><em>audiat</em></strong></span> <span class='ocrx_word' id='word_1_807' title='bbox 2779 3354 2809 3392; x_wconf 91' lang='lat' dir='ltr'><strong><em>a</em></strong></span> <span class='ocrx_word' id='word_1_808' title='bbox 2838 3338 2996 3394; x_wconf 87' lang='lat' dir='ltr'><strong><em>Patre</em></strong></span> <span class='ocrx_word' id='word_1_809' title='bbox 3025 3349 3079 3394; x_wconf 90' lang='lat' dir='ltr'><strong><em>et</em></strong></span> <span class='ocrx_word' id='word_1_810' title='bbox 3105 3340 3296 3406; x_wconf 89' lang='lat' dir='ltr'><strong><em>discat,</em></strong></span> <span class='ocrx_word' id='word_1_811' title='bbox 3344 3348 3399 3397; x_wconf 76' lang='lat' dir='ltr'><strong><em>et</em></strong></span> <span class='ocrx_word' id='word_1_812' title='bbox 3438 3359 3541 3398; x_wconf 90' lang='lat' dir='ltr'><strong><em>non</em></strong></span> 
     </span>
    </p>
   </div>
   <div class='ocr_carea' id='block_1_97' title="bbox 1955 3424 3545 3499">
    <p class='ocr_par' dir='ltr' id='par_1_97' title="bbox 1955 3424 3545 3499">
     <span class='ocr_line' id='line_1_98' title="bbox 1955 3424 3545 3499; baseline 0.006 -19"><span class='ocrx_word' id='word_1_813' title='bbox 1955 3426 2133 3481; x_wconf 83' lang='lat' dir='ltr'><strong><em>veniat</em></strong></span> <span class='ocrx_word' id='word_1_814' title='bbox 2160 3425 2228 3481; x_wconf 89' lang='lat' dir='ltr'><strong><em>ad</em></strong></span> <span class='ocrx_word' id='word_1_815' title='bbox 2254 3426 2379 3482; x_wconf 80' lang='lat' dir='ltr'><strong><em>me?</em></strong></span> <span class='ocrx_word' id='word_1_816' title='bbox 2404 3424 2462 3484; x_wconf 89' lang='lat' dir='ltr'><strong><em>Si</em></strong></span> <span class='ocrx_word' id='word_1_817' title='bbox 2499 3427 2644 3482; x_wconf 90' lang='lat' dir='ltr'><strong><em>enim</em></strong></span> <span class='ocrx_word' id='word_1_818' title='bbox 2670 3429 2846 3484; x_wconf 85' lang='lat' dir='ltr'><strong><em>omnis</em></strong></span> <span class='ocrx_word' id='word_1_819' title='bbox 2885 3429 2973 3499; x_wconf 89' lang='lat' dir='ltr'><strong><em>qui</em></strong></span> <span class='ocrx_word' id='word_1_820' title='bbox 3004 3430 3206 3485; x_wconf 79' lang='lat' dir='ltr'><strong><em>audivit</em></strong></span> <span class='ocrx_word' id='word_1_821' title='bbox 3244 3448 3273 3485; x_wconf 88' lang='lat' dir='ltr'><strong><em>a</em></strong></span> <span class='ocrx_word' id='word_1_822' title='bbox 3302 3431 3460 3490; x_wconf 83' lang='lat' dir='ltr'><strong><em>Patre</em></strong></span> <span class='ocrx_word' id='word_1_823' title='bbox 3489 3445 3545 3490; x_wconf 89' lang='lat' dir='ltr'><strong><em>et</em></strong></span> 
     </span>
    </p>
   </div>
   <div class='ocr_carea' id='block_1_98' title="bbox 1955 3513 3544 3591">
    <p class='ocr_par' dir='ltr' id='par_1_98' title="bbox 1955 3513 3544 3591">
     <span class='ocr_line' id='line_1_99' title="bbox 1955 3513 3544 3591; baseline 0.006 -22"><span class='ocrx_word' id='word_1_824' title='bbox 1955 3513 2160 3581; x_wconf 90' lang='lat' dir='ltr'><strong><em>didicit,</em></strong></span> <span class='ocrx_word' id='word_1_825' title='bbox 2193 3517 2366 3581; x_wconf 84' lang='lat' dir='ltr'><strong><em>venit;</em></strong></span> <span class='ocrx_word' id='word_1_826' title='bbox 2393 3516 2634 3586; x_wconf 85' lang='lat' dir='ltr'><strong><em>profecto</em></strong></span> <span class='ocrx_word' id='word_1_827' title='bbox 2664 3519 2838 3573; x_wconf 91' lang='lat' dir='ltr'><strong><em>omnis</em></strong></span> <span class='ocrx_word' id='word_1_828' title='bbox 2858 3520 2947 3591; x_wconf 90' lang='lat' dir='ltr'><strong><em>qui</em></strong></span> <span class='ocrx_word' id='word_1_829' title='bbox 2978 3537 3083 3575; x_wconf 90' lang='lat' dir='ltr'><strong><em>non</em></strong></span> <span class='ocrx_word' id='word_1_830' title='bbox 3112 3521 3276 3587; x_wconf 83' lang='lat' dir='ltr'><strong><em>venit,</em></strong></span> <span class='ocrx_word' id='word_1_831' title='bbox 3310 3539 3415 3577; x_wconf 87' lang='lat' dir='ltr'><strong><em>non</em></strong></span> <span class='ocrx_word' id='word_1_832' title='bbox 3446 3541 3544 3579; x_wconf 85' lang='lat' dir='ltr'><strong><em>au-</em></strong></span> 
     </span>
    </p>
   </div>
   <div class='ocr_carea' id='block_1_99' title="bbox 1955 3603 3540 3670">
    <p class='ocr_par' dir='ltr' id='par_1_99' title="bbox 1955 3603 3540 3670">
     <span class='ocr_line' id='line_1_100' title="bbox 1955 3603 3540 3670; baseline 0.006 -10"><span class='ocrx_word' id='word_1_833' title='bbox 1955 3603 2087 3660; x_wconf 86' lang='lat' dir='ltr'><strong><em>divit</em></strong></span> <span class='ocrx_word' id='word_1_834' title='bbox 2113 3619 2144 3659; x_wconf 85' lang='lat' dir='ltr'><strong><em>a</em></strong></span> <span class='ocrx_word' id='word_1_835' title='bbox 2174 3604 2351 3670; x_wconf 89' lang='lat' dir='ltr'><strong><em>Patre,</em></strong></span> <span class='ocrx_word' id='word_1_836' title='bbox 2398 3621 2501 3662; x_wconf 90' lang='lat' dir='ltr'><strong><em>nec</em></strong></span> <span class='ocrx_word' id='word_1_837' title='bbox 2535 3607 2723 3663; x_wconf 87' lang='lat' dir='ltr'><strong><em>didicit</em></strong></span> <span class='ocrx_word' id='word_1_838' title='bbox 2753 3627 2766 3664; x_wconf 90' lang='lat'>:</span> <span class='ocrx_word' id='word_1_839' title='bbox 2798 3625 2920 3664; x_wconf 89' lang='lat' dir='ltr'><strong><em>nam</em></strong></span> <span class='ocrx_word' id='word_1_840' title='bbox 2967 3611 3011 3666; x_wconf 82' lang='lat' dir='ltr'><strong><em>si</em></strong></span> <span class='ocrx_word' id='word_1_841' title='bbox 3056 3613 3290 3668; x_wconf 81' lang='lat' dir='ltr'><strong><em>audisset</em></strong></span> <span class='ocrx_word' id='word_1_842' title='bbox 3319 3625 3373 3669; x_wconf 89' lang='lat' dir='ltr'><strong><em>et</em></strong></span> <span class='ocrx_word' id='word_1_843' title='bbox 3400 3615 3540 3670; x_wconf 89' lang='lat' dir='ltr'><strong><em>didi-</em></strong></span> 
     </span>
    </p>
   </div>
   <div class='ocr_carea' id='block_1_100' title="bbox 1953 3694 3539 3772">
    <p class='ocr_par' dir='ltr' id='par_1_100' title="bbox 1953 3694 3539 3772">
     <span class='ocr_line' id='line_1_101' title="bbox 1953 3694 3539 3772; baseline 0.007 -22"><span class='ocrx_word' id='word_1_844' title='bbox 1953 3695 2135 3761; x_wconf 87' lang='lat' dir='ltr'><strong><em>cisset,</em></strong></span> <span class='ocrx_word' id='word_1_845' title='bbox 2161 3696 2385 3751; x_wconf 88' lang='lat' dir='ltr'><strong><em>veniret.</em></strong></span> <span class='ocrx_word' id='word_1_846' title='bbox 2409 3694 2592 3767; x_wconf 88' lang='lat' dir='ltr'><strong><em>Neque</em></strong></span> <span class='ocrx_word' id='word_1_847' title='bbox 2617 3698 2759 3753; x_wconf 90' lang='lat' dir='ltr'><strong><em>enim</em></strong></span> <span class='ocrx_word' id='word_1_848' title='bbox 2788 3699 2926 3753; x_wconf 90' lang='lat' dir='ltr'><strong><em>ullus</em></strong></span> <span class='ocrx_word' id='word_1_849' title='bbox 2943 3701 3149 3755; x_wconf 86' lang='lat' dir='ltr'><strong><em>audivit</em></strong></span> <span class='ocrx_word' id='word_1_850' title='bbox 3177 3712 3229 3757; x_wconf 84' lang='lat' dir='ltr'><strong><em>et</em></strong></span> <span class='ocrx_word' id='word_1_851' title='bbox 3255 3704 3459 3772; x_wconf 86' lang='lat' dir='ltr'><strong><em>didicit,</em></strong></span> <span class='ocrx_word' id='word_1_852' title='bbox 3484 3716 3539 3761; x_wconf 90' lang='lat' dir='ltr'><strong><em>et</em></strong></span> 
     </span>
    </p>
   </div>
   <div class='ocr_carea' id='block_1_101' title="bbox 1953 3786 3541 3862">
    <p class='ocr_par' dir='ltr' id='par_1_101' title="bbox 1953 3786 3541 3862">
     <span class='ocr_line' id='line_1_102' title="bbox 1953 3786 3541 3862; baseline 0.006 -22"><span class='ocrx_word' id='word_1_853' title='bbox 1953 3800 2062 3840; x_wconf 89' lang='lat' dir='ltr'><strong><em>non</em></strong></span> <span class='ocrx_word' id='word_1_854' title='bbox 2090 3787 2238 3842; x_wconf 83' lang='lat' dir='ltr'><strong><em>venit</em></strong></span> <span class='ocrx_word' id='word_1_855' title='bbox 2276 3804 2290 3841; x_wconf 88' lang='lat'><strong>:</strong></span> <span class='ocrx_word' id='word_1_856' title='bbox 2329 3786 2424 3842; x_wconf 89' lang='lat' dir='ltr'><strong><em>sed</em></strong></span> <span class='ocrx_word' id='word_1_857' title='bbox 2462 3788 2644 3855; x_wconf 88' lang='lat' dir='ltr'><strong><em>omnis,</em></strong></span> <span class='ocrx_word' id='word_1_858' title='bbox 2684 3798 2742 3842; x_wconf 91' lang='lat' dir='ltr'><strong><em>ut</em></strong></span> <span class='ocrx_word' id='word_1_859' title='bbox 2778 3789 2851 3843; x_wconf 90' lang='lat' dir='ltr'><strong><em>ait</em></strong></span> <span class='ocrx_word' id='word_1_860' title='bbox 2901 3788 3126 3855; x_wconf 82' lang='lat' dir='ltr'><strong><em>Veritas,</em></strong></span> <span class='ocrx_word' id='word_1_861' title='bbox 3172 3793 3261 3862; x_wconf 89' lang='lat' dir='ltr'><strong><em>qui</em></strong></span> <span class='ocrx_word' id='word_1_862' title='bbox 3291 3796 3479 3849; x_wconf 85' lang='lat' dir='ltr'><strong><em>audivit</em></strong></span> <span class='ocrx_word' id='word_1_863' title='bbox 3510 3816 3541 3850; x_wconf 91' lang='lat' dir='ltr'><strong><em>a</em></strong></span> 
     </span>
    </p>
   </div>
   <div class='ocr_carea' id='block_1_102' title="bbox 1954 3874 3538 3944">
    <p class='ocr_par' dir='ltr' id='par_1_102' title="bbox 1954 3874 3538 3944">
     <span class='ocr_line' id='line_1_103' title="bbox 1954 3874 3538 3944; baseline 0.009 -15"><span class='ocrx_word' id='word_1_864' title='bbox 1954 3874 2115 3931; x_wconf 86' lang='lat' dir='ltr'><strong><em>Patre</em></strong></span> <span class='ocrx_word' id='word_1_865' title='bbox 2140 3887 2189 3931; x_wconf 85' lang='lat' dir='ltr'><strong><em>et</em></strong></span> <span class='ocrx_word' id='word_1_866' title='bbox 2227 3877 2442 3944; x_wconf 87' lang='lat' dir='ltr'><strong><em>didicit,</em></strong></span> <span class='ocrx_word' id='word_1_867' title='bbox 2476 3880 2629 3933; x_wconf 82' lang='lat' dir='ltr'><strong><em>venit.</em></strong></span> <span class='ocrx_word' id='word_1_868' title='bbox 2660 3879 2826 3934; x_wconf 79' lang='lat' dir='ltr'><strong><em>Valde</em></strong></span> <span class='ocrx_word' id='word_1_869' title='bbox 2874 3891 3079 3936; x_wconf 88' lang='lat' dir='ltr'><strong><em>remota</em></strong></span> <span class='ocrx_word' id='word_1_870' title='bbox 3122 3893 3202 3938; x_wconf 86' lang='lat' dir='ltr'><strong><em>est</em></strong></span> <span class='ocrx_word' id='word_1_871' title='bbox 3230 3899 3262 3939; x_wconf 85' lang='lat' dir='ltr'><strong><em>a</em></strong></span> <span class='ocrx_word' id='word_1_872' title='bbox 3291 3887 3538 3943; x_wconf 82' lang='lat' dir='ltr'><strong><em>sensibus</em></strong></span> 
     </span>
    </p>
   </div>
   <div class='ocr_carea' id='block_1_103' title="bbox 1952 3967 3537 4042">
    <p class='ocr_par' dir='ltr' id='par_1_103' title="bbox 1952 3967 3537 4042">
     <span class='ocr_line' id='line_1_104' title="bbox 1952 3967 3537 4042; baseline 0.008 -21"><span class='ocrx_word' id='word_1_873' title='bbox 1952 3968 2131 4024; x_wconf 87' lang='lat' dir='ltr'><strong><em>carnis</em></strong></span> <span class='ocrx_word' id='word_1_874' title='bbox 2159 3967 2275 4024; x_wconf 59' lang='lat' dir='ltr'><strong><em>haec</em></strong></span> <span class='ocrx_word' id='word_1_875' title='bbox 2302 3968 2508 4037; x_wconf 86' lang='lat' dir='ltr'><strong><em>schola,</em></strong></span> <span class='ocrx_word' id='word_1_876' title='bbox 2551 3971 2603 4025; x_wconf 92' lang='lat' dir='ltr'><strong><em>in</em></strong></span> <span class='ocrx_word' id='word_1_877' title='bbox 2630 3986 2733 4041; x_wconf 85' lang='lat' dir='ltr'><strong><em>qua</em></strong></span> <span class='ocrx_word' id='word_1_878' title='bbox 2765 3971 2921 4026; x_wconf 88' lang='lat' dir='ltr'><strong><em>Pater</em></strong></span> <span class='ocrx_word' id='word_1_879' title='bbox 2950 3973 3165 4028; x_wconf 85' lang='lat' dir='ltr'><strong><em>auditur</em></strong></span> <span class='ocrx_word' id='word_1_880' title='bbox 3191 3982 3244 4029; x_wconf 89' lang='lat' dir='ltr'><strong><em>et</em></strong></span> <span class='ocrx_word' id='word_1_881' title='bbox 3273 3975 3449 4042; x_wconf 64' lang='lat' dir='ltr'><strong><em>docet,</em></strong></span> <span class='ocrx_word' id='word_1_882' title='bbox 3481 3991 3537 4033; x_wconf 92' lang='lat' dir='ltr'><strong><em>nt</em></strong></span> 
     </span>
    </p>
   </div>
   <div class='ocr_carea' id='block_1_104' title="bbox 1952 4060 3541 4137">
    <p class='ocr_par' dir='ltr' id='par_1_104' title="bbox 1952 4060 3541 4137">
     <span class='ocr_line' id='line_1_105' title="bbox 1952 4060 3541 4137; baseline 0.005 -22"><span class='ocrx_word' id='word_1_883' title='bbox 1952 4060 2195 4116; x_wconf 86' lang='lat' dir='ltr'><strong><em>veniatur</em></strong></span> <span class='ocrx_word' id='word_1_884' title='bbox 2222 4060 2289 4115; x_wconf 89' lang='lat' dir='ltr'><strong><em>ad</em></strong></span> <span class='ocrx_word' id='word_1_885' title='bbox 2320 4060 2535 4117; x_wconf 87' lang='lat' dir='ltr'><strong><em>Filium.</em></strong></span> <span class='ocrx_word' id='word_1_886' title='bbox 2561 4061 2632 4115; x_wconf 89' lang='lat' dir='ltr'><strong><em>lbi</em></strong></span> <span class='ocrx_word' id='word_1_887' title='bbox 2657 4073 2737 4118; x_wconf 90' lang='lat' dir='ltr'><strong><em>est</em></strong></span> <span class='ocrx_word' id='word_1_888' title='bbox 2767 4072 2820 4118; x_wconf 91' lang='lat' dir='ltr'><strong><em>et</em></strong></span> <span class='ocrx_word' id='word_1_889' title='bbox 2841 4063 2954 4133; x_wconf 90' lang='lat' dir='ltr'><strong><em>ipse</em></strong></span> <span class='ocrx_word' id='word_1_890' title='bbox 2978 4063 3161 4131; x_wconf 82' lang='lat' dir='ltr'><strong><em>Filius,</em></strong></span> <span class='ocrx_word' id='word_1_891' title='bbox 3190 4068 3309 4135; x_wconf 85' lang='lat' dir='ltr'><strong><em>quia</em></strong></span> <span class='ocrx_word' id='word_1_892' title='bbox 3329 4067 3442 4137; x_wconf 78' lang='lat' dir='ltr'><strong><em>ipse</em></strong></span> <span class='ocrx_word' id='word_1_893' title='bbox 3458 4080 3541 4123; x_wconf 83' lang='lat' dir='ltr'><strong><em>est</em></strong></span> 
     </span>
    </p>
   </div>
   <div class='ocr_carea' id='block_1_105' title="bbox 1950 4152 3539 4226">
    <p class='ocr_par' dir='ltr' id='par_1_105' title="bbox 1950 4152 3539 4226">
     <span class='ocr_line' id='line_1_106' title="bbox 1950 4152 3539 4226; baseline 0.004 -18"><span class='ocrx_word' id='word_1_894' title='bbox 1950 4152 2185 4209; x_wconf 76' lang='lat' dir='ltr'><strong><em>Verbum</em></strong></span> <span class='ocrx_word' id='word_1_895' title='bbox 2206 4152 2343 4223; x_wconf 89' lang='lat' dir='ltr'><strong><em>ejus,</em></strong></span> <span class='ocrx_word' id='word_1_896' title='bbox 2364 4169 2458 4223; x_wconf 90' lang='lat' dir='ltr'><strong><em>per</em></strong></span> <span class='ocrx_word' id='word_1_897' title='bbox 2474 4153 2613 4223; x_wconf 89' lang='lat' dir='ltr'><strong><em>quod</em></strong></span> <span class='ocrx_word' id='word_1_898' title='bbox 2631 4153 2708 4209; x_wconf 78' lang='lat' dir='ltr'><strong><em>sic</em></strong></span> <span class='ocrx_word' id='word_1_899' title='bbox 2727 4152 2904 4220; x_wconf 89' lang='lat' dir='ltr'><strong><em>docet;</em></strong></span> <span class='ocrx_word' id='word_1_900' title='bbox 2930 4169 3027 4209; x_wconf 92' lang='lat' dir='ltr'><strong><em>nee</em></strong></span> <span class='ocrx_word' id='word_1_901' title='bbox 3041 4155 3149 4226; x_wconf 86' lang='lat' dir='ltr'><strong><em>agit</em></strong></span> <span class='ocrx_word' id='word_1_902' title='bbox 3170 4155 3270 4212; x_wconf 90' lang='lat' dir='ltr'><strong><em>hoc</em></strong></span> <span class='ocrx_word' id='word_1_903' title='bbox 3291 4172 3410 4213; x_wconf 90' lang='lat' dir='ltr'><strong><em>cum</em></strong></span> <span class='ocrx_word' id='word_1_904' title='bbox 3429 4174 3539 4215; x_wconf 84' lang='lat' dir='ltr'><strong><em>car-</em></strong></span> 
     </span>
    </p>
   </div>
   <div class='ocr_carea' id='block_1_106' title="bbox 1949 4241 3537 4315">
    <p class='ocr_par' dir='ltr' id='par_1_106' title="bbox 1949 4241 3537 4315">
     <span class='ocr_line' id='line_1_107' title="bbox 1949 4241 3537 4315; baseline 0.006 -19"><span class='ocrx_word' id='word_1_905' title='bbox 1949 4241 2035 4296; x_wconf 85' lang='lat' dir='ltr'><strong><em>nis</em></strong></span> <span class='ocrx_word' id='word_1_906' title='bbox 2058 4257 2205 4309; x_wconf 88' lang='lat' dir='ltr'><strong><em>aure,</em></strong></span> <span class='ocrx_word' id='word_1_907' title='bbox 2230 4241 2326 4298; x_wconf 90' lang='lat' dir='ltr'><strong><em>sed</em></strong></span> <span class='ocrx_word' id='word_1_908' title='bbox 2351 4242 2545 4299; x_wconf 90' lang='lat' dir='ltr'><strong><em>cordis.</em></strong></span> <span class='ocrx_word' id='word_1_909' title='bbox 2577 4241 2745 4298; x_wconf 87' lang='lat' dir='ltr'><strong><em>Simul</em></strong></span> <span class='ocrx_word' id='word_1_910' title='bbox 2773 4244 2843 4298; x_wconf 93' lang='lat' dir='ltr'><strong><em>ibi</em></strong></span> <span class='ocrx_word' id='word_1_911' title='bbox 2865 4252 2948 4299; x_wconf 90' lang='lat' dir='ltr'><strong><em>est</em></strong></span> <span class='ocrx_word' id='word_1_912' title='bbox 2966 4256 3019 4299; x_wconf 89' lang='lat' dir='ltr'><strong><em>et</em></strong></span> <span class='ocrx_word' id='word_1_913' title='bbox 3036 4244 3264 4315; x_wconf 88' lang='lat' dir='ltr'><strong><em>Spiritus</em></strong></span> <span class='ocrx_word' id='word_1_914' title='bbox 3286 4247 3458 4305; x_wconf 79' lang='lat' dir='ltr'><strong><em>Patris</em></strong></span> <span class='ocrx_word' id='word_1_915' title='bbox 3482 4262 3537 4306; x_wconf 92' lang='lat' dir='ltr'><strong><em>et</em></strong></span> 
     </span>
    </p>
   </div>
   <div class='ocr_carea' id='block_1_107' title="bbox 1949 4330 3537 4406">
    <p class='ocr_par' dir='ltr' id='par_1_107' title="bbox 1949 4330 3537 4406">
     <span class='ocr_line' id='line_1_108' title="bbox 1949 4330 3537 4406; baseline 0.007 -20"><span class='ocrx_word' id='word_1_916' title='bbox 1949 4330 2101 4397; x_wconf 88' lang='lat' dir='ltr'><strong><em>Filii;</em></strong></span> <span class='ocrx_word' id='word_1_917' title='bbox 2124 4347 2297 4401; x_wconf 84' lang='lat' dir='ltr'><strong><em>neque</em></strong></span> <span class='ocrx_word' id='word_1_918' title='bbox 2312 4332 2453 4386; x_wconf 89' lang='lat' dir='ltr'><strong><em>enim</em></strong></span> <span class='ocrx_word' id='word_1_919' title='bbox 2472 4332 2586 4403; x_wconf 89' lang='lat' dir='ltr'><strong><em>ipse</em></strong></span> <span class='ocrx_word' id='word_1_920' title='bbox 2606 4348 2709 4387; x_wconf 91' lang='lat' dir='ltr'><strong><em>non</em></strong></span> <span class='ocrx_word' id='word_1_921' title='bbox 2728 4332 2904 4402; x_wconf 90' lang='lat' dir='ltr'><strong><em>docet,</em></strong></span> <span class='ocrx_word' id='word_1_922' title='bbox 2926 4346 3016 4389; x_wconf 90' lang='lat' dir='ltr'><strong><em>aut</em></strong></span> <span class='ocrx_word' id='word_1_923' title='bbox 3038 4336 3322 4406; x_wconf 82' lang='lat' dir='ltr'><strong><em>separatim</em></strong></span> <span class='ocrx_word' id='word_1_924' title='bbox 3343 4338 3498 4396; x_wconf 87' lang='lat' dir='ltr'><strong><em>docet</em></strong></span> <span class='ocrx_word' id='word_1_925' title='bbox 3519 4359 3537 4397; x_wconf 90' lang='lat'><strong>:</strong></span> 
     </span>
    </p>
   </div>
   <div class='ocr_carea' id='block_1_108' title="bbox 1948 4422 3537 4498">
    <p class='ocr_par' dir='ltr' id='par_1_108' title="bbox 1948 4422 3537 4498">
     <span class='ocr_line' id='line_1_109' title="bbox 1948 4422 3537 4498; baseline 0.008 -21"><span class='ocrx_word' id='word_1_926' title='bbox 1948 4422 2316 4494; x_wconf 77' lang='lat' dir='ltr'><strong><em>inseparabilia</em></strong></span> <span class='ocrx_word' id='word_1_927' title='bbox 2328 4423 2523 4494; x_wconf 87' lang='lat' dir='ltr'><strong><em>quippe</em></strong></span> <span class='ocrx_word' id='word_1_928' title='bbox 2534 4423 2810 4480; x_wconf 87' lang='lat' dir='ltr'><strong><em>didicimus</em></strong></span> <span class='ocrx_word' id='word_1_929' title='bbox 2824 4426 2845 4457; x_wconf 82' lang='grc'>²</span> <span class='ocrx_word' id='word_1_930' title='bbox 2858 4441 2977 4482; x_wconf 89' lang='lat' dir='ltr'><strong><em>esse</em></strong></span> <span class='ocrx_word' id='word_1_931' title='bbox 2989 4442 3149 4498; x_wconf 90' lang='lat' dir='ltr'><strong><em>opera</em></strong></span> <span class='ocrx_word' id='word_1_932' title='bbox 3162 4428 3451 4488; x_wconf 90' lang='lat' dir='ltr'><strong><em>Trinitatis.</em></strong></span> <span class='ocrx_word' id='word_1_933' title='bbox 3468 4434 3537 4490; x_wconf 83' lang='lat' dir='ltr'><strong><em>Et</em></strong></span> 
     </span>
    </p>
   </div>
   <div class='ocr_carea' id='block_1_109' title="bbox 1947 4515 3528 4592">
    <p class='ocr_par' dir='ltr' id='par_1_109' title="bbox 1947 4515 3528 4592">
     <span class='ocr_line' id='line_1_110' title="bbox 1947 4515 3528 4592; baseline 0.006 -20"><span class='ocrx_word' id='word_1_934' title='bbox 1947 4515 2062 4586; x_wconf 83' lang='lat' dir='ltr'><strong><em>ipse</em></strong></span> <span class='ocrx_word' id='word_1_935' title='bbox 2075 4524 2159 4571; x_wconf 90' lang='lat' dir='ltr'><strong><em>est</em></strong></span> <span class='ocrx_word' id='word_1_936' title='bbox 2174 4516 2354 4586; x_wconf 90' lang='lat' dir='ltr'><strong><em>utique</em></strong></span> <span class='ocrx_word' id='word_1_937' title='bbox 2370 4515 2601 4587; x_wconf 89' lang='lat' dir='ltr'><strong><em>Spiritus</em></strong></span> <span class='ocrx_word' id='word_1_938' title='bbox 2617 4527 2850 4584; x_wconf 89' lang='lat' dir='ltr'><strong><em>sanctus,</em></strong></span> <span class='ocrx_word' id='word_1_939' title='bbox 2868 4518 2934 4575; x_wconf 91' lang='lat' dir='ltr'><strong><em>de</em></strong></span> <span class='ocrx_word' id='word_1_940' title='bbox 2953 4535 3059 4590; x_wconf 91' lang='lat' dir='ltr'><strong><em>quo</em></strong></span> <span class='ocrx_word' id='word_1_941' title='bbox 3075 4521 3364 4592; x_wconf 84' lang='lat' dir='ltr'><strong><em>Apostolus</em></strong></span> <span class='ocrx_word' id='word_1_942' title='bbox 3379 4524 3528 4591; x_wconf 88' lang='lat' dir='ltr'><strong><em>dicit,</em></strong></span> 
     </span>
    </p>
   </div>
   <div class='ocr_carea' id='block_1_110' title="bbox 1949 4606 3528 4690">
    <p class='ocr_par' dir='ltr' id='par_1_110' title="bbox 1949 4606 3528 4690">
     <span class='ocr_line' id='line_1_111' title="bbox 1949 4606 3528 4690; baseline 0.005 -27"><span class='ocrx_word' id='word_1_943' title='bbox 1949 4606 2203 4690; x_wconf 84' lang='lat' dir='ltr'><strong><em>Habentes</em></strong></span> <span class='ocrx_word' id='word_1_944' title='bbox 2225 4617 2392 4661; x_wconf 89' lang='lat' dir='ltr'><strong><em>autem</em></strong></span> <span class='ocrx_word' id='word_1_945' title='bbox 2414 4611 2640 4663; x_wconf 86' lang='lat' dir='ltr'><strong><em>eumdem</em></strong></span> <span class='ocrx_word' id='word_1_946' title='bbox 2668 4608 2918 4681; x_wconf 86' lang='lat' dir='ltr'><strong><em>Spiritum</em></strong></span> <span class='ocrx_word' id='word_1_947' title='bbox 2939 4612 3060 4681; x_wconf 76' lang='lat' dir='ltr'><strong><em>ﬁdei</em></strong></span> <span class='ocrx_word' id='word_1_948' title='bbox 3081 4608 3149 4684; x_wconf 89' lang='lat' dir='ltr'><strong><em>(ll</em></strong></span> <span class='ocrx_word' id='word_1_949' title='bbox 3172 4613 3289 4671; x_wconf 63' lang='grc' dir='ltr'><strong><em>(ἰοί.</em></strong></span> <span class='ocrx_word' id='word_1_950' title='bbox 3322 4632 3393 4686; x_wconf 87' lang='lat' dir='ltr'><strong><em>tv,</em></strong></span> <span class='ocrx_word' id='word_1_951' title='bbox 3423 4619 3528 4690; x_wconf 74' lang='grc'><strong><em>13).</em></strong></span> 
     </span>
    </p>
   </div>
   <div class='ocr_carea' id='block_1_111' title="bbox 1944 4698 3523 4781">
    <p class='ocr_par' dir='ltr' id='par_1_111' title="bbox 1944 4698 3523 4781">
     <span class='ocr_line' id='line_1_112' title="bbox 1944 4698 3523 4781; baseline 0.006 -25"><span class='ocrx_word' id='word_1_952' title='bbox 1944 4698 2052 4756; x_wconf 87' lang='lat' dir='ltr'><strong><em>Sed</em></strong></span> <span class='ocrx_word' id='word_1_953' title='bbox 2083 4698 2203 4755; x_wconf 89' lang='lat' dir='ltr'><strong><em>ideo</em></strong></span> <span class='ocrx_word' id='word_1_954' title='bbox 2231 4698 2376 4754; x_wconf 85' lang='lat' dir='ltr'><strong><em>Patri</em></strong></span> <span class='ocrx_word' id='word_1_955' title='bbox 2407 4699 2509 4755; x_wconf 90' lang='lat' dir='ltr'><strong><em>hoc</em></strong></span> <span class='ocrx_word' id='word_1_956' title='bbox 2539 4703 2875 4770; x_wconf 84' lang='lat' dir='ltr'><strong><em>potissimum</em></strong></span> <span class='ocrx_word' id='word_1_957' title='bbox 2908 4714 2992 4758; x_wconf 85' lang='lat' dir='ltr'><strong><em>est</em></strong></span> <span class='ocrx_word' id='word_1_958' title='bbox 3026 4707 3363 4776; x_wconf 86' lang='lat' dir='ltr'><strong><em>attributum,</em></strong></span> <span class='ocrx_word' id='word_1_959' title='bbox 3401 4712 3523 4781; x_wconf 83' lang='lat' dir='ltr'><strong><em>quia</em></strong></span> 
     </span>
    </p>
   </div>
   <div class='ocr_carea' id='block_1_112' title="bbox 1944 4788 3533 4870">
    <p class='ocr_par' dir='ltr' id='par_1_112' title="bbox 1944 4788 3533 4870">
     <span class='ocr_line' id='line_1_113' title="bbox 1944 4788 3533 4870; baseline 0.009 -26"><span class='ocrx_word' id='word_1_960' title='bbox 1944 4788 2013 4870; x_wconf 78' lang='lat' dir='ltr'><strong><em>de</em></strong></span> <span class='ocrx_word' id='word_1_961' title='bbox 2042 4790 2158 4860; x_wconf 87' lang='lat' dir='ltr'><strong><em>ipso</em></strong></span> <span class='ocrx_word' id='word_1_962' title='bbox 2196 4799 2282 4845; x_wconf 88' lang='lat' dir='ltr'><strong><em>est</em></strong></span> <span class='ocrx_word' id='word_1_963' title='bbox 2317 4790 2533 4861; x_wconf 90' lang='lat' dir='ltr'><strong><em>genitus</em></strong></span> <span class='ocrx_word' id='word_1_964' title='bbox 2564 4791 2903 4862; x_wconf 83' lang='lat' dir='ltr'><strong><em>Unigenitus,</em></strong></span> <span class='ocrx_word' id='word_1_965' title='bbox 2949 4803 3005 4849; x_wconf 90' lang='lat' dir='ltr'><strong><em>et</em></strong></span> <span class='ocrx_word' id='word_1_966' title='bbox 3047 4795 3115 4851; x_wconf 92' lang='lat' dir='ltr'><strong><em>de</em></strong></span> <span class='ocrx_word' id='word_1_967' title='bbox 3146 4796 3262 4867; x_wconf 86' lang='lat' dir='ltr'><strong><em>ipso</em></strong></span> <span class='ocrx_word' id='word_1_968' title='bbox 3295 4802 3533 4868; x_wconf 84' lang='lat' dir='ltr'><strong><em>procedit</em></strong></span> 
     </span>
    </p>
   </div>
   <div class='ocr_carea' id='block_1_113' title="bbox 1941 4879 3530 4964">
    <p class='ocr_par' dir='ltr' id='par_1_113' title="bbox 1941 4879 3530 4964">
     <span class='ocr_line' id='line_1_114' title="bbox 1941 4879 3530 4964; baseline 0.008 -28"><span class='ocrx_word' id='word_1_969' title='bbox 1941 4879 2170 4950; x_wconf 89' lang='lat' dir='ltr'><strong><em>Spiritus</em></strong></span> <span class='ocrx_word' id='word_1_970' title='bbox 2195 4892 2411 4937; x_wconf 86' lang='lat' dir='ltr'><strong><em>sanctus</em></strong></span> <span class='ocrx_word' id='word_1_971' title='bbox 2436 4900 2450 4936; x_wconf 90' lang='lat'><strong>:</strong></span> <span class='ocrx_word' id='word_1_972' title='bbox 2480 4882 2620 4939; x_wconf 88' lang='lat' dir='ltr'><strong><em>unde</em></strong></span> <span class='ocrx_word' id='word_1_973' title='bbox 2645 4884 2862 4954; x_wconf 88' lang='lat' dir='ltr'><strong><em>longum</em></strong></span> <span class='ocrx_word' id='word_1_974' title='bbox 2887 4895 2971 4940; x_wconf 88' lang='lat' dir='ltr'><strong><em>est</em></strong></span> <span class='ocrx_word' id='word_1_975' title='bbox 2996 4884 3329 4945; x_wconf 87' lang='lat' dir='ltr'><strong><em>enucleatius</em></strong></span> <span class='ocrx_word' id='word_1_976' title='bbox 3348 4891 3530 4964; x_wconf 81' lang='lat' dir='ltr'><strong><em>dispu-</em></strong></span> 
     </span>
    </p>
   </div>
   <div class='ocr_carea' id='block_1_114' title="bbox 1941 4971 3523 5045">
    <p class='ocr_par' dir='ltr' id='par_1_114' title="bbox 1941 4971 3523 5045">
     <span class='ocr_line' id='line_1_115' title="bbox 1941 4971 3523 5045; baseline 0.009 -20"><span class='ocrx_word' id='word_1_977' title='bbox 1941 4979 2091 5038; x_wconf 89' lang='lat' dir='ltr'><strong><em>tare;</em></strong></span> <span class='ocrx_word' id='word_1_978' title='bbox 2118 4983 2172 5028; x_wconf 90' lang='lat' dir='ltr'><strong><em>et</em></strong></span> <span class='ocrx_word' id='word_1_979' title='bbox 2198 4971 2269 5028; x_wconf 87' lang='lat' dir='ltr'><strong><em>de</em></strong></span> <span class='ocrx_word' id='word_1_980' title='bbox 2288 4972 2568 5038; x_wconf 88' lang='lat' dir='ltr'><strong><em>Trinitatc,</em></strong></span> <span class='ocrx_word' id='word_1_981' title='bbox 2590 4990 2709 5045; x_wconf 66' lang='lat' dir='ltr'><strong><em>quae</em></strong></span> <span class='ocrx_word' id='word_1_982' title='bbox 2733 4976 2870 5032; x_wconf 90' lang='lat' dir='ltr'><strong><em>Deus</em></strong></span> <span class='ocrx_word' id='word_1_983' title='bbox 2895 4986 2997 5045; x_wconf 85' lang='lat' dir='ltr'><strong><em>est,</em></strong></span> <span class='ocrx_word' id='word_1_984' title='bbox 3020 4978 3257 5037; x_wconf 87' lang='lat' dir='ltr'><strong><em>laborem</em></strong></span> <span class='ocrx_word' id='word_1_985' title='bbox 3284 4995 3523 5042; x_wconf 86' lang='lat' dir='ltr'><strong><em>nostrum</em></strong></span> 
     </span>
    </p>
   </div>
   <div class='ocr_carea' id='block_1_115' title="bbox 1940 5064 3520 5145">
    <p class='ocr_par' dir='ltr' id='par_1_115' title="bbox 1940 5064 3520 5145">
     <span class='ocr_line' id='line_1_116' title="bbox 1940 5064 3520 5145; baseline 0.008 -25"><span class='ocrx_word' id='word_1_986' title='bbox 1940 5064 1993 5120; x_wconf 90' lang='lat' dir='ltr'><strong><em>in</em></strong></span> <span class='ocrx_word' id='word_1_987' title='bbox 2021 5065 2325 5135; x_wconf 89' lang='lat' dir='ltr'><strong><em>quindecim</em></strong></span> <span class='ocrx_word' id='word_1_988' title='bbox 2364 5065 2516 5121; x_wconf 90' lang='lat' dir='ltr'><strong><em>libris</em></strong></span> <span class='ocrx_word' id='word_1_989' title='bbox 2546 5067 2610 5122; x_wconf 85' lang='lat' dir='ltr'><strong><em>ad</em></strong></span> <span class='ocrx_word' id='word_1_990' title='bbox 2643 5083 2739 5123; x_wconf 86' lang='lat' dir='ltr'><strong><em>vos</em></strong></span> <span class='ocrx_word' id='word_1_991' title='bbox 2762 5069 2872 5138; x_wconf 89' lang='lat' dir='ltr'><strong><em>jam</em></strong></span> <span class='ocrx_word' id='word_1_992' title='bbox 2914 5071 3163 5126; x_wconf 74' lang='lat' dir='ltr'><strong><em>existimo</em></strong></span> <span class='ocrx_word' id='word_1_993' title='bbox 3187 5077 3520 5145; x_wconf 83' lang='lat' dir='ltr'><strong><em>pervenisse.</em></strong></span> 
     </span>
    </p>
   </div>
   <div class='ocr_carea' id='block_1_116' title="bbox 1938 5146 3527 5228">
    <p class='ocr_par' dir='ltr' id='par_1_116' title="bbox 1938 5146 3527 5228">
     <span class='ocr_line' id='line_1_117' title="bbox 1938 5146 3527 5228; baseline 0.009 -16"><span class='ocrx_word' id='word_1_994' title='bbox 1938 5156 2129 5224; x_wconf 78' lang='lat' dir='ltr'><strong><em>Valde,</em></strong></span> <span class='ocrx_word' id='word_1_995' title='bbox 2176 5157 2412 5228; x_wconf 89' lang='lat' dir='ltr'><strong><em>inquam,</em></strong></span> <span class='ocrx_word' id='word_1_996' title='bbox 2445 5167 2649 5213; x_wconf 89' lang='lat' dir='ltr'><strong><em>remota</em></strong></span> <span class='ocrx_word' id='word_1_997' title='bbox 2691 5169 2774 5214; x_wconf 90' lang='lat' dir='ltr'><strong><em>est</em></strong></span> <span class='ocrx_word' id='word_1_998' title='bbox 2816 5176 2845 5214; x_wconf 92' lang='lat' dir='ltr'><strong><em>a</em></strong></span> <span class='ocrx_word' id='word_1_999' title='bbox 2889 5146 3136 5219; x_wconf 88' lang='lat' dir='ltr'><strong><em>sensibus</em></strong></span> <span class='ocrx_word' id='word_1_1000' title='bbox 3177 5167 3357 5222; x_wconf 86' lang='lat' dir='ltr'><strong><em>carnis</em></strong></span> <span class='ocrx_word' id='word_1_1001' title='bbox 3415 5169 3527 5227; x_wconf 80' lang='lat' dir='ltr'><strong><em>ha-c</em></strong></span> 
     </span>
    </p>
   </div>
   <div class='ocr_carea' id='block_1_117' title="bbox 1937 5250 3524 5324">
    <p class='ocr_par' dir='ltr' id='par_1_117' title="bbox 1937 5250 3524 5324">
     <span class='ocr_line' id='line_1_118' title="bbox 1937 5250 3524 5324; baseline 0.011 -17"><span class='ocrx_word' id='word_1_1002' title='bbox 1937 5251 2143 5318; x_wconf 86' lang='lat' dir='ltr'><strong><em>schola,</em></strong></span> <span class='ocrx_word' id='word_1_1003' title='bbox 2172 5250 2225 5306; x_wconf 92' lang='lat' dir='ltr'><strong><em>in</em></strong></span> <span class='ocrx_word' id='word_1_1004' title='bbox 2264 5267 2369 5322; x_wconf 87' lang='lat' dir='ltr'><strong><em>qua</em></strong></span> <span class='ocrx_word' id='word_1_1005' title='bbox 2406 5252 2545 5307; x_wconf 91' lang='lat' dir='ltr'><strong><em>Deus</em></strong></span> <span class='ocrx_word' id='word_1_1006' title='bbox 2573 5253 2786 5309; x_wconf 85' lang='lat' dir='ltr'><strong><em>auditur</em></strong></span> <span class='ocrx_word' id='word_1_1007' title='bbox 2822 5266 2875 5311; x_wconf 91' lang='lat' dir='ltr'><strong><em>et</em></strong></span> <span class='ocrx_word' id='word_1_1008' title='bbox 2904 5257 3081 5314; x_wconf 91' lang='lat' dir='ltr'><strong><em>docet.</em></strong></span> <span class='ocrx_word' id='word_1_1009' title='bbox 3118 5259 3313 5319; x_wconf 78' lang='lat' dir='ltr'><strong><em>Multos</em></strong></span> <span class='ocrx_word' id='word_1_1010' title='bbox 3343 5267 3524 5324; x_wconf 84' lang='lat' dir='ltr'><strong><em>venire</em></strong></span> 
     </span>
    </p>
   </div>
   <div class='ocr_carea' id='block_1_118' title="bbox 1936 5341 3520 5417">
    <p class='ocr_par' dir='ltr' id='par_1_118' title="bbox 1936 5341 3520 5417">
     <span class='ocr_line' id='line_1_119' title="bbox 1936 5341 3520 5417; baseline 0.013 -22"><span class='ocrx_word' id='word_1_1011' title='bbox 1936 5341 2178 5397; x_wconf 80' lang='lat' dir='ltr'><strong><em>videmus</em></strong></span> <span class='ocrx_word' id='word_1_1012' title='bbox 2211 5342 2278 5397; x_wconf 90' lang='lat' dir='ltr'><strong><em>ad</em></strong></span> <span class='ocrx_word' id='word_1_1013' title='bbox 2309 5343 2524 5412; x_wconf 82' lang='lat' dir='ltr'><strong><em>Filium,</em></strong></span> <span class='ocrx_word' id='word_1_1014' title='bbox 2564 5345 2687 5417; x_wconf 87' lang='lat' dir='ltr'><strong><em>quia</em></strong></span> <span class='ocrx_word' id='word_1_1015' title='bbox 2718 5348 2916 5404; x_wconf 88' lang='lat' dir='ltr'><strong><em>multos</em></strong></span> <span class='ocrx_word' id='word_1_1016' title='bbox 2941 5350 3164 5408; x_wconf 86' lang='lat' dir='ltr'><strong><em>credere</em></strong></span> <span class='ocrx_word' id='word_1_1017' title='bbox 3193 5354 3438 5415; x_wconf 86' lang='lat' dir='ltr'><strong><em>videmus</em></strong></span> <span class='ocrx_word' id='word_1_1018' title='bbox 3467 5360 3520 5416; x_wconf 90' lang='lat' dir='ltr'><strong><em>in</em></strong></span> 
     </span>
    </p>
   </div>
   <div class='ocr_carea' id='block_1_119' title="bbox 1933 5433 3521 5509">
    <p class='ocr_par' dir='ltr' id='par_1_119' title="bbox 1933 5433 3521 5509">
     <span class='ocr_line' id='line_1_120' title="bbox 1933 5433 3521 5509; baseline 0.013 -22"><span class='ocrx_word' id='word_1_1019' title='bbox 1933 5433 2206 5490; x_wconf 86' lang='lat' dir='ltr'><strong><em>Christum</em></strong></span> <span class='ocrx_word' id='word_1_1020' title='bbox 2241 5453 2254 5489; x_wconf 88' lang='lat'>:</span> <span class='ocrx_word' id='word_1_1021' title='bbox 2285 5433 2380 5491; x_wconf 85' lang='lat' dir='ltr'><strong><em>sed</em></strong></span> <span class='ocrx_word' id='word_1_1022' title='bbox 2411 5436 2496 5491; x_wconf 90' lang='lat' dir='ltr'><strong><em>ubi</em></strong></span> <span class='ocrx_word' id='word_1_1023' title='bbox 2526 5446 2578 5493; x_wconf 91' lang='lat' dir='ltr'><strong><em>et</em></strong></span> <span class='ocrx_word' id='word_1_1024' title='bbox 2597 5439 2868 5509; x_wconf 84' lang='lat' dir='ltr'><strong><em>quomodo</em></strong></span> <span class='ocrx_word' id='word_1_1025' title='bbox 2887 5455 2918 5495; x_wconf 89' lang='lat' dir='ltr'><strong><em>a</em></strong></span> <span class='ocrx_word' id='word_1_1026' title='bbox 2946 5441 3105 5499; x_wconf 82' lang='lat' dir='ltr'><strong><em>Patre</em></strong></span> <span class='ocrx_word' id='word_1_1027' title='bbox 3129 5445 3396 5505; x_wconf 90' lang='lat' dir='ltr'><strong><em>audierint</em></strong></span> <span class='ocrx_word' id='word_1_1028' title='bbox 3420 5450 3521 5507; x_wconf 88' lang='lat' dir='ltr'><strong><em>hoc</em></strong></span> 
     </span>
    </p>
   </div>
   <div class='ocr_carea' id='block_1_120' title="bbox 1999 5610 3522 5692">
    <p class='ocr_par' dir='ltr' id='par_1_120' title="bbox 1999 5610 3522 5692">
     <span class='ocr_line' id='line_1_121' title="bbox 1999 5610 3522 5692; baseline 0 0"><span class='ocrx_word' id='word_1_1029' title='bbox 1999 5610 2751 5692; x_wconf 53' lang='lat' dir='ltr'><strong><em>&#39;.-EP&quot;.’.‘3l‘i‘.‘§E§.‘EEPPE¥fe’W&quot;b</em></strong></span> <span class='ocrx_word' id='word_1_1030' title='bbox 2776 5624 2821 5667; x_wconf 80' lang='grc' dir='ltr'><em>ει</em></span> <span class='ocrx_word' id='word_1_1031' title='bbox 2843 5631 2953 5692; x_wconf 59' lang='grc' dir='ltr'><strong><em>εφη</em></strong></span> <span class='ocrx_word' id='word_1_1032' title='bbox 2980 5621 3258 5692; x_wconf 48' lang='lat' dir='ltr'><strong><em>crederet.--</em></strong></span> <span class='ocrx_word' id='word_1_1033' title='bbox 3271 5634 3326 5692; x_wconf 69' lang='lat' dir='ltr'><strong><em>tu</em></strong></span> <span class='ocrx_word' id='word_1_1034' title='bbox 3347 5641 3522 5692; x_wconf 79' lang='lat' dir='ltr'><strong><em>super-</em></strong></span> 
     </span>
    </p>
   </div>
   <div class='ocr_carea' id='block_1_121' title="bbox 1934 5671 3522 5747">
    <p class='ocr_par' dir='ltr' id='par_1_121' title="bbox 1934 5671 3522 5747">
     <span class='ocr_line' id='line_1_122' title="bbox 1934 5671 3522 5747; baseline 0.014 -27"><span class='ocrx_word' id='word_1_1035' title='bbox 1934 5671 2101 5747; x_wconf 70' lang='lat' dir='ltr'><strong><em>lluum.</em></strong></span> <span class='ocrx_word' id='word_1_1036' title='bbox 2130 5673 2341 5747; x_wconf 70' lang='lat' dir='ltr'><strong><em>tiabetur</em></strong></span> <span class='ocrx_word' id='word_1_1037' title='bbox 2363 5671 2668 5747; x_wconf 73' lang='lat' dir='ltr'><strong><em>uolitantum</em></strong></span> <span class='ocrx_word' id='word_1_1038' title='bbox 2711 5671 2761 5729; x_wconf 76' lang='lat' dir='ltr'><strong><em>in</em></strong></span> <span class='ocrx_word' id='word_1_1039' title='bbox 2804 5671 3326 5747; x_wconf 32' lang='lat' dir='ltr'><strong><em>antiquioribttsvediti;</em></strong></span> <span class='ocrx_word' id='word_1_1040' title='bbox 3347 5671 3522 5743; x_wconf 47' lang='lat' dir='ltr'><strong><em>litim</em></strong></span> 
     </span>
    </p>
   </div>
   <div class='ocr_carea' id='block_1_122' title="bbox 1932 5733 3518 5844">
    <p class='ocr_par' dir='ltr' id='par_1_122' title="bbox 1932 5733 3518 5844">
     <span class='ocr_line' id='line_1_123' title="bbox 1932 5733 3518 5844; baseline -0.035 2"><span class='ocrx_word' id='word_1_1041' title='bbox 1932 5733 2143 5844; x_wconf 45' lang='grc' dir='ltr'><strong><em>ἷὲιιῗω</em></strong></span> <span class='ocrx_word' id='word_1_1042' title='bbox 2169 5736 2316 5783; x_wconf 55' lang='lat' dir='ltr'><strong><em>eum“</em></strong></span> <span class='ocrx_word' id='word_1_1043' title='bbox 2332 5737 2390 5801; x_wconf 75' lang='grc' dir='ltr'><strong><em>ίιι,</em></strong></span> <span class='ocrx_word' id='word_1_1044' title='bbox 2403 5739 2635 5789; x_wconf 62' lang='grc' dir='ltr'><strong><em>καιίαωίέ</em></strong></span> <span class='ocrx_word' id='word_1_1045' title='bbox 2656 5733 2992 5806; x_wconf 65' lang='grc' dir='ltr'><strong><em>ιηδιιὶυδντὶιῖιίδ</em></strong></span> <span class='ocrx_word' id='word_1_1046' title='bbox 3010 5754 3061 5796; x_wconf 85' lang='lat' dir='ltr'><strong><em>et</em></strong></span> <span class='ocrx_word' id='word_1_1047' title='bbox 3083 5733 3518 5808; x_wconf 58' lang='lat' dir='ltr'><strong><em>itaitaag&#39;c&#39;raa:</em></strong></span> 
     </span>
     <span class='ocr_line' id='line_1_124' title="bbox 1952 5810 2118 5844; baseline 0 -1"><span class='ocrx_word' id='word_1_1048' title='bbox 1952 5811 1966 5843; x_wconf 93' lang='grc' dir='ltr'><strong><em>ι</em></strong></span> <span class='ocrx_word' id='word_1_1049' title='bbox 2077 5810 2118 5844; x_wconf 71' lang='lat'><strong><em>5.</em></strong></span> 
     </span>
    </p>
   </div>
   <div class='ocr_carea' id='block_1_123' title="bbox 2000 5831 2928 5927">
    <p class='ocr_par' dir='ltr' id='par_1_123' title="bbox 2000 5831 2928 5927">
     <span class='ocr_line' id='line_1_125' title="bbox 2000 5831 2928 5927; baseline 0.013 -24"><span class='ocrx_word' id='word_1_1050' title='bbox 2172 5864 2243 5907; x_wconf 75' lang='lat' dir='ltr'><strong><em>Fr.</em></strong></span> <span class='ocrx_word' id='word_1_1051' title='bbox 2272 5868 2323 5911; x_wconf 90' lang='lat' dir='ltr'><strong><em>et</em></strong></span> <span class='ocrx_word' id='word_1_1052' title='bbox 2347 5858 2527 5927; x_wconf 67' lang='lat' dir='ltr'><strong><em>aliquot</em></strong></span> <span class='ocrx_word' id='word_1_1053' title='bbox 2552 5870 2677 5926; x_wconf 68' lang='lat' dir='ltr'><strong><em>Mss,</em></strong></span> <span class='ocrx_word' id='word_1_1054' title='bbox 2706 5863 2928 5918; x_wconf 80' lang='lat' dir='ltr'><strong><em>dicimus.</em></strong></span> 
     </span>
    </p>
   </div>
   <div class='ocr_carea' id='block_1_124' title="bbox 2802 5948 3258 6029">
    <p class='ocr_par' dir='ltr' id='par_1_124' title="bbox 2802 5948 3258 6029">
     <span class='ocr_line' id='line_1_126' title="bbox 2802 5948 3258 6029; baseline 0.011 -21"><span class='ocrx_word' id='word_1_1055' title='bbox 2802 5948 3162 6029; x_wconf 65' lang='lat' dir='ltr'><strong><em>j&#39;Trettte-un</em></strong></span> <span class='ocrx_word' id='word_1_1056' title='bbox 3173 5957 3258 6027; x_wconf 71' lang='grc' dir='ltr'><strong><em>ε.)</em></strong></span> 
     </span>
    </p>
   </div>
  </div>
