4014 6186
349 236 462 296 '97!

302 429 310 444 .
368 382 758 449 t‘tididicerittt,
813 399 915 438 non
941 384 1204 448 videmus.
1249 377 1480 436 Nimium
1519 382 1682 451 gratia
1721 379 1819 434 ista
1844 393 1932 434 sc-

355 485 514 534 crota
541 486 624 532 est
664 491 678 529 :
711 475 932 544 gratiam
959 485 1085 526 vero
1109 485 1229 528 esse
1249 471 1368 540 quis
1388 469 1654 540 ambigat?
1681 468 1806 525 Ha-c
1829 468 1932 523 ita-

365 579 471 634 que
496 563 687 634 gratia,
716 579 834 632 qua:
861 563 1068 616 occulte
1089 560 1333 615 humanis
1357 559 1608 616 cordibus
1627 558 1803 614 divina
1825 559 1934 612 lar-

363 657 524 724 gitate
542 653 817 719 tribuitur,
859 667 889 706 a
933 653 1080 706 nullo
1107 651 1242 706 duro
1269 649 1432 706 corde
1469 651 1760 720 respuitur.
1797 645 1932 704 ‘ldeo

359 743 550 812 quippe
569 744 840 802 trilmitur.
877 751 932 796 ut
955 741 1134 796 cordis
1157 740 1620 810 duritiam-imitus
1639 739 1930 796 auferatur.

360 833 583 899 Quando
624 847 752 903 ergo
785 833 941 887 Pater
969 832 1111 887 intus
1135 830 1348 885 auditur
1374 837 1430 886 et
1457 829 1632 894 docet,
1663 839 1720 884 ut
1748 829 1930 884 venia-

239 980 254 998 ε
362 929 443 978 tur
470 923 780 990 ad'Filium,
817 922 993 980 aufert
1020 938 1114 978 cor
1145 920 1412 992 lapideum
1436 961 1450 987 ,
1480 929 1535 976 et
1562 919 1656 975 dat
1682 935 1778 974 cor
1806 934 1928 973 car-

355 1029 552 1078 neum;
589 1014 725 1068 sicut
769 1013 1026 1083 prepheta
1072 1010 1396 1082 praedicante
1431 1009 1675 1079 promisit
1713 1005 1930 1073 (Ezech.

355 1121 428 1167 χι,
461 1105 575 1174 19).
623 1103 710 1158 Sic
735 1105 930 1174 quippe
967 1102 1094 1158 facit
1125 1102 1262 1156 filios
1295 1099 1687 1172 promissionis,
1729 1107 1782 1154 et
1808 1111 1932 1152 vasa

356 1193 736 1248 miscricordic
763 1209 880 1262 quae
911 1188 1222 1261 praeparavit
1249 1191 1302 1244 in
1331 1187 1577 1260 gloriam.

411 1285 513 1338 ιη.
554 1281 662 1338 Cur
713 1297 840 1353 etgo
893 1298 998 1336 non
1046 1297 1234 1336 omnes
1279 1280 1454 1345 docet,
1505 1288 1563 1333 ut
1604 1278 1821 1333 veniant
1864 1275 1930 1331 ad

357 1376 666 1439 Christum;
716 1374 817 1428 nisi
875 1373 997 1443 quia
1044 1387 1232 1427 omnes
1283 1386 1416 1441 quos
1474 1371 1668 1434 docet,
1727 1367 1936 1424 miseri-

352 1463 532 1519 cordia
597 1463 799 1527 docct;
865 1476 999 1530 quos
1059 1470 1234 1515 autem
1303 1475 1409 1514 non
1479 1458 1633 1514 docet
1656 1497 1673 1525 ,
1735 1455 1937 1527 judicio

354 1571 460 1610 non
505 1553 702 1610 docet?
743 1555 1000 1621 Quoniam
1043 1553 1191 1624 cujus
1231 1551 1336 1606 vult
1378 1551 1658 1614 miseretur,
1703 1557 1747 1602 et
1787 1562 1936 1617 quem

354 1643 458 1698 tmll
501 1644 713 1698 obdurat
757 1659 777 1697 :
825 1641 918 1696 sed
958 1643 1282 1706 tniserctur,
1341 1639 1478 1711 bona
1521 1638 1792 1704 tribuens;
1841 1637 1937 1692 ob-

357 1735 549 1800 durat,
587 1733 744 1803 digna
787 1731 1108 1786 retribucns.
1157 1730 1264 1785 Aut
1291 1729 1337 1784 si
1365 1736 1420 1785 et
1447 1731 1582 1793 ista,
1620 1737 1678 1780 ut
1717 1725 1931 1796 quidam

353 1825 680 1894 distinguere
707 1823 1025 1886 maluerunt,
1053 1821 1218 1878 verba
1243 1829 1365 1875 sunt
1389 1819 1505 1890 ejus
1527 1818 1612 1874 cui
1641 1815 1930 1887 Apostolus

355 1915 453 1980 ait,
497 1913 640 1968 Dicis
687 1913 855 1984 itaque
898 1911 1022 1965 mihi
1063 1925 1082 1966 :
1119 1918 1180 1965 ut
1224 1908 1338 1981 ipse
1376 1907 1576 1964 dixisse
1626 1906 1934 1976 accipiatur,

299 2063 305 2066 .
355 2005 496 2077 Ergo
543 2005 690 2076 cujus
726 2005 828 2057 vult
870 2001 1152 2067 miseretur,
1193 2009 1240 2070 et
1279 2015 1427 2070 quem
1462 1996 1569 2052 vult
1605 1993 1858 2060 obdurat;
1885 2003 1940 2050 et

354 2112 476 2164 qua:
499 2103 812 2164 sequuntur,
846 2090 896 2146 id
927 2101 1030 2157 est,
1067 2089 1205 2158 Quid
1232 2089 1401 2144 adhuc
1432 2084 1791 2157 conqueritur?
1819 2100 1940 2138 nam

347 2186 595 2241 voluntati
619 2186 726 2256 ejus
751 2183 860 2256 quis
887 2181 1109 2236 resistit?
1135 2178 1390 2251 numquid
1425 2190 1740 2247 responsum
1766 2183 1849 2241 est
1872 2174 1940 2230 ab

355 2275 614 2346 Apostolo
633 2315 648 2341 ,
677 2271 720 2328 Ο
747 2273 907 2326 homo
931 2311 946 2338 ,
983 2269 1174 2326 falsum
1203 2279 1286 2326 est
1313 2267 1455 2340 quod
1482 2265 1694 2322 dixisti?
1722 2262 1838 2319 Non
1863 2265 1879 2295 ¹
1915 2281 1928 2316 :

355 2367 450 2422 sed
479 2382 793 2437 responsum
819 2374 921 2427 est,
953 2361 998 2418 Ο
1022 2365 1192 2438 homo,
1223 2372 1276 2416 tu
1313 2361 1427 2433 quis
1446 2375 1498 2414 es
1519 2361 1605 2430 qui
1632 2358 1940 2430 respondeas

359 2460 504 2514 ltro?
550 2455 813 2527 Numquid
841 2455 964 2510 dicit
995 2455 1286 2526 ﬁgmentum
1315 2453 1362 2508 ei
1383 2452 1468 2523 qui
1495 2467 1549 2506 se
1573 2450 1742 2520 ﬁnxit,
1773 2449 1944 2514 Quare

356 2553 428 2606 sic
468 2566 548 2605 me
573 2549 734 2622 fecisti
753 2549 793 2630 ΡΙ
809 2547 994 2602 Annon
1021 2545 1170 2601 habet
1207 2552 1504 2616 potestatem
1541 2541 1732 2614 ﬁgulus
1759 2541 1852 2594 luti
1878 2555 1941 2593 es

355 2640 532 2694 eadem
559 2655 745 2702 massa,
773 2646 828 2693 et
853 2635 1150 2708 sequentia,
1171 2649 1290 2706 quas
1309 2632 1512 2704 optime
1535 2630 1726 2688 nostis.
1760 2631 1828 2685 Et
1854 2639 1937 2684 ta-

359 2750 480 2792 men
507 2732 798 2789 secundum
838 2729 1121 2802 quemdam
1151 2725 1402 2794 modum,
1435 2739 1624 2782 omnes
1663 2723 1820 2778 Pater
1845 2721 1944 2777 do-

353 2836 442 2881 cet
482 2824 664 2880 venire
707 2823 774 2878 ad
811 2837 965 2877 suum
995 2820 1208 2876 Filium.
1248 2817 1364 2874 Non
1392 2817 1534 2874 enim
1577 2816 1770 2871 frustra
1799 2829 1938 2870 sert-

362 2927 512 2985 ptum
539 2925 622 2971 est
652 2915 703 2969 in
733 2912 1015 2984 Pr0phetis
1035 2952 1051 2978 ,
1091 2907 1162 2964 Et
1187 2919 1334 2965 erunt
1359 2924 1530 2964 omnes
1557 2903 1798 2962 docibiles
1823 2903 1942 2961 Dei.

365 3009 518 3077 Quod
549 3005 914 3063 testimonium
953 3018 1074 3058 cum
1117 3001 1482 3073 praemisisset,
1521 3008 1648 3054 tunc
1689 2995 1942 3061 subdidit,

363 3101 539 3154 Omnis
563 3098 649 3169 qui
677 3097 865 3151 audiuit
887 3113 920 3149 a
949 3093 1112 3148 Patre
1128 3103 1175 3148 et
1199 3092 1394 3160 didicit,
1420 3093 1551 3146 venit
1573 3089 1644 3144 ad
1669 3105 1768 3144 nte.
1795 3087 1944 3145 Sicut

363 3204 494 3260 ergo
541 3188 746 3257 integre
787 3183 1095 3254 loquimur,
1139 3197 1261 3238 eum
1305 3181 1373 3236 de
1419 3180 1598 3250 aliquo
1645 3177 1944 3232 litterarum

360 3281 637 3352 magistro,
689 3293 782 3347 qm
812 3261 880 3330 in
909 3274 1122 3330 civitate
1151 3271 1298 3327 solus
1324 3277 1426 3337 est,
1473 3269 1722 3337 dicimus,
1750 3268 1948 3325 Omnes

361 3341 480 3429 iste
501 3370 586 3424 hic
623 3341 830 3423 litteras
868 3364 1055 3430 docet;
1087 3376 1194 3417 non
1219 3359 1340 3431 quia
1367 3372 1558 3416 omnes
1583 3356 1816 3422 discunt,
1851 3341 1966 3412 sed'

357 3463 482 3535 quia
511 3475 668 3516 nemo
705 3457 804 3512 nisi
861 3455 1049 3510 abillo
1085 3452 1270 3516 discit,
1299 3450 1619 3522 quicumque
1644 3449 1718 3506 ibi
1745 3449 1949 3505 litteras

364 3552 519 3608 discit
551 3569 564 3605 :
593 3551 664 3604 ita
691 3556 836 3604 recte
851 3547 1093 3607 dicimus,
1110 3541 1309 3599 Omnes
1335 3542 1473 3598 Deus
1492 3539 1650 3598 docet
1675 3539 1858 3596 venire
1882 3538 1949 3594 ad

359 3643 654 3706 Christum,
699 3654 807 3695 non
851 3637 976 3709 quia
1019 3649 1210 3690 omnes
1233 3633 1474 3698 veniunt,
1505 3630 1602 3688 sed
1626 3631 1751 3702 quia
1789 3643 1950 3685 nemo

367 3736 529 3790 aliter
558 3732 722 3788 venit.
767 3727 874 3784 Cur
903 3737 1080 3784 autem
1118 3739 1225 3780 non
1257 3709 1445 3779 omnes
1487 3721 1699 3787 doceat,
1743 3719 1952 3790 aperuit

369 3825 681 3898 Apostolus,
705 3830 964 3893 quantum
997 3816 1342 3888 aperiendum
1371 3813 1670 3886 judicavit:
1708 3811 1832 3884 quia
1859 3827 1948 3866 ro-

361 3918 475 3971 leus
513 3912 772 3972 ostendere
803 3911 954 3975 iram,
1004 3917 1051 3962 et
1087 3907 1430 3962 demonstrare
1470 3903 1748 3976 potentiam
1785 3919 1948 3966 suam,

365 4007 534 4066 attulit
559 4007 612 4058 in
639 4002 801 4056 multa
827 3999 1070 4072 patientia
1089 4014 1210 4053 vasa
1244 3997 1336 4052 ira
1365 4011 1478 4069 qua:
1503 3999 1724 4066 perfecta
1747 4005 1864 4050 sunt
1893 3996 1949 4048 in

359 4098 723 4173 perditionem,
768 4103 812 4148 et
849 4101 905 4146 ut
943 4099 1086 4146 notas
1127 4091 1278 4162 faciat
1319 4088 1521 4142 divitias
1558 4086 1736 4158 gloria!
1767 4101 1874 4142 suae
1900 4086 1953 4139 in

364 4206 486 4254 vasa
521 4183 908 4258 lmisericordite,
943 4194 1054 4254 qute
1082 4179 1383 4251 prteparavit
1423 4178 1476 4231 in
1515 4176 1732 4249 gloriam
1772 4175 1948 4249 (Rom.

367 4296 448 4345 is,
471 4259 474 4264 I
499 4276 708 4348 48-25).
742 4275 876 4330 Hinc
912 4283 995 4329 est
1027 4270 1170 4344 quod
1201 4270 1404 4325 verbum
1434 4271 1595 4324 crucis
1625 4266 1949 4338 pereuntibus

353 4370 582 4426 stultitia
617 4378 726 4434 est;
761 4367 839 4420 his
869 4371 1044 4418 autent
1076 4364 1162 4434 qui
1207 4361 1336 4416 salvi
1375 4361 1526 4430 ﬁunt,
1557 4361 1715 4414 virtus
1755 4358 1849 4412 Dei
1876 4367 1948 4412 est

349 4461 414 4531 .(l
438 4460 554 4517 Cor.
585 4475 623 4522 ι.
667 4457 780 4528 18).
819 4455 927 4511 llos
953 4467 1138 4510 omnes
1161 4453 1319 4508 docet
1355 4450 1538 4506 venire
1571 4450 1641 4505 ad
1683 4447 1954 4504 Christum

361 4558 547 4618 Deus;
575 4552 674 4625 hos
698 4549 840 4606 enim
864 4552 886 4581 ’⁵
911 4563 1097 4604 omnes
1120 4547 1231 4601 vult
1253 4547 1430 4602 salvos
1461 4543 1597 4608 fieri,
1626 4551 1682 4597 et
1708 4541 1762 4596 in
1801 4541 1956 4612 agni-

361 4648 572 4701 .tionetn
600 4641 839 4700 veritatis
867 4639 1047 4696 venire
1071 4636 1117 4708 (ι
1147 4635 1280 4690 Tim.
1313 4650 1372 4700 tt,
1403 4633 1484 4704 ι).
1514 4632 1648 4688 Nam
1677 4631 1722 4686 si
1749 4640 1804 4686 et
1832 4630 1957 4685 illos

379 4737 570 4808 quibus
597 4732 822 4789 stultitia
848 4740 931 4786 est
957 4727 1174 4784 verbum
1199 4725 1392 4788 erucis,
1427 4732 1486 4777 ut
1510 4721 1576 4777 ad
1591 4719 1960 4810 Christumve-

383 4830 580 4892 uirent,
628 4825 822 4879 docere
855 4821 1130 4885 voluisset,
1179 4814 1362 4886 procul
1410 4812 1575 4868 dubio
1619 4811 1864 4867 venirent
1906 4818 1962 4865 et

362 4920 498 4990 ipsi.
527 4891 645 4974 Non
686 4891 827 4972 οηὶιιι
866 4913 998 4968 fallit
1033 4920 1125 4967 aut
1165 4908 1365 4964 fallitur
1404 4907 1494 4978 qui
1537 4905 1628 4970 ait,
1668 4904 1846 4958 Omnis
1877 4901 1962 4972 qui

364 5011 574 5068 audivit
612 5027 645 5065 a
679 5003 840 5064 Patre"
868 5015 914 5061 et
940 5004 1137 5070 didicit,
1165 5001 1313 5057 tacuit
1341 4999 1408 5054 ad
1432 5014 1530 5053 me.
1559 4997 1712 5052 Absit
1735 5010 1864 5066 ergo
1903 5003 1962 5050 ut

384 5104 662 5174 quisquam
694 5113 800 5155 non
826 5095 1023 5161 veniat,
1045 5093 1138 5164 qui
1165 5108 1196 5148 a
1221 5091 1380 5146 Patre
1407 5087 1609 5144 audivit
1633 5095 1689 5141 et
1712 5085 1918 5174 didicit.

459 5191 548 5246 15.
594 5208 616 5244 ι
649 5187 845 5259 Quare,
875 5201 896 5236 ι
929 5182 1194 5254 inquiunt,
1231 5198 1251 5232 ι
1283 5193 1389 5234 non
1415 5191 1604 5232 omnes
1629 5175 1824 5232 docet?
1853 5193 1873 5227 ι
1897 5173 1954 5230 Si

371 5283 677 5338 dixerimus
701 5278 822 5351 quia
864 5276 1050 5331 nolunt
1087 5273 1294 5330 discere
1320 5285 1455 5344 quos
1501 5285 1604 5325 non
1644 5267 1838 5332 docet;
1871 5282 1961 5322 re-

372 5370 734 5442 spondebitur
771 5369 946 5433 nobis,
986 5366 1055 5421 Et
1083 5364 1169 5421 ubi
1197 5373 1280 5419 est
1303 5363 1444 5434 quod
1471 5361 1520 5418 ei
1548 5360 1774 5426 dicitur,
1805 5357 1962 5426 Deus,

374 5474 446 5516 ιω
471 5471 754 5516 conuertens
777 5457 1047 5528 cioiﬁcabis
1071 5471 1162 5510 nos
1187 5444 1356 5525 (Psal.
1397 5467 1618 5517 LXXXIV,
1658 5449 1758 5521 ην
1794 5451 1898 5505 Ant
1919 5449 1963 5503 si

449 5592 468 5624 ⁸
491 5599 670 5641 Otones
687 5594 792 5638 uss.
815 5587 1058 5646 mittunt,
1081 5597 1192 5640 nats.

376 5654 581 5764 ὡ
609 5649 851 5710 ιωὶιιιρε,
881 5646 1009 5698 enim
1021 5640 1055 5710 ;’
1077 5650 1191 5711 quia
1232 5645 1536 5708 manuscripu'
1581 5656 1752 5694 omnes
1791 5641 1838 5692 id
1879 5640 1963 5690 ba-

1587 265 1646 322 S.
1689 257 2054 322 Αυουετικι
2095 257 2392 322 ILPISCON

3515 265 3620 322 972

2045 391 2153 432 non
2196 377 2319 434 facit
2361 379 2599 435 volentes
2628 392 2690 434 cx
2739 379 3038 435 nolentibus
3068 379 3235 446 Deus,
3275 379 3460 452 utquid
3492 391 3620 438 oras

2041 467 2274 524 Ecclesia
2311 469 2600 524 secundum
2632 479 2953 540 praeceptum
2983 469 3189 526 Domini
3220 484 3317 540 pro
3347 485 3599 541 persecu-

2043 557 2245 614 toribus
2270 560 2379 614 suis
2406 557 2617 632 (Μαιιιι.
2648 575 2698 623 v,
2733 559 2864 630 ﬂ)?
2889 558 3020 614 Nam
3049 559 3129 614 sic
3156 560 3318 615 etiam
3339 561 3496 616 voluit
3525 563 3607 617 in-

2041 649 2204 720 telligi
2263 659 2480 706 sanctus
2524 649 2817 720 Cyprianus
2860 646 2964 723 (De
3011 649 3254 704 Oratione
3323 648 3608 716 Dominum;

2039 740 2179 811 quod
2203 740 2468 806 dicimus,
2501 739 2622 794 Fiat
2664 741 2895 796 voluntas
2923 749 3008 794 tua
3040 740 3169 795 sicut
3209 741 3261 794 in
3303 742 3432 795 celo
3475 753 3521 794 et
3558 744 3610 796 is

2040 842 2173 887 terra
2198 827 2409 904 (Matth.
2441 848 2514 900 vI,
2549 831 2640 904 10)
2685 848 2700 886 :
2731 829 2831 893 hoc
2859 841 2960 897 est,
3000 830 3138 886 sicut
3177 831 3228 884 in
3264 831 3342 884 eis
3374 830 3466 901 qui
3502 831 3616 900 jtm

2039 923 2398 991 crediderunt,
2427 933 2481 980 et
2505 931 2756 994 tanquam
2781 923 2975 980 etclqu
2996 931 3150 989 sunt;
3175 922 3244 976 ita
3265 931 3318 977 et
3343 923 3396 976 in
3423 923 3501 977 eis
3523 925 3616 992 qui

2039 1029 2145 1070 non
2173 1014 2416 1082 credunt,
2458 1026 2513 1070 et
2540 1015 2610 1070 ob
2637 1015 2742 1070 hoc
2771 1013 2946 1070 adhuc
2973 1022 3112 1068 terra
3142 1022 3284 1068 sunt.
3317 1011 3454 1081 Quid
3475 1027 3613 1083 ergo

2039 1119 2258 1161 oramus
2285 1121 2382 1183 pro
2409 1102 2710 1161 nolentibus
2734 1103 2974 1168 credere,
3007 1103 3195 1158 nisiut
3230 1103 3374 1158 Deus
3412 1103 3465 1158 in
3512 1102 3620 1158 illis

2039 1205 2289 1264 Operetur
2313 1204 2367 1251 et
2393 1195 2529 1252 velle
2567 1194 2827 1264 (Philipp.
2870 1211 2929 1260 ιι,
2968 1193 3103 1265 13)τ
3144 1194 3219 1248 De
3251 1191 3447 1248 Iudaeis
3470 1201 3618 1247 certe

2041 1287 2331 1356 Apostolus
2373 1286 2448 1340 ait
2486 1303 2499 1340 :
2547 1283 2777 1360 Fratres,
2817 1284 2947 1338 bona
2972 1283 3201 1338 roluntas
3225 1281 3426 1354 quidem
3451 1283 3622 1336 cordis

2039 1377 2158 1442 mei,
2199 1385 2247 1431 et
2284 1376 2567 1446 deprecatio
2603 1375 2674 1429 ad
2697 1371 2862 1428 Deum
2893 1389 2984 1443 pro
3026 1372 3130 1428 illis
3169 1373 3226 1442 ﬁt
3269 1373 3285 1404 ⁸
3327 1372 3380 1426 iu
3403 1371 3622 1426 salutem

2041 1466 2215 1540 (Rom.
2239 1483 2294 1530 ι,
2325 1465 2398 1536 l).
2435 1465 2564 1522 Orat
2590 1480 2684 1536 pro
2709 1479 2817 1520 non
2839 1463 3198 1528 credentibus,
3239 1463 3386 1534 quid,
3415 1462 3515 1517 nisi
3561 1471 3624 1516 ut

2042 1555 2302 1612 credant?
2344 1555 2457 1612 Non
2493 1556 2635 1611 enim
2663 1555 2816 1610 aliter
2843 1561 3240 1624 consequuntur
3264 1553 3514 1610 salutem.
3556 1553 3619 1608 Si

2042 1660 2171 1715 ergo
2205 1645 2337 1700 ﬁdes
2362 1645 2623 1700 orantium
2652 1644 2744 1700 Dei
2777 1643 3034 1715 praevenit
3061 1643 3320 1710 gratiam;
3361 1644 3621 1716 numquid

2041 1749 2226 1790 eorum
2257 1733 2390 1790 ﬁdes
2411 1775 2426 1801 ,
2467 1749 2564 1805 pro
2589 1733 2780 1805 quibus
2807 1743 2991 1789 oratur
3017 1741 3071 1788 ut
3099 1733 3341 1799 credant,
3367 1735 3460 1790 Dei
3485 1751 3624 1806 prae-

2041 1827 2186 1881 venit
2208 1825 2475 1898 gratiam?
2498 1823 2936 1895 Quandoquidem
2980 1823 3081 1878 hoc
3103 1839 3200 1893 pro
3225 1824 3304 1880 eis
3323 1835 3526 1890 oratur,
3559 1836 3621 1878 ut

2046 1931 2152 1972 non
2179 1915 2538 1978 credentibus,
2571 1915 2623 1970 id
2665 1925 2748 1971 est
2773 1915 2930 1970 ﬁdem
2962 1929 3068 1970 non
3111 1914 3449 1978 habentibus,
3482 1915 3620 1972 ﬁdes

2043 2004 2158 2076 ipsa
2207 2004 2452 2060 donetur.
2497 2003 2632 2060 Cum
2679 2004 2839 2076 igitur
2891 2003 3236 2075 Evangelium
3283 2005 3623 2074 praedicatur,

2043 2095 2260 2164 quidam
2286 2093 2548 2158 credunt,
2575 2093 2790 2164 quidatn
2831 2107 2940 2148 non
2963 2093 3188 2150 credunt
3215 2111 3229 2147 :
3265 2094 3362 2150 sed
3385 2095 3472 2166 qui
3499 2110 3623 2151 ere—

2048 2183 2180 2240 dunt
2204 2184 2552 2256 praedicatore
2585 2184 2879 2240 forinsecus
2916 2185 3216 2249 insonante,
3239 2184 3384 2240 intus
3409 2200 3440 2240 a
3466 2185 3624 2241 Patre

2044 2277 2263 2332 audiunt
2287 2286 2445 2348 atque
2469 2276 2718 2340 discunt;
2747 2275 2835 2346 qui
2863 2283 3040 2331 autem
3066 2291 3174 2330 non
3200 2275 3443 2344 credunt,
3491 2275 3626 2333 foris

2045 2366 2286 2432 audiunt,
2321 2367 2462 2422 intus
2488 2381 2594 2421 non
2619 2365 2839 2422 audiunt
2867 2381 3040 2436 neque
3079 2365 3292 2420 discunt
3328 2384 3343 2420 :
3377 2366 3478 2421 hoc
3517 2375 3625 2431 est,

2047 2455 2155 2512 illis
2179 2455 2335 2510 datur
2355 2464 2414 2510 ut
2441 2455 2690 2518 credant,
2718 2455 2822 2509 illis
2851 2469 2956 2509 non
2984 2454 3158 2510 datur.
3187 2455 3319 2520 Quia
3341 2471 3504 2520 nemo,
3538 2454 3626 2510 iu-

2044 2548 2180 2620 quit,
2207 2548 2338 2603 venit
2361 2546 2428 2600 ad
2455 2562 2550 2611 me,
2581 2547 2680 2602 nisi
2709 2544 2862 2600 Pater
2881 2545 2967 2616 qui
2992 2544 3124 2600 misit
3139 2561 3234 2611 me,
3257 2545 3466 2600 traxerit
3483 2561 3625 2599 eum.

2047 2637 2200 2704 Quod
2227 2637 2466 2708 apertius
2492 2645 2672 2707 postea
2714 2635 2927 2691 dicitur.
2967 2634 3101 2690 Nam
3117 2641 3253 2706 post
3295 2633 3628 2705 aliquantum

2051 2745 2174 2786 cum
2199 2729 2266 2785 de
2289 2743 2452 2785 carne
2483 2743 2578 2783 sua
2623 2725 2989 2782 manducando
3025 2735 3080 2781 et
3111 2723 3340 2781 bibendo
3366 2727 3634 2796 sanguine

2047 2835 2146 2898 suo
2175 2819 2500 2890 loqueretur,
2529 2828 2583 2873 et
2615 2817 2853 2874 dicerent
2878 2816 3091 2888 quidam
3128 2817 3291 2871 etiam
3329 2815 3632 2886 discipulo—

2049 2928 2167 2968 rum
2195 2913 2329 2984 ejus,
2355 2911 2528 2968 Durus
2547 2922 2618 2968 est
2643 2913 2725 2966 hic
2749 2927 2932 2976 sermo,
2956 2911 3069 2982 quis
3087 2918 3250 2981 potest
3273 2925 3386 2964 eum
3408 2909 3588 2964 audire
3603 2911 3633 2964 .’

2050 3002 2228 3058 Sciens
2263 3003 2414 3058 Jesus
2450 3003 2591 3074 apud
2615 3003 2954 3073 semetipsum,
2999 3001 3118 3074 quia
3153 3010 3526 3055 murmurarent
3567 3001 3636 3056 de

2029 3093 2144 3148 'hoc
2170 3093 2404 3165 discipuli
2431 3095 2568 3166 ejus,
2598 3091 2726 3147 dixit
2771 3093 2842 3146 eis
2869 3107 2889 3147 :
2930 3089 3044 3146 Hoc
3074 3106 3162 3146 vos
3187 3091 3536 3146 scandalizat?
3562 3091 3635 3147 Et

2051 3185 2208 3255 paulo
2239 3194 2360 3256 post
2390 3201 2408 3240 :
2443 3184 2626 3252 Verba,
2661 3184 2849 3255 Inquit,
2879 3199 2992 3256 quae
3013 3199 3104 3255 ego
3124 3183 3324 3238 locutus
3341 3199 3452 3238 sum
3471 3183 3630 3249 vobis,

2049 3274 2259 3345 spiritus
2280 3284 2324 3330 et
2353 3277 2456 3330 uita
2484 3285 2602 3329 sunt
2628 3291 2647 3328 :
2671 3275 2762 3330 sed
2789 3284 2907 3330 sunt
2930 3273 3136 3346 quidam
3160 3289 3226 3328 ea:
3257 3271 3396 3328 vobis
3420 3274 3506 3344 qui
3529 3290 3635 3328 non

2051 3363 2280 3420 credunt.
2311 3366 2378 3421 Et
2404 3380 2525 3420 mox
2549 3365 2906 3436 Evangelista,
2939 3363 3144 3420 Sciebat
3164 3363 3321 3430 enim,
3353 3363 3542 3434 inquit,
3568 3365 3636 3417 ab

2051 3456 2196 3512 initio
2212 3454 2362 3511 Iesus
2389 3456 2476 3526 qui
2498 3465 2659 3512 essent
2682 3453 2956 3519 credentes,
2989 3463 3035 3509 et
3059 3454 3172 3525 quis
3199 3462 3237 3507 ts
3246 3454 3480 3508 aditurus
3508 3463 3635 3508 esset

2053 3562 2185 3612 eum,
2215 3557 2262 3601 et
2293 3547 2488 3601 dicebat
2539 3561 2561 3601 :
2595 3543 2879 3616 Propterea
2900 3545 3009 3601 dixi
3036 3545 3190 3611 vobis,
3217 3544 3353 3610 Quia
3377 3560 3523 3600 nemo
3543 3561 3636 3608 no-

2053 3645 2146 3692 test
2191 3637 2358 3692 uenire
2395 3637 2464 3690 ad
2503 3653 2604 3704 nte,
2642 3637 2741 3692 nisi
2773 3635 2923 3707 fuerit
2958 3635 3004 3690 ei
3047 3636 3222 3690 datum
3255 3651 3288 3688 a
3321 3633 3482 3690 Patre
3520 3651 3633 3690 meo

2055 3725 2232 3797 (Joan.
2264 3741 2340 3790 vt,
2369 3724 2586 3798 ιιι-66).
2614 3726 2754 3797 Ergo
2775 3725 2912 3782 trahi
2937 3740 2969 3780 a
2993 3725 3148 3781 Patre
3165 3725 3233 3780 ad
3259 3725 3548 3790 Christum,
3575 3734 3636 3780 et

2053 3815 2240 3872 audire
2262 3831 2326 3872 ac
2351 3815 2561 3873 discere
2579 3831 2610 3870 a
2641 3815 2800 3872 Patre
2823 3825 2882 3871 ut
2901 3815 3078 3872 veniat
3095 3813 3162 3870 ad
3183 3811 3480 3878 Christum,
3500 3813 3633 3870 nihil

2055 3908 2199 3964 aliud
2229 3917 2334 3976 est,
2359 3924 2518 3980 quam
2555 3909 2754 3964 donum
2783 3909 3030 3978 accipere
3061 3921 3092 3961 a
3119 3907 3298 3972 Patre,
3324 3922 3431 3978 quo
3451 3905 3638 3962 credat

2056 4001 2112 4054 in
2156 3999 2449 4055 Christum.
2498 3999 2684 4070 Neque
2718 3999 2864 4055 enim
2907 3998 3185 4054 audientes
3220 3998 3562 4068 Evangelium
3603 4013 3636 4052 a

2057 4106 2165 4146 non
2183 4091 2536 4158 audientibus,
2557 4091 2652 4146 sed
2673 4089 2952 4168 credentes
2971 4105 3002 4146 a
3023 4104 3130 4146 non
3159 4089 3496 4145 credentibus
3520 4089 3638 4144 dis-

2056 4183 2308 4238 cernebat
2353 4183 2443 4252 qui
2473 4181 2700 4248 dicebat,
2727 4181 2896 4240 Nemo
2913 4181 3044 4240 velut
3063 4182 3132 4235 ad
3151 4173 3245 4247 nte,
3287 4181 3386 4236 nisi
3415 4183 3566 4253 fuerit
3591 4182 3640 4235 ei

2055 4273 2232 4328 datum
2250 4289 2283 4327 a
2309 4271 2470 4328 Patre
2496 4289 2627 4329 meo.

2131 4387 2218 4442 16.
2259 4387 2333 4459 (a)
2353 4387 2512 4443 Fides
2531 4387 2708 4458 igitur,
2727 4398 2782 4444 et
2801 4385 3064 4453 inchoata,
3091 4396 3146 4442 et
3157 4387 3406 4457 perlecta,
3423 4385 3626 4463 donum

2065 4478 2158 4534 Dei
2195 4487 2278 4533 est
2306 4496 2320 4532 :
2347 4488 2402 4534 et
2438 4478 2540 4534 hoc
2565 4478 2762 4533 donum
2795 4477 3110 4548 quibusdam
3145 4477 3294 4542 dari,
3320 4478 3640 4550 quibusdam

1973 4589 1996 4611 ο
2061 4587 2166 4625 non
2204 4570 2337 4636 dari,
2373 4571 2590 4625 omnino
2629 4584 2734 4624 non
2775 4569 3013 4635 dubitet,
3048 4571 3136 4640 qui
3177 4585 3284 4625 non
3320 4570 3435 4626 vult
3470 4572 3638 4626 mani-

2063 4663 2366 4718 festissimis
2391 4662 2560 4719 sacris
2586 4661 2800 4718 Litteris
2837 4675 3155 4732 repugnare.
3195 4662 3305 4716 Cur
3325 4671 3502 4718 autem
3533 4678 3643 4719 non

2063 4755 2310 4810 omnibus
2343 4754 2518 4818 detur,
2544 4753 2754 4810 fidelem
2776 4768 2992 4809 movere
3025 4768 3134 4808 non
3155 4753 3334 4820 debet,
3357 4753 3448 4824 qui
3471 4755 3647 4810 credit

2063 4861 2130 4900 ex
2155 4860 2262 4900 uno
2298 4858 2487 4900 omnes
2512 4845 2618 4900 isse
2653 4843 2707 4898 in
2732 4843 3251 4911 condemnationem,
3280 4845 3399 4900 sine
3429 4843 3647 4900 dubita-

2053 4938 2209 4992 .tione
2230 4937 2578 5007 iustissimam
2608 4953 2621 4989 :
2652 4935 2722 4990 ita
2750 4943 2808 4989 ut
2844 4935 2984 4989 nulla
3014 4935 3104 4989 Dei
3133 4945 3274 4992 esset
3295 4935 3438 5005 justa
3464 4951 3650 5006 repre-

2067 5028 2278 5093 hensio,
2319 5029 2528 5083 etiamsi
2572 5027 2743 5081 nullus
2784 5025 2908 5080 inde
2945 5023 3280 5081 liberaretur.
3327 5025 3477 5082 Unde
3513 5041 3650 5081 con-

2067 5129 2173 5174 stat
2211 5133 2453 5190 maguam
2481 5131 2600 5173 esse
2624 5117 2872 5188 gratiam,
2897 5115 3041 5187 quod
3075 5115 3292 5187 plurimi
3329 5116 3648 5183 liberantur,

2067 5209 2280 5280 etquid
2329 5209 2428 5264 sibi
2482 5207 2798 5274 deberetur,
2841 5208 2894 5262 in
2936 5207 3016 5263 eis
3053 5208 3143 5278 qui
3195 5223 3301 5264 non
3353 5209 3652 5264 liberantur

2067 5290 2362 5373 agnoscunt
2401 5319 2414 5354 :
2458 5310 2515 5355 ut
2551 5299 2641 5370 qui
2679 5299 2966 5370 gloriatur,
3008 5313 3112 5354 non
3161 5299 3214 5354 in
3269 5299 3380 5356 suis
3421 5301 3649 5360 meritis.

2067 5410 2188 5464 qua:
2228 5392 2373 5462 paria
2415 5391 2558 5446 videt
2599 5405 2720 5446 esse
2755 5389 3037 5454 damnatis,
3065 5389 3162 5446 sed
3199 5389 3253 5446 in
3277 5390 3503 5446 Domino
3535 5393 3650 5462 glo-

2070 5485 2235 5538 rietur
2256 5484 2298 5536 '.
2341 5482 2448 5536 Cur
2483 5489 2659 5535 autem
2692 5479 2850 5534 istum
2877 5479 3050 5548 potius
3071 5495 3226 5550 quant
3263 5481 3413 5536 illum
3436 5481 3647 5545 liberet,

2134 5576 2151 5606 ⁸
2175 5581 2353 5623 Omnes
2372 5584 2523 5634 prope
2545 5579 2650 5634 uss.
2671 5571 2913 5630 omittunt,
2931 5567 3004 5634 Iit.

2132 5636 2153 5666 ⁸
2177 5635 2311 5698 aditi,
2339 5628 2389 5683 ul
2411 5628 2494 5698 qui
2514 5631 2803 5698 gloriantur,
2819 5628 2998 5698 natiiis
3020 5628 3122 5681 suis
3139 5628 3342 5698 pter-itis
3363 5643 3476 5698 qua
3507 5638 3653 5697 parta

2133 5697 2206 5759 (a)
2241 5695 2320 5745 llic
2343 5692 2470 5759 apud
2621 5701 2673 5744 et
2693 5698 2767 5742 Er.
2793 5693 2958 5756 incipit
2977 5699 3122 5756 caput
3137 5692 3186 5744 9.
