3972 6178
398 283 502 343 973

395 396 749 456 inserunbilia
792 404 914 450 sunt
949 395 1145 465 judicia
1183 394 1299 464 ejus
1337 402 1391 449 et
1438 390 1831 461 investigahiles
1870 390 1966 443 viae

394 491 510 561 ejus
537 488 711 562 (Rom.
735 503 811 553 ιι,
836 488 948 559 55).
992 487 1177 543 Melius
1200 485 1343 541 enim
1381 495 1437 540 et
1475 483 1562 540 hic
1597 482 1842 538 audimus
1878 492 1965 536 aut

400 582 645 643 dicimus,
672 577 717 634 Ο
737 579 906 643 homo,
925 588 978 631 tu
1003 578 1115 650 quis
1142 593 1192 631 es
1217 577 1302 647 qui
1329 574 1630 647 respondeas
1655 571 1766 628 Deo
1789 572 1965 645 (Rom.

393 687 443 726 ιι
465 711 481 736 ,
517 670 671 739 20)?
708 683 865 738 quam
909 665 1091 722 dicere
1127 666 1413 729 audemus,
1454 663 1604 734 quasi
1641 666 1963 727 noverimus,

395 757 537 829 quod
576 757 838 813 occultum
874 770 995 811 esse
1018 755 1202 820 voluit,
1240 754 1331 826 qui
1376 764 1552 810 tamen
1589 752 1787 824 aliquid
1825 752 1967 822 inju-

395 863 534 905 stum
578 849 712 902 velle
750 860 854 901 non
895 847 1084 917 potuit.

464 938 691 996 CAPUT
730 938 821 994 lx.
853 968 927 980 —
954 939 1042 993 17.
1081 936 1210 992 Illud
1247 945 1422 992 antem
1456 930 1603 1008 quod
1635 935 1688 991 in
1711 933 1968 1006 opusculo

393 1047 514 1087 meo
547 1030 775 1102 quodam
802 1038 987 1084 contra
1006 1027 1359 1101 Porphyrium
1384 1026 1483 1082 sub
1509 1025 1683 1092 titulo,
1717 1025 1786 1081 de
1811 1025 1967 1079 Tem-

392 1136 521 1189 pore
544 1120 854 1175 Christianae
882 1118 1182 1189 religionis,
1214 1132 1298 1172 me
1352 1116 1548 1171 dixisse
1584 1115 1854 1180 recolitis;
1895 1115 1966 1169 ita

390 1211 529 1276 dixi,
555 1220 613 1265 ut
655 1210 792 1268 hanc
818 1208 1203 1277 diligentiorem
1242 1216 1297 1263 et
1330 1208 1693 1276 operosiorem
1728 1204 1967 1275 disputa-

391 1305 589 1358 tionem
619 1301 686 1356 de
714 1298 893 1357 Gratia
919 1298 1269 1370 praeterirem,
1293 1313 1400 1352 non
1432 1311 1562 1352 sane
1585 1296 1780 1351 omissa
1805 1294 1967 1364 signi-

393 1395 670 1458 ﬁcatione,
713 1392 853 1463 quod
893 1406 1011 1447 eam
1049 1390 1170 1446 loco
1213 1390 1302 1444 illo
1343 1390 1610 1459 explicare
1651 1388 1963 1454 noluissem,

390 1499 509 1552 quae
534 1491 715 1552 posset
737 1482 866 1536 alias
886 1481 971 1536 vel
994 1480 1062 1536 ab
1079 1480 1201 1535 aliis
1224 1478 1481 1550 explicari
1503 1479 1546 1534 ⁸.
1568 1478 1699 1533 Nam
1726 1478 1795 1532 ita
1817 1476 1967 1531 locn-

390 1583 478 1627 tus
515 1588 633 1629 sum
679 1572 819 1626 inter
853 1579 1072 1635 caetera,
1118 1569 1447 1640 respondens
1491 1568 1777 1639 propositae
1816 1581 1964 1637 quae-

388 1662 571 1728 stioni,
598 1660 706 1716 Cur
726 1660 967 1717 Christus
987 1669 1106 1729 post
1137 1667 1245 1714 tam
1279 1660 1432 1729 longa
1464 1667 1703 1727 tempora
1724 1657 1962 1712 venerit:

394 1773 414 1807 ι
442 1753 706 1821 Proinde,
736 1772 756 1807 ι
784 1754 1029 1824 inquam,
1056 1771 1076 1805 ι
1122 1766 1242 1807 cum
1283 1750 1498 1807 Christo
1540 1766 1645 1806 non
1691 1749 1962 1817 objiciunt,

385 1846 526 1917 quod
553 1846 667 1916 ejus
695 1844 993 1900 doctrinam
1019 1859 1126 1900 non
1151 1858 1339 1899 omnes
1374 1843 1706 1913 sequuntur(
1733 1842 1967 1896 sentiunt

386 1937 527 1991 enim
554 1944 608 1990 et
643 1936 741 2005 ipsi
780 1950 1110 2006 nequaquam
1153 1935 1253 1989 hoc
1289 1944 1432 1990 recte
1467 1932 1624 2002 objici
1667 1946 1841 2002 posse,
1882 1931 1965 1987 vel

385 2029 659 2097 sapientia:
699 2028 1156 2097 philosophorum,
1192 2026 1273 2081 vel
1311 2026 1472 2082 etiam
1501 2025 1703 2079 numini
1742 2023 1963 2078 deorum

385 2120 626 2189 suorum)
651 2134 665 2183 ;
696 2118 821 2187 quid
844 2117 1245 2187 respondebunt
1268 2116 1312 2171 si
1340 2124 1560 2185 excepta
1583 2115 1667 2169 illa
1690 2113 1966 2170 altitudine

386 2210 659 2279 sapientia:
694 2216 751 2263 et
771 2208 1007 2264 scientia:
1037 2207 1156 2271 Dei,
1180 2206 1266 2262 ubi
1298 2206 1541 2262 fortassis
1568 2205 1709 2260 aliud
1730 2205 1964 2261 divinum

385 2300 663 2354 consilium
692 2299 847 2369 longe
878 2298 1135 2354 secretius
1169 2299 1315 2363 latet,
1338 2297 1455 2352 sine
1480 2296 1785 2366 praejudicio
1803 2297 1964 2351 etiam

385 2391 606 2445 aliarum
631 2391 764 2445 forte
787 2405 1089 2455 causarum,
1112 2405 1231 2459 quae
1253 2404 1281 2441 a
1306 2387 1651 2467 prudentibus
1673 2388 1920 2457 vestigari
1940 2388 1963 2420 ³

385 2488 607 2550 queunt,
642 2479 742 2533 hoc
769 2480 939 2532 solum
965 2477 1044 2533 eis
1064 2477 1339 2533 brevitatis
1372 2477 1538 2546 gratia
1562 2476 1614 2530 in
1641 2474 1796 2546 hujus
1818 2491 1966 2546 quae-

386 2569 579 2624 stionis
604 2569 958 2638 disputatione
981 2566 1243 2633 dicamus,
1263 2575 1388 2622 tunc
1405 2567 1639 2623 voluisse
1663 2566 1965 2623 hominibus

387 2673 649 2728 apparere
670 2657 961 2723 Christum,
984 2664 1039 2711 et
1057 2656 1197 2724 apud
1230 2670 1324 2710 eos
1358 2655 1635 2725 praedicari
1664 2655 1962 2710 doctrinam

386 2761 557 2811 suam,
582 2745 794 2816 quando
825 2744 1043 2811 sciebat,
1074 2751 1130 2799 et
1157 2743 1247 2799 ubi
1275 2744 1477 2799 sciebat
1497 2758 1619 2798 esse
1644 2745 1733 2814 qui
1766 2744 1818 2798 in
1841 2759 1963 2799 eum

386 2836 596 2891 fuerant
629 2835 925 2890 credituri?
964 2834 1062 2890 His
1097 2834 1241 2890 enim
1268 2834 1592 2904 temporibus
1615 2842 1670 2888 et
1698 2834 1782 2888 his
1811 2834 1961 2904 locis,

387 2925 581 2996 quibus
617 2925 967 2997 Evangelium
1007 2924 1124 2995 ejus
1160 2939 1267 2978 non
1310 2932 1393 2979 est
1430 2922 1791 2994 praedicatum,
1830 2924 1964 2981 tales

386 3033 575 3077 omnes
601 3019 655 3073 in
683 3019 801 3088 ejus
838 3016 1212 3088 praedicatione
1244 3014 1452 3071 futuros
1485 3030 1606 3071 esse
1634 3016 1961 3085 praescia-bat,

386 3109 593 3178 quales,
622 3123 727 3163 non
749 3107 963 3178 quidem
997 3120 1206 3173 omnes,
1233 3105 1327 3161 sed
1363 3115 1541 3162 tamen
1577 3105 1728 3160 multi
1759 3107 1811 3160 in
1849 3106 1965 3175 ejus

386 3198 647 3268 corporali
674 3197 957 3268 praesentia
985 3197 1215 3263 fuerunt,
1238 3195 1328 3266 qui
1354 3195 1407 3250 in
1432 3210 1552 3250 eum
1575 3210 1675 3251 nec
1694 3195 1964 3252 suscitatis

385 3288 454 3344 ab
479 3303 545 3343 eo
562 3289 809 3354 mortuis,
836 3286 1056 3343 credere
1075 3286 1391 3352 voluerunt;
1431 3286 1615 3355 quales
1636 3284 1799 3339 etiam
1825 3299 1965 3342 nunc

389 3380 585 3436 multos
623 3379 894 3446 videmus,
937 3393 1057 3434 cum
1108 3386 1249 3431 tanta
1303 3375 1728 3432 manifestatione
1764 3374 1831 3430 de
1873 3375 1964 3432 illo

386 3473 756 3541 compleantur
774 3468 1039 3541 praeconia
1062 3465 1467 3537 Pr0pbetarum,
1488 3466 1631 3521 nolle
1653 3464 1826 3520 adhuc
1846 3480 1965 3520 cre-

385 3561 548 3629 dere,
578 3571 632 3616 et
659 3560 819 3614 malle
845 3558 1075 3612 humana
1114 3557 1306 3612 astutia
1342 3558 1591 3612 resistere
1614 3598 1630 3623 ,
1667 3571 1825 3627 quam
1858 3565 1963 3611 tam

386 3655 545 3711 clarae
570 3663 729 3724 atque
754 3652 1075 3723 perspicuae,
1105 3661 1319 3721 tamque
1344 3649 1556 3705 sublimi
1584 3658 1636 3703 et
1669 3649 1965 3704 sublimiter

385 3744 669 3800 diﬁ‘aunatae
692 3744 884 3799 divinae
909 3742 1103 3797 cedere
1136 3740 1457 3801 auctoritati,
1484 3738 1738 3809 quamdiu
1770 3750 1964 3808 parvus

386 3844 440 3889 et
475 3835 716 3889 inﬁrmus
748 3846 833 3888 esr
876 3833 1176 3886 intellectus
1201 3830 1462 3895 hominis,
1493 3830 1687 3885 divinae
1712 3830 1964 3887 accedere

386 3923 595 3978 veritati
622 3922 662 3976 ⁸.
705 3920 839 3988 Quid
869 3935 996 3990 ergo
1024 3920 1253 3987 mirum,
1281 3920 1326 3974 si
1364 3928 1474 3975 tam
1510 3919 1812 3974 inﬁdelibus
1847 3919 1963 3989 pie-

387 4028 514 4067 nnm
548 4011 730 4065 orbem
768 4019 1027 4065 terrarum
1049 4009 1295 4063 Christus
1329 4008 1594 4077 prioribus
1628 4010 1837 4064 saeculis
1870 4024 1966 4064 no-

332 4118 341 4123 '
387 4113 536 4157 verat
560 4100 600 4166 ⁸,
632 4111 689 4154 ιιι
725 4101 804 4155 eis
832 4114 1092 4171 apparere
1117 4084 1199 4153 vel
1224 4098 1504 4171 praedicari
1541 4100 1736 4155 merito
1776 4101 1960 4167 nollet,

385 4207 519 4262 quos
548 4205 646 4246 nec
671 4190 848 4245 verbis
870 4231 885 4257 ,
912 4203 1013 4244 nec
1048 4189 1317 4244 miraculis
1360 4188 1471 4244 suis
1508 4189 1807 4246 credituros
1842 4205 1964 4247 esse

385 4281 741 4353 praesciebat?
779 4280 963 4351 Neque
987 4281 1128 4336 enim
1167 4279 1477 4335 incredibile
1499 4290 1598 4345 est,
1635 4281 1767 4335 tales
1800 4280 1962 4337 fuisse

387 4383 513 4427 tunc
551 4386 761 4436 omnes,
804 4370 989 4441 quales
1028 4371 1096 4426 ab
1129 4369 1245 4440 ejus
1282 4371 1513 4426 adventu
1552 4386 1720 4442 usque
1756 4371 1823 4426 ad
1862 4371 1963 4428 hoc

385 4470 593 4530 tempus
632 4470 736 4515 tam
777 4460 972 4515 multos
1014 4458 1175 4514 fuisse
1213 4468 1371 4529 atque
1409 4474 1530 4515 esse
1575 4461 1849 4529 miramur.
1894 4461 1963 4517 Et

386 4559 561 4605 tamen
586 4550 653 4605 ab
684 4551 834 4605 initio
856 4551 1067 4621 generis
1102 4549 1352 4627 humani,
1380 4551 1514 4605 alias
1542 4551 1803 4618 ocultius,
1832 4552 1963 4607 alias

382 4642 720 4709 evidentius,
775 4643 913 4698 sicut
966 4652 1261 4712 congruere
1320 4642 1653 4713 temporibus
1711 4644 1962 4698 divinitus

385 4733 551 4788 visum
591 4742 691 4800 est,
736 4749 835 4789 nec
874 4733 1180 4805 prophetari
1219 4733 1439 4799 destitit,
1484 4749 1584 4789 nec
1621 4736 1708 4805 qui
1748 4734 1801 4789 in
1838 4750 1961 4790 eum

383 4825 666 4880 crederent
701 4825 1000 4892 defuerunt,
1041 4835 1095 4882 et
1129 4827 1199 4882 ab
1229 4824 1399 4881 Adam
1426 4841 1592 4896 usque
1620 4825 1687 4880 ad
1720 4825 1958 4898 Moysen,

379 5066 540 5136 rident
560 5078 658 5136 esse
683 5064 944 5136 damnatis,
965 5064 1070 5136 sed
1096 5064 1148 5136 in
1405 5061 1688 5136 glorientur.
1715 5071 1769 5113 Αι
1789 5076 1959 5115 manu-

377 5129 574 5237 ee;
602 5123 1321 5239 emanasse”
1599 5137 1820 5175 ηυωοτο·

444 5200 460 5221 ι
482 5200 574 5237 sex
602 5200 726 5245 .uss.,
752 5200 821 5238 vet
840 5200 950 5239 atus
964 5200 1219 5250 expuam.

441 5249 629 5318 fﬁditi,
658 5247 957 5318 inrestiaari.
989 5256 1169 5318 Omnes
1194 5253 1300 5297 his.
1319 5280 1335 5307 ,
1353 5244 1611 5318 _pestigari.

448 5310 470 5342 ³
495 5317 594 5357 Am.
617 5306 676 5358 et
698 5315 789 5369 Er.,
815 5306 990 5359 divinae
1011 5309 1241 5369 accedere
1263 5306 1450 5360 veritati
1480 5306 1572 5358 itan
1611 5306 1799 5367 poterit.
1825 5314 1958 5364 Lov.,

317 5404 325 5409 η
379 5368 558 5431 divina?
580 5369 715 5419 debet
739 5367 972 5431 accedere
994 5367 1195 5420 ueritati.
1236 5376 1291 5419 At
1326 5370 1635 5431 manttsa'ipti
1672 5370 1882 5431 Vaticani
1906 5378 1960 5420 et

379 5429 538 5499 gallici
563 5442 671 5499 nec,
696 5431 855 5499 debet,
876 5430 1083 5499 habent;
1107 5443 1216 5488 nec,
1233 5441 1328 5499 non
1349 5428 1537 5499 poterit.
1564 5428 1853 5499 Praeferendi
1883 5432 1957 5499 vi:

378 5491 558 5562 dentur
580 5491 670 5552 ipsi
709 5494 855 5543 etiam
879 5492 1077 5542 editioni
1114 5491 1494 5553 Lovanien'sium,
1528 5504 1672 5554 quam
1695 5492 1745 5540 in
1778 5498 1907 5543 tome
1927 5492 1960 5542 3

377 5561 911 5726 gamma
931 5614 1042 5665 orbe
1065 5619 1309 5665 terrarum
1323 5612 1537 5666 Christus
1551 5612 1791 5678 prioribus
1809 5629 1959 5668 scroti.

572 5686 624 5725 i‘t‘

1278 277 1476 336 [ABER
1519 278 1605 333 DE
1644 271 2303 332 PBHIDESTINATIONE
2342 273 2774 359 SANCT‘ORUM.

3549 282 3653 337 97$

2082 398 2136 444 et
2161 390 2212 444 in
2248 390 2362 460 ipso
2399 392 2589 460 populo
2612 389 2791 458 Israel,
2819 406 2936 462 qua:
2961 391 3175 463 speciali
3204 392 3430 464 quodam
3456 407 3652 468 myste-

2077 480 2158 534 rio
2199 495 2330 551 gens
2375 480 2678 551 prophetica
2719 481 2852 547 fuit;
2896 483 3023 537 etin
3061 482 3180 537 aliis
3218 485 3459 554 gentibus
3496 496 3649 541 antes

2076 584 2235 639 quam
2262 571 2497 627 venisset
2520 572 2571 625 in
2597 586 2778 627 carne.
2819 571 2950 626 Cum
2976 572 3118 626 enim
3160 574 3396 629 nonnulli
3418 590 3651 631 commc-

2076 670 2351 715 morantur
2373 658 2425 715 in
2453 662 2649 716 sanctis
2672 660 2946 717 Hebraicis
2980 662 3150 726 libris,
3172 663 3281 733 jam
3315 680 3379 718 ex
3411 673 3651 736 tempore

2073 749 2321 818 Abrahae,
2370 767 2467 807 nec
2503 752 2569 807 de
2608 754 2773 823 stirpe
2816 754 2992 808 carnis
3032 753 3168 824 ejus,
3211 770 3308 809 nec
3346 771 3411 811 cx
3453 758 3649 827 papqu

2075 840 2261 908 lsrael,
2304 857 2403 898 nec
2437 859 2502 898 ex
2540 844 2827 898 adventitia
2855 846 3108 901 societate
3149 846 3202 900 in
3245 848 3437 916 populo
3465 849 3646 914 lsrael,

2074 931 2163 1000 qui
2200 942 2375 987 tamen
2397 933 2560 1004 hujus
2594 931 2911 989 sacramenti
2952 937 3231 1005 participes
3269 939 3514 1005 fuerunt;
3554 956 3650 993 cur

2075 1038 2180 1079 non
2204 1022 2483 1079 credamus
2516 1028 2674 1079 etiam
2708 1025 2760 1079 in
2780 1026 2989 1080 caeteris
3024 1024 3124 1081 hac
3142 1035 3303 1096 atque
3338 1028 3458 1083 illac
3479 1031 3651 1098 genti-

2071 1112 2172 1168 bus
2210 1114 2343 1166 alias
2370 1113 2505 1167 alios
2542 1112 2704 1168 fuisse
2730 1115 2767 1179 ί,
2808 1115 3052 1185 quamvis
3087 1131 3181 1170 eos
3204 1127 3650 1173 commemoratos

2072 1204 2129 1257 in
2176 1203 2377 1258 eisdem
2432 1203 2836 1277 auctoritatibus
2890 1220 2995 1260 non
3043 1205 3324 1275 legamus?
3381 1206 3454 1260 Ita
3504 1208 3649 1263 Salus
3708 1240 3713 1247 -

2070 1294 2340 1364 religionis
2379 1295 2555 1365 hujus,
2598 1312 2694 1366 per
2725 1312 2883 1366 quam
2921 1298 3088 1351 solam
3122 1314 3300 1353 veram
3342 1300 3486 1354 salus
3524 1316 3645 1355 vera

2071 1388 2437 1457 veraciterque
2492 1388 2852 1457 promittitur,
2894 1390 3022 1444 nulli
3077 1404 3307 1460 unquam
3353 1392 3520 1447 defuit
3557 1394 3645 1463 qui

2069 1475 2258 1549 dignus
2303 1477 2439 1545 fuit;
2487 1490 2539 1535 et
2583 1479 2664 1535 cui
2709 1478 2910 1545 defuit,
2952 1480 3141 1550 dignus
3172 1497 3275 1535 non
3318 1483 3430 1536 fuit.
3479 1484 3543 1537 Et
3579 1484 3687 1536 ab.

2070 1567 2287 1622 exordio
2314 1569 2708 1640 prapagatiouis
2747 1569 2994 1624 humanae
3027 1586 3197 1641 usque
3228 1572 3278 1625 in
3316 1573 3492 1639 ﬁttcm,
3525 1574 3645 1643 qui-

2070 1654 2289 1712 busdam
2316 1658 2382 1712 ad
2426 1659 2719 1728 praemium,
2760 1660 3074 1730 quibusdam
3115 1660 3181 1715 ad
3217 1663 3471 1730 judicium
3512 1679 3648 1733 prae-

2068 1750 2294 1803 dicatur.
2344 1751 2423 1805 Ac
2463 1766 2556 1821 per
2611 1751 2712 1805 hoc
2749 1762 2803 1806 et
2853 1752 3045 1822 quibus
3083 1753 3300 1807 omnino
3336 1756 3645 1809 annuutiata

2068 1853 2175 1893 non
2197 1848 2298 1903 est,
2323 1856 2428 1895 non
2451 1841 2702 1896 credituri
2741 1843 3191 1912 praescicbantur;
3232 1851 3288 1898 et
3316 1846 3505 1914 quibus
3539 1862 3643 1900 non

2067 1928 2349 1984 credituris
2371 1941 2543 1986 tamen
2571 1934 2880 1986 annuntiata
2903 1943 3005 1997 est,
3030 1934 3082 1987 in
3107 1934 3317 1988 illorum
3339 1936 3642 2004 exemplum

2067 2017 2502 2075 demonstrantur
2526 2039 2538 2075 :
2563 2023 2753 2093 quibus
2775 2031 2950 2077 autem
2977 2023 3256 2078 credituris
3280 2026 3638 2091 annuutiatur,

2068 2109 2122 2164 hi
2151 2126 2319 2180 regno
2351 2112 2604 2167 caelorum
2636 2122 2688 2168 et
2715 2124 3017 2167 sanctorum
3062 2114 3366 2184 angelorum
3404 2116 3643 2171 societati

2066 2211 2435 2285 praeparantur
2459 2222 2477 2256 ι
2509 2202 2700 2275 (Epist.
2733 2205 2851 2268 102,
2876 2222 2964 2259 nn.
2990 2208 3076 2271 14,
3103 2206 3212 2276 15).

2140 2292 2229 2347 18.
2268 2292 2589 2359 Cernitisne,
2616 2310 2703 2350 me
2725 2296 2840 2349 sine
2868 2296 3174 2365 praejudicio
3200 2297 3411 2351 latentis
3436 2298 3644 2352 consilii

2069 2383 2163 2438 Dei
2192 2384 2521 2455 aliarumque
2543 2400 2842 2452 causarum,
2867 2386 2971 2441 hoc
3002 2387 3069 2441 de
3096 2389 3425 2456 praescientia
3446 2388 3645 2443 Christi

2066 2473 2248 2530 dicere
2267 2475 2520 2543 voluisse,
2543 2476 2682 2546 quod
2703 2478 3078 2533 convincenda:
3098 2477 3428 2548 Paganorum
3458 2479 3646 2533 inlide-

2065 2563 2221 2627 litati,
2244 2567 2334 2635 qui
2358 2565 2495 2620 hanc
2515 2567 2821 2636 objecerant
2843 2568 3207 2638 quaestionem,
3234 2568 3477 2624 sufﬁcere
3497 2570 3646 2626 vide—

2066 2655 2256 2709 retur?
2284 2654 2427 2721 Quid
2466 2657 2606 2711 enim
2645 2665 2727 2712 est
2750 2658 2959 2722 verius,
2985 2674 3141 2728 quam
3179 2660 3454 2728 prmscisse
3483 2660 3642 2714 Citri-

2066 2753 2225 2811 stum,
2252 2747 2341 2817 qui
2373 2757 2427 2802 et
2460 2747 2672 2817 quando
2699 2755 2756 2803 et
2785 2748 2977 2819 quibus
3016 2749 3145 2803 locis
3178 2749 3230 2803 in
3273 2764 3393 2805 eum
3431 2750 3644 2806 fuerant

2067 2838 2369 2892 credituri?
2423 2838 2531 2894 Sed
2569 2850 2747 2895 utrum
2798 2840 3083 2909 praedicata
3118 2840 3218 2894 sibi
3261 2841 3473 2896 Christo
3511 2856 3541 2895 a
3581 2857 3643 2897 se

2067 2918 2210 2999 ipsis.
2242 2930 2467 2986 habituri
2507 2940 2688 2988 essent
2735 2931 2889 2986 ﬁdem
2915 2973 2930 2997 ,
2971 2947 3037 2986 an
3079 2931 3188 2986 Deo
3225 2931 3456 2988 donante
3495 2947 3643 2987 sum-

2066 3022 2236 3091 pturi,
2268 3024 2318 3077 id
2344 3034 2454 3093 est,
2481 3035 2655 3080 utrum
2682 3027 3049 3082 tantummodo
3086 3043 3181 3083 eos
3218 3029 3532 3098 prmscierit,
3570 3045 3640 3085 an

2067 3114 2227 3168 etiam
2252 3115 2706 3183 praedestinaverit
2725 3118 2886 3182 Deus,
2909 3132 3150 3189 quaerere
3181 3130 3341 3188 atque
3374 3119 3642 3176 disserere

2070 3214 2194 3260 tunc
2235 3208 2593 3261 necessarium
2640 3223 2745 3262 non
2795 3209 2994 3278 putavi.
3048 3209 3277 3263 Proinde
3320 3210 3463 3281 quod
3509 3211 3638 3276 dixi,

2073 3313 2091 3347 ι
2126 3294 2274 3353 Tunc
2310 3297 2543 3352 voluisse
2593 3297 2896 3353 hominibus
2937 3313 3194 3367 apparere
3238 3298 3542 3367 Christum,
3584 3311 3641 3356 et

2066 3386 2204 3455 apud
2235 3401 2328 3441 eos
2360 3374 2960 3456 praedicaridoctrinam
2980 3403 3129 3443 suam
3148 3429 3163 3453 ,
3190 3390 3403 3459 quando
3439 3392 3641 3447 sciebat

2068 3484 2122 3531 et
2156 3477 2243 3531 ubi
2279 3477 2480 3532 sciebat
2515 3491 2633 3532 esse
2670 3478 2756 3545 qui
2797 3478 2852 3531 in
2884 3492 3006 3533 eum
3047 3477 3256 3534 fuerant
3293 3481 3581 3535 credituri:
3615 3503 3634 3534 ι

2067 3577 2243 3638 potest
2278 3570 2436 3625 etiam
2459 3569 2536 3625 sic
2559 3569 2685 3636 dici,
2708 3564 2859 3623 Tunc
2879 3570 3109 3625 voluisse
3140 3569 3443 3626 hominibus
3474 3587 3639 3642 appa-

2067 3678 2187 3717 rere
2233 3661 2542 3725 Christum,
2583 3669 2638 3714 et
2687 3659 2825 3729 apud
2872 3675 2967 3714 eos
3019 3661 3295 3729 praedicari
3346 3663 3638 3718 doctrinam

2067 3766 2237 3816 suam,
2270 3750 2480 3821 quando
2515 3750 2717 3804 sciebat
2753 3758 2807 3804 et
2845 3748 2935 3803 ubi
2973 3749 3174 3804 sciebat
3201 3764 3321 3805 esse
3360 3752 3448 3820 qui
3486 3753 3640 3806 electi

2065 3840 2273 3896 fuerant
2314 3842 2364 3894 in
2410 3839 2525 3909 ipso
2562 3849 2684 3894 ante
2725 3838 2907 3893 mundi
2945 3840 3379 3896 constitutionem
3424 3840 3639 3912 (Ephes.

2066 3947 2103 3995 ι,
2134 3931 2214 4004 4).
2250 3931 2353 3987 Sed
2385 3931 2634 4001 quoniam
2665 3931 2708 3985 si
2740 3930 2811 3985 ita
2838 3930 3128 3997 diceretur,
3155 3930 3405 3986 lectorem
3440 3931 3641 3986 faceret

2066 4021 2326 4076 intentum
2367 4020 2433 4074 ad
2461 4035 2524 4075 ea
2564 4018 2915 4089 requirenda,
2951 4035 3071 4089 quae
3110 4035 3252 4073 nunc
3292 4036 3359 4074 ex
3396 4020 3640 4075 admoni-

2067 4114 2210 4168 tione
2240 4110 2507 4181 Pelagiani
2534 4112 2737 4165 erroris
2765 4126 2984 4166 necesse
3009 4118 3091 4164 est
3119 4111 3386 4180 copiosius
3412 4118 3466 4167 et
3490 4111 3640 4167 labo-

2066 4203 2259 4257 riosius
2286 4201 2582 4279 disputari;
2623 4200 2795 4253 visum
2838 4199 2964 4253 mihi
3005 4207 3116 4265 est,
3157 4199 3299 4269 quod
3344 4211 3467 4255 tunc
3495 4200 3673 4283 satis,

2065 4303 2212 4358 erat,
2240 4291 2473 4349 breviter
2498 4276 2617 4351 esse
2641 4290 2944 4354 dicendum,
2976 4298 3197 4360 excepta
3217 4332 3230 4353 ,
3262 4302 3315 4345 ut
3345 4291 3452 4346 dixi
3472 4276 3640 4358 ,valti-

2067 4385 2249 4439 tudine
2286 4382 2559 4451 sapientim
2595 4390 2652 4435 et
2684 4380 2920 4436 scientiae
2947 4382 3071 4447 Dei,
3101 4391 3155 4437 et
3184 4383 3301 4437 sine
3330 4384 3639 4453 pracjudicio

2064 4476 2285 4529 aliarum
2331 4487 2609 4529 causarum
2653 4471 2722 4527 de
2762 4471 2953 4542 quibus
2994 4487 3098 4527 non
3141 4483 3294 4538 tunc,
3327 4474 3420 4531 sed
3458 4473 3591 4530 alias
3616 4478 3639 4509 ¹

2065 4568 2413 4637 opportunius
2442 4564 2816 4634 disputandum
2846 4563 3024 4634 putavi
3082 4576 3095 4594 ο

2134 4646 2358 4713 CAPUT
2397 4655 2463 4712 Χ.
2493 4686 2567 4697 -
2599 4656 2683 4711 19.
2714 4652 2843 4711 itém
2874 4656 3012 4726 quod
3042 4655 3174 4722 dixi,
3202 4674 3222 4708 ι
3255 4657 3492 4712 Salutem
3515 4660 3641 4713 reli-

2063 4749 2235 4819 gionis
2265 4748 2423 4818 hujus
2466 4747 2593 4802 nulli
2638 4762 2871 4818 unquam
2902 4745 3137 4801 defuisse
3167 4746 3254 4815 qui
3286 4746 3478 4815 dignus
3521 4750 3638 4812 fuit,

2064 4850 2118 4895 et
2144 4840 2359 4909 dignum
2398 4853 2504 4893 non
2543 4836 2706 4892 fuisse
2748 4837 2835 4892 cui
2876 4835 3082 4902 defuit;
3118 4853 3138 4889 ι
3168 4834 3215 4890 si
3241 4833 3555 4893 discutiatur
3589 4850 3645 4894 et

2063 4940 2330 5002 quaeratur
2374 4928 2515 4983 unde
2559 4928 2784 4997 quisque
2810 4926 2881 4983 sit
2906 4926 3131 4996 dignus,
3162 4942 3266 4982 non
3312 4926 3501 4983 desunt
3550 4931 3642 4999 qui

2064 5021 2260 5085 dicant,
2290 5019 2565 5074 voluntate
2594 5018 2823 5072 humana
2857 5034 2869 5070 :
2904 5032 3001 5070 nos
3029 5025 3208 5072 autem
3237 5016 3494 5084 dicimus,
3524 5035 3644 5089 gra-

2065 5112 2137 5166 tia
2165 5110 2250 5166 vel
2277 5109 2753 5181 praedestinatione
2786 5107 2983 5162 divina.
3036 5107 3180 5163 inter
3217 5107 3437 5178 gratiam
3482 5123 3643 5177 porro

2064 5210 2118 5257 et
2145 5199 2663 5272 praedestinationem
2691 5198 2795 5253 hoc
2822 5207 3022 5252 tantum
3055 5199 3309 5263 interest,
3339 5198 3480 5269 quod
3507 5214 3643 5268 prae-

2063 5292 2346 5348 destinatio
2391 5300 2475 5347 est
2517 5291 2705 5361 gratiae
2750 5289 3105 5360 praeparatio,
3150 5290 3315 5359 gratia
3360 5304 3491 5345 vero
3531 5290 3644 5360 jam

2064 5385 2177 5454 ipsa
2204 5383 2436 5439 donatio.
2468 5380 2617 5449 Quod
2648 5381 2826 5451 itaque
2849 5380 2925 5435 ait
2953 5379 3257 5448 Apostolus,
3290 5378 3411 5435 Non
3436 5395 3500 5436 ex
3526 5398 3644 5452 ope-

2066 5476 2224 5542 ribus,
2276 5490 2339 5527 ne
2381 5473 2511 5543 forte
2552 5472 2662 5545 quis
2708 5468 2981 5526 extollatur
3024 5485 3042 5522 :
3087 5471 3246 5541 ipsius
3292 5470 3424 5526 enim
3471 5487 3643 5527 minus

2130 5614 2146 5655 ι
2173 5612 2244 5659 sic
2263 5616 2368 5659 Mss.
2390 5614 2443 5658 At
2462 5606 2598 5667 editi,
2615 5603 2734 5656 alios
2756 5611 2897 5667 atque
2910 5601 3030 5655 alios
3051 5602 3212 5665 ﬂtisae.

2129 5676 2149 5705 ί
2173 5675 2253 5721 ttic
2276 5672 2421 5721 nostri
2442 5666 2614 5720 omnes
2635 5666 2941 5730 manuset'ipti
2958 5668 3199 5728 omittunt,
3226 5666 3364 5719 alias.
3428 5674 3434 5685 '
