3972 6178
305 307 338 342 δ”
355 311 455 366 973

358 431 676 497 ﬁgumtmtt,
717 426 868 482 creati
909 426 958 480 in
991 425 1188 480 Christo
1211 425 1334 481 Jesn
1378 426 1428 480 in
1473 428 1702 498 operibus
1745 428 1926 492 bonis;

307 522 519 584 -;trat';a
569 531 648 576 est
695 537 707 573 :
757 518 898 590 quod
947 528 1123 573 autem
1171 521 1426 590 sequitur,
1473 535 1584 590 qua:
1628 521 1933 592 prceparavit

355 608 510 676 Deus,
533 619 584 663 ut
606 612 656 664 in
675 610 774 664 illis
794 607 1332 681 ambulemusU‘Ip/tes.
1353 625 1408 672 ιι,
1428 610 1482 674 9,
1505 609 1628 680 10);
1656 610 1933 680 praedesti-

357 701 498 754 uatio
545 709 646 764 est,
695 717 814 771 quae
856 701 972 757 sine
1015 700 1345 771 praescleutia
1395 716 1500 755 non
1551 709 1726 772 potest
1765 715 1931 757 esse:

356 803 532 861 potest
560 802 735 848 autem
765 808 884 850 esse
926 794 1040 848 sine
1083 793 1553 864 praedestinatione
1582 795 1932 865 praescientia.

355 886 829 942 Prmdestinatioue
851 887 1045 958 quippe
1072 889 1210 944 Deus
1231 903 1292 942 ea
1315 889 1600 958 praescivit,
1620 906 1743 960 quae
1767 889 1938 946 fuerat

323 979 466 1046 ipse
510 977 744 1032 facturus
784 997 798 1032 :
845 978 984 1032 mide
1025 978 1226 1033 dictum
1275 988 1390 1047 est,
1424 978 1566 1034 Fecit
1607 997 1720 1052 qua:
1764 985 1936 1053 futura

355 1081 468 1120 sunt
505 1064 670 1136 (Ἰδαί,
703 1085 837 1134 πων,
867 1085 968 1122 scc.
1002 1069 1142 1124 LXX
1167 1071 1207 1138 ).
1239 1070 1492 1126 Prmscire
1531 1079 1704 1125 autem
1748 1080 1938 1140 potens

299 1175 312 1186 ’-
353 1169 434 1210 est
463 1159 618 1212 etiam
649 1175 765 1228 quin
796 1159 908 1228 ipse
937 1175 1042 1214 non
1070 1159 1231 1223 facit;
1273 1160 1411 1215 sicut
1439 1175 1788 1232 qumcumque
1814 1175 1931 1230 pec-

352 1261 468 1304 cata
499 1269 511 1304 :
543 1253 663 1322 quia
693 1252 791 1306 etsi
818 1261 944 1307 sunt
971 1253 1212 1322 qumdam
1239 1295 1252 1319 ,
1285 1269 1404 1323 qua:
1435 1253 1506 1307 ita
1546 1263 1758 1323 peccata
1788 1261 1930 1319 sunt,

354 1353 410 1394 nt
449 1359 619 1410 limine
648 1343 755 1397 sint
797 1344 954 1397 etiam
998 1353 1372 1416 peccatorum,
1419 1343 1562 1399 unde
1602 1344 1800 1400 dictum
1831 1355 1931 1412 est,

321 1431 586 1488 -Trmlidit
630 1435 747 1490 illos
779 1435 917 1490 Deus
953 1437 1006 1490 in
1046 1437 1312 1508 rcprobam
1357 1449 1598 1503 utentem,
1643 1447 1700 1492 ut
1743 1440 1937 1510 faciant

351 1542 468 1592 qua:
493 1542 595 1579 non
623 1527 920 1581 conveniunt
946 1527 1116 1596 (Rom.
1146 1544 1196 1594 ι,
1225 1527 1326 1600 28)
1351 1547 1366 1596 ;
1408 1546 1513 1586 non
1545 1531 1617 1586 ibi
1659 1540 1933 1602 peccatum

354 1615 448 1669 Dei
485 1625 603 1680 est,
644 1617 736 1672 sed
776 1617 1055 1688 judicium.
1105 1621 1365 1688 Quocirca
1409 1623 1804 1693 prmdestinatio
1844 1625 1934 1680 Dei

351 1723 469 1775 qua:
493 1709 543 1762 in
573 1709 711 1763 bono
737 1719 837 1776 est,
863 1712 1046 1782 gratia:
1073 1720 1174 1780 cst,
1200 1725 1255 1768 ut
1281 1713 1409 1778 dixi,
1435 1716 1749 1784 pmparatio
1773 1734 1787 1770 :
1813 1731 1934 1786 gra-

317 1825 320 1830 -
355 1799 424 1852 tia
455 1815 582 1854 vero
610 1809 692 1854 est
735 1801 900 1872 ipsius
930 1802 1410 1872 prmdestiuationis
1440 1805 1680 1862 etlectus.
1710 1807 1933 1875 Quando

357 1907 486 1959 ergo
530 1893 774 1960 promisit
811 1893 950 1949 Deus
989 1894 1218 1951 Abraha:
1263 1897 1314 1952 in
1364 1899 1568 1954 semine
1612 1897 1730 1968 ejus
1773 1899 1930 1954 [idem

343 1996 380 2052 ές
401 1983 616 2044 ιιιιίιιιιι,
643 1982 852 2048 dicens,
880 1983 1097 2044 Patrem
1127 1985 1416 2039 multarum
1442 1987 1673 2058 gentium
1697 1989 1850 2056 posui
1875 1996 1923 2043 te

351 2075 506 2139 (Gen.
531 2090 666 2137 xm,
694 2075 747 2137 4,
781 2075 872 2144 5);
905 2077 1194 2134 umledicit
1221 2079 1546 2150 Apostolus,
1567 2079 1695 2135 Ideo
1712 2097 1776 2136 ex
1798 2081 1923 2152 ﬁde,

349 2181 405 2220 ut
425 2168 711 2223 secundum
726 2171 960 2240 gratiam
981 2171 1140 2240 ﬁrma
1159 2172 1229 2226 sit
1247 2174 1528 2240 promissio
1544 2175 1688 2229 omni
1706 2175 1924 2230 semini:

349 2279 460 2316 non
493 2263 559 2317 de
587 2271 786 2318 nostra).
807 2262 1108 2318 voluntatis
1129 2273 1415 2332 potestate,
1445 2268 1539 2319 sed
1565 2265 1632 2321 de
1663 2281 1762 2320 sua
1791 2281 1922 2337 pra:-

347 2347 703 2402 dcstinationc
730 2350 989 2418 promisit.
1016 2351 1266 2406 Promisit
1287 2353 1428 2407 enim
1455 2353 1594 2421 quod
1620 2355 1731 2425 ipse
1759 2353 1927 2410 factu—

343 2451 438 2490 rus
486 2436 686 2505 fuerat,
731 2455 840 2513 non
892 2441 1033 2512 quod
1089 2443 1352 2500 homines.
1401 2445 1534 2512 Quia
1581 2448 1680 2501 etsi
1729 2445 1925 2503 faciunt

349 2527 593 2581 homines
639 2527 774 2583 bona
821 2545 939 2600 qum
986 2533 1253 2602 pertinent
1292 2534 1358 2590 ad
1401 2536 1683 2591 colendum
1715 2537 1922 2605 Deum;

343 2615 460 2689 ipse
493 2617 614 2672 facit
645 2627 700 2672 ιιι
727 2619 802 2673 illi
833 2621 1024 2676 faciant
1047 2637 1169 2692 qua:
1194 2625 1464 2695 przrccpit,
1491 2642 1594 2681 non
1624 2627 1698 2682 illi
1725 2626 1926 2684 faciunt

339 2719 399 2763 ut
435 2709 550 2778 ipse
593 2711 750 2766 faciat
788 2713 926 2784 quod
972 2715 1215 2784 promisit
1245 2735 1258 2772 :
1291 2717 1525 2789 alioquin
1557 2729 1615 2774 ut
1652 2721 1745 2776 Dei
1792 2737 1918 2792 pro-

339 2801 500 2858 missa
531 2803 927 2872 compleantur,
957 2821 1064 2860 non
1092 2807 1142 2860 in
1173 2807 1299 2873 Dei,
1331 2809 1424 2864 sed
1454 2810 1505 2864 in
1533 2810 1808 2866 hominum
1837 2819 1921 2867 est

338 2901 620 2960 potestate,
651 2903 702 2948 et
729 2894 869 2964 quod
900 2910 930 2950 a
961 2896 1185 2953 Domino
1211 2901 1532 2969 promissum
1559 2911 1662 2967 est,
1693 2902 1762 2958 ab
1788 2903 1920 2973 ipsis

333 2981 582 3036 redditur
608 2983 856 3038 Abralne.
899 2985 1015 3040 Non
1046 2997 1226 3042 autem
1256 2989 1334 3044 sic
1371 2991 1598 3046 credidit
1623 2993 1914 3060 Abraham,

334 3071 435 3155 sed
457 3072 670 3127 credidit
696 3075 824 3128 dans
849 3077 1068 3147 gloriam
1099 3079 1224 3144 Deo,
1258 3083 1497 3151 quoniam
1521 3100 1634 3153 qua
1663 3087 1914 3155 promisit,

335 3141 512 3230 patens
539 3173 610 3217 est
641 3174 686 3217 et
716 3141 884 3234 facere
908 3167 1079 3234 (Rom.
1109 3185 1180 3238 tv,
1208 3141 1420 3244 lli-21)
1453 3191 1465 3228 :
1497 3141 1602 3229 non
1629 3141 1736 3241 ait,
1766 3141 1913 3232 Prae:

332 3251 548 3320 dicere;
577 3270 682 3308 non
708 3257 801 3322 ait,
832 3257 1120 3328 Prmscire;
1147 3277 1272 3316 nam
1285 3273 1347 3340 ,ει
1376 3264 1550 3320 aliena
1579 3264 1714 3337 facta
1741 3277 1916 3338 potest

333 3343 627 3411 praedicere
655 3356 814 3416 atque
843 3349 1094 3418 praescire
1120 3369 1134 3406 :
1165 3351 1259 3407 sed
1295 3353 1403 3422 ait,
1435 3364 1610 3425 potens
1646 3367 1718 3413 cst
1751 3367 1798 3413 et
1830 3361 1915 3430 fa-

329 3451 479 3500 cere;
507 3451 569 3489 ac
595 3452 690 3506 per
717 3436 820 3493 hoc
846 3437 1002 3502 facta,
1031 3457 1137 3496 non
1167 3443 1362 3512 aliena,
1389 3445 1483 3502 sed
1511 3463 1628 3503 sua.

399 3525 489 3579 ΞΟ.
538 3528 618 3580 An
657 3525 791 3582 forte
831 3544 992 3600 opera
1037 3533 1175 3587 bona
1215 3535 1452 3604 gentium
1505 3537 1642 3594 Deus
1673 3535 1918 3610 promisit

331 3618 558 3670 Alnulne
603 3617 653 3672 in
699 3620 902 3675 semine
943 3622 1132 3692 ipsius,
1165 3634 1222 3679 ut
1265 3625 1366 3682 hoc
1409 3629 1740 3697 promitteret
1767 3633 1912 3703 quod

323 3708 444 3777 ipse
467 3709 622 3776 facit;
654 3726 758 3766 non
789 3723 966 3768 autem
1005 3715 1249 3784 promisit
1274 3716 1432 3774 ﬁdem
1459 3721 1718 3790 gentium,
1750 3740 1909 3794 quam

327 3799 427 3852 sibi
459 3798 705 3856 homines
734 3800 968 3869 faciunt;
998 3804 1092 3860 sed
1136 3813 1192 3860 ut
1235 3809 1568 3877 promitteret
1609 3812 1749 3882 quod
1797 3814 1911 3883 ipse

325 3887 490 3955 facit,
544 3891 691 3962 illam
734 3892 1001 3962 prmscivit
1046 3893 1292 3952 homines
1321 3913 1443 3956 esse
1483 3899 1752 3958 facturos?
1792 3904 1908 3960 Non

327 3981 542 4048 quidem
577 3959 808 4054 loqditur
828 3985 906 4040 sic
933 3988 1251 4056 Apostolus;
1285 3989 1422 4047 ﬁlios
1443 3993 1638 4064 quippe
1667 3998 1910 4066 promisit

327 4071 467 4128 Deus
509 4075 776 4142 Abrahae,
821 4077 910 4142 qui
951 4077 1074 4134 ﬁdei
1103 4079 1219 4150 ejus
1265 4084 1482 4154 vestigia
1530 4095 1906 4146 sectarentur:

325 4164 464 4230 quod
492 4167 828 4234 apertissime
855 4169 1004 4224 dicit.
1037 4169 1141 4225 Sed
1179 4172 1223 4226 si
1249 4187 1414 4242 opera
1435 4177 1672 4244 gentium
1703 4180 1904 4248 promi-

324 4253 412 4319 sit,
443 4267 548 4308 non
581 4255 735 4311 ﬁdem
757 4273 771 4323 ;
793 4257 1030 4328 profecto
1047 4261 1296 4331 quoniam
1321 4281 1426 4319 non
1449 4267 1724 4324 suntbona
1741 4285 1905 4340 opera

323 4343 424 4400 nisi
451 4362 515 4400 ex
549 4347 650 4404 ﬁde
682 4347 889 4420 (Justus
913 4352 1054 4406 enim
1085 4369 1148 4406 ex
1175 4354 1278 4422 ﬁde
1321 4356 1435 4410 vivit
1479 4355 1700 4429 [ιιαὸαε.
1727 4376 1784 4426 ιι,
1815 4360 1902 4434 4];

319 4446 394 4502 et,
445 4435 610 4492 Omne
633 4441 767 4508 quod
809 4458 909 4496 non
951 4453 1024 4498 est
1051 4460 1114 4498 ex
1149 4445 1268 4514 ﬁde.
1314 4459 1571 4518 peccatum
1613 4463 1684 4506 est
1713 4452 1901 4524 [Rom.

320 4543 432 4590 xw.
460 4525 592 4601 23];
623 4538 696 4594 el,
727 4529 851 4584 Sine
875 4533 978 4601 ﬁde
993 4533 1300 4597 impossibile
1323 4546 1396 4591 est
1433 4539 1630 4610 placere
1654 4545 1671 4574 ί
1704 4540 1899 4615 [Helm

323 4635 402 4682 χι,
425 4617 518 4692 6])
539 4659 554 4683 ,
585 4618 928 4676 nihilominus
943 4633 1002 4676 ut
1027 4624 1244 4692 impleat
1262 4628 1282 4656 ³
1304 4627 1444 4696 quod
1473 4632 1716 4698 promisit
1739 4633 1899 4703 Deus,

317 4707 372 4764 in
426 4709 698 4765 hominum
746 4721 828 4766 cst
870 4721 1154 4782 potestate.
1200 4713 1310 4768 Nisi
1353 4717 1497 4772 enim
1546 4721 1704 4778 homo
1749 4725 1904 4782 iaciat

315 4799 456 4870 quod
492 4800 600 4855 Deo
629 4818 734 4856 non
762 4801 1000 4860 donante
1028 4804 1094 4860 ad
1119 4804 1386 4862 lmminem
1411 4811 1659 4878 pertinet,
1689 4830 1794 4869 non
1822 4815 1901 4870 fa-

314 4893 422 4948 ciet
463 4893 578 4963 ipse
624 4894 764 4964 quod
809 4895 1020 4952 donet:
1067 4897 1168 4953 hoc
1195 4908 1310 4966 est,
1363 4901 1465 4956 nisi
1511 4904 1701 4958 habeat
1739 4905 1900 4963 homo

313 4984 472 5040 tidem
501 5001 564 5040 ex
596 4993 908 5058 semetipso,
939 5006 1043 5044 non
1068 4990 1250 5059 implet
1283 4993 1423 5049 Deus
1447 4997 1588 5065 quod
1630 4998 1894 5067 promisit,

313 5087 371 5132 ut
393 5094 553 5148 opera
579 5079 799 5149 justitite
838 5081 1030 5136 dentur
1059 5097 1121 5137 ex
1151 5083 1279 5161 Deo.
1314 5086 1389 5141 Ac
1421 5101 1514 5156 per
1538 5087 1660 5154 hoc,
1692 5101 1748 5145 ut
1774 5107 1897 5161 pro-

314 5169 472 5225 missa
503 5187 596 5226 sua
624 5171 762 5227 Deus
793 5171 960 5242 possit
985 5159 1246 5244 impleni,
1277 5191 1380 5230 non
1413 5187 1493 5232 est
1539 5179 1592 5234 in
1625 5181 1713 5236 Dei
1756 5223 1771 5248 ,
1800 5183 1893 5238 sed

377 5342 564 5420 inditi,
597 5344 812 5420 placere
834 5355 946 5420 lgeo.
988 5349 1382 5420 Abest,.1)eo,a
1419 5358 1756 5420 manuscriptis
1793 5368 1844 5410 et
1867 5375 1896 5412 a

311 5413 474 5514 graneo
507 5407 647 5457 textu
679 5407 920 5471 Apostoli,
967 5417 1020 5460 et
1063 5407 1240 5474 passm
1285 5407 1522 5466 omittitur
1561 5423 1624 5469 ab
1662 5407 1895 5484 Augusti:

377 5499 398 5556 δ
423 5532 523 5603 am.
561 5535 610 5603 et
631 5534 724 5588 ηπ,
751 5537 801 5603 nt
823 5531 1098 5603 impleatur.
1129 5535 1296 5586 Melius
1316 5542 1645 5603 manuscripti,
1671 5552 1724 5594 ut
1747 5552 1893 5595 Lova-

310 5586 514 5670 nienses
545 5586 1080 5670 olueri-ari.t,uintpleat.
1120 5605 1231 5670 Nam
1269 5599 1410 5670 paulo
1439 5586 1892 5670 uigiliioii'iiiiﬁiéz

313 5655 440 5732 {in};
475 5651 602 5709 quod
639 5653 886 5712 promisit:
913 5651 965 5706 et
987 5671 1118 5720 mox,
1137 5666 1186 5710 ιιι
1228 5651 1467 5723 promissi
1482 5651 1577 5714 sud
1598 5651 1892 5732 inutilis}:-

303 5707 522 5771 implere.

1580 307 1640 366 S.
1683 307 2042 366 AUGUSTINI
2081 305 2382 366 El’lSCOI’l

3511 323 3621 382 976

2039 426 2090 480 in
2126 424 2356 481 hominis
2387 434 2670 506 potestate.
2713 425 2862 496 Quod
2894 428 2939 484 si
2981 431 3178 488 veritas
3203 443 3260 490 et
3302 435 3469 507 pietas
3509 456 3618 496 non

2040 516 2260 571 credere
2300 525 2472 583 γοιιιις
2523 517 2805 584 credamus
2852 535 2972 575 cum
3019 523 3284 580 Abraham
3307 569 3324 593 ,
3369 531 3622 600 quoniam

2041 623 2160 676 qua:
2191 605 2428 677 promisit
2449 651 2464 676 ,
2499 619 2686 680 potens
2714 621 2796 666 est
2825 622 2878 666 et
2905 613 3099 670 facere.
3147 617 3398 674 Promisit
3438 633 3628 676 autem

2042 696 2179 751 ﬁlios
2207 697 2463 762 Abrahae;
2491 699 2630 769 quod
2653 716 2770 756 esse
2794 717 2898 757 non
2923 716 3160 774 possunt,
3193 709 3237 764 si
3264 725 3374 765 non
3390 710 3618 770 ιιιιωιιιιι

2043 787 2199 843 ﬁdem
2243 809 2256 844 :
2290 805 2418 860 ergo
2448 790 2560 860 ipse
2588 791 2753 846 donat
2777 804 2834 848 et
2859 796 3038 850 ﬁdem.

2111 877 2337 934 CAPUT
2381 879 2472 934 XI.
2517 911 2587 921 —
2623 881 2714 936 2|.
2773 883 2914 939 Sane
2947 901 3066 940 cum
3121 888 3410 958 Apostolus
3460 893 3619 961 dicat,

2043 965 2170 1020 Ideo
2191 983 2253 1024 ea:
2280 969 2402 1038 ﬁde,
2429 978 2485 1023 ιιι
2507 972 2780 1025 secundum
2805 977 3022 1045 gratiam
3046 977 3194 1046 ﬁrma
3225 982 3288 1034 sit
3318 984 3629 1052 promissio:

2041 1057 2207 1112 miror
2235 1059 2473 1115 homines
2500 1060 2795 1117 inﬁrmitati
2841 1081 2951 1118 sum
2990 1082 3050 1120 se
3079 1069 3235 1124 malle
3261 1075 3626 1139 committere,

2039 1159 2198 1218 quinm
2251 1148 2484 1205 ﬁrmitati
2526 1154 2896 1222 promissionis
2937 1155 3051 1211 Dei.
3091 1177 3108 1208 ι
3143 1159 3248 1214 Sed
3299 1163 3502 1218 incerta
3547 1176 3626 1218 est

2043 1239 2194 1304 mihi,
2233 1257 2252 1291 ι
2285 1241 2472 1310 inquit,
2509 1261 2530 1293 ι
2562 1242 2628 1296 de
2671 1258 2756 1297 me
2797 1243 2919 1314 ipso
2961 1247 3208 1303 voluntas
3259 1250 3373 1306 Dei-
3418 1270 3442 1304 ›
3485 1253 3626 1321 Quid

2037 1327 2208 1396 ergo?
2231 1338 2392 1384 tuane
2435 1330 2525 1385 tibi
2567 1332 2818 1388 voluntas
2847 1336 2916 1390 de
2945 1344 2998 1392 te
3031 1338 3147 1406 ipso
3192 1347 3338 1396 certa
3367 1346 3450 1396 est
3473 1385 3489 1410 ,
3525 1360 3626 1400 nec

2040 1419 2216 1486 titues,
2259 1419 2358 1488 Qui
2402 1422 2599 1477 videtur
2625 1434 2779 1492 stare,
2829 1426 2994 1482 uideat
3035 1445 3100 1482 ne
3129 1431 3280 1484 cadat
3309 1433 3365 1504 (Ι
3395 1432 3517 1488 Cor.
3563 1452 3620 1498 ι,

2041 1508 2188 1578 ιειι
2211 1508 2344 1564 Cum
2389 1512 2550 1582 igitur
2589 1523 2812 1586 utraque
2840 1518 3039 1572 incerta
3069 1520 3176 1588 sit,
3204 1537 3299 1577 cur
3326 1539 3430 1578 non
3460 1526 3624 1581 homo

2039 1599 2261 1655 ﬁrmiori
2288 1617 2445 1672 quam
2475 1603 2752 1661 inﬁrmiori
2793 1607 2952 1664 ﬁdem
2981 1624 3154 1678 suam,
3187 1625 3357 1682 spem,
3385 1615 3624 1672 citeriu-

2038 1698 2254 1761 temque
2277 1697 2596 1749 committit?

2106 1782 2195 1837 22.
2230 1800 2256 1838 ιι
2288 1784 2394 1840 Sed
2417 1799 2538 1840 eum
2558 1788 2772 1854 dicitur,
2809 1809 2832 1842 ι
2859 1791 3136 1862 inquiunt,
3170 1814 3190 1847 ι
3220 1796 3282 1852 Si
3303 1799 3577 1856 credideris
3599 1843 3616 1867 ,

2033 1875 2204 1928 salvus
2231 1877 2328 1930 eris
2351 1876 2534 1946 (Rom.
2566 1895 2622 1946 ιι,
2647 1880 2747 1949 9);
2773 1897 2934 1938 υιιιιιιι
2973 1884 3160 1940 horum
3190 1891 3440 1960 exigitur.
3482 1894 3620 1950 alte-

2035 1979 2152 2018 rum
2174 1965 2413 2022 oﬂertur.
2441 1970 2593 2036 Quod
2622 1973 2868 2042 exigitur,
2902 1974 2954 2028 in
2993 1975 3252 2040 hominis;
3280 1981 3422 2050 quod
3453 1983 3618 2038 oler-

2035 2063 2141 2121 tur,
2173 2057 2224 2110 in
2257 2058 2346 2112 Dei
2369 2069 2449 2113 est
2473 2069 2736 2129 potestate
2769 2081 2787 2114 ι
2823 2063 3042 2136 (Supra,
3062 2067 3114 2122 in
3145 2066 3382 2136 Epistula
3401 2070 3612 2138 Hilarii,

2031 2147 2156 2214 n.2,
2178 2148 2276 2202 col.
2299 2139 2580 2223 947-448).
2610 2152 2718 2206 Cur
2743 2169 2845 2208 non
2873 2165 3154 2228 utrumque
3180 2160 3232 2213 in
3255 2161 3368 2226 Dei,
3399 2174 3453 2217 et
3475 2165 3616 2234 quod

2025 2236 2199 2307 jubet,
2245 2250 2297 2295 et
2331 2244 2472 2312 quod
2513 2243 2670 2299 oﬁ‘ert
2699 2247 2752 2300 ’ξ’
2777 2245 3018 2318 ﬁngatur
3061 2253 3204 2306 enim
3254 2263 3312 2308 ut
3350 2255 3442 2310 det
3471 2257 3615 2326 quod

2024 2327 2178 2397 jubet
2205 2347 2218 2384 :
2251 2341 2438 2403 rogant
2467 2335 2751 2391 credentes
2775 2377 2791 2404 ,
2819 2349 2878 2393 ut
2905 2339 3004 2394 sibi
3032 2352 3290 2412 augeatur
3333 2346 3500 2414 ﬁdes;
3529 2364 3618 2402 ro-

2028 2429 2157 2490 gant
2199 2437 2294 2492 pro
2333 2441 2438 2479 non
2475 2426 2815 2484 credentibus
2834 2472 2850 2496 ,
2899 2440 2954 2485 ut
2983 2433 3067 2488 eis
3091 2435 3320 2490 donetur
3347 2438 3478 2493 ﬁdes
3511 2457 3525 2492 :
3555 2449 3616 2495 et

2034 2512 2084 2564 in
2113 2513 2223 2568 suis
2264 2514 2420 2584 igitur
2459 2517 2803 2574 incrementis
2828 2563 2842 2586 ,
2875 2529 2929 2576 et
2959 2525 3012 2576 in
3041 2525 3150 2579 suis
3197 2526 3358 2582 initiis
3388 2528 3480 2583 Dei
3509 2529 3628 2584 do-.

2031 2621 2155 2660 num
2182 2617 2264 2662 est
2289 2609 2424 2664 ﬁdes
2449 2611 2492 2664 ³.
2525 2610 2614 2666 Sic
2647 2624 2821 2669 autem
2853 2615 3073 2681 dicitur,
3105 2618 3168 2673 Si
3186 2622 3470 2689 credideris,
3496 2624 3614 2678 sal-

2025 2711 2114 2752 vus
2135 2715 2232 2753 ens
2256 2717 2274 2764 ;
2305 2703 2750 2772 quemadmodum
2777 2707 2990 2772 dicitur.
3021 2710 3082 2765 Si
3109 2711 3309 2782 Spiritu
3333 2719 3469 2784 facta
3497 2733 3616 2769 car-

2025 2791 2103 2844 rtis
2127 2793 2568 2862 morti/icaveritis,
2609 2801 2796 2852 vinetis.
2828 2799 2964 2854 Nam
2993 2811 3046 2856 et
3081 2802 3166 2856 hic
3200 2818 3262 2857 ex
3294 2805 3613 2882 hisduobus

2027 2897 2190 2936 unum
2213 2883 2442 2953 exigitur
2460 2926 2476 2952 ,
2503 2887 2728 2941 alterum
2759 2889 2998 2944 oll'ertur.
3047 2891 3110 2946 Si
3136 2892 3335 2964 Spiritu
3354 2937 3370 2960 ,
3401 2897 3572 2968 inquit
3591 2940 3611 2966 ,

2023 2973 2159 3043 facta
2205 2976 2372 3030 carnis
2422 2979 2860 3048 mortiﬁcaveritis,
2909 2983 3080 3037 tinctis
3122 3000 3142 3038 :
3184 2994 3240 3040 ut
3267 3003 3393 3057 ergo
3419 2991 3611 3059 spiritu

2027 3063 2164 3120 facta
2209 3067 2386 3122 carnis
2427 3071 2844 3139 mortiﬁccmus,
2871 3075 3130 3146 exigitur;
3165 3087 3224 3132 ιιι
3248 3089 3426 3134 autem
3455 3083 3612 3135 viva-

2023 3171 2172 3223 mils,
2203 3156 2443 3213 olfertur.
2461 3159 2596 3215 Num
2613 3162 2771 3232 igitur
2799 3165 2972 3235 placet
2999 3177 3055 3222 ut
3077 3167 3214 3225 facta
3244 3173 3421 3228 carnis
3450 3190 3603 3229 mor-

2023 3247 2224 3304 tiﬁcarc
2251 3266 2354 3304 non
2401 3251 2599 3307 donum
2630 3255 2723 3309 Dei
2771 3271 2890 3312 esse
2916 3255 3186 3328 dicamus;
3213 3278 3388 3333 neque
3422 3265 3473 3320 id
3501 3265 3606 3320 do-

2022 3351 2147 3393 num
2178 3340 2268 3396 Dei
2317 3357 2438 3398 esse
2479 3344 2758 3413 fateamur,
2800 3349 3050 3418 quoniam
3093 3354 3230 3424 exigi
3279 3356 3528 3434 audimus
3571 3371 3604 3412 ιι

2019 3431 2174 3486 nobis
2204 3435 2424 3502 prmmio
2450 3435 2569 3489 vitae
2587 3477 2602 3502 ,
2636 3437 2680 3490 si
2710 3439 2810 3494 hoc
2841 3439 3126 3499 fecerimus
3146 3485 3162 3511 ,
3191 3438 3373 3501 oblato
3393 3449 3418 3501 ἵ
3442 3431 3596 3506 Absit

2019 3529 2075 3574 ut
2103 3520 2206 3576 hoc
2247 3524 2454 3593 placeat
2491 3527 2838 3598 participibus
2880 3539 2935 3586 et
2979 3531 3351 3594 defensoribus
3393 3541 3598 3608 gratim.

2017 3607 2438 3682 Pelagianorum
2475 3625 2558 3671 est
2597 3632 2750 3672 error
2793 3619 2893 3675 iste
2943 3621 3262 3680 damnabilis
3310 3645 3323 3680 :
3369 3607 3598 3697 quorum

2016 3713 2138 3758 mox
2183 3707 2472 3776 Apostolus
2518 3724 2612 3763 ora
2651 3710 2948 3779 obstruxit,
2981 3716 3306 3786 adjungeus,
3346 3705 3600 3793 Quotquot

2015 3798 2147 3851 enim
2178 3797 2376 3869 Spiritu
2401 3799 2500 3854 Dei
2523 3812 2762 3874 aguntur,
2796 3805 2848 3859 Iti
2868 3807 2965 3875 ﬁlii
2991 3819 3108 3863 sunt
3136 3807 3233 3865 Dei
3259 3811 3448 3882 (Rom.
3477 3831 3596 3882 VIII,

2018 3888 2105 3954 15,
2139 3889 2228 3959 ti)
2255 3906 2268 3956 ;
2299 3905 2366 3946 ne
2391 3889 2526 3946 facta
2550 3894 2871 3952 mortiticare
2889 3912 2988 3952 nos
3005 3901 3202 3969 carnis,
3231 3919 3336 3958 non
3367 3920 3460 3974 per
3478 3906 3599 3971 Dei,

2013 3978 2108 4033 sed
2154 3993 2249 4049 per
2278 3991 2517 4037 nostrum
2545 3985 2789 4053 spiritum
2833 3989 3196 4046 crederemus.
3237 3994 3309 4048 De
3356 4009 3463 4066 quo
3495 3999 3598 4052 Dei

2011 4067 2208 4139 Spiritu
2239 4072 2396 4126 etiam
2436 4073 2507 4128 ibi
2546 4073 2886 4144 loquebatur,
2933 4079 3020 4134 ubi
3051 4083 3125 4136 ait
3155 4102 3168 4135 :
3201 4083 3386 4139 Omnia
3422 4098 3598 4142 autem

2013 4159 2119 4214 lucc
2155 4171 2390 4232 operatur
2411 4176 2542 4218 uitus
2584 4175 2734 4236 atque
2769 4168 2902 4224 idem
2939 4170 3186 4241 Spiritus,
3223 4175 3449 4232 dividens
3475 4197 3602 4249 pro-

2012 4253 2124 4324 pria
2168 4255 2432 4324 unicuique
2469 4269 2618 4327 prout
2657 4260 2760 4313 vult
2787 4260 2828 4333 (1
2844 4259 2962 4316 Cor.
3011 4279 3109 4332 xu‘,
3141 4269 3250 4338 ll).
3301 4269 3447 4326 Inter
3469 4287 3593 4342 qua:

2011 4343 2218 4408 omnia,
2253 4345 2392 4400 sicut
2418 4349 2599 4412 scitis,
2636 4351 2930 4408 nominavit
2969 4362 3024 4410 et
3065 4356 3245 4412 ﬁdem.
3274 4360 3420 4415 Sicut
3465 4377 3597 4434 ergo

2010 4432 2256 4503 quamvis
2300 4435 2498 4493 donum
2539 4438 2632 4494 Dei
2687 4443 2776 4506 sit,
2827 4441 2964 4500 facta
3013 4450 3188 4504 carnis
3232 4432 3590 4519 mortiﬁcare;

2010 4526 2240 4595 exigitur
2283 4537 2463 4584 tamen
2506 4545 2536 4583 ιι
2575 4531 2730 4586 nobis
2759 4537 3031 4604 proposito
3059 4541 3276 4609 pr:emio
3304 4544 3430 4596 vita:
3473 4563 3486 4598 :
3519 4547 3594 4600 ita

2009 4613 2204 4672 donmn
2238 4618 2328 4674 Dei
2359 4629 2442 4675 est
2469 4630 2524 4676 et
2553 4621 2703 4688 ﬁdes,
2738 4629 2981 4696 quamvis
3004 4639 3059 4684 et
3085 4631 3194 4700 ipsa
3225 4649 3347 4688 cum
3373 4635 3592 4704 dicitur,

2010 4705 2072 4761 Si
2090 4708 2383 4773 credideris,
2400 4711 2569 4766 salvus
2593 4715 2724 4779 eris;
2747 4719 3020 4786 proposito
3039 4724 3255 4790 pra‘m‘o
3271 4725 3458 4778 salutis
3478 4729 3596 4780 εχι-

2006 4810 2160 4868 gatur
2185 4816 2214 4854 a
2245 4802 2420 4856 nobis.
2451 4802 2576 4859 ideo
2605 4807 2744 4860 enim
2781 4807 2894 4864 huic
2918 4818 2974 4864 et
3001 4813 3156 4866 nobis
3185 4816 3590 4884 praecipiuntur.

2008 4899 2064 4944 et
2111 4890 2249 4945 dona
2281 4892 2374 4947 Dei
2419 4909 2540 4950 esse
2580 4908 2978 4966 monstrantur;
3015 4910 3072 4955 ut
3101 4903 3425 4974 intelligatur
3451 4909 3593 4976 quod

2007 4987 2069 5036 cf
2086 4997 2182 5036 nos
2207 4997 2269 5038 ea
2293 4982 2538 5051 facimus,
2565 4999 2619 5042 et
2643 4989 2778 5042 Deus
2801 4989 2925 5045 facit
2953 5003 3009 5046 ut
3040 4993 3126 5047 illa
3153 4993 3431 5062 faciamus,
3453 5000 3592 5055 sicut

1943 5085 1946 5088 '
2008 5089 2102 5142 per
2131 5075 2446 5144 prophetare
2497 5078 2836 5136 Ezechielcm
2882 5085 3224 5154 apertissime
3258 5089 3408 5144 dicit.
3450 5091 3592 5159 Quid

2004 5165 2146 5221 enim
2175 5168 2412 5236 apertius
2435 5211 2450 5235 ,
2479 5159 2636 5240 quam
2665 5174 2750 5228 ubi
2782 5175 2943 5244 dicit,
2977 5175 3092 5249 Ego
3117 5183 3305 5250 faciam
3331 5194 3387 5238 ut
3428 5187 3594 5258 facim

2004 5257 2322 5327 tis(Ezcclt.
2375 5277 2568 5330 xum,
2599 5263 2748 5337 27)?
2777 5267 2974 5324 Locum
3027 5272 3200 5341 ipsum
3244 5257 3540 5346 Scriptus-2e
3569 5280 3593 5310 ³

2067 5370 2297 5465 ξῶιὲινιιιεε.
2317 5379 2374 5422 At
2393 5379 2526 5435 Lov.,
2551 5388 2604 5426 ιη
2639 5375 2729 5428 Dei
2744 5385 2832 5440 est,
2855 5385 2902 5430 et
2922 5382 3051 5445 quod
3055 5382 3274 5448 jubetur,
3297 5393 3344 5438 et
3365 5390 3498 5452 qstod
3521 5394 3588 5454 of-

2179 5430 2202 5465 9
2512 5429 2523 5435 ν
2801 5429 2831 5440 νυ
2864 5429 2891 5430 κν
2930 5429 3342 5448 τνπνο-νν---Ἶντ
3366 5429 3496 5452 ’ν’-ν’·
3523 5429 3586 5454 Τ

2001 5429 2246 5565 (ﬂgiti,
2273 5501 2390 5565 utet
2410 5496 2460 5547 in
2481 5497 2580 5565 suis
2603 5497 2923 5565 incrementis,
2949 5508 2997 5554 et
3027 5504 3076 5555 in
3090 5513 3208 5558 ἐπιδ
3226 5507 3378 5561 initiis
3399 5511 3519 5564 don‘
3539 5529 3586 5565 ιιι

1999 5551 2224 5628 sitﬁdcs.
2235 5551 2241 5554 ’
2251 5565 2305 5628 {tt
2326 5564 2454 5617 Mss,
2471 5566 2516 5609 et
2524 5559 2588 5628 in
2610 5560 2709 5612 suis
2723 5551 2875 5627 igitur
2888 5551 3214 5628 incrementis,
3228 5551 3503 5626 'éiii'siiii'

2000 5618 2100 5665 iliis
2121 5618 2209 5666 Dei
2231 5618 2406 5668 donum
2421 5627 2490 5672 cst
2511 5620 2650 5674 ﬁdes.

2005 5677 2262 5791 ωέἓιςᾶξ
2287 5683 2430 5732 editis
2463 5677 2666 5746 additur,
2693 5693 2874 5750 n'atrcs
2905 5687 3192 5743 charissimi.
3223 5693 3382 5746 Abest
3415 5714 3442 5748 a
3469 5714 3580 5752 ma-

2150 5753 2195 5791 ιυ

2150 5753 2195 5796 ιβ
