3972 6178
331 417 435 472 979

329 544 427 585 eos
450 527 533 585 vel
563 525 807 598 accipere
833 523 914 578 vel
944 535 1050 577 non
1092 521 1338 591 accipere
1362 534 1560 591 corpus
1600 532 1655 578 et
1689 525 1907 596 sangui-

330 636 452 678 nem
476 617 696 684 Christi,
728 616 845 672 sine
866 629 972 685 quo
1000 614 1159 669 vitam
1187 627 1409 685 prorsus
1434 612 1629 669 habere
1651 630 1755 669 non
1784 629 1910 686 pos-

235 702 239 706 ’
328 719 490 767 sunt:
519 718 573 766 et
597 708 651 764 in
675 721 856 762 veram
878 705 1246 761 remissionem
1269 713 1606 781 peccatorum
1629 704 1907 775 baptizari,

328 800 571 873 quamvis
600 799 800 854 nullum
826 813 893 853 ex
917 796 1086 851 Adam
1118 795 1423 860 traherent;
1453 795 1704 865 quoniam
1721 796 1908 851 remit-

328 901 510 947 tuntur
533 890 613 946 eis
634 898 848 960 peccata
870 928 885 954 ,
916 887 984 943 de
1016 886 1207 957 quibus
1232 885 1354 941 illos
1377 887 1517 941 Deus
1538 887 1905 956 paenitentiam

333 982 600 1053 praescivit
625 989 858 1036 acturos.
888 980 962 1034 lta
987 979 1234 1061 facillime
1268 987 1489 1048 agerent
1508 986 1669 1047 atque
1689 979 1906 1035 obtine-

330 1081 449 1128 rent
471 1086 687 1128 causam
714 1084 863 1125 suam
890 1110 907 1133 ,
936 1084 1040 1138 qua
1070 1077 1263 1139 negant
1290 1083 1409 1123 esse
1435 1069 1690 1139 originale
1724 1084 1910 1140 pecca-

330 1175 475 1228 tum,
503 1172 557 1219 et
580 1162 802 1233 gratiam
845 1161 936 1214 Dei
981 1175 1084 1214 non
1111 1160 1224 1215 dari
1265 1159 1365 1213 nisi
1390 1154 1682 1214 secundum
1720 1159 1908 1215 merita

332 1262 511 1308 nostra
546 1250 902 1306 contendunt.
933 1248 1039 1304 Sed
1080 1249 1202 1317 quia
1234 1248 1510 1302 hominum
1554 1248 1743 1314 futura,
1787 1264 1908 1317 qua:

331 1357 435 1399 non
464 1350 588 1397 sunt
615 1340 786 1395 futura
817 1380 833 1404 ,
862 1319 1048 1407 procul
1093 1337 1253 1391 dubio
1277 1336 1423 1391 nulla
1449 1345 1572 1392 sunt
1613 1336 1825 1401 merita,
1853 1346 1910 1391 et

330 1434 433 1489 hoc
461 1432 643 1487 videre
668 1430 974 1485 facillimum
995 1438 1078 1483 est
1104 1445 1116 1481 :
1139 1428 1261 1483 ideo
1284 1442 1384 1484 nec
1403 1428 1669 1498 Pelagiani
1700 1428 1803 1483 hoc
1831 1427 1904 1482 di-

328 1538 453 1580 cere
480 1530 809 1593 potucrunt;
841 1528 896 1574 et
933 1520 1101 1573 multo
1137 1518 1307 1588 magis
1346 1532 1443 1572 nec
1481 1518 1567 1571 isti
1598 1517 1779 1572 dicere
1807 1517 1907 1572 de-

328 1616 574 1670 buerunt.
610 1612 719 1666 Dici
747 1610 889 1664 enim
933 1625 1038 1663 non
1080 1618 1250 1678 potest
1277 1622 1434 1679 quam
1466 1608 1690 1663 moleste
1715 1606 1903 1674 feram,

326 1706 469 1777 quod
498 1705 746 1760 viderunt
765 1701 1034 1771 Pelagiani
1057 1716 1176 1756 esse
1195 1698 1533 1754 falsissimum
1558 1708 1612 1754 et
1635 1698 1910 1754 absurdis-

326 1800 542 1863 simum,
572 1797 673 1851 hoc
697 1810 807 1850 non
831 1792 1029 1848 vidisse
1058 1792 1210 1857 istos,
1238 1795 1327 1861 qui
1352 1790 1631 1845 nobiscum
1658 1804 1903 1845 errorem

331 1892 545 1949 illorum
588 1890 962 1944 haereticorum
1003 1881 1263 1940 catholica
1310 1882 1628 1937 auctoritate
1655 1880 1909 1936 condem-

324 1994 475 2038 nant.

394 2072 618 2130 CAPUT
658 2070 797 2126 XIV.
818 2100 888 2111 -—
913 2069 1003 2126 26.
1030 2065 1253 2138 Scripsit
1277 2066 1467 2122 librum
1493 2064 1561 2119 de
1590 2062 1909 2119 Llortalitate

321 2166 640 2239 Cyprianus,
666 2163 847 2218 multis
885 2177 949 2218 ac
974 2176 1109 2232 pene
1133 2158 1379 2214 omnibus
1403 2156 1493 2227 qui
1519 2155 1907 2212 ecclesiasticas

322 2258 529 2311 litteras
557 2261 756 2318 amant,
786 2252 1118 2308 laudabiliter
1145 2259 1329 2304 notum
1355 2264 1371 2302 :
1405 2247 1457 2302 in
1491 2260 1599 2316 quo
1627 2254 1907 2315 propterea

322 2347 454 2401 dicit
480 2360 585 2399 non
629 2345 800 2399 solum
838 2359 944 2397 non
974 2356 1094 2397 esse
1119 2338 1362 2395 ﬁdelibus
1390 2336 1628 2392 inutilem
1656 2345 1902 2398 mortem,

323 2452 507 2492 verum
536 2433 697 2490 etiam
731 2433 916 2487 utilem
946 2429 1194 2500 reperiri,
1225 2428 1475 2498 quoniam
1516 2425 1770 2496 peccandi
1808 2441 1905 2496 pe-

322 2528 504 2584 riculis
533 2526 804 2583 hominem
848 2522 1131 2587 subtrahit,
1157 2531 1210 2577 et
1235 2520 1287 2575 in
1333 2534 1439 2574 non
1468 2517 1723 2590 peccandi
1748 2532 1907 2572 secu-

323 2623 481 2676 ritate
508 2616 806 2676 constituit.
835 2616 940 2672 Sed
980 2613 1106 2686 quid
1154 2611 1391 2683 prodest,
1419 2610 1465 2666 si
1504 2610 1666 2665 etiam
1710 2608 1902 2672 futura,

321 2729 442 2783 quin
484 2710 767 2767 commissa
798 2723 903 2764 non
947 2713 1092 2773 sunt,
1124 2712 1339 2775 peccata
1389 2700 1714 2773 puniuntur?
1752 2699 1902 2769 Agit‘

323 2817 499 2858 tamen
527 2802 616 2858 ille
641 2800 1011 2871 copiosissime
1050 2807 1209 2868 atque
1235 2796 1453 2865 optime,
1483 2791 1736 2863 peccandi
1766 2789 1908 2861 peri-

320 2896 436 2948 cula
465 2909 565 2949 nec
587 2892 774 2947 deesse
796 2891 850 2945 in
879 2890 981 2946 ista
1008 2888 1137 2954 vita,
1161 2898 1569 2955 nec‘supercsse
1593 2887 1714 2953 post
1738 2881 1901 2935 illam.

321 2985 422 3041 llbi
449 2995 505 3041 et
548 2984 676 3039 illud
722 2981 1084 3039 testimonium
1128 2978 1278 3049 ponit
1313 2977 1381 3032 de
1420 2976 1555 3031 libro
1593 2972 1902 3044 Sapientize,

323 3076 524 3147 Raptus
554 3085 646 3138 est,
676 3091 739 3129 ne
774 3073 971 3128 malitia
1006 3080 1221 3126 mutaret
1246 3067 1555 3123 intellectum
1592 3066 1719 3135 ejus.
1752 3063 1904 3132 Quod

322 3184 351 3220 a
407 3182 492 3220 me
536 3179 747 3235 quoque
796 3163 1049 3232 positum,
1094 3159 1285 3214 fratres
1338 3158 1469 3212 istos
1515 3157 1586 3211 ita
1638 3155 1906 3225 respuisse

321 3256 552 3319 dixiStis,
585 3263 834 3323 tanquam
874 3266 979 3305 non
1015 3250 1084 3304 de
1123 3249 1259 3303 libro
1283 3247 1540 3301 canonico
1570 3245 1901 3301 adhibitum:

320 3347 473 3417 quasi
501 3353 555 3401 et
583 3351 801 3413 excepta
832 3341 997 3412 hujus
1018 3339 1136 3395 libri
1163 3337 1504 3393 attestatione
1540 3351 1627 3391 res
1653 3336 1763 3405 ipsa
1798 3350 1903 3391 non

323 3441 466 3497 clara
488 3439 577 3505 sit,
595 3452 752 3509 quam
786 3432 1081 3491 volnimus’
1113 3432 1237 3487 hinc
1260 3430 1456 3486 doceri.
1484 3427 1614 3495 Quis
1633 3428 1774 3483 enim
1804 3442 1902 3483 au-

323 3532 448 3586 deat
477 3544 670 3598 negare
698 3527 1036 3589 christianus,
1076 3523 1303 3593 justum,
1337 3522 1379 3575 si
1427 3529 1597 3574 morte
1632 3533 1903 3590 przeoccn-

318 3631 479 3693 palus
508 3618 684 3682 fuerit,
718 3618 770 3672 in
813 3614 1087 3686 refrigerio
1126 3612 1357 3667 futurum
1389 3610 1542 3683 (Sap.
1574 3626 1646 3675 tv,
1686 3611 1773 3675 ll,
1810 3608 1905 3680 7)?

322 3711 555 3780 Quilibet
594 3709 697 3764 hoc
721 3707 934 3773 dixerit,
961 3705 1081 3776 quis
1121 3703 1283 3759 homo
1316 3718 1458 3758 sanae
1489 3701 1617 3801 ﬁdei
1647 3702 1903 3801 resisten-

323 3804 451 3857 dum
476 3799 712 3873 pntahit?
740 3800 866 3854 Item
896 3798 938 3852 si
970 3795 1184 3860 dixerit,
1204 3793 1427 3865 justum,
1457 3791 1501 3846 si
1530 3806 1559 3846 a
1587 3806 1679 3845 sua
1701 3790 1905 3861 justitia

323 3894 627 3960 recesserit,
652 3892 703 3946 in
739 3905 844 3961 qua
876 3888 965 3942 diu
996 3886 1144 3951 vixit,
1184 3895 1239 3940 et
1272 3884 1327 3938 in
1361 3898 1424 3938 ea
1451 3881 1609 3937 fuerit
1634 3881 1906 3951 impietate

324 3984 626 4047 defunctus,
655 3981 707 4035 in
737 3995 862 4050 qua,
886 3993 990 4032 non
1032 3977 1154 4032 dico
1182 3990 1344 4030 unum
1372 3989 1590 4036 annum,
1622 3971 1715 4027 sed
1741 3986 1903 4026 unum

324 4080 462 4132 diem
489 4073 699 4139 vixerit,
734 4073 784 4127 in
827 4086 1012 4141 pinnas
1036 4069 1232 4138 iniquis
1268 4066 1475 4122 debitas
1515 4065 1638 4120 hinc
1684 4064 1903 4130 iturum,

322 4169 456 4223 nihil
501 4166 599 4222 sibi
648 4180 743 4219 sua
791 4161 1061 4235 prmterita
1102 4158 1304 4229 justitia
1351 4155 1622 4227 profutura
1674 4154 1902 4226 (Ezech.

322 4276 479 4323 xvut,
509 4258 602 4329 24)
626 4275 638 4312 :
664 4256 789 4310 huic
816 4252 1108 4325 perspicua:
1132 4248 1344 4305 veritati
1373 4248 1491 4317 quis
1525 4245 1758 4301 ﬁdelium
1780 4259 1908 4299 con-

324 4336 601 4406 iradicet?
643 4347 827 4410 Porro,
857 4344 901 4398 si
931 4352 1201 4413 quarratur
1239 4354 1269 4393 a
1309 4337 1463 4393 nobis
1505 4344 1679 4391 utrum
1706 4336 1751 4390 si
1783 4345 1910 4389 tunc

326 4450 475 4498 esset
514 4450 778 4504 mortuus,
805 4436 1016 4508 quando
1044 4443 1160 4489 erat
1183 4432 1379 4504 justus,
1409 4445 1595 4501 ptenas
1632 4437 1776 4484 esset
1822 4426 1907 4482 in-

323 4542 605 4597 venturus,
642 4545 709 4583 an
754 4529 1023 4598 requiem;
1081 4522 1337 4594 numquid
1388 4522 1625 4592 requiem
1679 4534 1905 4591 respon-

324 4625 455 4683 dere
478 4619 880 4681 dubitabimus?
921 4620 1046 4674 llaec
1091 4626 1172 4671 est
1218 4624 1324 4670 tota
1367 4628 1526 4669 causa
1569 4626 1666 4667 cur
1708 4611 1907 4666 dictum

324 4728 432 4786 est,
460 4733 488 4771 a
516 4726 853 4787 quocumque
890 4710 960 4765 sit
993 4707 1213 4772 dictum,
1245 4705 1441 4775 Raptus
1482 4711 1575 4770 est,
1616 4718 1679 4756 ne
1714 4701 1909 4755 malitia

326 4815 544 4864 mutaret
568 4804 872 4860 intellectum
905 4801 1034 4873 ejus.
1074 4798 1278 4852 Dictum
1320 4804 1403 4851 est
1428 4794 1570 4850 enim
1616 4790 1906 4846 secundum

326 4898 565 4973 pericula
585 4897 709 4952 vita:
733 4893 908 4964 hujus,
929 4907 1033 4946 non
1062 4886 1352 4945 secundum
1380 4881 1767 4956 praescientiam
1791 4881 1906 4950 Dei,

325 4995 415 5066 qui
447 4992 551 5049 hoc
576 4986 842 5062 praescivit
862 4984 1003 5056 quod
1031 4982 1264 5038 futurum
1295 4988 1431 5046 erat,
1455 4994 1559 5033 non
1599 4974 1739 5047 quod
1770 4974 1911 5029 futu—

328 5102 445 5142 rum
486 5099 593 5141 non
622 5089 740 5136 erat
771 5098 785 5134 :
818 5078 869 5133 id
908 5086 1010 5139 est,
1056 5074 1197 5146 quod
1225 5072 1276 5128 ei
1306 5081 1531 5126 mortem
1572 5069 1908 5124 immaturam

327 5179 500 5234 fuerat
547 5172 850 5245 largiturus,
893 5177 951 5222 ut
991 5166 1341 5223 tentationum
1393 5161 1793 5218 subtraheretur
1832 5160 1913 5214 in-

328 5276 510 5333 certo;
562 5281 667 5321 non
698 5260 837 5333 quod
868 5266 1182 5330 peccaturus
1219 5263 1381 5320 esset,
1410 5254 1497 5325 qui
1529 5267 1813 5307 mansurus
1857 5252 1910 5305 in

330 5356 624 5413 tentatione
658 5368 762 5408 non
803 5357 966 5406 esset.
999 5349 1074 5403 De
1115 5347 1217 5402 hac
1257 5346 1454 5416 quippe
1482 5344 1587 5398 vita
1639 5344 1829 5415 legitur
1859 5342 1911 5395 in

330 5449 468 5506 libro
498 5446 626 5510 .lob‘,
676 5446 728 5501 Ν
733 5446 938 5516 nmquid
966 5459 1066 5497 non
1098 5441 1303 5496 tentatio
1332 5447 1402 5492 est
1431 5438 1530 5492 vita
1561 5437 1781 5488 humana
1821 5448 1912 5488 stt-

337 5558 427 5611 per
457 5548 641 5594 terram
681 5536 800 5607 (Job
838 5552 935 5599 vn,
981 5535 1032 5599 1,
1077 5548 1176 5587 sec.
1209 5529 1423 5600 LXX)?
1468 5527 1573 5583 Sed
1603 5540 1769 5597 quare
1796 5524 1914 5578 aliis

332 5627 681 5694 concedatur,
706 5636 765 5681 ut
788 5641 849 5681 ex
884 5626 1041 5695 hujus
1058 5625 1189 5678 sita:
1217 5620 1464 5692 periculis
1491 5618 1613 5673 dum
1639 5616 1764 5686 justi
1792 5624 1915 5669 sunt
1942 5682 1953 5693 ι

404 5829 418 5856 ί
440 5831 513 5872 silc
538 5831 638 5871 Mss.
668 5828 728 5883 at
740 5819 872 5875 editi,
899 5819 985 5883 ait.
1359 5876 1367 5883 ι
1411 5876 1417 5883 .

402 5888 424 5919 ι
456 5885 576 5933 eum
598 5918 611 5941 ,
661 5881 889 5931 colamus.
925 5879 1111 5938 Aliquot
1134 5884 1260 5937 mss,
1296 5876 1541 5927 wtuinws.

1553 411 1610 469 S.
1652 412 2016 471 AUGUSTINI
2048 415 2347 476 EPISCOPI

3500 434 3608 490 98!)

2013 526 2353 594 auferantur;
2396 529 2486 586 alii
2528 547 2656 589 vero
2691 533 2822 604 justi
2851 534 3023 594 donec
3068 552 3098 593 a
3137 536 3341 601 iustitia
3385 544 3602 611 cadant,

2013 614 2068 670 in
2097 616 2299 673 eisdem
2330 622 2581 689 periculis
2610 625 2716 680 vita
2756 626 3095 695 productiore
3119 637 3439 698 teneantur;
3478 636 3601 705 quis

2012 709 2263 778 cognovit
2303 724 2520 765 sensum
2564 712 2775 769 Domini
2804 714 2981 788 (Rom.
3025 733 3102 784 ιι,
3132 719 3267 789 34)?
3311 719 3383 775 Et
3424 730 3602 779 tamen

2014 794 2140 852 hinc
2177 798 2403 869 intelligi
2431 800 2609 867 datur,
2639 805 2798 859 etiam
2832 805 2934 860 illis
2958 806 3117 877 justis
3142 810 3230 880 qui
3255 811 3429 867 bonos
3456 812 3603 882 pios-

2012 902 2117 958 que
2146 904 2326 945 mores
2357 906 2525 962 usque
2551 894 2619 949 ad
2655 899 2947 955 senectutis
2992 904 3347 958 maturitatem
3379 914 3438 959 et
3461 905 3605 962 diem

2012 981 2137 1036 vita:
2165 981 2322 1052 hujus
2349 985 2593 1041 ultimum
2623 999 2860 1058 servant,
2894 1007 2999 1045 non
3028 993 3082 1047 in
3112 995 3221 1049 suis
3247 996 3477 1060 meritis,
3506 996 3604 1050 sed

2012 1071 2066 1126 in
2095 1073 2321 1129 Domino
2344 1090 2467 1132 esse
2489 1079 2826 1147 gloriandum
2860 1099 2875 1135 :
2916 1085 3169 1152 quoniam
3207 1087 3296 1156 qui
3325 1088 3449 1142 vitae
3476 1087 3605 1143 bre-

2010 1162 2175 1218 vitate
2200 1165 2377 1234 rapuit
2404 1165 2629 1236 justum,
2662 1186 2730 1226 ne
2770 1173 2969 1227 malitia
3001 1184 3231 1231 mutaret
3273 1177 3596 1235 intellectum

2009 1252 2147 1321 ejus,
2182 1255 2295 1325 ipse
2321 1256 2373 1311 in
2406 1268 2831 1331 quantacumque
2855 1264 2977 1318 vita:
3011 1265 3341 1335 longitudine
3369 1269 3599 1324 custodit

2004 1339 2229 1411 justum,
2260 1361 2328 1401 ne
2353 1348 2553 1403 malitia
2582 1361 2752 1406 mutet
2777 1353 3101 1410 intellectum
3128 1356 3263 1425 ejus.
3287 1357 3394 1412 Cur
3413 1369 3591 1414 autem

2011 1431 2099 1488 hic
2141 1437 2376 1492 tenuerit
2417 1452 2664 1494 casurum
2702 1441 2925 1511 justum,
2953 1461 3110 1514 quem
3151 1448 3457 1518 priusquam
3501 1466 3598 1505 ca-

2010 1520 2164 1577 deret
2213 1525 2337 1579 liinc
2386 1538 2568 1596 posset
2614 1530 2845 1599 auferre,
2870 1534 3167 1601 justissima
3214 1539 3451 1605 omnino,
3500 1541 3599 1597 sed

2010 1611 2376 1670 inscrutabilia
2406 1628 2530 1674 sunt
2549 1620 2748 1690 judicia
2773 1623 2911 1692 ejus.

2083 1702 2175 1756 27.
2214 1703 2345 1770 Quae
2373 1721 2494 1761 cum
2538 1709 2609 1763 ita
2638 1710 2766 1777 sint,
2794 1727 2902 1767 non
2941 1712 3125 1769 debuit
3165 1717 3433 1786 repudiari
3474 1734 3599 1775 sen-

2011 1792 2173 1847 tentia
2199 1793 2318 1849 libri
2349 1795 2657 1867 Sapientize,
2680 1800 2773 1870 qui
2809 1804 3004 1858 meruit
3030 1805 3083 1859 in
3127 1806 3361 1864 Ecclesia
3394 1809 3597 1867 Christi

2010 1881 2078 1937 de
2105 1884 2272 1953 gradu
2298 1886 2559 1944 lectorum
2590 1891 2846 1949 Ecclesia:
2875 1893 3068 1951 Christi
3101 1905 3208 1952 tam
3238 1900 3392 1969 longa
3422 1917 3597 1957 anno-

2009 1972 2166 2028 sitate
2190 1975 2423 2045 recitari,
2442 1987 2496 2033 et
2519 1979 2587 2035 ab
2609 1983 2857 2070 om/nibus
2874 1982 3211 2054 Christianis,
3236 1990 3304 2043 ab
3321 1991 3587 2062 episcopis

2009 2078 2179 2135 usque
2217 2067 2285 2122 ad
2314 2080 2586 2126 extremos
2632 2067 2799 2129 laicos
2841 2075 3046 2143 ﬁdeles,
3079 2081 3416 2149 pinniteutes,
3442 2094 3594 2139 cate—

2008 2152 2324 2225 chumenos,
2358 2173 2480 2215 cum
2519 2166 2863 2220 veneratione
2891 2167 3084 2223 divinae
3127 2173 3456 2227 auctoritatis
3492 2189 3594 2228 au-

2008 2242 2132 2299 diri.
2159 2244 2320 2302 Certe
2363 2249 2506 2305 enim
2536 2250 2581 2305 si
2609 2251 2677 2307 de
2710 2252 3010 2311 divinarum
3040 2257 3432 2328 Scripturarum
3473 2271 3585 2319 tra-

2007 2338 2301 2393 ctatoribus
2327 2339 2419 2410 qui
2444 2340 2660 2399 fuerunt
2693 2355 2819 2400 ante
2846 2361 2962 2412 nos,
2995 2349 3292 2418 proferrem
3316 2350 3586 2408 defensio-

2008 2439 2130 2480 nem
2171 2426 2393 2497 hujusce
2421 2433 2719 2499 sententiaa,
2750 2450 2911 2505 quam
2939 2453 3082 2493 nunc
3106 2439 3263 2496 solito
3291 2441 3595 2512 diligentius

2006 2521 2166 2584 atque
2190 2517 2460 2586 copiosius
2501 2531 2686 2577 contra
2731 2537 2929 2579 novum
2977 2525 3373 2597 Pelagianorum
3398 2530 3593 2586 defen-

2008 2602 2135 2659 dere
2162 2621 2412 2676 urgemur
2434 2622 2708 2677 errorem;
2754 2601 2861 2669 hoc
2882 2625 2983 2681 est,
3008 2618 3229 2687 gratiam
3260 2620 3347 2674 Dei
3376 2636 3480 2675 non
3501 2636 3595 2676 se-

2006 2694 2241 2751 cundum
2277 2697 2464 2753 merita
2496 2708 2678 2756 nostra
2706 2701 2843 2771 dari,
2870 2712 2926 2759 et
2951 2706 3115 2776 gratis
3134 2707 3249 2763 dari
3287 2710 3371 2763 cui
3394 2710 3590 2776 datur;

2006 2784 2128 2854 quia
2171 2800 2344 2856 neque
2375 2788 2622 2858 volentis,
2651 2806 2825 2863 neque
2852 2797 3139 2862 currentis,
3165 2797 3261 2853 sed
3289 2800 3594 2859 miserisillis

2005 2883 2090 2929 est
2113 2875 2205 2930 Dei
2231 2894 2246 2944 ;
2283 2877 2429 2948 justo
2462 2891 2642 2937 autem
2667 2883 2871 2953 judicio
2892 2902 2998 2942 non
3027 2889 3141 2943 dari
3170 2890 3256 2944 cui
3276 2906 3380 2946 non
3405 2892 3588 2955 datur,

2006 2964 2129 3056 quia
2158 2982 2264 3022 non
2305 2978 2387 3025 est
2422 2970 2670 3042 iniquitas
2707 2975 2848 3047 apud
2883 2976 3053 3034 Deum
3082 2978 3196 3050 (Id.
3225 2997 3300 3047 ix,
3339 2984 3427 3049 16,
3461 2984 3550 3056 lt)
3571 3003 3589 3039 :

1982 3055 2052 3131 lsi
2090 3055 2248 3126 hujus
2285 3073 2412 3129 ergo
2452 3064 2730 3119 sententia
2769 3064 3132 3123 defensionem
3184 3086 3248 3126 ex
3287 3055 3591 3129 divinorum

2005 3146 2339 3217 eloquiorum
2372 3166 2470 3206 nos
2513 3154 2939 3223 praecedentibus
2966 3160 3245 3219 catholicis
3285 3166 3589 3219 tractatori-

2006 3236 2109 3292 bus
2135 3254 2470 3308 promerem;
2515 3245 2754 3314 profecto
2782 3247 2838 3302 hi
2865 3248 3077 3318 fratres,
3109 3268 3206 3322 pro
3231 3255 3424 3325 quibus
3450 3268 3589 3311 nunc

2006 3328 2238 3399 agimus,
2265 3334 2667 3402 acquiescerent
2695 3355 2709 3392 :
2742 3337 2847 3409 hoc
2869 3341 3012 3396 enim
3043 3344 3381 3413 signiﬁcastis
3400 3347 3590 3405 litteris

2004 3420 2217 3476 vestris.
2258 3421 2393 3489 Quid
2434 3424 2604 3494 igitur
2649 3441 2785 3496 opus
2828 3439 2911 3485 est
2957 3442 3013 3486 nt
3059 3449 3244 3489 eorum
3293 3446 3589 3494 scrutemur

2005 3512 2279 3580 Opuscula,
2306 3514 2395 3583 qui
2436 3516 2742 3587 priusquam
2788 3519 2887 3575 ista
2938 3520 3160 3578 haeresis
3201 3527 3454 3591 oriretur,
3481 3545 3587 3583 non

2006 3602 2307 3660 habuerunt
2336 3609 2714 3664 necessitatem
2739 3610 2793 3665 in
2826 3610 2929 3667 hac
2955 3612 3157 3670 difﬁcili
3183 3616 3249 3671 ad
3277 3619 3588 3675 solvendum

2002 3692 2301 3763 quaestione
2347 3696 2591 3751 versari?
2634 3699 2775 3770 quod
2816 3703 3000 3770 procul
3046 3704 3208 3760 dubio
3251 3706 3504 3775 facerent,
3535 3711 3581 3765 si

2006 3783 2334 3853 respondere
2378 3787 2568 3841 talibus
2613 3801 2947 3860 cogerentur.
2980 3792 3131 3850 Unde
3173 3795 3370 3853 factum
3414 3808 3495 3853 est
3522 3808 3584 3854 ut

2007 3872 2075 3929 de
2125 3876 2292 3945 gratia
2341 3876 2435 3932 Dei
2478 3878 2604 3948 quid
2646 3881 2943 3950 sentirent,
2990 3884 3225 3942 breviter
3272 3891 3585 3959 quibusdam

2007 3964 2326 4033 scriptorum
2368 3980 2586 4023 suorum
2626 3970 2759 4026 locis
2791 3981 2847 4028 et
2875 3982 3212 4033 transeunter
3238 3983 3587 4052 attingerent:

2008 4055 2419 4113 immorarentur
2460 4075 2587 4116 vero
2629 4061 2683 4117 in
2725 4064 2804 4120 eis
2848 4081 2967 4136 qua:
3014 4067 3269 4124 adversus
3315 4072 3587 4129 inimicos‘

2007 4145 2263 4202 Ecclesia:
2289 4147 2650 4220 disputabant,
2686 4162 2742 4209 et
2768 4154 2821 4209 in
2850 4156 3310 4217 exhortationibus
3333 4164 3401 4217 ad
3427 4180 3588 4234 quas—

2008 4250 2112 4305 que
2136 4236 2378 4302 virtutes,
2401 4239 2593 4308 quibus
2620 4241 2731 4297 Deo
2757 4243 2877 4298 vivo
2896 4255 2951 4300 et
2970 4262 3098 4303 vero
3126 4264 3223 4319 pro
3247 4252 3589 4320 adipiscenda

2007 4328 2113 4381 vita
2143 4336 2344 4383 aeterna
2373 4338 2428 4385 et
2450 4346 2575 4385 vera
2606 4329 2863 4389 felicitate
2909 4338 3156 4392 servitur.
3188 4319 3591 4411 Frequentatio-

2008 4418 2166 4474 nibus
2206 4427 2384 4476 autem
2436 4422 2736 4478 orationum
2791 4425 3105 4496 simpliciter
3156 4433 3450 4500 apparebat
3498 4435 3589 4491 Dei

2006 4510 2174 4581 gratia
2202 4511 2330 4581 quid
2359 4512 2560 4568 valeret
2591 4531 2606 4568 :
2651 4529 2757 4569 non
2788 4518 2932 4572 enim
2965 4532 3311 4589 poscerentur
3340 4523 3411 4579 de
3446 4525 3585 4579 Deo'

2008 4617 2128 4671 qua:
2165 4602 2409 4672 praecipit
2449 4601 2586 4670 ﬁeri,
2618 4605 2720 4659 nisi
2762 4606 2831 4660 ab
2860 4606 2955 4662 illo
2982 4608 3272 4666 donaretur
3298 4622 3353 4667 ut
3382 4612 3588 4669 ﬁerent.

2078 4690 2170 4747 28.
2209 4690 2313 4747 Sed
2354 4693 2442 4762 qui
2470 4695 2748 4749 sententiis
2775 4705 3119 4753 tractatorum
3162 4700 3353 4756 instrui
3384 4703 3589 4767 volunt,

2010 4790 2222 4852 oportet
2250 4791 2308 4837 ut
2340 4781 2499 4837 istum
2527 4782 2721 4839 librum
2765 4785 3073 4853 Sapientim,
3105 4788 3192 4843 ubi
3237 4789 3448 4861 legitur,
3480 4791 3593 4845 Ra-

2012 4882 2127 4945 ptus
2154 4882 2246 4936 est,
2285 4890 2347 4928 ne
2374 4874 2572 4927 malitia
2601 4885 2815 4930 mutaret
2841 4876 3150 4932 intellectum
3178 4881 3308 4950 ejus,
3346 4883 3594 4938 omnibus

2015 4964 2389 5019 tractatoribus
2412 4973 2737 5035 anteponant
2761 4984 2777 5019 :
2808 4968 3055 5037 quoniam
3087 4968 3187 5023 sibi
3216 4986 3336 5025 eum
3365 4981 3593 5044 antepo-

2013 5062 2234 5109 sucruut
2252 5053 2412 5109 etiam
2437 5054 2766 5123 temporibus
2787 5058 3017 5125 proximi
3039 5060 3417 5128 Apostolorum
3443 5077 3599 5132 egre-

2013 5147 2083 5217 gii
2114 5154 2445 5213 tractatores,
2470 5146 2561 5216 qui
2595 5162 2716 5201 eum
2759 5156 2949 5203 testem
2996 5150 3334 5217 adhibentes,
3364 5153 3500 5209 nihil
3535 5169 3597 5210 se

2014 5237 2267 5293 adhibere
2301 5236 2403 5291 nisi
2450 5235 2686 5290 divinum
2727 5238 3091 5294 testimonium
3133 5240 3498 5297 crediderunt.
3529 5243 3593 5298 Et

2015 5338 2162 5384 certe
2191 5328 2555 5384 beatissimum
2591 5328 2912 5398 Cyprianum
2943 5329 3242 5400 disputasse
3282 5343 3512 5401 constat,
3539 5345 3600 5388 ut

2017 5419 2290 5474 celerioris
2314 5417 2502 5472 mortis
2530 5417 2846 5473 beneficium
2872 5422 3294 5486 commendaret,
3334 5439 3367 5478 a
3404 5440 3595 5493 pecca-

2021 5518 2191 5564 torum
2231 5508 2482 5579 periculis
2509 5508 2641 5576 eripi
2681 5523 2777 5563 eos
2817 5509 2906 5579 qui
2947 5509 3086 5565 hanc
3123 5512 3284 5565 vitam
3332 5512 3519 5566 ﬁniunt
3545 5513 3599 5567 ia

2020 5614 2121 5670 qua
2152 5598 2355 5669 peccari
2399 5605 2591 5669 potest.
2630 5598 2684 5652 ln
2711 5598 2899 5655 eodem
2931 5600 3068 5656 libro
3097 5605 3172 5656 ait
3213 5603 3353 5657 inter
3370 5611 3558 5658 cetera
3578 5619 3597 5655 :

2076 5756 2102 5821 ,ι
2128 5750 2264 5812 Fditi,
2289 5749 2519 5801 adversus
2533 5748 2658 5802 alios
2692 5751 2929 5807 inimicos.
2956 5757 3258 5820 Manuscripti
3281 5769 3378 5809 non
3401 5756 3611 5821 habent.

2024 5815 2199 5923 Ahgssic
2212 5880 2315 5922 uss.
2344 5873 2477 5925 Editi.
2504 5885 2534 5921 a
2563 5881 2673 5923 nea.
