4014 6186
409 399 502 454 ost
1287 381 1486 438 Lmen
1525 341 1622 434 oe
1651 375 2306 432 PRAEDESTINATIONE
2346 377 2779 434 ssncronun.

409 513 510 562 Cur
535 525 630 559 non
659 519 769 556 eum
814 501 1010 554 Limam
1039 500 1257 566 futurus,
1281 505 1326 548 et
1369 495 1432 547 de
1477 491 1678 545 Domini
1723 491 1976 560 pollicita-

408 603 539 653 tione
577 613 798 659 securus,
825 591 959 662 quod
987 591 1052 642 ad
1093 573 1348 642 Christum
1383 586 1590 648 voceris,
1629 583 1980 650 amplecteris,-

411 705 456 746 et
477 690 610 759 quod
631 685 830 740 diabolo
851 698 1039 744 cureas,
1058 677 1368 751 gratularis?
1395 677 1458 730 Et
1478 675 1582 728 alio
1611 675 1728 728 loco
1753 691 1764 724 :
1801 672 1980 736 Pueri,

412 784 601 851 inquit,
621 777 898 851 periculum
925 775 1128 828 lubrica:
1145 775 1308 826 aetatis
1327 768 1563 822 evadunt.
1585 767 1821 835 itemque
1843 765 1980 819 alio:

325 859 340 870 ’
415 871 548 936 Quid
579 887 698 932 non,
730 864 917 934 inquit,
949 877 1280 934 prOperamus
1310 869 1354 914 et
1387 859 1652 920 currimus,
1677 865 1731 910 ut
1769 857 1983 924 patriam

414 969 635 1012 nostram
661 956 844 1018 videre,
863 963 914 1006 ut
942 961 1170 1022 parentes
1192 951 1414 1004 salutare
1442 947 1730 1018 possimus?
1765 946 1984 1016 Magnus

411 1049 516 1101 illic
559 1063 646 1100 nos
688 1051 957 1098 charorum
995 1057 1232 1095 numerus
1259 1047 1508 1109 exspectat
1553 1047 1832 1107 parentum,
1877 1041 1984 1108 fra-

411 1149 562 1200 trum,
596 1136 816 1202 ﬁliorum
837 1149 854 1196 ,'
903 1133 1135 1201 frequens
1167 1147 1254 1183 nos
1286 1139 1331 1182 et
1372 1129 1577 1196 copiosa
1618 1127 1762 1179 turba
1792 1126 1985 1179 deside-

409 1233 509 1290 rat,
532 1225 643 1294 jam
689 1224 751 1276 de
778 1239 868 1275 sua
897 1221 1250 1286 incolumitate.
1283 1234 1479 1281 secura,
1508 1217 1674 1269 adhuc
1712 1215 1775 1268 de
1813 1225 1984 1269 nostra

410 1317 574 1370 salute
597 1315 829 1368 sollicita.
863 1313 956 1366 His
983 1319 1140 1380 atque
1179 1309 1480 1378 hujusmodi
1507 1309 1696 1362 doctor
1733 1307 1822 1362 ille
1865 1322 1986 1361 sen-

413 1406 590 1460 tentiis
615 1406 666 1458 in
689 1404 968 1458 catholicae
995 1400 1116 1454 ﬁdei
1141 1400 1256 1454 luce
1283 1398 1596 1461 clarissima,
1626 1397 1756 1452 satis
1780 1405 1988 1466 aperte-

411 1512 515 1566 que
542 1503 782 1559 testatur,
825 1507 993 1562 usque
1036 1491 1100 1545 ad
1131 1489 1285 1558 hujus
1321 1487 1562 1558 corporis
1599 1487 1984 1555 depositionem

414 1585 667 1656 peccandi
687 1583 916 1653 pericula
937 1583 1358 1649 tentationesque
1375 1576 1714 1641 metuendos;
1735 1576 1986 1646 deinceps

413 1677 556 1730 nulla
582 1677 704 1730 talia
731 1689 1050 1745 quemquam
1086 1689 1206 1728 esse
1237 1686 1535 1741 passurum.
1564 1669 1716 1737 Quod
1747 1669 1848 1724 etsi
1879 1683 1984 1721 non

415 1775 718 1831 testaretur,
747 1764 957 1834 quando
985 1763 1052 1816 de
1091 1762 1190 1816 hac
1234 1777 1292 1815 re
1321 1760 1640 1814 christianus
1669 1759 1988 1828 qualiscum-

311 1913 322 1924 ,
411 1871 518 1926 que
543 1855 850 1910 dubitaret?
895 1853 1172 1921 Quomodo
1217 1853 1374 1922 igitur
1411 1851 1610 1904 homini
1641 1851 1812 1916 lapso,
1843 1859 1896 1903 et
1933 1851 1984 1902 in

411 1947 601 2000 eodem
647 1947 796 2014 lapsu
841 1946 994 1998 istam
1037 1946 1194 1998 vitam
1241 1943 1435 1996 misere
1479 1942 1702 2006 ﬁnienti,
1733 1949 1888 2009 atque
1933 1939 1986 1993 in

417 2049 602 2103 pinnas
651 2035 796 2088 eunti
849 2034 1040 2088 talibus
1091 2033 1335 2094 debitas;
1385 2030 1686 2100 quomodo,
1747 2030 1982 2098 inquam,

415 2124 538 2180 huic
567 2141 671 2178 non
701 2125 984 2194 plurimum
1025 2137 1338 2192 summeque
1385 2119 1678 2188 prodesset,
1712 2120 1757 2173 si
1791 2135 1854 2174 ex
1887 2119 1986 2174 hoc

411 2214 772 2276 tentationuiu
805 2213 923 2270 loco
961 2213 1264 2283 priusquam
1303 2211 1591 2276 laberetur,
1623 2219 1794 2266 morte
1834 2225 1988 2280 rape-

410 2315 576 2362 retur.

385 2415 390 2418 ·
479 2394 572 2448 29.
603 2394 682 2448 Ac
723 2410 819 2464 per
849 2393 967 2459 hoc,
997 2393 1042 2448 si
1069 2393 1207 2448 absit
1247 2393 1407 2448 nimis
1435 2391 1826 2446 inconsiderata
1855 2404 1987 2444 con-

411 2486 600 2552 tentio,
634 2493 742 2538 tota
767 2485 992 2553 qumstio
1029 2484 1128 2538 ista
1159 2483 1304 2536 [inita
1344 2491 1424 2537 est
1449 2483 1517 2536 de.
1563 2481 1654 2534 illo
1682 2483 1772 2549 qui
1811 2489 1986 2550 raptus

411 2584 505 2642 est,
527 2591 588 2628 ne
615 2575 809 2628 malitia
838 2582 1052 2626 mutaret
1077 2572 1387 2626 intellectum
1415 2572 1544 2644 eius.
1571 2569 1679 2624 Nec
1708 2569 1827 2624 ideo
1854 2570 1986 2624 liber

409 2665 716 2733 Sapientize,
745 2665 834 2733 qui
864 2673 1006 2718 tanta
1036 2663 1420 2717 numerositate
1445 2676 1706 2715 annorum
1737 2660 1840 2730 legi
1876 2675 1988 2713 me-

414 2757 519 2810 ruit
547 2757 599 2810 in
649 2757 882 2811 Ecclesia
914 2755 1130 2820 Christi,
1170 2755 1222 2808 in
1256 2769 1362 2824 quo
1400 2761 1454 2808 et
1493 2753 1594 2806 hoc
1637 2752 1848 2822 legitur,
1879 2753 1986 2821 pati

411 2846 573 2901 debet
599 2847 864 2916 injuriam,
895 2851 1144 2917 quoniam
1173 2845 1371 2900 resistit
1397 2844 1476 2898 eis
1511 2843 1601 2912 qui
1647 2857 1742 2912 pro
1785 2841 1986 2896 meritis

413 2936 686 2990 hominum
715 2937 986 3000 hilluntnr,
1016 2947 1072 2990 ut
1097 2938 1306 2991 veniant
1335 2943 1520 2990 contra
1547 2933 1640 2988 Dei
1671 2933 1986 2988 manifestis-

408 3028 600 3082 simam
641 3030 862 3098 gratiam
893 3045 906 3080 :
939 3045 1056 3098 quze
1099 3029 1330 3081 maxime
1361 3035 1586 3097 apparet
1629 3026 1681 3080 in
1719 3025 1980 3094 parvulis;

409 3133 634 3186 quorum
676 3135 794 3174 cum
839 3121 928 3174 alii
979 3120 1250 3188 baptizati,
1287 3119 1376 3174 alii
1421 3134 1524 3172 non
1573 3117 1818 3186 baptizati
1863 3115 1984 3170 vitae

413 3207 572 3278 hujus
621 3209 905 3262 terminum
953 3217 1192 3278 sumunt,
1236 3209 1366 3262 satis
1405 3207 1639 3262 indicant
1681 3208 1983 3262 misericor-

411 3299 550 3352 diam
577 3309 626 3354 et
658 3299 948 3368 judicium;
993 3300 1412 3354 misericordiam
1439 3299 1650 3368 quidem
1677 3299 1982 3365 gratuitam,

407 3390 662 3458 judicium
690 3391 948 3444 debitum.
972 3391 1026 3446 Si
1057 3391 1200 3445 enim
1224 3391 1590 3460 jndicarentur
1617 3389 1861 3444 homines
1887 3403 1983 3458 pro

413 3482 618 3534 meritis
659 3497 768 3536 sate
811 3482 954 3545 vitae,
983 3497 1100 3550 qua:
1141 3497 1246 3534 non
1291 3481 1588 3534 habuerunt
1633 3491 1804 3533 morte
1845 3495 1984 3548 prte-

413 3572 580 3638 venti,
605 3573 696 3625 sed
737 3573 964 3625 habituri
995 3581 1196 3636 essent,
1226 3571 1270 3624 si
1301 3572 1572 3634 viverent;
1602 3571 1729 3624 nihil
1767 3570 1984 3639 prodes-

411 3671 494 3714 set
533 3661 580 3714 ci
609 3663 696 3729 qui
721 3670 903 3732 raptus
931 3671 1033 3728 est,
1067 3676 1134 3716 ne
1155 3661 1352 3714 malitia
1383 3669 1612 3714 mutaret
1657 3661 1980 3715 intellectum

411 3752 560 3819 ejus;
593 3751 724 3805 nihil
753 3752 1032 3820 prodesset
1057 3752 1136 3804 eis
1155 3765 1247 3819 qui
1275 3750 1406 3819 lapsi
1443 3751 1758 3812 moriuntur,
1791 3750 1834 3803 si
1860 3759 1986 3804 ante

407 3851 782 3895 morerentur:
825 3841 966 3910 quod
1015 3841 1190 3893 nullus
1231 3840 1410 3894 dicere
1452 3839 1772 3892 christianos
1815 3838 1982 3894 aude-

407 3931 503 3985 bit.
529 3931 785 3998 Quocirca
815 3947 930 3984 non'
949 3932 1146 3985 debent
1173 3931 1358 3985 fratres
1387 3929 1573 3994 nostri,
1591 3930 1682 3999 qui
1709 3931 1978 3984 nobiscum

407 4037 502 4089 pro
540 4021 802 4076 catholica
835 4021 936 4074 tidc
969 4021 1256 4090 perniciem
1285 4021 1550 4090 Pelagiani
1575 4015 1978 4090 erroris‘impu-

405 4123 590 4181 gnant,
637 4112 760 4166 huic
799 4113 1095 4182 Pelagiante
1144 4113 1198 4166 in
1247 4121 1448 4166 tantum
1497 4113 1672 4167 favere
1719 4111 1975 4182 Opinioni,

409 4217 510 4270 qua
546 4203 829 4271 opinantur
860 4203 1082 4272 gratiam
1123 4203 1216 4257 Dei
1257 4203 1549 4257 secundum
1581 4204 1766 4256 merita
1795 4213 1978 4258 nostra

411 4293 564 4358 dari;
611 4301 668 4347 ut
705 4293 843 4362 quod
887 4293 958 4346 illi
996 4294 1194 4348 audere
1242 4309 1348 4348 non
1393 4303 1632 4363 possunt,
1663 4295 1978 4349 sententiam

413 4397 592 4438 veram
623 4386 774 4452 plane
799 4393 853 4440 et
877 4387 1168 4454 antiquitus
1189 4385 1556 4448 Christianam,
1587 4385 1782 4456 Raptus
1803 4397 1894 4450 est,
1918 4403 1981 4440 ne

411 4475 606 4528 ntalitia
639 4485 852 4528 mutaret
879 4475 1184 4528 intellectum
1209 4476 1338 4544 ejus,
1365 4475 1640 4529 deSIruere
1663 4475 1976 4541 moliantur;

408 4575 466 4620 et
493 4565 544 4620 id
573 4574 830 4627 astruere.
859 4565 1020 4634 quod,
1053 4579 1160 4618 non
1185 4563 1308 4618 dico
1353 4565 1700 4629 crediturum,
1745 4564 1838 4618 sed
1885 4579 1978 4618 so-

373 4647 736 4708 "rnniaturum
767 4654 1032 4708 neminem
1049 4665 1375 4724 putaremus,
1389 4655 1676 4708 secundum
1693 4669 1755 4709 ea
1776 4655 1979 4710 scilicet

405 4743 631 4814 judicari
675 4759 938 4813 quemque
965 4753 1315 4808 mortuorum,
1349 4759 1466 4814 qua:
1508 4755 1755 4814 gesmrus
1785 4745 1974 4812 fuerat,

407 4835 454 4888 si
485 4843 722 4902 tempore
766 4835 1051 4900 prolixiore
1093 4835 1331 4888 vixisset.
1365 4835 1438 4888 Ita
1477 4835 1671 4904 quippe
1700 4835 1866 4888 claret
1893 4836 1976 4890 in-

410 4927 606 4980 victum
637 4941 757 4980 esse
796 4925 936 4994 quod
963 4925 1208 4989 dicimus,
1249 4926 1472 4994 gratiam
1519 4927 1612 4980 Dci
1651 4941 1754 4980 non
1783 4939 1976 4980 secun-

403 5017 532 5072 dum
581 5019 772 5072 merita
816 5027 994 5071 nostra
1034 5016 1170 5081 dari,
1204 5027 1260 5070 ut
1291 5017 1412 5070 huic
1455 5017 1662 5071 veritati
1710 5018 1980 5072 contradi-

403 5115 586 5162 centes
629 5107 890 5177 ingeniosi
934 5107 1174 5162 homines
1205 5105 1338 5170 ha‘c,
1371 5107 1438 5160 ab
1478 5107 1716 5162 omnium
1759 5108 1976 5163 auribus

402 5207 458 5252 et
476 5198 883 5268 cogitationibus
911 5197 1192 5264 abigende,
1223 5196 1401 5250 dicere
1428 5207 1770 5266 cogerentur.

469 5287 698 5345 CAPUT
735 5287 851 5342 XV.
877 5317 948 5329 —
973 5289 1063 5343 50.
1108 5289 1198 5342 Est
1220 5285 1380 5342 etiam
1407 5288 1868 5356 prmclarissimum
1897 5287 1977 5342 lu-

405 5393 524 5434 men
558 5379 1036 5448 przedestinationis
1079 5387 1134 5434 et
1172 5383 1376 5448 gratiae,
1411 5380 1524 5446 ipse
1551 5378 1816 5442 Salvator,
1857 5379 1976 5448 ipse

405 5466 661 5526 Mcdiator
695 5471 790 5526 Dei
819 5481 874 5528 et
899 5471 1170 5526 hominum
1203 5471 1364 5524 homo
1387 5468 1628 5524 Christus
1655 5469 1812 5526 Jesus
1839 5489 1852 5525 :
1884 5471 1973 5541 qui

401 5571 462 5616 ut
490 5561 592 5618 hoc
631 5572 795 5628 esset,
836 5563 1028 5632 quibus
1073 5561 1286 5616 tandem
1335 5560 1444 5614 suis
1491 5561 1572 5613 vel
1615 5575 1837 5630 operum
1887 5561 1976 5616 vel

403 5651 526 5706 ﬁdei
571 5653 992 5722 princedentibus
1039 5653 1242 5706 meritis
1289 5661 1474 5706 natura
1506 5651 1734 5706 humana
1771 5667 1890 5720 qua:
1920 5651 1972 5706 in

401 5741 494 5796 illo
519 5753 598 5796 est
618 5741 982 5808 comparavit?
1013 5742 1646 5813 Respondeatur,qu:eso:
1673 5742 1760 5797 ille
1789 5743 1968 5810 homo,

3091 351 3120 368 Ο

3549 390 3656 444 98'2

2087 499 2144 544 ut
2173 505 2204 544 a
2239 489 2409 544 Verbo
2439 490 2578 544 Patri
2617 499 2884 545 comterno
2927 489 2977 542 in
3012 487 3266 544 unitatem
3297 503 3542 558 persona:
3569 503 3660 541 as-

2087 589 2346 648 sumptus,
2381 579 2544 634 Filius
2585 581 2676 634 Dei
2707 579 3011 648 unigenitus
3040 591 3202 644 esset,
3237 579 3376 634 unde
3416 579 3516 632 hoc
3547 593 3659 632 me—

2087 671 2245 724 ruit?
2298 669 2450 736 Quod
2503 687 2618 740 ejus
2673 669 2868 723 bonum
2919 670 3304 739 qualecumque
3355 669 3661 738 prmcessit?

2087 759 2224 827 Quid
2263 763 2372 830 egit
2417 770 2562 826 ante,
2610 761 2732 830 quid
2780 759 3024 824 credidit,
3067 759 3190 829 quid
3241 761 3440 827 petivit.
3493 769 3546 813 ut
3592 759 3660 812 ad

2089 849 2225 905 hanc
2256 850 2580 904 ineffabilem
2605 851 2976 906 excellentiam
3011 851 3347 918 perveniret?
3375 849 3560 903 Nonne
3583 848 3664 902 ia-

2089 943 2262 996 ciente
2286 957 2348 996 ac
2372 943 2696 1011 suscipiente
2726 941 2922 1008 Verbo,
2953 942 3066 1011 ipse
3112 939 3291 1004 homo,
3325 957 3390 994 ex
3417 955 3520 1009 quo
3545 954 3666 994 esse

2088 1033 2270 1100 coepit,
2299 1029 2462 1086 Filius
2507 1033 2598 1086 Dei
2639 1033 2824 1086 unicus
2849 1046 2969 1087 esse
2997 1031 3195 1100 coepit?
3247 1029 3430 1084 Nonne
3473 1029 3664 1083 Filium

2091 1121 2180 1176 Dei
2205 1122 2416 1175 unicum
2447 1120 2642 1176 fentina
2669 1123 2756 1175 illa
2786 1124 2952 1192 gratia
2983 1123 3136 1193 plena
3166 1122 3448 1189 concepit?
3473 1119 3661 1174 Nonne

2087 1210 2153 1264 de
2201 1211 2400 1280 Spiritu
2439 1219 2632 1264 .sancto
2675 1220 2728 1266 et
2775 1212 2978 1281 virgine
3021 1211 3180 1266 Maria
3229 1213 3318 1264 Dei
3353 1209 3515 1262 Filius
3547 1211 3664 1262 uni-

2089 1315 2182 1353 cus
2202 1310 2358 1354 natus
2383 1311 2484 1366 est,
2510 1315 2612 1354 non
2643 1301 2820 1355 carnis
2841 1301 3110 1367 cupidine,
3133 1299 3224 1355 sed
3252 1301 3502 1370 singulari
3519 1299 3534 1330 ³
3567 1299 3662 1352 Dei

2089 1392 2355 1446 numero?
2399 1391 2662 1460 Numquid
2705 1391 3050 1446 metuendum
3095 1391 3230 1458 fuit,_
3261 1405 3327 1444 ne
3379 1389 3666 1443 accedente

2090 1491 2244 1537 actate
2275 1483 2436 1536 homo
2462 1483 2551 1537 ille
2587 1483 2754 1538 libero
2800 1491 3048 1551 peccaret
3089 1479 3352 1536 arbitrio?
3399 1483 3506 1534 Aut
3543 1479 3666 1534 ideo

2091 1575 2142 1628 in
2175 1575 2264 1628 illo
2291 1589 2394 1628 non
2427 1575 2592 1628 libera
2632 1574 2884 1628 voluntas
2912 1583 3045 1638 erat,
3079 1588 3141 1627 ac
3167 1587 3273 1626 nou
3315 1580 3461 1625 tanto
3499 1571 3666 1640 magis

2089 1675 2226 1730 erat,
2271 1674 2468 1734 quanto
2519 1666 2686 1734 magis
2743 1676 2962 1734 peccato
3012 1665 3214 1718 servire
3263 1677 3367 1716 non
3421 1661 3666 1730 poterat?

2087 1756 2290 1825 Nempe
2317 1759 2416 1812 ista
2441 1758 2618 1812 omnia
2659 1757 2999 1827 singulariter
3035 1755 3366 1814 admiranda.
3399 1763 3452 1808 et
3489 1755 3592 1808 alia
3619 1755 3666 1808 si

2090 1865 2190 1918 qua
2221 1849 2336 1917 ejus
2367 1850 2581 1918 propria
2619 1849 2896 1904 verissime
2922 1849 3024 1902 dici
3055 1857 3298 1917 possunt,
3331 1847 3668 1916 singulariter

2091 1939 2142 1992 in
2171 1939 2260 1994 illo
2285 1941 2490 2008 accepit
2521 1940 2774 2006 humana,
2805 1940 2906 1994 hoc
2932 1949 3034 2002 est,
3063 1949 3240 1993 nostra
3271 1949 3476 2006 natura,
3509 1939 3668 1994 nullis

2090 2029 2200 2084 Suis
2247 2031 2668 2099 praacedentibus
2716 2032 2962 2086 meritis.‘
2991 2031 3332 2100 [{eSpondeat
3379 2031 3464 2084 hic
3507 2030 3668 2084 homo

2092 2121 2222 2186 Deo,
2251 2123 2293 2176 si
2325 2121 2512 2188 audet,
2545 2131 2599 2176 et
2639 2123 2808 2188 dicat,
2837 2122 2946 2176 Cur
2976 2139 3078 2176 non
3117 2131 3170 2177 et
3197 2121 3335 2192 ego?
3373 2123 3440 2176 Et
3485 2121 3528 2174 si
3571 2137 3666 2174 au-

2089 2211 2263 2276 dierit,
2315 2212 2360 2267 Ο
2387 2214 2556 2278 homo,
2591 2223 2643 2266 tu
2672 2215 2758 2284 qui
2801 2229 2852 2267 es
2889 2214 2975 2280 qui
3011 2213 3315 2283 respondeas
3341 2209 3448 2264 Deo
3489 2211 3664 2280 (Rom.

2091 2319 2163 2370 Ix,
2195 2305 2335 2374 20)?
2377 2319 2477 2359 nec
2519 2306 2596 2360 sic
2629 2305 2895 2370 cohibeat,
2927 2305 3018 2358 sed
3047 2315 3234 2374 augeat
3263 2303 3666 2372 impudentiam,

2089 2405 2146 2450 et
2170 2395 2329 2458 dicat,
2361 2395 2641 2464 Quomodo
2681 2395 2858 2458 audio,
2899 2394 2974 2448 Tu
3016 2396 3104 2463 qui
3145 2411 3216 2462 es,
3245 2411 3275 2448 ο
3317 2394 3507 2446 homo?
3535 2391 3668 2447 Cum

2089 2486 2188 2538 sim
2215 2487 2356 2554 quod
2386 2486 2565 2550 audio,
2597 2485 2647 2540 id
2675 2495 2760 2541 est
2787 2485 2968 2547 homo.
2992 2487 3132 2554 quod
3159 2495 3242 2539 est
3271 2493 3326 2540 et
3349 2485 3438 2538 ille
3465 2484 3532 2538 de
3559 2500 3666 2554 quo

2089 2587 2209 2642 ago,
2241 2589 2339 2628 cur
2377 2589 2484 2628 non
2528 2575 2626 2628 sim
2665 2573 2890 2644 quod‘et
2921 2575 3046 2628 ille?
3088 2575 3158 2628 At
3195 2575 3334 2629 enim
3383 2575 3548 2644 gratia
3579 2574 3668 2630 ille

2090 2663 2210 2716 talis
2245 2678 2309 2718 ac
2335 2673 2512 2718 tantus
2541 2673 2641 2718 est.
2671 2663 2778 2718 Cur
2805 2663 3014 2718 diversa
3043 2675 3124 2717 est
3153 2664 3342 2733 gratia,
3368 2664 3454 2717 ubi
3483 2672 3666 2716 natura

2089 2753 2388 2806 communis
2433 2753 2550 2806 est?
2578 2751 2736 2807 Certe
2781 2767 2885 2805 non
2929 2761 3014 2806 est
3053 2751 3290 2820 acceptio
3321 2767 3666 2820 personarum

2090 2841 2229 2911 apud
2263 2843 2427 2896 Deum
2465 2841 2682 2913 (ϐρίσει.
2717 2859 2794 2908 ιιι,
2817 2841 2932 2914 25).
2965 2841 3114 2910 Quis,
3147 2857 3252 2896 non
3279 2841 3397 2896 dico
3425 2841 3670 2897 christia-

2089 2947 2212 2994 nus,
2241 2933 2332 2986 sed
2365 2933 2581 2986 insanus
2611 2931 2724 2988 hazc
2761 2933 2952 2987 dicat?

2159 3023 2248 3076 3|.
2290 3023 2557 3092 Appareat
2597 3021 2774 3091 itaque
2817 3023 2970 3077 nobis
3011 3023 3062 3076 in
3109 3033 3292 3077 nostro
3329 3021 3504 3090 capite
3549 3021 3662 3090 ipse

2091 3111 2206 3166 fons
2243 3114 2447 3182 gratiae,
2489 3112 2630 3168 unde
2667 3111 2962 3166 Secundum
3006 3113 3418 3181 uniuscujusque
3461 3125 3666 3164 incusu-

2089 3221 2200 3260 ram
2237 3219 2295 3259 se
2325 3219 2420 3273 per
2445 3213 2634 3259 cuncta
2663 3204 2780 3273 ejus
2817 3205 3054 3257 membra
3083 3203 3352 3258 dill'undit.
3383 3203 3457 3257 Ea
3499 3204 3664 3271 gratia

2091 3297 2150 3350 ﬁt
2175 3297 2242 3350 ab
2269 3296 2420 3350 initio
2461 3297 2582 3350 tidei
2608 3311 2718 3348 sua:
2760 3295 2920 3349 homo
2957 3297 3280 3366 quicumque
3301 3295 3620 3348 christianos
3645 3335 3662 3360 ,

2087 3403 2188 3458 qua
2213 3389 2378 3457 gratia
2405 3387 2566 3440 homo
2591 3387 2680 3439 ille
2705 3387 2770 3440 ab
2797 3386 2947 3440 initio
2969 3401 3066 3440 suo
3087 3385 3254 3440 factus
3275 3396 3360 3440 est
3379 3386 3620 3440 Christus
3645 3403 3660 3438 :

2089 3479 2154 3534 de
2182 3480 2296 3548 ipso
2326 3479 2526 3547 Spiritu
2554 3487 2608 3530 et
2635 3477 2720 3531 hic
2746 3486 2982 3541 renatus,
3021 3477 3088 3532 de
3112 3493 3219 3547 quo
3247 3487 3329 3530 est
3356 3477 3444 3532 ille
3473 3489 3660 3540 natus;

2087 3569 2274 3624 eodem
2303 3569 2502 3636 Spiritu
2531 3569 2588 3620 tit
2613 3567 2664 3620 in
2693 3568 2842 3622 nobis
2873 3569 3117 3622 remissio
3147 3578 3506 3638 peccatorum,
3547 3583 3653 3637 quo

2085 3660 2284 3730 Spiritu
2315 3658 2508 3712 factum
2533 3666 2616 3713 est
2647 3666 2702 3711 ut
2731 3659 2930 3712 nullum
2973 3659 3193 3712 haberet
3228 3659 3314 3712 ille
3359 3669 3654 3727 peccatum.

2087 3751 2211 3806 Haec
2237 3765 2294 3804 se
2324 3749 2466 3804 Deus
2503 3763 2623 3802 esse
2654 3747 2918 3802 facturum
2953 3751 3190 3818 profecto
3217 3751 3501 3819 pra-scivit.
3545 3750 3662 3820 Ipsa

2085 3849 2168 3896 est
2205 3841 2364 3911 igitur
2395 3839 2788 3910 prmdcstinatio
2826 3851 3172 3907 sanctorum,
3214 3857 3331 3909 quae
3373 3843 3424 3894 in
3467 3843 3663 3896 Sancto

2085 3943 2388 3988 sanctorum
2417 3933 2646 3986 maxime
2669 3931 2860 3985 claruit
2889 3949 2902 3985 :
2933 3947 3088 4001 quam
3121 3949 3314 4001 negare
3339 3933 3455 4002 quis
3489 3943 3661 4002 potest

2085 4033 2231 4079 recte
2257 4023 2662 4092 intelligentiam
2693 4021 2903 4092 eloquia
2937 4023 3215 4077 veritatis?
3243 4023 3370 4076 Nam
3404 4033 3456 4078 et
3487 4024 3658 4093 ipsum

2091 4117 2372 4170 Dominum
2401 4115 2582 4186 gloria:
2605 4117 2657 4181 ',
2691 4117 2742 4169 in
2777 4125 3030 4186 quantum
3072 4117 3230 4171 homo
3261 4117 3432 4172 tactus
3457 4130 3538 4170 est
3567 4119 3660 4172 Dei

2085 4205 2270 4270 Filius,
2317 4205 2746 4274 praedestinatum
2773 4219 2892 4259 esse
2925 4204 3214 4260 didicimus
3241 4206 3286 4259 ³.
3315 4205 3520 4261 Clamat
3557 4207 3663 4260 Do-

2083 4307 2200 4352 ctor
2223 4297 2467 4352 Gentium
2497 4297 2548 4350 in
2579 4297 2750 4366 capite
2782 4296 3138 4366 Epistolarum
3179 4312 3392 4351 suarum
3414 4339 3426 4360 ,
3467 4295 3662 4352 Paulus

2083 4403 2251 4442 servus
2292 4386 2418 4441 Jesu
2447 4387 2634 4441 Christi
2654 4427 2670 4454 ,
2709 4396 2911 4441 vocatas
2948 4390 3232 4458 apostolus,
3274 4399 3560 4460 segregatus
3605 4389 3660 4442 in

2083 4476 2416 4550 Evangelium
2448 4479 2576 4544 Dei,
2612 4477 2749 4548 quod
2777 4487 2894 4530 ante
2935 4479 3230 4547 promiserat
3257 4495 3346 4547 per
3375 4477 3659 4546 Pmphetas

2083 4585 2199 4622 suos
2226 4569 2278 4621 in
2309 4567 2586 4637 Scripturis
2623 4568 2808 4620 sanctis
2835 4567 2898 4619 de
2935 4565 3072 4620 Filio
3103 4583 3224 4632 suo,
3263 4569 3348 4638 qui
3391 4571 3552 4639 [actus
3589 4577 3660 4621 est

2083 4673 2128 4710 et
2149 4673 2211 4710 ea:
2229 4657 2415 4710 semine
2441 4655 2604 4709 David
2622 4655 2896 4710 secundum
2921 4673 3143 4720 carnem,
3167 4659 3252 4728 qui
3275 4659 3658 4724 prtedestinatus

2083 4757 2156 4803 est
2191 4747 2356 4802 Filius
2379 4747 2474 4800 Dei
2503 4749 2556 4801 in
2585 4748 2766 4802 virtute
2786 4789 2801 4814 ,
2833 4749 3108 4802 secundum
3138 4747 3390 4818 Spiritum
3430 4751 3659 4818 sanctifi-

2082 4839 2296 4892 cationis
2341 4855 2404 4893 ea:
2443 4840 2802 4892 resurrectione
2839 4849 3148 4892 marmorum
3197 4839 3354 4908 (Rom
3417 4856 3472 4906 ι,
3518 4841 3656 4912 1-4).

2083 4929 2498 4984 Prredestinatus
2529 4939 2610 4984 est
2641 4944 2768 4998 ergo
2793 4927 2969 4992 Jesns,
2997 4937 3054 4981 ut
3079 4929 3166 4997 qui
3199 4930 3404 4984 initurus
3433 4940 3546 4983 erat
3571 4945 3658 4984 se-

2082 5021 2312 5076 cundum
2345 5037 2562 5075 carnem
2593 5020 2732 5075 (ilius
2759 5019 2922 5074 David
2948 5061 2964 5084 ,
2995 5029 3140 5075 esset
3178 5029 3354 5076 tamen
3387 5027 3438 5075 in
3465 5023 3662 5078 virtute

2083 5113 2250 5168 Filius
2277 5113 2369 5166 Dei
2410 5111 2703 5167 secundum
2733 5111 2988 5179 Spiritum
3029 5111 3492 5174 sanctiﬁcationis;
3537 5115 3659 5182 quia

2085 5213 2239 5257 natus
2267 5211 2349 5256 est
2371 5201 2440 5256 de
2466 5201 2664 5271 Spiritu
2692 5211 2876 5256 sancto
2902 5209 2956 5255 et
2981 5201 3182 5270 virgine
3207 5201 3390 5256 Maria.
3420 5202 3536 5271 Ipsa
3574 5217 3658 5260 est

2083 5295 2172 5349 illa
2205 5293 2544 5348 inetl‘abiliter
2567 5293 2702 5348 facta
2733 5291 2964 5347 hominis
2991 5307 3022 5347 a
3049 5293 3160 5348 Deo
3188 5293 3362 5348 Verbo
3393 5297 3662 5365 susceptio

2083 5386 2386 5455 singularis,
2409 5393 2468 5438 ut
2497 5385 2660 5439 Filius
2687 5384 2778 5439 Dei
2803 5393 2856 5438 et
2885 5385 3024 5439 [ilius
3051 5385 3283 5440 hominis
3311 5385 3491 5452 simul,
3525 5387 3661 5443 ﬁlius

2083 5476 2312 5532 hominis
2346 5485 2562 5548 propter
2595 5485 2896 5545 susceptum
2935 5475 3204 5532 hominem
3228 5518 3242 5544 ,
3287 5486 3342 5533 et
3369 5477 3536 5534 Filius
3564 5480 3654 5536 Dei

2147 5633 2162 5696 ξ
2191 5627 2410 5690 Plerique
2432 5629 2755 5696 manuscripti,
2781 5627 2895 5696 solo.

2144 5691 2164 5720 ³
2183 5698 2302 5738 'I‘res
2321 5689 2444 5747 uss,
2473 5689 2722 5738 nonnum
2735 5689 2921 5750 gratim.

2147 5751 2166 5782 ³
2191 5757 2290 5800 Am.
2312 5757 2382 5799 Fr.
2413 5759 2458 5800 et
2485 5759 2664 5813 anquot
2689 5759 2812 5810 Mss,
2832 5750 3055 5802 dicimus.
