3972 6178
373 307 474 373 933.-

374 440 590 502 propter
617 425 996 494 suscipientem
1021 416 1352 489 unigenitum
1393 415 1561 470 Deum
1591 412 1855 468 veraciter
1891 418 1948 466 ct

382 522 593 592 proprie
631 518 934 580 diceretur;
974 528 1041 568 ne
1077 527 1186 567 non
1211 508 1440 576 trinitas,
1482 505 1580 564 sed
1619 504 1948 575 quateruitas

373 613 698 669 crederetur.
749 605 1130 664 Praedestinata
1175 611 1264 658 est
1313 600 1416 664 ista,
1457 609 1662 654 natura;
1701 597 1954 650 humanae

375 713 518 758 tanta
545 708 599 756 et
623 711 728 754 tam
751 697 891 753 celsa
918 707 970 749 et
993 708 1199 748 summa
1219 689 1600 758 subvectio,,ut
1618 703 1724 758 quo
1747 684 1956 740 attolle-

373 805 520 850 retur
538 793 718 857 altius,
745 805 852 845 non
879 788 1098 842 haberet
1125 803 1139 839 :
1168 783 1307 838 sicut
1332 797 1429 852 pro
1451 780 1602 834 nobis
1629 779 1741 846 ipsa
1763 773 1953 830 divini~

375 896 454 938 tas
493 899 600 954 quo
639 896 806 950 usque
843 894 904 934 se
941 877 1234 946 deponeret
1265 869 1538 934 humilius,
1582 883 1688 923 non
1729 864 1954 930 habuit,

371 953 531 1034 uuam
556 979 803 1040 suscepta
829 977 1013 1022 natura
1039 964 1269 1020 hominis
1295 977 1416 1016 cum
1444 958 1748 1032 inﬁrmitate
1775 953 1955 1012 carnis

372 1083 543 1138 usque
581 1064 648 1119 ad
696 1071 920 1118 mortem
949 1059 1148 1114 crucis.
1189 1055 1340 1112 Sicut
1377 1068 1504 1123 ergo
1541 1048 1956 1122 praedestinatus

379 1166 464 1212 est
487 1157 576 1211 ille
605 1169 764 1219 unus,
792 1160 850 1206 ut
870 1157 1031 1219 caput
1059 1156 1296 1202 nostrum
1325 1150 1470 1199 esset
1497 1160 1512 1196 :
1539 1141 1610 1195 ita
1640 1138 1788 1194 multi
1819 1151 1958 1208 pra:-

373 1247 623 1302 destinati
663 1256 870 1306 sumus,
912 1250 969 1294 ut
1007 1237 1242 1292 membra
1269 1233 1384 1304 ejus
1426 1244 1686 1287 essemus.
1714 1227 1956 1283 Humana

375 1339 464 1394 hic
489 1338 676 1393 merita
712 1334 1095 1396 conticescant,
1137 1343 1254 1398 qum
1292 1325 1568 1397 perierunt
1609 1335 1703 1390 per
1737 1317 1906 1374 Adam
1936 1334 1952 1372 :

375 1441 432 1486 et
457 1438 644 1500 regnet
669 1443 788 1498 quae
813 1433 1000 1495 regnat
1026 1423 1117 1476 Dei
1143 1419 1312 1490 gratia
1344 1432 1440 1486 per
1461 1414 1644 1470 Iesum
1679 1410 1954 1468 Christum

375 1499 657 1577 Dominum
685 1524 950 1580 nostrum,
981 1525 1192 1567 umcum
1220 1508 1313 1563 Dei
1345 1506 1558 1571 Filium,
1590 1517 1754 1558 unum
1778 1499 1960 1555 Domi-

375 1627 502 1668 num
534 1613 573 1663 ⁸.
603 1607 854 1677 Quisquis
880 1605 932 1658 in
957 1603 1132 1672 capite
1161 1609 1345 1656 nostro
1383 1594 1742 1668 praecedentia
1770 1591 1962 1648 merita

379 1702 663 1772 singularis
693 1699 836 1753 illius
865 1693 1230 1767 generationis
1265 1688 1554 1754 invenerit,
1582 1686 1696 1756 ipse
1724 1684 1778 1740 in
1803 1681 1964 1738 nobis

377 1795 632 1852 membris
657 1792 772 1862 ejus
795 1788 1148 1860 praecedentia
1186 1783 1376 1839 merita
1403 1779 1764 1850 multiplicata
1803 1789 1961 1845 rege-

377 1886 668 1943 nerationis
695 1881 944 1951 inquit-at.
978 1877 1159 1948 Neque
1182 1877 1325 1932 enim
1351 1872 1608 1928 retributa
1637 1877 1721 1925 est
1747 1865 1967 1921 Christo

379 1978 471 2034 illa
502 1974 798 2046 generatio,
823 1970 919 2027 sed
945 1969 1160 2046 tributa,
1191 1974 1246 2022 ut
1270 1965 1476 2020 alienus
1497 1961 1566 2016 ab
1588 1958 1734 2016 omni
1763 1955 1967 2026 obliga-

379 2044 525 2123 tione
551 2064 786 2136 peccati,
827 2062 895 2118 de
929 2044 1130 2130 Spiritu
1168 2067 1224 2114 et
1249 2056 1467 2125 Virgine
1505 2062 1833 2112 nasceretur.
1875 2047 1963 2104 Sic

381 2168 436 2214 et
465 2155 617 2211 nobis
643 2163 704 2209 ut
729 2169 797 2208 ex
820 2167 955 2222 aqua
983 2158 1038 2204 et
1065 2148 1268 2218 Spiritu
1293 2157 1721 2207 renasceremur,
1749 2153 1856 2195 non
1884 2152 1966 2194 re-

381 2251 637 2305 tributum
665 2255 748 2302 est
779 2259 874 2316 pro
897 2245 1076 2313 aliquo
1104 2243 1316 2304 merito,
1346 2236 1441 2293 sed
1464 2236 1631 2308 gratis
1655 2234 1910 2292 tributum
1943 2246 1959 2285 :

379 2349 437 2396 et
463 2340 508 2394 si
539 2353 636 2393 nos
663 2337 728 2391 ad
756 2337 1024 2419 lpvacrum
1049 2328 1467 2402 regenerationis
1493 2325 1627 2382 ﬁdes
1653 2323 1824 2388 duxit,
1855 2335 1966 2378 non

381 2433 502 2486 ideo
527 2440 717 2502 putare
743 2412 1022 2492 debemus,
1052 2426 1257 2493 priores
1276 2435 1376 2475 nos
1418 2418 1633 2474 dedisse
1656 2412 1878 2484 aliquid,
1907 2419 1966 2466 ut

381 2522 765 2578 retribuerctur
793 2515 947 2572 nobis
973 2511 1308 2583 regeneratio
1331 2506 1612 2569 salutaris;
1646 2505 1735 2560 ille
1769 2502 1968 2572 quippe

383 2628 482 2669 nos
510 2611 633 2667 fecit
656 2609 875 2665 credere
895 2608 948 2661 in
968 2603 1258 2664 Christum,
1287 2600 1380 2672 qui
1400 2599 1553 2654 nobis
1576 2597 1702 2652 fecit
1727 2596 1784 2652 in
1805 2609 1966 2664 quem

381 2703 654 2758 credimus
691 2697 1001 2761 Christum;
1041 2693 1133 2749 ille
1171 2690 1298 2747 facit
1339 2693 1393 2744 in
1422 2685 1726 2743 hominibus
1762 2682 1965 2754 princi-

383 2797 529 2863 pium
557 2790 678 2846 fidei
701 2797 757 2844 et
780 2785 1163 2858 perfectionem
1196 2783 1250 2836 in
1277 2780 1482 2842 Iesum,
1513 2777 1602 2847 qui
1631 2775 1756 2831 fecit
1785 2773 1964 2830 homi-

385 2897 504 2936 nem
533 2880 828 2950 principem
855 2875 978 2932 lldei
1005 2883 1060 2930 et
1085 2871 1440 2943 perfectorem
1467 2867 1652 2924 Iesum
1681 2865 1798 2920 :sic
1823 2863 1966 2918 enim

383 2980 468 3028 est
495 2970 814 3040 appellatus,
861 2975 920 3022 ut
953 2965 1128 3032 scitis,
1165 2963 1220 3018 in
1244 2959 1488 3032 Epistola
1513 2973 1632 3030 qua:
1656 2964 1741 3012 est
1767 2955 1835 3010 ad
1863 2955 1969 3010 He-

383 3062 558 3116 brrros
585 3058 766 3132 (Hebr.
796 3073 900 3122 xu,
929 3055 1013 3129 2).

457 3149 681 3204 CAPUT
720 3146 857 3202 XVI.
885 3175 960 3188 --
995 3143 1086 3200 52.
1128 3141 1299 3198 Vocat
1335 3139 1482 3196 enim
1518 3137 1659 3193 Deus
1693 3134 1972 3207 praedesti-

385 3249 542 3296 natos
570 3239 766 3292 multos
793 3237 933 3290 ﬁlios
967 3247 1094 3289 suos
1113 3275 1130 3300 ,
1163 3239 1222 3288 ut
1249 3246 1344 3288 eos
1372 3229 1530 3285 faciat
1557 3229 1796 3284 membra
1822 3243 1966 3296 pra:-

386 3329 639 3386 destinati
672 3327 814 3382 unici
841 3325 962 3380 Filii
992 3323 1098 3391 sui,
1129 3337 1236 3378 non
1270 3338 1333 3378 ea
1360 3321 1643 3378 vocatione
1664 3335 1766 3390 qua
1792 3318 1970 3374 vocati

384 3431 515 3476 sunt
545 3429 601 3476 et
625 3420 715 3490 qui
746 3417 1034 3473 noluerunt
1070 3415 1252 3470 venire
1289 3413 1357 3468 ad
1388 3412 1602 3482 nuptias
1644 3409 1798 3483 (Luc.
1845 3423 1968 3475 xiv,

392 3511 610 3581 (6—20);
650 3511 736 3566 illa
777 3509 972 3580 quippe
1008 3505 1288 3561 vocatione
1321 3513 1377 3559 et
1406 3503 1578 3560 Iudaei
1603 3501 1774 3558 vocati
1811 3509 1967 3568 sunt,

391 3603 584 3675 quibus
603 3601 846 3656 Christus
865 3598 1152 3654 cruciﬁxus
1175 3595 1484 3652 scandalum
1505 3601 1588 3650 est
1606 3609 1624 3660 ;
1648 3602 1704 3649 et
1733 3591 1931 3649 Gentes
1949 3631 1966 3658 ,

391 3696 586 3768 quibus
611 3692 898 3750 cruciﬁxus
921 3691 1143 3748 stultitia
1168 3699 1252 3744 est
1283 3707 1296 3743 :
1327 3687 1423 3743 sed
1447 3701 1509 3743 ea
1535 3685 1814 3741 vocatione
1836 3699 1974 3754 prte-

397 3787 691 3841 destinatos
718 3791 893 3847 vocat,
929 3797 1088 3852 quam
1115 3778 1358 3834 distinxit
1395 3775 1717 3847 Apostolus,
1748 3773 1968 3840 dicens,

389 3878 524 3948 ipsis
559 3877 761 3932 vocatis
788 3873 989 3930 Iudaeis
1013 3880 1068 3928 et
1094 3871 1297 3927 Grzecis
1315 3867 1607 3940 praedicare
1625 3880 1685 3921 se
1701 3862 1972 3920 Christum

392 3970 488 4024 Dei
517 3970 764 4024 virtutem
792 3975 846 4022 ct
882 3964 977 4020 Dei
1017 3961 1354 4032 sapientiam.
1396 3958 1487 4014 Sic
1520 3957 1664 4013 enim
1701 3955 1804 4021 ait,
1835 3953 1974 4026 Ipsis

389 4043 557 4115 autem
582 4061 770 4116 uocatis
804 4058 846 4132 (l
873 4057 991 4112 Cor.
1030 4071 1049 4110 ι
1069 4095 1084 4122 ,
1113 4054 1208 4121 95,
1233 4051 1369 4118 Si);
1412 4059 1473 4106 ut
1511 4049 1632 4106 illos
1667 4048 1976 4106 ostenderet

391 4146 498 4206 non
526 4161 742 4206 vocatos
775 4167 788 4202 :
817 4149 994 4203 sciens
1019 4159 1140 4201 esse
1179 4142 1464 4216 quamdam
1497 4150 1698 4196 certam
1735 4139 1975 4196 vocatio-

391 4259 515 4298 nem
545 4256 732 4296 eorum
774 4241 862 4312 qui
902 4237 1194 4294 secundum
1243 4239 1572 4304 propositum
1601 4232 1771 4287 vocati
1814 4240 1972 4297 sunt,

390 4348 526 4403 quos
553 4341 676 4388 ante
716 4331 978 4401 prtescivit
1013 4339 1066 4384 et
1095 4325 1492 4398 prmdostinavit
1513 4323 1813 4380 conformes
1839 4321 1976 4379 ima-

391 4424 530 4494 ginis
558 4422 676 4478 Filii
703 4421 782 4476 sui
814 4419 987 4490 (Rom.
1017 4433 1130 4483 vni,
1160 4415 1232 4472 28
1246 4414 1419 4486 still).
1451 4413 1619 4480 Quam
1645 4413 1976 4468 vocationem

393 4515 700 4584 signiﬁcans
720 4551 734 4573 ,
769 4512 842 4564 ait
871 4527 886 4562 :
921 4507 1042 4562 Non
1070 4523 1133 4562 ea:
1161 4506 1424 4578 cperibus,
1463 4504 1552 4559 sed
1577 4519 1643 4558 ea:
1668 4511 1872 4558 vocante
1895 4502 1978 4554 di—

393 4616 530 4658 ctum
559 4612 629 4657 est
653 4601 717 4664 ei,
755 4599 886 4667 Quia
915 4599 1080 4668 major
1105 4597 1281 4652 serviet
1307 4597 1490 4650 minori
1509 4593 1621 4659 (Id.
1645 4610 1719 4661 ts,
1745 4594 1828 4658 η,
1861 4591 1972 4666 15).

397 4691 660 4764 Numquid
689 4691 823 4746 dixit
847 4728 864 4755 ,
906 4688 1019 4742 Non
1047 4702 1112 4741 ex
1141 4686 1418 4756 operibus,
1458 4684 1556 4740 sed
1585 4700 1650 4740 ex
1679 4683 1976 4739 credente?

397 4786 623 4840 Prorsus
662 4781 820 4837 etiam
854 4779 956 4833 hoc
992 4775 1208 4831 abstulit
1248 4773 1488 4839 homini,
1515 4781 1584 4828 ut
1623 4782 1788 4828 totum
1826 4772 1978 4828 daret

402 4877 532 4932 Deo.
561 4873 702 4929 Dixit
727 4883 875 4942 ergo,
906 4869 994 4923 sed
1016 4883 1079 4922 ex
1101 4874 1312 4921 uocante
1343 4880 1362 4918 :
1389 4879 1493 4919 non
1517 4875 1852 4935 quacumwe
1879 4877 1976 4918 vo-

395 4968 626 5027 catione,
658 4961 752 5018 sed
780 4976 881 5032 qua
909 4959 1186 5014 vocatione
1215 4956 1274 5010 fit
1297 4955 1540 5011 credens.

365 5105 372 5118 .
469 5058 559 5114 55.
593 5056 740 5110 Hanc
764 5053 1066 5108 intuebatur
1089 5049 1272 5115 etiam,
1304 5062 1425 5104 cum
1453 5047 1656 5104 diceret
1683 5063 1696 5098 :
1730 5045 1855 5103 Siue
1882 5059 1980 5116 pa-

397 5150 610 5205 uitentia
637 5153 753 5201 sunt
776 5145 910 5199 dona
935 5152 982 5198 et
1009 5142 1204 5197 vacatio
1231 5139 1343 5195 Dei.
1370 5139 1502 5196 Nam
1531 5149 1584 5194 et
1611 5139 1680 5195 ibi
1706 5138 1832 5209 quid
1855 5153 1982 5208 age-

401 5243 557 5297 batur
587 5240 852 5311 pauliSper
892 5235 1176 5292 advertite.
1209 5233 1340 5288 Cum
1369 5234 1510 5288 enim
1541 5231 1798 5296 dixisset,
1840 5229 1980 5286 Nolo

401 5335 536 5388 enim
555 5347 641 5388 uos
666 5333 920 5405 ignorare,
949 5329 1155 5404 fratres,
1185 5335 1554 5380 sacramentum
1578 5324 1690 5387 hoc,
1715 5333 1770 5378 nt
1799 5339 1898 5377 non
1919 5321 1982 5377 si-

399 5423 474 5476 tis
493 5424 627 5479 vobis
654 5407 902 5495 sapiench
929 5436 949 5475 :
975 5420 1093 5490 quia
1119 5417 1314 5475 recitas
1337 5433 1402 5472 ea:
1431 5425 1572 5485 parte
1598 5412 1764 5470 Israel
1791 5415 1811 5446 ³
1840 5414 1976 5483 facta

453 5553 775 5660 'Isizﬁnomnes
791 5559 896 5602 uss.
922 5556 979 5601 At
999 5549 1134 5611 editi,
1159 5545 1353 5600 unicum
1387 5545 1478 5596 Dei
1504 5542 1704 5614 filium,
1731 5544 1984 5596 Dominum

453 5629 476 5660 κ
497 5626 522 5659 Υ
617 5645 627 5656 .

393 5625 608 5661 nostrum
617 5645 627 5656 .

465 5673 484 5701 ³
511 5668 648 5726 aditi,
673 5670 912 5780 ipltsracl.
953 5673 1116 5732 Abest,
1148 5671 1216 5731 in,
1249 5683 1278 5720 a
1313 5668 1648 5730 manuscriptis
1687 5674 1737 5719 et
1764 5681 1791 5717 a
1825 5679 1984 5732 graeco

465 5745 544 5780 χιιι
574 5747 692 5780 suos
713 5749 738 5778 ti
763 5746 794 5778 I.

397 5745 544 5783 sextu
574 5745 794 5793 apostizu.

1605 299 1665 356 S.
1705 295 2070 354 AUGUSTlNI
2110 293 2420 352 EPISCOPI

3543 307 3664 363 984

2062 418 2154 474 est,
2175 409 2336 463 donec
2355 409 2614 480 plenitudo
2632 411 2852 481 gentium
2871 410 3106 480 intraret,
3127 423 3174 469 et
3196 415 3266 471 sic
3285 417 3454 472 omnis
3479 415 3657 472 Israel

2057 499 2226 556 salvus
2251 502 2426 571 ﬁeret;
2453 503 2583 557 sicut
2605 503 2847 574 scriptum
2866 511 2956 570 est,
3000 503 3172 558 Veniet
3198 523 3258 560 ex
3282 507 3408 562 Sion
3429 509 3523 580 qui
3549 511 3656 562 eri-

2059 592 2186 664 piat,
2214 600 2263 648 et
2287 601 2478 646 auertat
2506 593 2811 664 impietatem
2839 595 2901 650 ab
2925 593 3089 652 Iacob
3109 639 3126 666 ,
3153 608 3202 653 et
3231 598 3324 652 hoc
3351 599 3451 656 illis
3487 618 3522 654 a
3561 617 3655 656 me

2057 689 2430 747 testamentum,
2455 698 2568 736 cum
2589 682 2842 738 abstulero
2863 697 3063 755 peccata
3089 704 3266 742 eorum
3292 705 3312 743 :
3345 705 3469 744 mox
3491 688 3658 745 addi-

2057 761 2135 826 dit
2155 771 2294 841 quod
2309 771 2594 843 diligenter
2613 773 3010 846 intelligendum
3031 788 3130 842 est,
3155 777 3454 836 Secundum
3485 781 3650 836 Evan-

2055 861 2247 933 gelium
2273 863 2475 933 quidem
2500 865 2694 920 inimici
2731 876 2940 939 propter
2965 883 3084 934 eos,
3125 873 3404 924 secundum
3446 872 3644 925 electio-

2057 969 2170 1006 nem
2181 963 2350 1009 autem
2371 954 2540 1008 dilecti
2559 967 2764 1026 propter
2789 966 2956 1026 patres
2985 957 3160 1029 (Rom.
3177 959 3475 1030 “25-29).
3506 961 3643 1030 Quid

2057 1053 2158 1112 εει,
2183 1043 2475 1100 Secundum
2500 1045 2836 1119 Evangelium
2855 1048 3057 1118 quidem
3075 1050 3269 1104 inimici
3293 1063 3496 1122 propter
3515 1069 3606 1106 vos
3621 1071 3646 1120 ;.

2057 1137 2159 1192 nisi
2202 1136 2344 1207 quod
2376 1151 2562 1193 eorum
2585 1139 2857 1194 inimicitia
2881 1154 2983 1210 qua
3007 1141 3319 1196 occiderunt
3343 1143 3640 1207 Christum,

2059 1227 2366 1298 Evangelio,
2395 1231 2534 1286 sicut
2559 1230 2804 1286 videmus
2824 1271 2839 1294 ,
2869 1233 2988 1288 sine
3013 1231 3349 1290 dubitatione
3376 1235 3652 1304 prtifecit?

2057 1317 2128 1374 Et
2155 1318 2258 1376 hoc
2271 1320 2505 1374 ostendit
2519 1336 2585 1376 ex
2623 1320 3082 1392 Deidispositione
3103 1325 3314 1378 venisse
3336 1366 3350 1390 ,
3381 1327 3472 1395 qui
3505 1326 3646 1382 bene

2061 1411 2134 1464 uti
2164 1411 2310 1466 novit
2337 1412 2501 1468 etiam
2541 1412 2694 1468 malis
2723 1431 2737 1466 :
2771 1429 2878 1468 non
2919 1423 2978 1469 ut
3006 1415 3056 1470 ei
3103 1417 3310 1484 prosint
3348 1433 3474 1472 vasa
3507 1418 3636 1486 iraa,

2028 1499 2156 1556 ‘sed
2185 1510 2244 1556 ut
2273 1501 2388 1572 ipso
2416 1501 2523 1558 illis
2546 1503 2684 1558 bene
2713 1512 2911 1570 utente,
2939 1506 3144 1575 prosint
3169 1508 3307 1564 vasis
3334 1509 3642 1564 misericor-

2059 1590 2184 1648 diae.
2215 1593 2352 1660 Quid
2379 1595 2522 1666 enim
2547 1596 2783 1664 apertius
2810 1595 2914 1652 diei
2959 1599 3159 1667 potuit,
3199 1615 3356 1669 quam
3401 1601 3454 1656 id
3494 1603 3640 1672 quod

2061 1683 2259 1742 dictum
2284 1691 2388 1752 est,
2418 1685 2710 1742 Secundum
2737 1686 3066 1760 anngelium
3083 1690 3287 1760 quidem
3313 1692 3506 1746 inimici
3529 1710 3644 1764 pro-

2063 1783 2173 1844 pter
2215 1775 2346 1830 vos?
2399 1775 2497 1830 Est
2531 1791 2662 1847 ergo
2700 1778 2754 1832 in
2793 1778 3052 1836 malorum
3082 1787 3344 1849 potestate
3371 1797 3639 1850 peccare:

2063 1873 2122 1922 ut
2149 1875 2326 1924 autem
2347 1869 2622 1938 peccando
2651 1869 2753 1926 hoc
2780 1869 2868 1924 vel
2901 1869 3005 1926 huc
3049 1872 3139 1926 illa
3167 1873 3368 1926 malitia
3413 1873 3646 1941 faciant,

2065 1972 2171 2014 non
2194 1967 2280 2015 est
2307 1961 2362 2016 in
2390 1953 2579 2016 eurum
2613 1970 2896 2032 potestate,
2939 1963 3035 2019 sed
3066 1965 3158 2020 Dei
3183 1964 3468 2020 dividentis
3496 1975 3640 2022 tene-

2064 2049 2190 2107 bras
2212 2062 2268 2108 et
2293 2053 2589 2109 ordinantis
2616 2070 2749 2121 eas;
2795 2064 2855 2110 ut
2895 2055 3017 2111 hinc
3059 2057 3222 2111 etiam
3267 2055 3406 2125 quod
3443 2055 3646 2112 faciunt

2061 2154 2248 2204 contra
2275 2144 2600 2202 voluntatem
2631 2145 2760 2212 Dei,
2797 2161 2904 2202 non
2946 2147 3228 2216 impleatur
3267 2147 3368 2209 nisi
3403 2149 3648 2204 voluntas

2066 2231 2182 2287 Dei.
2212 2231 2460 2302 Legimus
2488 2235 2539 2288 in
2569 2235 2790 2290 Actibus
2815 2237 3188 2307 Apostolorum
3209 2277 3226 2304 ,
3255 2240 3395 2306 quod
3421 2253 3541 2294 cum
3567 2239 3650 2294 di-

2065 2323 2216 2379 missi
2242 2339 2272 2380 a
2295 2325 2495 2380 IlldtBiS
2521 2327 2762 2396 Apostoli
2787 2329 3058 2382 venissent
3077 2327 3144 2381 ad
3165 2343 3313 2396 suos,
3337 2338 3392 2384 et
3413 2329 3648 2386 indicas-

2063 2425 2188 2472 sent
2209 2427 2405 2486 quanta
2433 2418 2515 2473 eis
2540 2419 2846 2474 sacerdotes
2878 2428 2936 2474 et
2969 2421 3210 2474 seniores
3243 2419 3525 2486 dixerunt;
3567 2422 3647 2477 le-

2064 2517 2324 2564 vaverunt
2348 2507 2420 2562 illi
2457 2523 2641 2564 vocem
2680 2511 2959 2565 unanimes
2999 2525 3190 2566 omnes
3226 2511 3291 2564 sd
3338 2511 3646 2576 Dominum,

2069 2604 2125 2653 et
2149 2597 2402 2654 dixerunt
2429 2617 2444 2653 :
2473 2597 2710 2666 Domino,
2735 2607 2788 2652 tu
2809 2616 2862 2654 es
2880 2600 2966 2670 qui
2986 2601 3148 2672 fecisti
3170 2601 3348 2655 ctutum
3365 2610 3413 2654 et
3435 2611 3648 2668 terram,

2067 2701 2115 2744 st
2141 2707 2298 2756 mare,
2331 2700 2378 2746 et
2405 2693 2574 2746 omnia
2595 2708 2709 2762 qua
2727 2693 2781 2746 in
2809 2693 2879 2747 eis
2903 2703 3039 2758 sunt,
3065 2693 3153 2764 qui
3178 2710 3266 2762 per
3293 2710 3350 2748 os
3378 2695 3537 2763 patris
3559 2709 3652 2748 uo-

2067 2781 2161 2834 slri
2185 2779 2368 2846 David,
2399 2785 2559 2838 sancti
2589 2783 2734 2852 pueri
2768 2782 2865 2847 tui,
2896 2783 3104 2846 dixisti,
3141 2783 3318 2850 Quare
3343 2787 3652 2854 fremuerunt

2069 2881 2270 2944 gentes,
2300 2883 2348 2928 et
2375 2875 2549 2945 populi
2579 2875 2802 2928 meditati
2827 2884 2945 2929 sunt
2979 2875 3188 2941 inania;
3219 2876 3483 2928 astiterunt
3510 2891 3655 2946 roges

2069 2971 2238 3030 terra,
2257 2973 2314 3018 ct
2341 2965 2594 3034 principes
2617 2975 2962 3020 converterunt
2988 2966 3043 3019 in
3075 2982 3252 3031 unum,
3281 2965 3520 3019 adversus
3551 2965 3655 3020 Do-

2069 3056 2266 3109 minum
2289 3065 2340 3110 ct
2367 3055 2609 3112 adversus
2647 3056 2904 3112 Christum
2944 3057 3091 3128 ejus?
3131 3057 3478 3112 Conventh
3519 3059 3655 3112 alim

2069 3144 2126 3199 in
2161 3147 2390 3213 ueritate,
2420 3147 2477 3200 in
2504 3147 2706 3202 ciuitate
2726 3149 2856 3214 ista,
2895 3147 3136 3202 adversus
3173 3159 3404 3202 sanctum
3442 3165 3659 3220 puerum-

2071 3243 2215 3287 tuum
2234 3234 2414 3290 Iesum
2435 3253 2583 3309 quem
2611 3238 2822 3305 auxisti,
2851 3236 3078 3293 Herodes
3106 3249 3152 3292 et
3185 3236 3384 3294 Pilatus
3416 3251 3461 3292 et
3484 3256 3653 3309 popu-

2071 3324 2154 3379 lus
2181 3323 2364 3392 Israel,
2395 3330 2562 3397 facere
2596 3337 2787 3398 quanta
2813 3344 2992 3382 manus
3029 3339 3115 3382 tua
3148 3337 3196 3382 et
3224 3329 3492 3383 consilium
3522 3344 3655 3398 prc-

2071 3414 2338 3470 destinarit
2368 3415 2476 3486 ﬁeri
2501 3416 2638 3486 (Act.
2662 3432 2734 3482 tv,
2758 3415 2972 3484 25-28).
3001 3417 3140 3476 Ecce
3160 3417 3301 3487 quod
3327 3417 3527 3472 dictum
3546 3425 3652 3484 est,

2073 3504 2372 3560 Secundum
2429 3505 2760 3578 Erangclium
2811 3507 3014 3577 quidem
3063 3507 3252 3560 inimici
3299 3517 3505 3579 propter
3547 3523 3653 3562 vos.

2073 3596 2241 3652 Tanta
2268 3598 2464 3667 quippe
2493 3598 2562 3653 ab
2600 3599 2828 3653 inimicis
2855 3599 3058 3654 Iudmis
3083 3615 3272 3654 manus
3315 3600 3406 3654 Dei
3433 3610 3488 3654 et
3525 3615 3654 3654 con-

2073 3671 2250 3742 silium
2279 3687 2678 3757 prmdestinavit
2718 3688 2858 3754 ﬁeri,
2885 3694 3410 3761 quantanecessaria
3443 3691 3653 3746 fuerunt

2074 3779 2364 3850 Evangelio
2387 3789 2610 3850 pmpter
2635 3795 2734 3836 nos
2759 3783 2798 3835 ί.
2827 3781 2932 3838 Sed
2961 3782 3087 3854 quid
3117 3792 3200 3838 est
3221 3783 3363 3852 quod
3391 3783 3650 3852 sequitur,

2075 3871 2371 3929 Secundum
2417 3873 2707 3932 electionem
2757 3856 2924 3930 autem
2977 3875 3148 3930 dilecti
3195 3885 3402 3947 propter
3449 3875 3658 3946 patres?

2075 3963 2337 4035 Numquid
2365 3965 2438 4020 illi
2470 3965 2692 4031 inimici,
2719 3967 2806 4036 qui
2830 3967 2883 4021 in
2905 3969 3016 4021 suis
3047 3967 3335 4022 inimicitiis
3365 3967 3658 4036 perierunt,

2076 4064 2132 4110 et
2155 4051 2506 4140 adversantes
2530 4056 2744 4111 Christo
2768 4057 2836 4112 de
2863 4067 3022 4128 gente
3050 4059 3162 4128 ipsa
3189 4057 3364 4112 adhuc
3393 4069 3655 4128 pereunt,

2078 4149 2178 4218 ipsi
2218 4158 2342 4204 sunt
2378 4150 2534 4205 electi
2569 4157 2730 4220 atque
2773 4149 2999 4204 dilecti?
3042 4150 3195 4205 Absit
3236 4167 3250 4204 :
3281 4151 3402 4220 quis
3434 4149 3537 4204 hoc
3571 4149 3660 4204 vel

2075 4240 2422 4298 Stultissimus
2445 4241 2680 4296 dixerit?
2704 4241 2810 4298 Sed
2838 4251 3120 4312 utrumque
3141 4242 3262 4298 licet
3283 4243 3423 4298 inter
3445 4258 3504 4297 se
3525 4257 3658 4297 eon-

2079 4334 2298 4387 trarium
2321 4373 2336 4396 ,
2367 4333 2422 4387 id
2449 4342 2532 4388 est
2553 4375 2570 4400 ,
2617 4334 2815 4390 inimici
2854 4342 2908 4390 et
2931 4334 3109 4389 dilecti
3133 4375 3148 4400 ,
3180 4335 3422 4405 quamvis
3461 4349 3564 4389 non
3605 4335 3657 4388 in

2077 4423 2295 4478 eosdem
2324 4423 2588 4488 homines,
2621 4434 2795 4478 tamen
2817 4425 2870 4478 in
2897 4425 3140 4479 eamdem
3169 4433 3380 4496 gentem
3409 4423 3662 4479 convenit

2078 4513 2383 4569 Iudmorum
2410 4555 2426 4579 ,
2465 4524 2520 4570 et
2555 4515 2622 4570 ad
2665 4514 2804 4569 idem
2835 4515 3050 4570 carnale
3076 4507 3258 4571 semen
3301 4515 3462 4570 Israel
3487 4555 3504 4579 ,
3543 4514 3664 4570 aliis

2078 4618 2266 4659 eorum
2310 4604 2377 4658 ad
2421 4603 2888 4673 claudicationem,
2943 4606 3067 4661 aliis
3111 4606 3181 4660 ad
3231 4606 3665 4662 benedictionem

2077 4695 2243 4750 Israel
2271 4695 2436 4766 ipsius
2465 4696 2874 4766 pertinentibus.
2911 4696 3064 4750 Hune
3095 4696 3239 4752 enim
3266 4712 3482 4750 sensum
3509 4709 3666 4766 aper-

2078 4789 2183 4842 tius
2203 4787 2448 4857 superius
2467 4788 2767 4858 explicavit,
2793 4789 2878 4844 ubi
2899 4788 2993 4852 ait,
3019 4787 3170 4853 Quod
3187 4787 3438 4860 querebat
3472 4785 3663 4855 Israel,

2084 4882 2176 4936 hoc
2217 4896 2320 4934 non
2357 4890 2429 4934 est
2468 4888 2764 4933 consecutus
2792 4895 2810 4933 :
2837 4879 3008 4932 electio
3046 4887 3216 4932 autem
3252 4887 3516 4932 consecuta
3553 4885 3662 4942 est,

2082 4971 2250 5027 caeteri
2278 4985 2394 5024 vero
2418 4969 2654 5023 escacati
2683 4978 2798 5023 sunt
2830 4967 3004 5040 (Rom.
3036 4983 3110 5032 ιι,
3140 4968 3216 5039 7).
3244 4967 3298 5022 In
3320 4969 3559 5036 utrisque
3585 4976 3668 5018 ta-

2081 5080 2204 5120 men
2245 5063 2382 5118 idem
2410 5063 2524 5134 ipse
2551 5061 2730 5118 Israel.
2777 5061 2878 5117 Ubi
2915 5076 3044 5131 ergo
3082 5061 3344 5125 audimus,
3377 5056 3542 5112 Israel
3565 5073 3670 5110 non

2082 5165 2154 5210 est
2182 5163 2510 5220 consecutus,
2540 5153 2621 5208 vel
2645 5193 2662 5221 ,
2703 5152 2871 5208 ctetcri
2900 5153 3135 5208 execrati
3169 5163 3327 5217 sunt;
3359 5151 3432 5206 ibi
3471 5149 3668 5205 intelli-

2085 5247 2244 5318 gendi
2285 5256 2410 5302 sunt
2447 5246 2642 5300 inimici
2678 5254 2882 5317 propter
2921 5261 3014 5299 nos
3040 5260 3059 5298 :
3089 5243 3178 5299 ubi
3209 5259 3338 5298 vero
3379 5241 3626 5297 audimus
3648 5281 3669 5308 ,

2086 5341 2278 5395 Electio
2308 5347 2472 5394 autem
2497 5348 2763 5393 consecuta
2789 5347 2902 5402 cst;
2929 5338 2998 5392 ibi
3023 5335 3354 5406 intelligendi
3386 5343 3512 5390 sunt
3541 5333 3671 5388 aite-

2084 5433 2154 5486 ctt
2195 5439 2395 5501 praptcr
2441 5439 2608 5500 patres
2638 5444 2657 5484 :
2683 5430 2872 5500 quibus
2908 5429 3146 5499 patribus
3185 5429 3370 5498 utique
3408 5426 3508 5480 ista
3553 5439 3672 5495 pro-

2150 5609 2164 5638 ί
2192 5613 2301 5655 ιον.
2328 5640 2344 5665 ,
2391 5611 2710 5668 promerem.
2746 5611 2798 5668 te};
2837 5602 3126 5668 paulopost
3170 5601 3344 5652 eadem
3375 5599 3668 5668 adiuuante

2088 5679 2185 5718 Am.
2212 5677 2264 5718 et
2287 5663 2788 5729 tir.,'ibi'intelligcndi
2805 5663 2916 5716 sunt
2935 5663 3116 5716 inimici
3137 5669 3330 5727 propter
3345 5674 3438 5712 tos.
3461 5667 3515 5710 At
3537 5665 3666 5718 nam,

2091 5731 2180 5780 hoc
2205 5740 2413 5791 utrotptc
2437 5730 2558 5787 loco,
2595 5735 2787 5790 propter
2812 5740 2913 5778 nos.
