3972 6178
295 299 402 354 9-83

293 414 454 464 missa
483 418 626 466 sunt.
656 409 872 464 Abrahaz
911 408 1106 478 quippe
1133 409 1280 462 dicta:
1307 416 1422 462 sunt
1447 405 1802 476 promissiones
1827 413 1878 458 et

291 503 469 560 sunini
498 505 604 573 ejus
635 499 828 569 (Galat.
852 516 928 561 tu,
945 499 1055 572 16).
1075 498 1292 556 Uudeet.
1311 500 1360 552 iu
1380 500 1479 552 ista
1505 499 1621 551 olea
1643 497 1876 551 oleaster

293 591 544 647 inseritur
582 585 851 648 Gentium.
887 591 1002 648 Jam
1046 606 1205 662 porro
1243 592 1558 646 electionem
1599 604 1755 660 quam
1795 587 1880 643 di-

283 685 415 737 cat’
439 724 455 748 ,
483 682 618 752 quia
655 682 943 737 secundum
971 683 1215 752 gratiam,
1259 696 1362 734 non
1399 679 1690 735 secundum
1729 678 1879 734 debi—

287 786 403 832 tum
425 818 440 843 ,
471 775 630 831 debet
677 775 857 845 utique
891 789 1201 834 occurrere;
1233 775 1484 843 quoniam
1525 771 1748 840 reliquid!
1789 788 1878 840 per

289 865 580 922 electionem
605 867 782 937 gratia:
807 865 956 935 factm
981 875 1094 920 sunt
1123 867 1144 897 ¹
1173 865 1348 936 (Rom.
1377 879 1430 918 χι
1449 905 1462 927 ,
1506 863 1594 927 Π,
1625 863 1703 930 5).
1747 859 1874 917 IIa‘c

288 958 480 1014 electio
497 969 780 1014 consecuta
795 959 1108 1023 est,czeteris
1125 955 1727 1014 exc;ccatis.Secundmn
1743 957 1879 1010 hanc

290 1049 604 1104 electionem
643 1047 892 1104 Israelita:
913 1049 1090 1104 dilecti
1129 1060 1346 1118 propter
1372 1058 1569 1115 patres.
1592 1047 1707 1102 Non
1730 1049 1872 1100 enim

297 1141 572 1195 Vocatione
599 1141 688 1195 illa
716 1141 887 1196 vocati
917 1149 1038 1194 sunt
1063 1181 1078 1205 ,
1117 1140 1183 1194 de
1207 1156 1310 1210 qua
1333 1139 1532 1194 dictum
1571 1148 1690 1202 est,
1722 1136 1878 1192 Multi

293 1231 456 1284 vocati
483 1229 697 1302 (Matth.
727 1247 795 1284 xx
821 1273 836 1298 ,
867 1232 995 1300 16);
1031 1229 1124 1284 sed
1153 1230 1239 1284 illa
1267 1245 1370 1300 qua
1410 1237 1670 1282 vocantur
1694 1227 1872 1282 electi.

287 1320 444 1377 Unde
483 1330 535 1375 et
565 1319 648 1375 hic
686 1329 1028 1390 posteaquam
1055 1319 1217 1384 dixit,
1267 1317 1555 1375 Secundum
1585 1317 1874 1372 electionem

289 1422 458 1465 autem
493 1411 662 1466 dilecti
707 1421 912 1483 prapter
936 1421 1142 1483 patres;
1185 1411 1442 1466 continuo
1467 1410 1692 1481 subjecit
1730 1409 1874 1464 unde

287 1503 532 1570 agimus,
577 1501 703 1556 Sine
743 1503 1035 1571 paenitentia
1077 1503 1209 1556 enim
1249 1511 1366 1556 sunt
1407 1501 1544 1555 dona
1585 1512 1631 1556 et
1677 1502 1872 1554 vocalia

288 1591 389 1646 Dei
419 1607 438 1645 :
468 1592 515 1646 id
541 1601 643 1655 est,
689 1592 804 1648 sine
847 1594 1140 1648 mutatione
1179 1593 1444 1648 stabiliter
1480 1593 1581 1647 lixa
1621 1603 1764 1648 sunt.
1794 1593 1874 1646 Ad

287 1681 429 1738 hanc
466 1683 795 1738 vocationem
821 1685 907 1754 qui
938 1686 1219 1753 pertinent,
1259 1700 1446 1739 omnes
1472 1694 1594 1739 sunt
1619 1684 1876 1740 docibiles

289 1775 386 1830 Dei
419 1793 432 1830 :
463 1791 560 1830 nec
586 1784 760 1845 potest
787 1791 974 1831 eorum
1003 1776 1284 1848 quisquam
1319 1776 1502 1833 dicere
1521 1819 1536 1844 ,
1564 1777 1778 1832 Credidi
1819 1786 1878 1832 ut

201 1899 222 1920 ι
289 1867 370 1922 sic
425 1882 684 1933 vocarer;
743 1871 1000 1939 praevenit
1065 1885 1188 1924 eum
1254 1871 1452 1942 quippe
1510 1870 1873 1926 misericordia

290 1956 424 2020 Dei,
470 1958 590 2028 quia
621 1959 700 2012 sic
733 1967 816 2014 est
843 1969 1060 2015 vocatus
1099 1969 1158 2016 ut
1197 1961 1460 2018 crederet.
1501 1961 1702 2016 Omnes
1730 1961 1874 2017 enim

286 2047 547 2103 docibiles
579 2048 668 2102 Dei
696 2050 914 2104 veniunt
945 2050 1011 2105 ad
1039 2049 1231 2105 Filium
1265 2067 1280 2105 :
1310 2052 1563 2122 quoniam
1592 2052 1876 2108 audierunt

287 2147 344 2193 et
371 2139 670 2194 didicerunt
707 2154 736 2194 a
782 2140 938 2195 Patre
966 2155 1060 2208 per
1097 2141 1288 2196 Filium
1315 2183 1330 2206 ,
1357 2142 1446 2212 qui
1477 2141 1878 2197 evidentissima

283 2229 456 2296 dicit,
499 2229 676 2284 Omnis
713 2231 800 2300 qui
845 2231 1036 2286 audivit
1063 2248 1095 2284 a
1128 2231 1284 2286 Patre
1309 2242 1354 2286 et
1381 2233 1598 2298 didicit,
1641 2234 1771 2286 venit
1807 2235 1881 2290 ad

285 2338 386 2376 me.
415 2321 640 2376 Istorum
666 2333 842 2377 autem
872 2338 1030 2378 nemo
1071 2324 1230 2392 perit,
1273 2325 1394 2392 quia
1419 2338 1579 2378 omne
1603 2321 1746 2392 quod
1776 2322 1874 2379 de-

287 2412 366 2466 dit
392 2412 441 2465 ei
467 2411 642 2477 Pater,
675 2427 780 2466 non
811 2411 1000 2484 perdet
1027 2429 1092 2468 ex
1131 2428 1196 2468 eo
1235 2413 1524 2484 quidquam
1555 2403 1738 2483 (Joan.
1769 2429 1830 2468 θνι
1855 2455 1870 2480 ,

287 2501 378 2568 45,
405 2502 517 2572 '59).
543 2501 798 2570 Quisquis
825 2517 954 2573 ergo
993 2502 1118 2558 inde
1142 2512 1246 2570 est,
1289 2505 1508 2558 omnino
1537 2517 1643 2558 non
1687 2503 1826 2574 perit
1856 2521 1870 2558 :

287 2607 388 2646 nec
412 2601 524 2646 erat
553 2593 675 2647 inde
702 2593 794 2663 qui
829 2593 966 2662 perit
995 2593 1040 2646 ⁸.
1081 2593 1310 2662 Propter
1346 2593 1488 2663 quod
1528 2595 1728 2650 dictum
1769 2603 1870 2660 est,

288 2681 376 2738 Ex
403 2683 543 2736 nobis
562 2685 808 2747 exierunt,
833 2684 922 2738 sed
945 2691 1047 2738 n'lm
1073 2695 1214 2738 erant
1239 2703 1303 2740 ea:
1328 2686 1470 2740 nobis
1491 2703 1512 2751 ;
1539 2703 1658 2740 nam
1683 2687 1728 2740 si
1747 2685 1877 2753 [uis-

289 2780 481 2825 sentex
534 2771 674 2826 nobis
703 2813 719 2840 ,
769 2773 1067 2828 mansissent
1113 2775 1286 2844 utique
1334 2776 1593 2829 nobiscum
1653 2772 1872 2843 (lJoan.

285 2877 346 2926 ll,
383 2861 491 2928 l9).

358 2951 587 3008 CAPUT
623 2951 786 3008 XVII.
813 2983 889 2996 -—-—
911 2955 997 3010 54.
1020 2953 1378 3026 Intelligamus
1393 2971 1520 3028 ergo
1541 2957 1874 3014 vocationem

275 3059 393 3114 «qua
441 3043 571 3098 liuut
607 3045 798 3102 electi:
826 3062 932 3101 non
950 3047 1046 3130 pui
1076 3047 1342 3119 eliguntur
1364 3051 1484 3120 quia
1513 3051 1872 3118 crediderunt,

291 3133 385 3189 sed
413 3136 499 3204 qui
539 3135 808 3206 eliguntur
837 3145 892 3191 ut
919 3137 1159 3192 credant.
1202 3139 1348 3194 lianc
1373 3141 1514 3195 enim
1539 3151 1593 3196 et
1620 3142 1877 3198 Dominus

289 3225 404 3294 ipse
447 3225 577 3280 satis
615 3227 802 3295 aperit,
847 3226 935 3282 ubi
965 3227 1093 3282 dicit
1117 3247 1131 3282 :
1165 3228 1286 3284 Non
1311 3245 1396 3284 vos
1419 3247 1498 3285 me
1523 3232 1758 3302 elegistis,
1787 3233 1876 3288 sed

287 3331 380 3386 ego
407 3316 534 3386 elegi
558 3335 643 3371 vos
673 3317 850 3388 (Joan.
878 3335 966 3386 xv,
1001 3319 1108 3386 16).
1143 3321 1274 3377 Nam
1318 3323 1363 3378 si
1403 3333 1676 3394 pmpterca
1721 3325 1874 3380 electi

289 3416 460 3470 erant.
507 3410 628 3477 quia
653 3409 1167 3482 crediderautaipsi
1208 3429 1329 3467 eum
1369 3415 1516 3484 prius
1548 3415 1728 3487 utique
1763 3418 1874 3472 ele-

287 3507 476 3568 gerant
500 3500 765 3555 credendo
801 3503 853 3556 iu
883 3518 1028 3568 eum,
1070 3511 1129 3558 ut
1160 3504 1280 3574 eligi
1309 3515 1660 3560 mererentur.
1690 3506 1874 3562 Aufert

287 3597 464 3643 autem
494 3589 596 3644 hoc
620 3591 858 3656 omnino,
903 3593 993 3662 qui
1035 3591 1182 3660 dicit,
1225 3591 1348 3648 Non
1389 3611 1476 3649 vos
1513 3613 1593 3650 me
1633 3598 1870 3668 elegistis,

287 3679 377 3733 sed
404 3698 494 3752 ego
516 3698 601 3736 vos
637 3682 780 3752 elegi.
819 3683 886 3736 Et
926 3683 1024 3754 ipsi
1061 3684 1272 3754 quidem
1301 3687 1483 3754 procul
1512 3687 1674 3743 dubio
1694 3689 1872 3760 elege-

285 3781 414 3828 runt
439 3789 583 3836 eum,
614 3774 827 3844 quando
859 3775 1204 3831 crediderunt
1231 3777 1281 3830 in
1309 3793 1452 3832 eum.
1493 3777 1644 3835 Unde
1670 3794 1774 3834 non
1802 3780 1872 3835 ob

283 3863 428 3918 aliud
453 3863 602 3928 dicit,
633 3863 754 3918 Non
776 3881 864 3918 vos
890 3882 970 3919 me
991 3867 1225 3936 elegistis,
1249 3867 1339 3921 sed
1357 3885 1447 3938 ego
1465 3885 1552 3924 vos
1580 3871 1742 3942 elegi;
1773 3872 1872 3928 nisi

283 3955 408 4026 quia
439 3971 542 4010 non
573 3955 847 4026 elegerunt
877 3971 998 4010 eum
1027 3965 1078 4011 ut
1107 3957 1326 4026 eligeret
1351 3974 1466 4026 eos,
1488 3960 1581 4016 sed
1611 3970 1670 4016 ut
1705 3963 1872 4032 elige-

285 4055 408 4101 rent
437 4062 559 4100 eum
581 4047 742 4115 elegit
767 4062 863 4108 eos
891 4065 904 4100 :
937 4047 1058 4117 quia
1086 4047 1453 4104 misericordia
1477 4051 1594 4120 ejus
1618 4053 1874 4122 praevenit

286 4149 383 4191 eos
431 4134 602 4206 (Psal.
633 4151 783 4203 Lvm,
814 4137 902 4208 ll)
939 4138 1228 4193 secundum
1260 4141 1504 4210 gratiam,
1537 4157 1643 4196 non
1676 4159 1873 4198 secun-

283 4228 412 4282 dum
433 4228 688 4283 debitum.
705 4229 874 4300 Elegit
891 4245 1018 4300 ergo
1037 4245 1131 4286 eos
1151 4229 1218 4286 de
1238 4231 1436 4286 mundo
1450 4248 1570 4288 cum
1593 4234 1680 4290 hic
1693 4243 1875 4305 ageret

284 4335 501 4376 carnem
532 4319 581 4387 ⁸,
604 4320 696 4376 sed
719 4321 829 4389 jam
855 4322 1056 4377 electos
1079 4323 1131 4376 in
1158 4338 1216 4378 se
1245 4323 1360 4394 ipso
1384 4333 1508 4380 ante
1531 4327 1714 4381 mundi
1741 4342 1872 4382 con-

285 4409 637 4466 stitutionem.
681 4411 802 4466 Ilaec
844 4422 927 4468 est
969 4412 1257 4468 immobilis
1293 4417 1489 4471 veritas
1530 4417 1873 4486 prmdestiua-

286 4501 448 4554 tionis
473 4509 527 4556 et
561 4502 762 4570 gratiae.
794 4501 926 4558 Nam
965 4504 1092 4573 quid
1135 4514 1216 4560 est
1261 4505 1402 4575 quod
1449 4507 1523 4562 ait
1559 4509 1866 4578 Apostolus,

285 4591 432 4646 Sicut
447 4593 592 4663 elegit
608 4609 698 4647 nos
714 4594 766 4647 in
786 4595 897 4664 ipso
915 4604 1034 4650 ante
1049 4597 1224 4650 mundi
1236 4599 1636 4654 constitutionem
1652 4598 1868 4674 (Ep/tes.

283 4697 324 4747 ι,
353 4681 451 4750 4)Ῡ
479 4682 628 4750 Quod
659 4683 895 4753 profecto
937 4685 984 4740 si
1032 4695 1312 4755 propterea
1356 4687 1554 4744 dictum
1601 4698 1703 4755 est,
1749 4691 1870 4761 quia

284 4772 554 4840 praescivit
599 4771 738 4826 Deus
783 4772 1103 4841 credituros,
1139 4791 1242 4830 non
1273 4777 1394 4846 quia
1423 4776 1658 4835 facturus
1697 4779 1872 4836 fuerat

285 4861 400 4930 ipse
446 4862 753 4926 credentes;
794 4873 979 4920 contra
1023 4865 1177 4920 istam
1222 4869 1610 4935 praescientiam
1639 4871 1870 4942 loquitur

283 4949 472 5018 Filius,
501 4951 704 5017 dicens,
741 4952 860 5008 Non
881 4971 966 5009 vos
987 4972 1065 5010 me
1088 4955 1305 5028 elegistis
1322 4957 1364 5027 ⁵,
1380 4961 1470 5014 sed
1483 4977 1572 5032 ego
1593 4979 1678 5017 ros
1702 4964 1830 5036 elegi
1848 4981 1869 5018 :

345 5126 458 5194 {Sig
473 5135 576 5176 Mss.
605 5134 662 5194 At
684 5127 821 5194 editi,
845 5128 1012 5181 electio
1033 5144 1179 5194 quam
1201 5133 1338 5186 dicit.

344 5190 367 5255 ξ
393 5187 580 5255 aliquot
596 5193 723 5245 uss.
747 5189 893 5242 salva!
908 5187 1057 5255 facta?
1069 5201 1192 5246 sunt.

287 5249 693 5330 difﬁcilia?“
715 5249 1170 5330 fier-Aliis”.
1203 5269 1298 5327 tm
1325 5262 1607 5330 στωιιιυεάε
1639 5277 1722 5330 an;
1753 5279 1866 5330 rer-

281 5311 462 5422 z’qunt.
511 5311 631 5362 Edi'ti
648 5348 663 5374 ,
713 5324 808 5362 non
845 5315 938 5365 erit
977 5313 1090 5368 inde
1143 5311 1229 5380 qui
1269 5311 1428 5384 perit;
1459 5311 1597 5385 vel;
1625 5311 1719 5390 qui
1751 5311 1866 5392 se}-

495 5435 648 5506 nostri
683 5442 1197 5505 omnesmanusaiptt
1226 5441 1448 5494 (alliam
1481 5453 1534 5496 et
1549 5454 1774 5500 Vaticani.
1811 5457 1868 5502 At

283 5491 417 5558 editi,
440 5495 669 5558 ager-etin
685 5508 850 5548 carne.

343 5555 365 5588 ⁸
390 5555 536 5629 ttae;
547 5556 702 5625 editis
717 5560 952 5623 Er.t.ugd.
967 5569 1091 5629 ven.
1106 5570 1215 5629 boy.
1234 5571 1282 5615 tn
1305 5573 1350 5616 Β.
1365 5567 1444 5619 hic
1459 5577 1662 5629 tantum,
1695 5584 1754 5622 ne
1784 5585 1865 5624 vos

276 5613 616 5740 semitis;
645 5633 756 5672 cum
775 5613 922 5686 supra
945 5632 997 5676 et
1017 5613 1355 5692 ωηιῐῷὤὲ
1366 5613 1751 5692 ',"I\-b}i'iii"'nié'
1766 5613 1864 5686 ἐιὲἶ

1193 292 1414 348 LIBER‘
1434 291 1520 347 DE
1550 289 2205 346 PREDESTINATIONE
2245 292 2684 352 SANCTORUM.

3465 300 3570 356 986

1991 420 2110 459 cum
2151 404 2250 460 hoc
2278 407 2450 475 potius
2481 405 2772 478 p‘rmcicrit
2813 407 2969 475 Deus,
3009 411 3150 480 quod
3189 413 3286 482 ipsi
3317 429 3437 470 eum
3467 414 3580 470 fue-

1989 507 2109 550 rant
2132 497 2368 561 eiecturi,
2399 507 2454 552 ut
2483 499 2550 552 ab
2593 498 2684 553 illo
2714 509 3037 554 mererentur
3080 501 3221 572 eligi.
3261 503 3428 559 Electi
3454 515 3578 560 sunt

1991 587 2169 656 itaque
2189 597 2312 642 ante
2341 588 2521 642 mundi
2547 591 2976 660 constitutionem
3000 605 3061 644 ea
3089 593 3573 660 prtedestinatione,

1989 677 2041 732 in
2071 693 2174 747 qua
2224 678 2362 733 Deus
2411 693 2504 732 sua
2551 679 2722 744 futura
2764 679 2895 734 facta
2928 681 3230 750 prrrscivit:
3259 684 3412 737 electi
3456 697 3576 738 sunt

1987 778 2168 823 autem
2197 769 2264 824 de
2293 771 2490 824 mundo
2517 786 2578 826 ea
2602 772 2895 834 vocatione,
2926 788 3026 842 qua
3047 773 3189 829 Deus
3210 775 3258 828 id
3281 775 3420 845 quod
3445 793 3569 845 prae.

1987 859 2296 926 destinavit,
2341 862 2597 930 implevit.
2635 863 2780 930 Quos
2809 865 2951 919 enim
2985 867 3397 936 prmdeslinavit,
3433 870 3575 938 ipsos

1987 960 2043 1005 et
2073 952 2310 1016 vocavit;
2339 952 2427 1006 illa
2471 953 2676 1008 scilicet
2703 954 2983 1010 vocatione
3017 959 3304 1011 secundum
3336 962 3579 1028 proposi-

1987 1051 2096 1096 tum
2139 1058 2153 1094 :
2185 1055 2289 1096 non
2321 1057 2448 1112 ergo
2492 1043 2646 1108 alios,
2691 1043 2784 1098 sed
2825 1061 2958 1114 quos
2991 1048 3400 1114 pra'drstinavit,
3433 1052 3576 1119 ipsas

1984 1141 2040 1187 et
2064 1134 2273 1187 vocavit
2303 1151 2316 1188 :
2347 1149 2448 1188 nec
2475 1135 2628 1200 alios,
2672 1137 2764 1190 sed
2807 1152 2939 1206 quos
2979 1137 3048 1190 ita
3081 1141 3307 1206 vocavit,
3349 1142 3490 1208 ipstis
3523 1150 3579 1194 et

1979 1222 2282 1292 justilicavit
2307 1241 2320 1278 :
2346 1239 2444 1278 nec
2465 1224 2618 1290 alios,
2648 1226 2740 1280 sed
2761 1241 2893 1294 quos
2914 1227 3327 1296 prmdestinavit,
3346 1231 3574 1296 vocarit,

1979 1313 2306 1383 justilicavit,
2352 1317 2498 1384 ipsos
2537 1327 2590 1370 et
2628 1317 2940 1386 glorilicavit
2977 1317 3152 1386 (Rom.
3190 1335 3299 1384 vnt,
3329 1320 3456 1388 50);
3489 1321 3576 1372 illo

1983 1405 2165 1476 utique
2193 1405 2300 1460 line
2327 1408 2414 1476 qui
2447 1423 2549 1461 non
2587 1407 2746 1462 habet
2786 1409 2964 1462 tinem.
2994 1409 3162 1479 Elegit
3193 1425 3320 1479 ergo
3351 1413 3486 1464 Deus
3516 1412 3576 1464 li-

1981 1496 2130 1552 dcles
2154 1539 2168 1562 ,
2197 1497 2291 1551 sed
2319 1507 2376 1552 ut
2400 1499 2524 1562 sint,
2556 1514 2660 1552 non
2691 1501 2810 1568 quin
2833 1499 2942 1568 jam
2972 1509 3144 1554 erant.
3177 1503 3463 1566 Apostolus
3487 1502 3574 1555 Ja-

1911 1599 1918 1610 '
1980 1587 2145 1641 cobus
2170 1586 2300 1642 dicit
2327 1605 2342 1642 :
2373 1587 2559 1642 Nonne
2597 1587 2735 1642 Deus
2764 1589 2910 1660 elegit
2950 1607 3194 1660 pauperes
3219 1592 3271 1642 in
3297 1589 3391 1643 hoc
3428 1607 3576 1644 umn-

1981 1682 2068 1749 do,
2097 1684 2274 1738 divites
2307 1687 2359 1738 in
2395 1684 2514 1753 ﬁde,
2560 1692 2606 1738 et
2641 1685 2862 1738 lueredes
2903 1685 3063 1756 regni,
3112 1685 3247 1754 quod
3289 1685 3575 1754 repromisit

1983 1775 2118 1831 Deus
2148 1777 2470 1848 diligentibus
2495 1793 2548 1830 se
2575 1775 2776 1849 (Jacobi
2806 1793 2864 1842 ll,
2891 1777 2986 1846 5)?
3014 1775 3268 1847 Eligeudo
3293 1792 3420 1847 ergo
3451 1776 3576 1831 facit

1979 1865 2172 1923 divites
2199 1867 2250 1922 in
2277 1867 2400 1934 ﬁde,
2429 1869 2567 1923 sicut
2605 1867 2846 1922 haaredes
2873 1867 3042 1938 regni.
3077 1866 3240 1921 Recte
3283 1868 3479 1937 quippe
3519 1867 3570 1922 in

1980 1957 2060 2012 eis
2088 1957 2188 2013 hoc
2215 1957 2412 2028 eligere
2438 1957 2651 2024 dicitur,
2683 1958 2823 2028 quod
2864 1967 2920 2015 ut
2962 1958 3013 2012 in
3041 1959 3120 2012 eis
3157 1958 3332 2022 faciat,
3355 1957 3568 2012 eos-eli-

1978 2047 2056 2118 git
2080 2048 2120 2102 ί.
2155 2047 2320 2118 Rogo,
2354 2038 2484 2117 'quis
2513 2047 2692 2103 audiat
2713 2048 2993 2102 Dominum
3017 2047 3304 2114 dicentem,
3338 2046 3459 2101 Non
3486 2063 3573 2102 vos

1979 2155 2060 2194 me
2093 2124 2328 2211 elegistis,
2366 2140 2456 2216 sed
2483 2158 2572 2212 ego
2589 2158 2674 2195 vos
2713 2142 2876 2216 elegi;
2919 2149 2976 2196 et
3004 2141 3194 2196 audeat
3219 2142 3418 2207 dicere,
3449 2156 3572 2196 cre-

1978 2229 2108 2286 dere
2133 2232 2372 2286 homines
2399 2239 2456 2285 ut
2493 2233 2774 2302 eligantur,
2824 2247 2944 2286 cum
2985 2233 3160 2301 potius
3212 2233 3474 2302 eligantur
3515 2240 3573 2286 ut

1979 2320 2220 2386 credant,
2265 2335 2334 2377 ne
2361 2331 2543 2377 contra
2569 2322 2886 2378 sententiam
2920 2323 3159 2378 veritatis
3189 2325 3392 2393 priores
3420 2323 3572 2376 inve-

1979 2414 2194 2469 niantur
2211 2414 2438 2484 elegisse
2468 2413 2758 2480 Christum,
2790 2415 2978 2484 quibus
3003 2415 3130 2469 dicit
3153 2413 3416 2482 Christus,
3445 2413 3570 2468 Non

1977 2519 2064 2560 vos
2089 2521 2167 2558 me
2193 2505 2429 2576 elegistis,
2459 2505 2546 2558 sed
2575 2521 2664 2576 ego
2690 2520 2775 2558 vos
2803 2504 2976 2575 elegi?

2049 2594 2275 2652 CAPUT
2315 2596 2500 2650 XVIII.
2527 2625 2598 2637 -
2624 2597 2712 2650 35.
2740 2597 2868 2662 Quis
2911 2595 3089 2650 audiat
3130 2597 3444 2666 Apostolum
3483 2594 3571 2651 die

1977 2693 2212 2750 centem,
2257 2682 2556 2737 Benedictus
2592 2684 2728 2739 Deus
2757 2695 2804 2738 et
2841 2685 2996 2738 Pater
3019 2685 3229 2739 Domini
3255 2688 3414 2740 nostri
3440 2687 3568 2740 Jesu

1979 2771 2185 2836 Christi,
2207 2773 2296 2844 qui
2315 2773 2566 2827 benedixit
2591 2790 2681 2828 nos
2701 2775 2752 2827 in
2774 2775 2910 2828 omni
2931 2775 3270 2831 benedictione
3289 2778 3566 2846 spirituali,

1977 2863 2032 2918 in
2059 2864 2337 2918 cazlestibus
2374 2867 2426 2919 in
2457 2866 2692 2920 Christo:
2724 2867 2850 2921 sicut
2889 2867 3034 2938 elegit
3081 2885 3173 2922 nos
3213 2870 3414 2940 inipso
3453 2881 3570 2924 ante

1980 2953 2156 3008 mundi
2183 2955 2606 3022 constitutionem,
2645 2967 2699 3010 ut
2725 2973 2943 3012 essemus
2972 2959 3134 3011 sancti
3171 2969 3218 3013 et
3257 2959 3570 3013 immaculati

1977 3044 2032 3099 in
2060 3055 2324 3114 conspectu
2349 3046 2457 3116 ejus
2486 3047 2536 3100 in
2565 3047 2834 3114 charitqle,
2879 3047 3247 3117 prazdestinans
3275 3065 3366 3102 nos
3392 3049 3444 3102 in
3469 3049 3564 3102 ad-

1980 3137 2234 3202 optionem
2257 3137 2478 3205 ﬁliorum
2499 3153 2590 3206 per
2615 3135 2793 3191 Iesum
2817 3135 3068 3191 Christum
3090 3153 3142 3190 m
3171 3137 3358 3205 ipsum,
3389 3155 3569 3192 secuno

1979 3227 2100 3280 dum
2127 3226 2368 3297 placitum
2393 3225 2662 3280 voluntatis
2703 3243 2830 3294 sure,
2858 3227 2911 3281 in
2937 3244 3036 3296 qua
3071 3227 3372 3298 grati/ienuit
3395 3245 3485 3282 nos
3514 3229 3569 3282 in

1978 3317 2161 3372 dilecto
2198 3317 2337 3371 Filio
2369 3333 2492 3382 sua;
2535 3318 2590 3370 in
2626 3333 2725 3386 quo
2773 3317 3011 3371 habemus
3047 3319 3435 3388 redemptionem
3477 3335 3570 3388 per

1976 3409 2272 3480 sanguinem
2318 3408 2498 3477 ipsius,
2542 3409 2882 3462 remissionem
2929 3420 3246 3478 peccatorum
3289 3409 3566 3462 secundum

1978 3500 2176 3554 divitias
2203 3501 2382 3571 gratia:
2409 3501 2538 3568 ejus,
2567 3516 2680 3568 qua:
2700 3499 2968 3554 abundavit
3000 3501 3053 3553 in
3082 3518 3172 3554 nos
3201 3502 3220 3532 ¹
3241 3501 3295 3554 in
3321 3501 3458 3554 omni
3476 3518 3563 3554 sa-

1979 3591 2166 3662 pientia
2193 3601 2241 3645 et
2262 3589 2544 3659 prudentia,
2588 3601 2641 3644 ut
2682 3591 2959 3645 ostenderet
2991 3593 3132 3646 nobis
3166 3593 3454 3664 mysterium
3478 3611 3566 3648 vo-

1977 3681 2185 3734 luntatis
2211 3696 2335 3747 stne,
2367 3681 2638 3734 secundum
2675 3681 2857 3734 bonam
2884 3679 3188 3735 uoluntatem
3214 3701 3380 3750 suam,
3408 3701 3564 3754 quam

1977 3771 2240 3840 proposuit
2273 3771 2327 3824 in
2351 3770 2462 3834 illo,
2497 3771 2550 3824 in
2579 3771 2952 3841 dispensatione
2971 3771 2992 3803 ³
3014 3773 3342 3844 plenitudinis
3370 3784 3568 3844 tempo-

1976 3878 2090 3916 rum
2131 3862 2412 3916 instaurare
2437 3861 2607 3915 omnia
2644 3863 2698 3916 in
2735 3862 2954 3926 Christo,
2999 3879 3112 3933 qua:
3135 3863 3186 3918 in
3215 3866 3352 3919 cmlis
3375 3875 3489 3918 sunt
3515 3876 3566 3920 et

1975 3967 2088 4022 qua:
2110 3953 2162 4006 in
2189 3953 2332 4006 terris
2359 3952 2412 4006 in
2435 3952 2546 4022 ipso
2573 3968 2592 4006 :
2616 3953 2669 4006 in
2707 3969 2808 4024 quo
2836 3954 2986 4009 etiam
3009 3963 3056 4008 et
3085 3965 3270 4009 sortem
3309 3958 3564 4012 consecuti

1975 4060 2167 4110 sumus,
2199 4044 2540 4114 praedestinati
2587 4047 2864 4100 secundum
2917 4049 3228 4118 propositum
3255 4047 3298 4114 ⁸,
3323 4049 3409 4119 qui
3445 4051 3563 4103 uni-

1975 4149 2118 4190 uersa
2163 4144 2401 4206 operatur
2439 4136 2718 4190 secundum
2755 4137 3023 4192 consilium
3045 4137 3320 4192 uoluntatis
3347 4155 3476 4207 sum,
3505 4151 3564 4194 ut

1975 4227 2133 4282 simus
2164 4227 2218 4280 in
2260 4226 2462 4280 laudem
2509 4226 2686 4298 gloria
2723 4229 2832 4300 ejus
2857 4226 3073 4301 (Ephes.
3128 4245 3166 4295 ι,
3195 4230 3352 4302 5-I‘2)
3377 4249 3390 4284 :
3417 4231 3568 4308 quis,

1976 4316 2213 4387 inquam,
2243 4315 2358 4372 haec
2383 4316 2562 4372 audiat
2589 4317 2872 4389 diligenter
2895 4328 2951 4373 et
2987 4318 3362 4392 iutelligcnter,
3390 4329 3445 4375 et
3465 4338 3560 4376 au-

1975 4406 2098 4462 deat
2123 4406 2192 4462 de
2220 4406 2341 4469 hac,
2371 4423 2526 4478 quam
2553 4409 2908 4476 defendimus,
2931 4419 3038 4466 tam
3061 4413 3201 4467 clara
3225 4413 3448 4468 veritate
3463 4413 3560 4469 du-

1975 4495 2146 4552 bitare
2176 4497 2234 4552 "i
2261 4498 2432 4569 Elegit
2466 4500 2607 4554 Deus
2645 4500 2698 4554 in
2722 4500 2938 4556 Christo
2970 4513 3092 4557 ante
3128 4503 3560 4560 constitutionem

1974 4587 2160 4643 mundi
2207 4589 2444 4644 tuetubra
2477 4589 2636 4659 ejus:
2679 4600 2733 4645 et
2756 4592 3024 4660 quomodo
3069 4594 3289 4664 eligeret
3329 4611 3426 4651 eos
3469 4595 3560 4665 qui

1975 4679 2213 4733 nondum
2241 4692 2416 4747 erant,
2446 4682 2544 4735 nisi
2574 4681 3040 4752 prasdestiuando?
3068 4685 3239 4756 Elegit
3267 4703 3398 4757 ergo
3422 4704 3561 4758 pra:-

1974 4768 2249 4826 destiuans
2290 4785 2406 4826 nos.
2454 4771 2721 4843 Numquid
2760 4775 2982 4845 eligeret
3020 4775 3211 4845 impios
3247 4788 3304 4832 et
3329 4779 3559 4833 itntuun-

1974 4861 2265 4918 dos‘lNam
2291 4864 2336 4918 si
2363 4864 2586 4934 quaestio
2629 4877 2976 4936 proponatur,
3013 4876 3188 4922 utrum
3233 4869 3332 4924 bos
3376 4871 3556 4940 eligat,

2039 5045 2054 5110 ξ
2081 5043 2219 5110 Editi,
2243 5041 2400 5110 elegit.
2427 5043 2596 5110 Plures
2616 5052 2746 5110 Mss"
2769 5045 2919 5110 eligit.

2037 5106 2058 5169 ξ
2083 5103 2457 5169 Plerique'Mss.,
2481 5103 2699 5169 iambis.

2039 5167 2491 5244 '__‘_"?_'-:°‘_-,'I“fft-
2517 5167 2570 5244 i9
2602 5167 2930 5244 rerum
3175 5171 3554 5244 ,ιιιηάεεροείιξιι

1971 5241 2117 5289 nem;
2149 5241 2246 5279 uno
2291 5237 2500 5291 excepto
2524 5231 2805 5280 Corbeiensi
2841 5233 2926 5295 qui
2969 5232 3138 5294 habet,
3168 5231 3221 5283 in
3241 5231 3552 5299 dispe'nsatim

1971 5303 2205 5429 Ῠῗιξςιίξί,
2219 5350 2314 5429 Ριίές
2334 5351 2634 5429 esse???
2651 5351 2788 5429 199°,
2821 5353 3118 5428 ρτσνοεειαξτι
3152 5355 3276 5429 9198.-
3299 5351 3359 5429 IM
3392 5370 3561 5429 maui-

1969 5413 2136 5474 scripti
2159 5411 2238 5463 hic
2259 5420 2312 5462 et
2333 5411 2457 5462 infra
2478 5411 2781 5472 constanter,
2791 5411 2981 5465 necnon
2997 5417 3086 5479 Ipsi
3105 5411 3220 5466 editi
3245 5418 3384 5477 intra,
3411 5433 3460 5480 ιι.
3478 5419 3558 5478 '58,

1970 5480 2298 5530 praetereunt,
2329 5473 2436 5530 ejus
2463 5485 2482 5524 :
2505 5475 2632 5530 quod
2671 5474 2940 5530 exsiliatudi
2975 5477 3065 5528 loci
3112 5489 3254 5528 causa
3271 5513 3286 5530 .
3311 5492 3358 5528 ιι.
3387 5480 3466 5530 57.
3491 5495 3559 5530 sic

1970 5473 2298 5547 praetereunt,
2329 5473 2436 5546 ejus
2463 5485 2482 5524 :
2505 5475 2632 5538 quod
2671 5474 2940 5538 extllicandi
3112 5489 3254 5528 causa
3271 5513 3286 5538 ,
3311 5473 3466 5540 n.'57,
3491 5473 3559 5530 sn"

1969 5535 2133 5605 adjicit
2151 5543 2444 5598 augusttuus
2466 5549 2480 5586 :
2499 5536 2770 5588 secundum
2793 5546 3103 5602 propositum,
3117 5551 3210 5590 non
3223 5546 3454 5603 nostrth
3473 5543 3560 5593 sed

1969 5609 2196 5732 efﬁfatss.
2225 5659 2446 5732 gallicaui
2466 5673 2639 5732 cunnos
2655 5668 2708 5732 et
2723 5662 2950 5732 Vaticani,
2975 5662 3035 5714 de
3077 5661 3166 5715 .‘tac
3187 5675 3263 5728 re,
3297 5677 3442 5730 quam
3474 5665 3558 5718 de-

1970 5718 2215 5782 fendimus
2239 5727 2337 5772 tant
2360 5718 2728 5774 clara'reritate.
2747 5718 2985 5774 dubitare.
