3972 6178
443 259 544 316 987

441 393 507 431 an
527 379 698 446 potius
717 387 926 436 sanctos
949 390 1002 436 et
1021 376 1411 440 immaculatos;
1433 373 1556 446 quid
1577 373 1764 429 herum
1787 388 2008 445 reSpon-

445 465 563 520 deat
591 469 710 536 quis
752 471 986 540 requirat
1022 471 1062 536 ¹,
1089 484 1152 524 ac
1195 482 1300 522 non
1327 466 1503 520 statim
1531 464 1666 520 ierat
1690 479 1788 536 pro
1813 465 2011 521 sanctis

443 555 896 630 immaculatisque
923 559 1281 616 sententiam?

512 650 598 703 56.
633 666 652 701 ο
687 651 1000 706 Ρηθεοίθιιει
1029 667 1156 721 ergo
1189 670 1236 712 ι,
1264 649 1337 704 ait
1377 647 1710 718 Pelagianus,
1747 665 1767 700 ι
1801 647 1890 717 qui
1935 647 2014 702 lu-

444 737 542 790 turi
573 750 749 793 essent
777 744 941 794 sancti
967 753 1019 796 et
1059 740 1374 795 immaculati
1403 755 1496 808 per
1519 737 1699 792 libera:
1727 737 2014 793 voluntatis

440 827 712 882 arbitrium
745 847 759 883 :
790 841 843 886 et
871 832 991 887 ideo
1015 847 1110 887 eos
1136 840 1260 886 ante
1289 829 1468 884 mundi
1497 829 1926 884 constitutionem
1957 829 2012 885 in

439 914 551 984 Ipsa
579 934 670 972 sua
701 923 1050 988 pnescientia,
1077 937 1179 992 qua
1207 921 1340 976 tales
1367 919 1570 974 futuros
1583 934 1702 974 esse
1726 919 2009 988 praescivit,

437 1006 616 1077 elegit.
648 1010 816 1081 Elegit
843 1029 990 1084 ergo,
1028 1033 1047 1067 ι
1084 1014 1272 1084 inquit,
1305 1031 1326 1064 ι
1361 1021 1643 1082 antequam
1663 1019 2015 1081 essent,.pr:e-

437 1094 710 1153 destinans
738 1103 890 1167 tilios,
917 1118 1050 1173 quos
1072 1103 1276 1158 futuros
1300 1111 1515 1157 sanctos
1541 1102 2012 1173 immaculatosque

439 1189 744 1253 pru‘scivit:
786 1192 963 1262 utique
1003 1194 1115 1264 ipse
1146 1209 1250 1247 non
1295 1193 1438 1258 fecit,
1484 1207 1582 1246 nec
1629 1206 1687 1246 se
1727 1191 2006 1260 facturum,

437 1277 530 1331 sed
555 1278 672 1331 illos
695 1279 896 1336 l‘utiu-os
911 1299 1028 1338 esse
1047 1285 1300 1353 pr:evidit.
1330 1301 1350 1335 ι
1381 1284 1683 1338 Intueamur
1701 1298 1830 1352 ergo
1847 1282 2008 1338 verba

438 1368 696 1434 Apostoli,
743 1381 900 1440 atque
941 1374 1209 1428 videamus
1248 1382 1420 1428 utrum
1454 1384 1729 1443 propterea
1772 1391 1869 1430 nos
1895 1375 2008 1430 ele-

435 1457 571 1522 gerit
605 1469 728 1513 ante
771 1463 949 1518 uutudi
995 1465 1422 1518 constitutionem
1449 1505 1464 1529 ,
1489 1468 1610 1534 quia
1637 1465 1802 1519 sancti
1829 1475 1881 1520 et
1910 1466 2006 1520 im-

435 1550 678 1603 maculati
709 1550 869 1606 futuri
916 1570 1145 1622 eramus,
1186 1571 1252 1610 an
1292 1563 1348 1610 ut
1385 1571 1644 1611 essemus.
1687 1555 2003 1624 Benedictus,

434 1637 623 1707 inquit,
659 1642 794 1697 Deus
821 1654 868 1698 et
901 1645 1056 1699 Pater
1086 1645 1290 1700 Domini
1328 1648 1485 1700 nostri
1525 1645 1650 1700 Jesu
1680 1645 1886 1711 Christi,
1923 1649 2008 1714 qui

433 1744 526 1780 nos
545 1731 788 1785 benedixit
807 1734 856 1786 in
883 1736 1020 1788 omni
1044 1735 1380 1789 benedictione
1398 1735 1648 1806 spirituali
1663 1736 1713 1790 in
1729 1737 2005 1792 coelestibus

432 1818 484 1871 in
503 1818 699 1874 Christo
725 1837 743 1874 :
761 1825 888 1877 sicut
903 1825 1049 1895 elegit
1070 1843 1158 1879 nos
1175 1828 1225 1879 in
1247 1827 1356 1896 ipso
1375 1837 1490 1880 ante
1506 1828 1680 1882 mundi
1693 1829 2006 1882 constitutio-

433 1923 565 1974 nem,
595 1919 647 1962 ut
671 1927 886 1966 essemus
905 1917 1064 1968 sancti
1083 1925 1128 1969 et
1152 1917 1479 1970 immaculati.
1500 1915 1614 1971 Non
1645 1933 1772 1988 ergo
1789 1919 1910 1988 quia
1931 1916 2006 1973 fu-

433 1997 534 2050 turi
562 2015 792 2065 eramus,
810 2003 902 2057 sed
921 2013 974 2056 ut
993 2020 1226 2059 essemus.
1249 2005 1447 2075 Nempe
1463 2015 1664 2061 certum
1687 2017 1788 2074 est,
1813 2023 2004 2078 nempe

431 2090 766 2144 manifestum
795 2104 876 2146 est
897 2111 912 2145 :
937 2095 1053 2148 ideo
1077 2097 1267 2165 quippe
1292 2097 1423 2152 tales
1437 2113 1648 2153 eramus
1680 2098 1859 2160 futuri,
1881 2100 2001 2170 quia

429 2177 586 2248 elegit
613 2181 740 2248 ipse,
775 2183 1153 2250 pra-destinatis
1182 2194 1239 2240 ut
1267 2186 1396 2242 tales
1417 2201 1512 2256 per
1535 2186 1756 2256 gratiam
1783 2187 1898 2256 ejus
1917 2202 2005 2243 es-

429 2282 627 2323 semus.
662 2271 731 2325 Ita
763 2289 888 2344 ergo
917 2291 1007 2328 nos
1049 2276 1294 2331 benedixit
1323 2278 1658 2332 benedictione
1680 2279 1933 2349 spirituali
1950 2279 2002 2334 in

430 2361 707 2416 caelestibus
727 2363 778 2418 in
807 2363 1006 2420 Christo
1030 2365 1178 2434 Iesu,
1206 2369 1335 2422 sicut
1363 2368 1510 2439 elegit
1547 2385 1638 2423 nos
1675 2369 1728 2422 in
1751 2369 1861 2439 ipso
1885 2378 2002 2422 ante

429 2450 606 2501 mundi
635 2453 1057 2517 constitutionem,
1105 2464 1159 2507 ut
1195 2472 1413 2511 essemus
1437 2457 1598 2509 sancti
1625 2466 1671 2510 et
1694 2457 2003 2510 immaculati

428 2537 482 2590 in
511 2551 774 2609 conspectu
804 2543 932 2611 ejus,
969 2545 1021 2596 in
1047 2544 1290 2598 charitate
1310 2545 1668 2614 prwdestinans
1698 2563 1789 2600 nos
1821 2547 1874 2600 in
1907 2547 2002 2600 ad-

435 2627 688 2692 optionem
716 2629 938 2696 ﬁlioru’m
964 2647 1053 2700 per
1073 2631 1248 2687 Iesum
1263 2630 1516 2686 Christum
1530 2635 1582 2686 in
1598 2635 1782 2704 ipsum.
1804 2635 2001 2690 Deinde

427 2713 550 2782 quid
575 2715 847 2785 adjungat,
875 2719 1170 2775 attendite:
1210 2721 1478 2775 secundum
1507 2723 1769 2792 placitum,
1809 2725 1997 2795 inquit,

431 2805 700 2860 uoluntatis
723 2824 860 2874 suae;
883 2825 948 2863 ne
975 2809 1026 2864 in
1055 2819 1198 2865 tanto
1224 2811 1478 2868 beneficio
1503 2813 1686 2882 gratiae
1714 2812 1782 2869 de
1808 2815 2000 2884 placito

423 2894 773 2962 gloriaremur
798 2898 820 2929 ⁸
854 2899 1139 2956 voluntatis
1185 2909 1399 2956 nostrae.
1445 2899 1657 2972 In-qua
1699 2903 2000 2974 grati/icacit

424 2997 540 3048 nos,
566 2983 753 3054 inquit,
780 2985 832 3040 in
860 2987 1039 3042 dilecto
1066 2987 1201 3042 Filio
1227 3006 1320 3044 suo
1345 3005 1364 3044 :
1390 2990 1442 3044 in
1472 3005 1572 3060 qua
1599 2991 1779 3061 utique
1805 2994 1997 3049 volun-

393 3095 402 3107 κ
427 3082 532 3128 tate
555 3089 646 3128 sua
676 3076 994 3144 gratiticavit
1018 3093 1134 3136 nos.
1161 3079 1249 3136 Sic
1283 3079 1478 3136 dictum
1505 3091 1588 3137 est
1627 3083 1939 3154 gratiﬁcavit
1966 3101 1996 3140 a

421 3164 610 3231 gratia,
646 3165 784 3220 sicut
805 3163 1116 3236 justiticavit
1154 3169 1348 3225 dicitur
1369 3186 1400 3226 a
1433 3171 1656 3241 justitia.
1689 3171 1872 3242 Inque
1900 3175 1996 3228 ha-

421 3251 612 3316 bemus,
643 3255 832 3324 iuquit,
857 3259 1240 3327 redemptionem
1267 3277 1357 3329 per
1375 3264 1672 3331 sanguinem
1698 3265 1878 3332 ipsius,
1917 3283 1998 3320 re—

420 3342 705 3396 missionem
743 3355 1058 3414 peccatorum
1099 3348 1376 3400 secundum
1402 3351 1602 3404 divitias
1645 3355 1824 3422 gratiae
1863 3356 1994 3426 ejus,

423 3447 537 3502 quia
565 3432 836 3489 abundauit
855 3435 910 3490 in
937 3451 1028 3490 nos
1052 3438 1106 3492 in
1130 3439 1268 3492 omni
1289 3441 1536 3508 sapientia
1563 3453 1610 3496 et
1634 3445 1919 3514 prudentia,
1941 3457 1998 3502 ut

422 3527 700 3578 ostenderet
744 3528 882 3582 nobis
928 3531 1218 3598 mysterium
1257 3531 1529 3588 voluntatis
1564 3551 1691 3602 sum,
1721 3539 1996 3595 secundum

421 3611 601 3666 bonam
627 3616 928 3671 voluntatem
959 3634 1122 3672 suam.
1160 3617 1216 3674 In
1270 3621 1372 3678 hoc
1413 3625 1668 3693 mysterio
1710 3628 1995 3684 voluntatis

420 3718 530 3757 sua:
556 3705 728 3772 posuit
757 3697 962 3762 divitias
989 3711 1172 3778 gratia:
1197 3727 1328 3778 sute,
1356 3714 1645 3770 secundum
1688 3717 1879 3772 bonam
1903 3734 1996 3773 vo-

420 3793 672 3851 luntatem
701 3811 872 3863 suam,
914 3814 1019 3855 non
1062 3802 1350 3857 secundum
1383 3815 1616 3860 nostram
1657 3822 1818 3877 :qute
1856 3810 1992 3866 bona

415 3897 536 3938 esse
575 3901 678 3938 non
707 3896 905 3956 posset,
936 3889 1034 3942 nisi
1071 3890 1182 3959 ipse
1210 3891 1500 3948 secundum
1527 3895 1718 3950 bonam
1751 3899 1994 3954 volunta-

419 3983 522 4028 tem
549 3989 719 4043 suam,
749 3985 804 4032 ut
831 3978 965 4034 bona
992 3978 1163 4048 fleret,
1194 3982 1517 4038 subveniret.
1545 3985 1674 4040 Cum
1705 3998 1879 4043 autem
1906 3990 1990 4045 di-

417 4068 613 4135 xisset,
641 4070 928 4126 Secundum
959 4073 1140 4128 bonam
1177 4076 1477 4130 voluntatem
1517 4095 1700 4142 suam;
1742 4081 1986 4150 subjecit,

420 4174 564 4228 quam
589 4161 846 4230 proposuit
874 4161 925 4215 in
953 4163 1062 4228 illo,
1095 4163 1144 4218 id
1175 4173 1276 4230 est,
1310 4164 1362 4219 iu
1393 4165 1586 4222 dilecto
1625 4167 1758 4223 Filio
1787 4183 1903 4233 suo,
1935 4173 1988 4225 in

419 4249 786 4320 dispensatione
831 4250 1156 4322 plenitudinis
1191 4264 1470 4326 temporum
1507 4257 1792 4313 instaurare
1819 4261 1988 4332 omnia

410 4337 464 4390 in
489 4337 705 4402 Christo,
731 4355 844 4410 quia
863 4341 914 4394 in
935 4341 1070 4397 ctelis
1093 4352 1229 4410 sunt,
1251 4353 1296 4397 et
1318 4360 1432 4413 qua:
1450 4345 1502 4399 in
1529 4347 1672 4400 terris
1691 4347 1741 4400 in
1764 4349 1908 4418 ipso:
1934 4350 1986 4404 in

409 4443 510 4496 quo
543 4429 691 4482 etiam
719 4439 764 4483 et
791 4441 976 4484 sortem
1005 4435 1255 4488 consecuti
1284 4451 1484 4503 sumus,
1518 4439 1860 4508 praedestinati
1900 4458 1984 4496 se-

407 4519 626 4572 cundum
665 4521 970 4590 propositum
994 4563 1009 4586 ,
1047 4525 1135 4593 qui
1171 4526 1402 4580 uniuersa
1438 4540 1673 4595 aperatur
1713 4533 1986 4588 secundum

405 4609 671 4664 consilium
695 4609 962 4666 voluntatis
980 4629 1106 4680 suae,
1120 4624 1173 4667 ut
1188 4615 1344 4670 simus
1362 4617 1416 4669 in
1437 4617 1637 4672 laudem
1657 4621 1832 4690 gloria:
1851 4623 1979 4691 ejus.

477 4701 566 4756 37.
594 4701 759 4756 Nimis
784 4703 993 4774 longum
1009 4713 1090 4759 est
1111 4705 1178 4760 de
1199 4707 1415 4777 singulis
1439 4708 1728 4778 disputare.
1754 4713 1983 4770 Ccrnitis

403 4800 580 4847 autem
621 4795 799 4862 procul
842 4795 1020 4860 dubio,
1059 4797 1276 4851 cernitis
1317 4807 1510 4866 quanta
1561 4800 1981 4859 manilestatione

402 4885 682 4954 apostolici
711 4887 904 4957 eloquii
934 4886 1246 4943 defendatur
1271 4887 1384 4944 haec
1411 4891 1797 4960 gratia,contra
1819 4909 1976 4964 quam

401 4973 589 5028 merita
635 4975 962 5031 extolluntur
995 4976 1248 5043 humana,
1295 4987 1544 5048 tauquam
1586 4979 1745 5036 homo
1781 4983 1977 5053 aliquid

401 5065 550 5133 prior
576 5064 687 5132 det,
720 5073 780 5120 ut
804 5066 1127 5122 retribuatur
1153 5068 1222 5122 ei.
1267 5068 1439 5141 Elegit
1465 5086 1592 5142 ergo
1635 5089 1731 5127 nos
1760 5074 1897 5129 Deus
1925 5076 1975 5130 in

397 5154 608 5211 Christo
629 5165 754 5212 ante
775 5157 956 5212 mundi
985 5158 1434 5227 constitutionem,
1469 5161 1854 5230 prmdestiuaus
1878 5180 1978 5220 nos

399 5244 450 5298 in
479 5245 817 5316 adoptionem
864 5247 1131 5306 ﬁliorum:
1165 5263 1270 5304 non
1311 5251 1429 5320 quia
1471 5265 1568 5321 per
1604 5267 1704 5308 nos
1729 5255 1894 5308 sancti
1920 5263 1978 5311 et

461 5463 478 5534 ξ
501 5463 637 5524 mliti,
652 5465 739 5534 qui
756 5471 1052 5534 requiratur.
1075 5469 1228 5520 Nostri
1251 5483 1422 5520 omnes
1441 5477 1571 5530 Mss,
1596 5469 1703 5533 quis
1724 5469 1972 5534 requirat?

400 5532 530 5584 puts,
550 5529 688 5585 quam
711 5528 888 5578 dubius
904 5536 956 5580 et
975 5531 1208 5580 incertus.

459 5587 478 5616 ι
501 5584 636 5658 aliti,
656 5587 828 5658 gratia:
852 5588 956 5658 Dei,
981 5590 1156 5653 placito
1178 5590 1514 5656 gloriarenutr.
1557 5593 1879 5644 Erncudantur
1902 5606 1964 5643 ex

397 5656 748 5708 manuscttpus.
893 5657 906 5664 ‘

1683 258 1738 313 S.
1783 255 2144 314 AUGUSTINI
2185 256 2476 314 EPISCOI’I

3588 276 3692 334 938

2123 376 2442 432 immaculati
2471 377 2628 449 futuri
2656 394 2888 447 eramus,
2911 381 3002 438 sed
3022 383 3178 454 elegit
3199 387 3694 462 prtedestinavitque

2116 474 2176 520 ut
2200 481 2458 523 essemus.
2493 467 2642 524 Fecit
2665 481 2840 524 autem
2871 470 2971 527 hoc
2999 476 3282 530 secundum
3312 479 3566 548 placitum
3592 497 3688 535 Vu-

2117 553 2334 612 luntatis
2361 572 2492 622 suae,
2521 568 2579 612 ut
2605 573 2760 614 nemo
2783 559 2850 614 de
2892 575 3007 626 sua,
3055 562 3152 618 sed
3193 564 3262 620 de
3299 566 3436 623 illius
3475 585 3606 636 erga
3636 586 3688 625 se

2115 645 2384 702 voluntate
2409 648 2664 717 glorietur
2693 668 2707 705 :
2735 647 2856 705 fecit
2887 650 2988 707 hoc
3008 654 3302 709 secundum
3333 656 3542 712 divitias
3571 675 3664 730 gra

2119 735 2204 790 tite
2245 750 2374 800 suae,
2416 739 2704 794 secundum
2748 741 2942 796 bonam
2981 743 3300 799 voluntatem
3333 760 3505 814 suam,
3533 765 3688 819 quam

2117 828 2390 898 proposuit
2416 831 2466 884 in
2490 827 2682 886 dilecto
2705 831 2842 888 Filio
2860 850 2979 900 suo,
3008 835 3059 890 in
3079 852 3182 906 quo
3197 848 3398 893 sortem
3419 843 3686 896 censecuti

2116 930 2319 985 sumus,
2361 908 2716 990 praedestinati
2747 925 3036 980 secundum
3065 929 3414 998 propositum,
3461 945 3568 984 non
3594 945 3686 985 uo-

2115 1016 2301 1072 strum,
2343 1010 2438 1064 sed
2486 1011 2622 1080 ejus,
2659 1013 2750 1084 qui
2794 1015 3037 1070 universa
3065 1027 3332 1087 operatur,
3361 1034 3533 1090 usque
3557 1019 3685 1075 adeo

2115 1105 2173 1151 ut
2210 1097 2324 1168 ipse
2365 1103 2419 1154 in
2453 1102 2605 1157 nobis
2644 1114 2894 1171 Operetur
2930 1115 2986 1160 et
3020 1108 3153 1162 velle
3179 1107 3439 1181 (Philipp.
3470 1124 3542 1176 II,
3575 1111 3684 1177 l3).

2113 1187 2377 1257 Operatur
2401 1201 2578 1246 autem
2615 1193 2905 1249 secundum
2943 1197 3218 1251 consilium
3246 1200 3532 1254 voluntatis
3553 1215 3685 1260 suae.

2113 1286 2170 1330 ut
2189 1279 2356 1332 simus
2382 1279 2432 1336 in
2455 1279 2664 1336 laudem
2689 1283 2872 1352 glorias
2899 1283 3033 1354 ejus.
3063 1285 3196 1340 Hinc
3224 1296 3304 1341 est
3330 1287 3470 1357 quod
3497 1289 3698 1344 clama-

2113 1383 2252 1432 mus,
2285 1379 2342 1424 ut
2389 1388 2534 1426 nemo
2573 1373 2814 1443 glorietur
2849 1377 2904 1429 in
2945 1376 3144 1430 homine
3168 1377 3212 1446 (I
3238 1377 3354 1432 Cor.
3387 1395 3466 1445 tn,
3487 1379 3602 1452 21),
3625 1397 3686 1439 ac

2110 1473 2210 1528 per
2233 1459 2334 1514 hoc
2366 1476 2463 1515 nec
2488 1463 2540 1516 in
2575 1477 2633 1518 se
2663 1463 2810 1533 ipso;
2842 1463 2936 1520 sed
2961 1465 3050 1536 qui
3070 1467 3337 1537 gloriatur,
3381 1471 3434 1523 in
3469 1470 3681 1526 Domino

2109 1549 2350 1619 glorietur
2369 1549 2477 1620 (Id.
2507 1568 2544 1617 t,
2575 1553 2686 1620 51),
2712 1543 2768 1608 ut
2795 1555 2960 1610 simus
3000 1555 3052 1610 in
3097 1557 3306 1612 laudem
3335 1559 3520 1629 glorim
3547 1562 3681 1628 ejus.
3759 1547 3766 1556 ’

2109 1639 2227 1708 Ipse
2251 1642 2444 1710 quippe
2471 1653 2720 1712 operatur
2755 1646 3044 1700 secundum
3073 1649 3398 1717 propositum
3425 1666 3602 1716 suum,
3630 1661 3685 1707 ut

2108 1731 2274 1786 simus
2304 1731 2354 1784 in
2385 1732 2590 1787 laudem
2617 1735 2796 1804 gloria:
2822 1734 2958 1805 ejus,
2983 1737 3163 1806 utique
3189 1738 3358 1793 sancti
3399 1749 3455 1794 et
3499 1740 3680 1797 imma-

2107 1821 2288 1885 culati,
2319 1831 2536 1893 propter
2577 1824 2719 1895 quod
2765 1841 2863 1880 nos
2889 1829 3116 1895 vocavit,
3150 1829 3534 1899 predestiusns
3557 1845 3680 1888 ante
3775 1835 3784 1850 '

2107 1911 2288 1965 mundi
2316 1913 2767 1970 constitutionem.
2807 1915 2885 1971 Ex
2926 1915 3026 1972 hoc
3055 1919 3322 1987 proposito
3348 1920 3466 1989 ejus
3485 1931 3568 1976 est
3593 1922 3677 1978 illa

2107 2002 2396 2057 electorum
2432 2006 2643 2074 propria
2684 2008 2908 2072 vacatio,
2941 2009 3131 2079 quibus
3158 2011 3334 2064 omnia
3363 2023 3678 2080 cooperator

2106 2091 2159 2146 in
2203 2094 2586 2164 bonumzquia
2633 2097 2920 2156 secundum
2964 2101 3291 2170 propositum
3341 2105 3512 2174 vocati
3555 2115 3679 2160 sunt

2106 2179 2282 2250 (Rom.
2311 2197 2426 2250 vm,
2455 2183 2571 2254 28),
2603 2194 2656 2242 et
2695 2186 2811 2242 sine
2847 2189 3156 2257 paenitentia
3193 2199 3318 2246 sunt
3342 2191 3485 2247 dona
3511 2203 3565 2248 et
3587 2211 3679 2250 vo-

2107 2273 2246 2328 catio
2273 2275 2388 2328 Dei.

2175 2383 2400 2442 CAPUT
2414 2387 2632 2443 XIX.—
2650 2389 2738 2446 58.
2769 2390 2873 2446 Sed
2905 2393 2958 2447 hi
2985 2394 3173 2458 nostri,
3206 2394 3274 2450 de
3301 2397 3490 2466 quibus
3505 2407 3558 2453 et
3581 2415 3678 2469 pro

2103 2476 2292 2545 quibus
2315 2493 2456 2534 nunc
2481 2481 2701 2549 agimus,
2738 2481 2957 2539 forsitan
2988 2485 3191 2551 dicunt,
3223 2486 3534 2557 Pelagianos
3576 2491 3678 2548 hoc

2102 2567 2394 2636 apostolico
2423 2571 2725 2628 testimonio
2762 2573 2999 2641 refutari,
3033 2575 3120 2630 ubi
3146 2576 3272 2631 dicit
3299 2578 3415 2632 ideo
3443 2595 3544 2634 nos
3568 2583 3678 2638 ele-

2103 2666 2218 2712 ctos
2244 2657 2298 2712 in
2325 2656 2537 2714 Christo
2581 2670 2634 2716 et
2673 2663 3076 2731 prtedestinatos
3100 2676 3226 2722 ante
3254 2667 3436 2722 mundi
3473 2673 3676 2726 consti-

2103 2749 2382 2814 tutionem,
2416 2757 2472 2804 ut
2495 2765 2734 2806 essemus
2758 2753 2924 2808 sancti
2953 2762 3008 2808 et
3031 2753 3353 2810 immaculati
3375 2756 3427 2810 in
3448 2773 3676 2828 conspe-

2101 2844 2190 2892 ctu
2219 2837 2335 2906 ejus
2377 2839 2428 2894 iu
2469 2840 2748 2897 cbaritate.
2791 2841 2892 2913 Ipsi
2941 2844 3082 2898 enim
3136 2853 3344 2917 putant,
3397 2867 3418 2900 ι
3446 2852 3676 2920 acceptis

2101 2932 2380 3000 praeceptis
2419 2931 2528 3002 jam
2575 2949 2672 3004 per
2702 2950 2802 2989 nos
2831 2937 2975 3006 ipsos
3019 2936 3134 2992 ﬁeri
3172 2938 3353 2993 liberae
3387 2940 3674 2998 voluntatis

2099 3020 2319 3076 arbitrio
2344 3032 2558 3078 sanctos
2575 3034 2645 3080 "et
2681 3028 3064 3094 immaculatos,
3093 3027 3144 3082 in
3171 3042 3457 3099 conspectu
3483 3033 3599 3102 ejus
3619 3035 3670 3089 in

2099 3111 2396 3167 charitate:
2429 3114 2569 3183 quod
2608 3113 2839 3170 futurum
2881 3118 3022 3173 Deus
3057 3121 3305 3190 quoniam
3337 3125 3621 3192 praescivit,
3646 3145 3667 3178 ι

2099 3199 2364 3271 inquiunt,
2391 3221 2412 3254 ι
2439 3203 2560 3258 ideo
2582 3220 2680 3260 nos
2704 3214 2828 3260 ante
2854 3209 3034 3262 mundi
3059 3211 3492 3268 mutilationem
3512 3216 3675 3287 elegit

2097 3298 2154 3345 et
2191 3293 2582 3362 praedestinavit
2613 3295 2664 3348 in
2688 3294 2922 3350 Christo.
2953 3317 2973 3350 ι
3001 3295 3131 3354 Cum
3177 3299 3319 3354 dicat
3366 3303 3670 3373 Apostolus,

2097 3379 2212 3436 Non
2241 3383 2361 3452 quia
2389 3381 2592 3438 futuros
2625 3384 2756 3440 tales
2793 3401 2890 3441 nos
2923 3402 3044 3444 esse
3068 3390 3348 3458 przescivit,
3379 3393 3471 3446 sed
3501 3403 3556 3448 ut
3577 3409 3668 3449 es-

2098 3485 2277 3527 semus
2316 3474 2446 3528 tales
2483 3489 2579 3544 per
2618 3475 2784 3544 ipsam
2829 3477 3142 3532 electionem
3180 3480 3363 3551 gratia:
3400 3495 3532 3548 suae,
3567 3499 3668 3553 qua

2096 3562 2407 3631 gratilicavit
2435 3580 2532 3620 nos
2563 3565 2614 3619 in
2635 3565 2837 3622 dilecto
2880 3567 3018 3622 Filio
3064 3583 3180 3624 suo.
3228 3570 3363 3626 Cum
3411 3588 3538 3643 ergo
3574 3589 3669 3629 nos

2097 3651 2506 3730 praedestinavit,
2534 3669 2668 3723 opus
2693 3670 2846 3722 suum
2874 3659 3156 3730 prmscivit,
3184 3676 3290 3730 quo
3319 3677 3417 3717 nos
3452 3676 3665 3721 sanctos

2096 3751 2152 3795 et
2171 3727 2534 3799 immaculatds
2555 3743 2696 3800 facit.
2729 3745 2882 3802 Unde
2905 3759 3052 3806 recte
3073 3727 3174 3806 hoc
3203 3727 3505 3808 tcsﬁmouio
3526 3754 3669 3810 Pela-

2094 3831 2281 3902 gianus
2299 3848 2450 3888 error
2477 3836 2738 3905 arguitur.
2775 3855 2794 3890 t
2820 3837 2927 3892 Nos
2953 3849 3128 3895 autem
3167 3839 3414 3910 dicimus,
3447 3863 3466 3896 ι
3499 3844 3669 3916 inqui-

2096 3932 2206 3987 unt,
2245 3941 2266 3975 t
2300 3935 2533 3979 nostram
2573 3927 2740 3980 Deum
2788 3945 2894 3982 non
2925 3930 3202 3998 przescisse
3229 3933 3330 3987 nisi
3359 3933 3540 3997 Iidem,
3566 3952 3667 4006 qua

2093 4013 2313 4069 credere
2342 4015 2640 4085 incipimus,
2679 4025 2732 4071 et
2777 4018 2897 4073 ideo
2926 4035 3024 4074 nos
3059 4022 3282 4093 elegisse
3321 4034 3445 4078 ante
3485 4027 3668 4082 mundi

2093 4103 2546 4166 constitutionem,
2577 4121 2641 4160 ac
2670 4107 3096 4175 prmdestinasse.
3144 4120 3200 4166 ut
3226 4113 3384 4168 etiam
3417 4119 3584 4170 sancti
3614 4127 3669 4172 et

2093 4193 2414 4250 immaculati
2453 4198 2619 4266 gratia
2658 4209 2816 4268 atque
2861 4215 3021 4268 opere
3063 4203 3178 4270 ejus
3218 4219 3474 4260 essemus.
3508 4227 3528 4258 ι
3560 4207 3665 4262 Sed

2090 4285 2306 4340 audiant
2347 4294 2401 4340 et
2452 4287 2550 4356 ipsi
2595 4289 2646 4341 in
2683 4287 2782 4344 hoc
2821 4290 3142 4356 tesdmonio,
3172 4293 3258 4347 ubi
3289 4295 3433 4362 dicit,
3465 4296 3665 4352 Sortem

2090 4377 2340 4428 consecuti
2357 4393 2547 4442 sumus,
2570 4377 2908 4448 prwdestinati
2930 4381 3200 4435 secundum
3225 4387 3556 4452 preposituru.
3577 4389 3666 4456 qui

2089 4468 2321 4520 universa
2350 4477 2607 4534 operatur.
2649 4467 2766 4536 Ipse
2813 4483 2941 4540 ergo
2985 4479 3041 4524 ut
3085 4472 3305 4528 credere
3353 4473 3664 4544 incipiamus

2089 4565 2362 4625 operatur,
2389 4559 2478 4627 qui
2507 4559 2752 4613 universa
2781 4571 3051 4628 operatur.
3101 4560 3442 4618 Vocatiouem
3469 4566 3664 4636 quippe

2087 4648 2231 4702 illam
2271 4649 2338 4703 de
2381 4664 2484 4718 qua
2518 4649 2717 4704 dictum
2753 4658 2857 4718 est,
2909 4651 3035 4706 Sine
3079 4655 3364 4721 pcenitentia
3389 4659 3521 4710 enim
3547 4669 3658 4713 sunt

2085 4741 2220 4794 dona
2245 4749 2292 4793 et
2324 4743 2514 4796 uacatio
2552 4741 2645 4795 Dei
2665 4740 2837 4814 (Rom.
2880 4758 2955 4810 xi,
2991 4743 3116 4814 29);
3160 4756 3214 4799 et
3241 4744 3309 4800 de
3335 4763 3434 4816 qua
3461 4748 3659 4803 dictum

2085 4839 2187 4898 est,
2219 4829 2338 4885 Non
2366 4847 2429 4886 ex
2449 4832 2700 4901 operibus,
2728 4833 2817 4886 sed
2843 4849 2907 4887 ex
2929 4843 3136 4890 vacante
3155 4833 3268 4907 (Id.
3292 4853 3364 4902 ix,
3401 4837 3516 4905 l2);
3538 4856 3660 4893 cum

2083 4931 2264 4992 posset
2293 4921 2487 4987 dicere,
2515 4922 2619 4978 Sed
2647 4937 2714 4978 ex
2746 4926 3034 4980 credente:
3067 4935 3118 4979 et
3160 4927 3472 4981 electionem
3499 4943 3657 4996 quam

2080 5012 2394 5082 signiﬁcavit
2422 5011 2696 5076 Dominus,
2723 5012 2923 5078 dicens,
2953 5012 3074 5068 Non
3093 5030 3188 5069 eos
3214 5017 3544 5086 meelegistis.
3569 5019 3662 5071 sed

2081 5119 2172 5174 ego
2193 5118 2280 5157 cos
2296 5101 2422 5173 elegi
2451 5100 2628 5172 (Joan.
2661 5115 2752 5170 sv,
2780 5103 2901 5174 16);
2933 5119 3032 5160 nec
3063 5105 3192 5160 lides
3233 5107 3344 5176 ipsa
3385 5107 3656 5174 praecedit.

2081 5191 2194 5248 Non
2222 5195 2363 5248 enim
2413 5192 2534 5262 quia
2571 5192 2914 5260 credidimus,
2959 5193 3054 5250 scd
3101 5203 3158 5248 ut
3196 5195 3474 5251 credamus
3498 5197 3657 5266 elegit

2081 5297 2180 5338 nos
2211 5299 2224 5332 :
2254 5296 2320 5336 ne
2346 5281 2550 5350 priores
2567 5295 2690 5336 eum
2715 5282 2938 5353 elegisse
2961 5282 3220 5347 dicamur,
3244 5283 3542 5355 falsumque
3557 5285 3650 5348 sit,

2079 5372 2218 5442 quod
2239 5373 2392 5436 absit,
2417 5371 2538 5428 Non
2563 5387 2650 5428 vos
2668 5389 2747 5428 me
2771 5374 3005 5445 elegistis,
3035 5374 3124 5428 sed
3149 5391 3238 5445 ego
3265 5389 3351 5445 vos
3374 5375 3518 5446 elegi.
3543 5375 3654 5432 Nec

2079 5464 2197 5533 quia
2226 5463 2566 5528 credidimus,
2593 5462 2685 5518 sed
2707 5473 2761 5517 ut
2781 5462 3058 5518 credamus
3077 5478 3329 5518 vocamur
3351 5481 3363 5516 :
3385 5475 3545 5534 atque
3565 5466 3652 5521 illa

2077 5557 2376 5620 vocatione,
2407 5571 2524 5626 qua:
2546 5556 2662 5610 sine
2685 5555 2992 5624 poenitentia
3011 5565 3112 5620 est,
3145 5555 3198 5611 id
3234 5572 3452 5626 prorsus
3477 5560 3650 5629 agitur

2081 5657 2134 5702 et
2163 5647 2446 5718 peragitur,
2477 5656 2529 5701 ut
2559 5646 2854 5702 credamus.
2876 5644 2986 5704 Nec
3007 5647 3184 5702 omnia
3205 5648 3506 5720 replicauda
3523 5661 3649 5706 sunt
