3972 6178
334 289 436 345 989

330 400 398 455 de
426 399 524 455 hac
553 411 612 452 re
635 404 738 450 tam
771 395 932 450 multa
959 409 1075 464 qua:
1102 393 1351 448 diximus.

403 489 492 544 39.
539 487 774 558 Denique
797 487 922 540 etin
952 485 1108 556 hujus
1130 481 1418 540 testimonii
1439 481 1906 549 consequentibus.

334 581 442 638 Deo
473 579 668 648 gratias
713 578 820 648 agit
857 577 1142 646 Apostolus
1173 589 1268 644 pro
1307 573 1390 628 his
1419 571 1506 642 qui
1535 571 1906 636 crediderunt,

336 689 436 726 non
463 671 643 740 utique
664 669 912 738 quoniam
936 667 1012 722 eis
1034 667 1400 720 annuntiatum
1431 672 1514 718 est
1536 663 1905 730 Evangelium,

333 760 428 816 sed
452 760 702 828 quoniam
719 759 1078 814 crediderunt.
1097 755 1340 810 Aitenim
1377 773 1390 809 :
1413 753 1478 808 In
1505 769 1604 824 quo
1630 763 1674 808 et
1703 769 1788 808 vos
1814 769 1910 806 au-

331 852 522 904 dientes
551 849 750 903 uerbum
793 849 1014 904 ueritatis
1056 847 1386 920 Euangelium
1413 847 1592 900 salutis
1621 857 1795 902 vestra:
1815 889 1826 910 ,
1859 847 1910 900 in

333 959 432 1010 quo
459 942 711 996 credentes
738 942 1062 1013 signati'estts
1091 939 1288 1011 Spiritu
1316 939 1660 1010 promissionis
1699 947 1868 990 sancto
1893 977 1908 1003 ,

332 1033 418 1103 qui
445 1042 516 1085 est
543 1033 722 1102 pignus
750 1032 1056 1085 hwreditatis
1081 1041 1267 1084 nostra:
1285 1070 1301 1095 ,
1328 1031 1381 1082 in
1411 1029 1796 1098 redemptionem
1829 1044 1914 1081 ac-

333 1125 636 1194 quisitionis,
661 1125 712 1178 in
739 1123 938 1177 laudem
967 1123 1144 1194 gloriae
1170 1122 1330 1192 ipsius
1359 1137 1378 1175 :
1409 1131 1614 1190 prapter
1640 1119 1731 1172 hoc
1756 1128 1802 1172 et
1823 1135 1912 1190 ego

335 1215 511 1267 audita
537 1215 638 1284 ﬁde
675 1223 836 1268 vestra
863 1214 916 1266 in
942 1212 1142 1266 Christo
1174 1209 1300 1265 Jesu
1323 1221 1370 1264 et
1399 1211 1450 1263 in
1473 1225 1642 1264 omnes
1671 1219 1870 1262 sanctos
1893 1247 1908 1274 ,

334 1321 436 1358 non
464 1321 600 1358 cesso
626 1305 814 1374 gratias
843 1320 989 1374 agere
1029 1319 1118 1372 pro
1159 1302 1294 1356 vobis
1325 1299 1551 1372 (Ephes.
1583 1315 1622 1365 1,
1655 1299 1724 1354 15
1743 1329 1763 1338 -
1785 1297 1852 1352 16
1871 1297 1910 1367 ).

334 1394 480 1448 Nova
507 1403 621 1447 erat
647 1401 699 1446 et
729 1407 916 1447 recens
942 1408 1126 1448 eorum
1155 1391 1287 1446 ﬁdes
1313 1391 1596 1460 prmdicato
1615 1391 1713 1444 sibi
1743 1390 1913 1444 Evan-

335 1485 472 1556 gelio
494 1525 506 1548 ,
537 1499 638 1553 qua
671 1483 772 1538 lide
801 1484 976 1538 audita
1000 1525 1015 1550 ,
1044 1483 1240 1552 gratias
1273 1483 1379 1537 Deo
1408 1498 1501 1551 pro
1525 1483 1603 1537 eis
1636 1483 1744 1552 agit
1771 1483 1914 1552 Apo-

341 1575 529 1629 stolus.
557 1573 612 1629 Si
661 1571 860 1628 homini
903 1575 1098 1644 gratias
1143 1581 1318 1642 ageret
1361 1587 1457 1642 pro
1484 1587 1550 1628 eo
1581 1571 1720 1642 quod
1766 1573 1913 1626 illum

337 1665 420 1718 vel
453 1673 666 1733 putaret.
699 1679 802 1718 non
837 1663 1146 1732 praestitisse
1181 1664 1264 1716 vel
1307 1672 1526 1728 nosset,
1569 1661 1800 1716 adulatio
1831 1663 1914 1718 vel

339 1755 518 1808 irrisio
546 1755 726 1808 verius
763 1769 919 1824 quam
947 1754 1234 1823 gratiarum
1261 1753 1399 1806 actio
1427 1752 1709 1808 diceretur.
1741 1749 1914 1806 Nolite

345 1861 513 1899 errare
533 1863 551 1911 ;
574 1845 711 1899 Deus
739 1863 838 1899 non
883 1845 1120 1899 irridetur
1151 1845 1166 1876 ¹
1195 1842 1406 1918 (Galat.
1439 1859 1510 1910 vr,
1542 1843 1608 1914 7)
1655 1859 1669 1896 :
1715 1843 1913 1897 donum

341 1935 484 1990 enim
516 1935 630 2003 ejus
658 1943 740 1990 est
767 1936 926 1989 etiam
959 1936 1216 2004 incipiens
1244 1935 1393 2000 ﬁdes,
1426 1949 1492 1990 ne
1519 1935 1754 2004 Apostoli
1785 1933 1914 1988 falsa

339 2026 423 2079 vel
442 2022 594 2077 fallax
616 2025 903 2093 gratiarum
921 2025 1058 2079 actio
1082 2025 1270 2080 merito
1285 2024 1572 2094 iudicetur.
1595 2024 1730 2092 Quid
1752 2025 1916 2078 illud?

277 2185 306 2192 ι
341 2131 517 2169 nonne
557 2116 761 2170 initium
807 2116 928 2171 ﬁdei
972 2127 1192 2186 apparet
1228 2117 1778 2172 Thessalonicensium
1805 2159 1820 2184 ,
1849 2118 1916 2173 de

301 2191 306 2194 ’
340 2221 446 2274 quo
476 2213 652 2260 tamen
687 2206 824 2260 idem
856 2207 1130 2276 apostolus
1161 2209 1270 2262 Deo
1296 2210 1493 2277 gratias
1521 2207 1660 2278 agit,
1690 2209 1869 2262 dicens
1896 2250 1910 2274 ,

343 2295 620 2364 Propterea
645 2305 688 2350 et
716 2313 806 2350 nos
833 2299 1022 2366 gratias
1047 2299 1242 2366 agimus
1265 2297 1374 2352 Deo
1397 2299 1504 2352 sine
1531 2299 1912 2364 intermissione,

343 2389 578 2457 quoniam
604 2404 716 2440 cum
747 2389 1092 2458 percepissetis
1120 2407 1152 2442 a
1180 2390 1320 2443 nobis
1341 2391 1539 2444 verbum
1564 2391 1766 2446 auditus
1797 2391 1912 2458 Dei,

341 2479 602 2546 accepistis
643 2497 744 2532 non
769 2491 823 2532 ut
847 2481 1050 2534 uerbum
1089 2481 1382 2548 hominum,
1419 2482 1509 2536 sed
1549 2484 1678 2537 sicut
1703 2494 1774 2536 est
1807 2499 1919 2538 vere

343 2567 540 2620 verbum
571 2567 694 2632 Dei,
735 2569 868 2639 quod
893 2581 1129 2638 operatur
1153 2572 1204 2624 in
1227 2572 1396 2638 vobis,
1427 2573 1510 2625 cui
1546 2573 1826 2628 credidistis
1856 2574 1874 2644 (
1897 2574 1914 2628 I

341 2655 518 2712 Thess.
550 2674 609 2725 ιι,
642 2661 778 2730 l5)?
803 2661 938 2728 Quid
969 2671 1052 2716 est
1077 2663 1218 2732 quod
1247 2663 1371 2716 hinc
1401 2664 1512 2718 Deo
1538 2665 1733 2733 gratias
1769 2666 1917 2736 agit?

344 2747 544 2817 Nempe
569 2765 760 2804 vanum
796 2761 878 2806 est
924 2761 1084 2820 atque
1129 2753 1286 2808 inane
1313 2795 1326 2818 ,
1358 2754 1402 2808 si
1442 2755 1527 2810 cui
1565 2756 1758 2826 gratias
1787 2758 1914 2826 agit,

345 2839 446 2893 hoc
476 2840 587 2908 ipse
631 2857 735 2895 non
767 2841 890 2895 fecit
919 2843 960 2894 ².
1002 2842 1107 2897 Sed
1149 2845 1271 2912 quia
1317 2843 1418 2899 hoc
1457 2859 1649 2899 vanum
1679 2853 1734 2900 ct
1761 2845 1918 2902 inane

345 2947 450 2985 non
477 2941 580 2998 est,
616 2932 850 3002 profecto
883 2935 1022 2990 Deus
1050 2937 1133 2990 cui
1163 2937 1230 2992 de
1258 2937 1360 2994 hoc
1381 2954 1546 3010 opere
1567 2941 1765 3009 gratias
1784 2941 1913 3012 agit,

343 3022 455 3091 ipse
483 3021 606 3078 fecit
627 3065 641 3089 ,
681 3031 737 3079 u‘t
759 3040 878 3079 cum
909 3027 1274 3096 pcrcepissent
1310 3028 1378 3084 ab
1410 3030 1664 3099 Apostolo
1694 3032 1917 3086 verbum

342 3113 556 3168 auditus
573 3114 684 3180 Dei,
711 3116 1015 3186 exciperent
1033 3117 1159 3172 illud
1185 3135 1288 3174 non
1311 3129 1367 3174 ut
1383 3121 1600 3176 verbum
1619 3122 1915 3190 hominum,

341 3202 433 3256 sed
447 3203 583 3257 sicut
601 3213 682 3258 est
703 3220 846 3268 vere,
865 3206 1084 3260 verbum
1110 3208 1220 3263 Dei.
1249 3208 1386 3264 Deus
1413 3209 1568 3278 igitur
1587 3221 1839 3281 operatur
1863 3212 1914 3267 in

341 3296 588 3350 cordibus
616 3296 908 3365 hominum,
931 3301 1208 3356 vocatione
1237 3302 1326 3357 illa
1355 3303 1642 3358 secundum
1673 3307 1916 3376 proposi-

341 3393 450 3440 tum
467 3401 641 3454 suum,
660 3388 724 3442 de
739 3405 840 3460 qua
859 3392 1078 3448 mttltum
1099 3394 1258 3449 locuti
1269 3411 1470 3464 sumus,
1495 3406 1552 3452 ut
1568 3414 1670 3453 non
1691 3399 1918 3457 inaniter

339 3477 556 3530 audiant
581 3479 922 3550 Evangelium
945 3524 960 3548 ,
990 3483 1083 3538 sed
1128 3499 1194 3539 eo
1237 3486 1418 3540 audito
1458 3497 1839 3544 convertantur
1863 3499 1918 3545 et

341 3569 589 3633 credant,
623 3573 949 3641 excipientes
992 3589 1094 3628 non
1143 3583 1200 3630 ut
1227 3577 1444 3632 verbum
1477 3577 1748 3634 hominum
1773 3621 1790 3649 ,
1819 3581 1914 3638 sed

339 3659 478 3714 sicut
501 3667 583 3714 est
610 3675 736 3715 vere
764 3663 982 3718 verbum
1013 3665 1128 3720 Dei.

409 3749 634 3808 CAPUT
671 3753 788 3808 XX.
812 3784 884 3796 —
907 3755 996 3811 40.
1039 3755 1172 3812 Illud
1216 3758 1374 3813 etiam
1410 3759 1619 3815 initium
1661 3760 1781 3818 ﬁdei
1811 3763 1914 3818 ho-

339 3841 542 3895 minum
567 3841 762 3896 donum
795 3845 886 3898 Dei
909 3859 1028 3900 esse
1056 3861 1152 3900 nos
1179 3846 1450 3912 admonet,
1476 3863 1596 3903 cum
1628 3852 1728 3904 hoc
1751 3851 1917 3922 signi-

341 3929 464 3986 ﬁcet
490 3929 776 3999 Apostolus
813 3933 997 3989 dicens
1039 3935 1090 3990 in
1133 3935 1372 4006 Epistola
1417 3938 1484 3992 ad
1521 3939 1910 3997 Colossenses:

341 4021 574 4077 Orationi
595 4024 798 4092 instate,
830 4027 1089 4096 vigilantes
1113 4029 1166 4082 in
1198 4027 1288 4082 illa
1314 4031 1366 4084 in
1385 4032 1662 4102 gratiarum
1686 4035 1910 4100 actione,

339 4124 538 4166 orantes
561 4115 712 4168 simul
737 4123 784 4168 et
812 4132 902 4184 pro
928 4117 1086 4183 nobis,
1119 4127 1172 4172 ut
1201 4117 1335 4174 Deus
1361 4121 1553 4191 aperiat
1575 4123 1714 4176 nobis
1730 4123 1914 4178 ostium

339 4204 469 4257 verbi
505 4207 585 4258 sui
629 4205 698 4258 ad
749 4195 1048 4277 loquendum
1099 4211 1390 4279 mysterium
1441 4210 1660 4279 Christi,
1712 4223 1913 4286 prapter

337 4293 472 4362 quod
510 4295 658 4348 etiam
701 4296 891 4350 uinctus
938 4315 1079 4364 sum,
1121 4309 1174 4353 ut
1217 4301 1530 4370 manifestem
1573 4302 1703 4357 illud
1743 4305 1814 4358 ita
1859 4315 1914 4359 ut

337 4394 530 4453 oportet
559 4403 638 4440 me
663 4385 797 4456 loqui
821 4388 838 4458 (
863 4386 1058 4444 Cotoss.
1088 4405 1158 4456 IV,
1189 4389 1344 4463 2-4).
1373 4391 1650 4460 Quomodo
1678 4397 1912 4465 aperitur

337 4477 532 4530 ostium
565 4479 743 4544 verbi,
789 4479 888 4533 nisi
933 4494 1052 4535 cum
1085 4495 1274 4537 sensus
1302 4485 1538 4552 aperitur
1563 4485 1826 4542 audientis
1857 4497 1914 4543 ut

335 4567 556 4634 credat,
582 4577 635 4622 et
665 4569 813 4624 initio
841 4569 960 4624 ﬁdei
999 4569 1138 4626 facto
1160 4614 1175 4638 ,
1205 4587 1266 4627 ea
1306 4589 1423 4644 quae
1449 4575 1515 4630 ad
1545 4575 1908 4632 aediﬁcandam

337 4655 603 4710 salubrem
639 4657 935 4713 doctrinam
979 4661 1336 4730 prmdicantur
1368 4672 1422 4718 et
1453 4664 1790 4735 disputantur
1818 4668 1912 4722 ad-

337 4745 546 4810 mittat;
579 4761 645 4801 ne
676 4761 768 4816 per
793 4748 1157 4806 inﬁdelitatem
1183 4753 1345 4807 corde
1366 4753 1567 4818 clauso,
1597 4771 1658 4810 ea
1685 4773 1800 4827 quze
1831 4758 1912 4812 di-

335 4847 524 4891 cuntur
553 4839 815 4908 improbet
842 4855 904 4895 ac
941 4844 1198 4913 repellat?
1246 4844 1398 4900 Unde
1427 4856 1481 4901 et
1509 4847 1574 4900 ad
1605 4847 1910 4904 Corinthios

335 4927 410 4980 ait
440 4942 453 4979 :
489 4927 802 4984 Permanebo
847 4941 1012 4986 autem
1042 4931 1236 5004 Ephesi
1265 4952 1418 5004 usque
1445 4939 1512 4989 ad
1544 4937 1908 5005 Pentecosten;

335 5019 514 5070 ostium
540 5021 671 5074 enim
702 5021 823 5074 mihi
869 5033 1098 5091 apertum
1135 5035 1206 5079 est
1245 5043 1482 5097 magnum
1525 5039 1572 5083 et
1611 5032 1828 5096 evidens,
1861 5045 1908 5088 et

332 5109 604 5195 aduersarii
630 5112 772 5166 ntulti
799 5115 840 5184 (1
861 5114 976 5168 Cor.
997 5129 1104 5178 xvt,
1121 5116 1176 5183 8,
1197 5117 1275 5188 9).
1305 5119 1441 5186 Quid
1467 5121 1552 5176 hic
1571 5123 1710 5178 aliud
1735 5135 1906 5195 potest

333 5193 587 5268 intelligi,
621 5201 720 5255 nisi
759 5204 1046 5272 przcdicato
1077 5205 1144 5261 ibi
1176 5223 1272 5276 per
1295 5225 1418 5264 eum
1461 5212 1708 5281 primitus
1735 5193 1908 5272 Evan-

331 5287 466 5356 gelio
490 5291 778 5348 credidisse
815 5295 1040 5362 multos,
1069 5306 1122 5352 et
1149 5300 1344 5355 multos
1381 5301 1618 5371 ejusdem
1653 5307 1772 5363 ﬁdei
1803 5309 1903 5364 ad-

395 5421 420 5508 :
437 5427 745 5508 subigit-1
753 5435 852 5508 ivon
1104 5443 1128 5508 ς
1141 5441 1282 5508 nam
1302 5447 1397 5508 non
1412 5433 1666 5508 irridetur.
1683 5441 1904 5508 Plerique

331 5483 850 5564 ξξεηὶξρζὲξςεζζαη,
873 5489 1026 5564 uiguit
1063 5483 1327 5564 spostolus,
1340 5483 1629 5564 "beat
1647 5483 1900 5556 ir'nHéiiii-T

331 5545 678 5619 ωειι-ᾳῇροηβ
700 5555 807 5618 Iov.
833 5545 1295 5619 omiitimusiinguit
1305 5545 1562 5619 minucius.

577 5605 657 5686 {si
666 5607 756 5686 cui
773 5612 955 5686 gratias
976 5613 1072 5686 agit
1091 5605 1153 5686 ita
1173 5605 1407 5680 h'ocqn'od
1425 5605 1639 5686 iiii-Ignoti
1659 5625 1786 5686 fere}.
1811 5635 1900 5680 Ila-

395 5627 416 5636 -
438 5627 560 5678 ωιιι,
577 5627 592 5656 ς
611 5627 654 5658 sl
675 5627 755 5660 σαι
773 5627 955 5686 gratias
976 5627 1072 5722 aqu
1091 5627 1152 5666 ae
1173 5627 1262 5666 Itoc
1281 5627 1407 5680 quod
1425 5627 1461 5684 η

335 5667 564 5732 ama-ltiti
583 5677 804 5726 omittunt
827 5685 1007 5738 particu
1030 5689 1099 5736 as,
1119 5679 1196 5739 (te,
1224 5687 1296 5739 et,
1317 5683 1461 5738 quod.

1231 272 1429 328 LIBER
1473 270 1560 328 DE
1599 269 2254 326 PREDESTINATIONE
2286 271 2718 330 SANCTORL’M.

3489 275 3594 332 990

2017 390 2278 442 versarios
2309 388 2572 444 exstitisse
2599 431 2612 454 ,
2641 388 2932 443 secundum
2981 389 3106 443 illud
3142 389 3387 458 Domini,
3423 389 3588 444 Nemo

2015 479 2084 532 ad
2108 495 2185 532 me
2215 481 2364 544 venit,
2395 481 2492 534 nisi
2513 481 2594 532 cui
2623 479 2798 532 datum
2831 481 2979 550 fuerit
3008 497 3039 532 a
3071 477 3226 534 Patre
3252 497 3358 534 meo
3389 479 3588 544 (Joan.

2017 584 2092 635 τι,
2121 569 2225 640 615)
2267 587 2280 624 :
2322 579 2396 632 et,
2437 569 2584 624 Vobis
2621 570 2796 624 datum
2842 579 2915 623 est
2958 586 3103 623 nosse
3133 572 3420 640 mysterium
3450 571 3590 640 regni

2015 663 2252 716 caelorum
2275 678 2296 726 ;
2322 663 2422 718 illis
2442 672 2605 716 autem
2628 679 2727 716 non
2753 673 2826 716 est
2855 663 3029 716 datum
3052 661 3274 730 (Matth.
3305 677 3420 728 stu,
3447 663 3504 715 11
3527 659 3584 732 )i

2015 753 2222 808 Ostium
2252 767 2380 823 ergo
2409 763 2646 823 apertum
2678 763 2761 809 est
2803 755 2854 809 in
2898 755 2976 810 eis
3020 755 3211 824 quibus
3247 752 3428 806 datum
3466 763 3581 808 est:

2015 843 2308 899 adversarii
2335 855 2509 899 autem
2541 845 2688 898 multi
2723 861 2786 898 ex
2816 845 2894 898 eis
2923 844 3112 914 quibus
3143 859 3245 896 non
3274 853 3357 896 est
3387 842 3566 896 datum

2087 934 2176 988 41.
2239 931 2476 1003 Itemque
2501 934 2565 987 ad
2593 933 2808 988 eosdem
2841 934 2891 986 in
2923 933 3152 986 secunda
3183 933 3418 1000 Epistola
3454 932 3592 986 idem

2018 1025 2289 1094 apostolus
2322 1041 2334 1077 :
2363 1023 2488 1079 Cum
2517 1026 2778 1086 venissem,
2801 1025 2988 1094 inquit,
3008 1027 3058 1077 in
3077 1023 3329 1078 Troadem
3345 1025 3397 1076 in
3429 1021 3597 1076 Evan-

2016 1114 2200 1184 gelium
2225 1113 2433 1180 Christi,
2457 1124 2504 1168 et
2527 1117 2706 1168 ostium
2731 1115 2857 1166 mihi
2881 1125 3109 1183 apertunt
3131 1123 3254 1167 esset
3276 1115 3324 1166 in
3355 1112 3592 1176 Domino,

2017 1221 2118 1258 non
2147 1205 2298 1259 habui
2321 1207 2536 1274 requiem
2563 1207 2758 1276 spiritui
2786 1223 2916 1270 meo,
2945 1223 3001 1260 eo
3027 1207 3160 1277 quod
3191 1223 3288 1260 non
3316 1207 3480 1260 inreni
3513 1205 3598 1258 Ti-

2019 1303 2122 1348 tum
2150 1299 2356 1366 fratrem
2384 1313 2547 1350 meum
2573 1313 2590 1351 :
2613 1299 2700 1352 sed
2727 1298 2836 1351 vale
2859 1297 2963 1352 illis
2993 1299 3182 1368 faciens
3213 1299 3310 1350 exii
3331 1291 3388 1350 in
3421 1297 3594 1350 Mace-

2019 1387 2242 1440 doniam.
2272 1386 2470 1455 Quibus
2493 1389 2608 1442 vale
2631 1387 2778 1456 fecit,
2812 1389 2914 1442 nisi
2943 1390 3022 1444 eis
3047 1392 3134 1458 qui
3157 1389 3514 1453 crediderant,
3542 1389 3593 1440 in

2019 1491 2242 1547 quorum
2285 1477 2488 1532 scilicet
2513 1478 2778 1532 cordibus
2820 1479 3200 1550 evangelizanti
3245 1489 3482 1546 apertum
3515 1485 3596 1532 cst

2019 1568 2253 1622 Ostium?
2278 1568 2415 1636 Quid
2445 1577 2620 1624 autem
2651 1570 2901 1639 adiungat
2928 1571 3188 1624 attendite
3221 1586 3234 1624 :
3275 1570 3378 1622 Deo
3407 1581 3594 1636 autem,

2019 1659 2226 1730 inquit,
2265 1663 2488 1730 gratias,
2535 1661 2622 1730 qui
2662 1677 2857 1729 semper
2897 1661 3209 1731 triumphare
3251 1677 3340 1714 nos
3383 1661 3504 1727 facit
3545 1661 3598 1712 in

2019 1749 2250 1816 Christo,
2283 1759 2328 1804 et
2367 1751 2570 1806 odorem
2601 1753 2790 1805 notitia:
2833 1768 2937 1806 suta
2985 1769 3072 1820 per
3099 1769 3188 1806 nos
3217 1753 3504 1822 inanilestat
3546 1751 3596 1802 in

2020 1841 2154 1893 omni
2182 1839 2290 1894 loco
2322 1855 2340 1894 :
2367 1841 2484 1911 quia
2513 1840 2696 1894 Christi
2737 1842 2894 1895 bonus
2923 1842 3048 1896 odor
3073 1859 3244 1896 sumus
3275 1841 3382 1894 Deo
3400 1882 3413 1904 ,
3441 1843 3492 1894 in
3520 1842 3598 1894 his

2019 1930 2106 2000 qui
2129 1929 2254 1984 salvi
2278 1931 2426 2000 ﬁunt,
2451 1941 2496 1984 et
2521 1932 2572 1984 in
2595 1932 2672 1986 his
2697 1933 2783 2003 qui
2809 1943 3050 2003 pereunt;
3073 1933 3372 2002 quibusdam
3396 1932 3598 2000 quidem

2020 2023 2146 2076 odor
2173 2025 2346 2077 mortis
2371 2025 2424 2077 in
2452 2034 2658 2078 mortem
2681 2066 2696 2092 ,
2736 2025 3033 2096 quibusdam
3060 2035 3227 2078 autem
3257 2025 3382 2077 odor
3409 2024 3522 2076 vita:
3547 2023 3598 2076 in

2020 2116 2190 2168 vitam.
2223 2115 2360 2170 Ecce
2389 2116 2528 2169 unde
2552 2118 2748 2186 gratias
2786 2119 2892 2188 agit
2931 2117 3079 2172 miles
3104 2118 3392 2172 acerrimus
3418 2125 3471 2170 et
3500 2115 3598 2170 de-

2019 2205 2202 2261 fensor
2226 2207 2604 2262 invictissimus
2631 2210 2814 2278 gratia:
2846 2225 2862 2263 :
2893 2223 3018 2265 ecce
3046 2209 3186 2264 unde
3212 2210 3410 2278 gratias
3449 2211 3556 2276 agit
3579 2249 3595 2269 ,

2019 2298 2140 2367 quia
2168 2297 2367 2353 Christi
2399 2299 2570 2353 bonus
2597 2299 2729 2354 odor
2757 2309 2880 2354 sunt
2905 2301 3142 2370 Apostoli
3175 2301 3282 2353 Deo
3306 2340 3320 2364 ,
3351 2309 3404 2354 et
3433 2299 3485 2352 in
3517 2298 3596 2352 his

2020 2389 2110 2460 qui
2130 2389 2258 2443 salvi
2287 2391 2418 2444 ﬁunt
2444 2391 2606 2462 gratia
2633 2391 2748 2462 ejus
2790 2401 2845 2445 et
2873 2392 2924 2446 in
2955 2392 3032 2444 his
3053 2391 3140 2462 qui
3163 2389 3599 2460 percuntjntliciu

2021 2480 2156 2549 ejus.
2198 2481 2302 2534 Sed
2331 2491 2386 2534 ut
2424 2481 2597 2534 minus
2640 2493 3018 2536 succenseatur
3047 2483 3163 2538 Iure
3191 2496 3374 2550 parum
3405 2481 3598 2534 uitelli-

2018 2572 2266 2642 gentibus
2293 2573 2332 2636 ¹,
2363 2573 2476 2642 ipse
2501 2573 2784 2637 admonet,
2818 2589 2938 2628 cum
2965 2574 3204 2644 adjungit
3245 2582 3300 2629 et
3341 2573 3497 2634 dicit,
3537 2571 3600 2624 lit

2019 2662 2088 2714 "ad
2115 2662 2220 2716 hac
2247 2663 2358 2730 quis
2397 2663 2604 2718 idoneus
2635 2663 2712 2736 (11
2748 2663 2866 2718 Cor.
2895 2681 2964 2732 ιι,
2997 2665 3254 2732 12-16)?
3289 2665 3480 2718 Verum
3511 2679 3598 2717 rc-

2023 2749 2244 2804 dcatnus
2267 2749 2332 2804 ad
2355 2751 2475 2804 ostii
2501 2753 2854 2822 apertionem,
2879 2769 2981 2822 qua
3009 2754 3212 2807 initium
3239 2753 3357 2806 ﬁdei
3381 2753 3596 2807 audit-n-

2023 2839 2150 2894 tium
2181 2841 2493 2910 signiﬁcavit
2519 2843 2824 2912 Apostolus.
2873 2843 3010 2912 Quid
3048 2853 3130 2898 est
3169 2843 3342 2908 enim,
3384 2841 3599 2898 Orontes

2020 2931 2172 2985 simul
2195 2941 2240 2985 et
2270 2949 2362 3003 pro
2387 2933 2548 2998 nobis,
2578 2943 2631 2986 ut
2658 2933 2796 2987 Deus
2821 2935 3016 3005 aperiat
3053 2935 3195 2989 nobis
3221 2935 3402 2988 ostium
3429 2935 3562 2988 verbi
3577 2950 3598 2998 ;

2021 3022 2122 3076 nisi
2147 3023 2483 3092 apertissima
2522 3024 2946 3090 demonstratio,
2987 3025 3146 3080 etiam
3189 3025 3362 3094 ipsum
3391 3025 3598 3078 initium

2021 3112 2144 3166 ﬁdei
2172 3127 2290 3167 esse
2319 3113 2514 3167 donum
2548 3113 2674 3168 Dei?
2697 3113 2812 3168 Non
2841 3115 2984 3170 enim
3015 3115 3215 3170 orando
3243 3123 3509 3186 peteretur
3532 3115 3598 3168 ab

2021 3217 2120 3268 eo,
2153 3203 2254 3258 nisi
2280 3203 2347 3258 ab
2375 3205 2489 3274 ipso
2520 3206 2675 3260 tribui
2704 3205 3032 3262 crederetur.
3064 3207 3176 3260 lloc
3204 3193 3403 3261 donum
3434 3208 3600 3262 coale-

2019 3295 2311 3364 stisgratize
2328 3295 2380 3350 in
2399 3296 2538 3350 illam
2564 3298 2926 3366 purpurariam
2946 3297 3316 3360 descenderat,
3339 3299 3444 3360 cui,
3465 3299 3600 3352 sicut

2018 3385 2291 3455 Scriptura
2312 3386 2441 3441 dicit
2467 3387 2517 3440 in
2544 3388 2764 3442 Actibus
2793 3389 3192 3457 Apostolorum,
3224 3387 3359 3442 Dens
3389 3405 3598 3458 aperue-

2019 3486 2098 3530 rat
2122 3493 2322 3532 sensum
2349 3480 2480 3549 ejus,
2510 3489 2556 3531 et
2583 3479 2865 3532 intendebat
2895 3480 2944 3532 in
2975 3497 3032 3532 ea
3063 3494 3175 3548 qua:
3204 3495 3235 3531 a
3261 3477 3428 3534 Paulo
3455 3480 3584 3532 dice.

2019 3566 2198 3621 bantur
2218 3569 2359 3639 (Act.
2383 3584 2496 3634 xvr,
2526 3569 2588 3622 14
2604 3571 2642 3638 ).
2665 3568 2754 3623 Sic
2775 3571 2915 3626 enim
2937 3571 3240 3636 vocabatur,
3261 3571 3573 3626 ulcrederct

2019 3659 2141 3728 Agit
2173 3660 2366 3730 quippe
2395 3660 2536 3714 Deus
2573 3661 2712 3729 quod
2743 3661 2852 3714 vult
2896 3661 2948 3714 in
2991 3663 3242 3718 cordibus
3272 3661 3545 3716 hominum
3572 3703 3588 3727 ,

2019 3752 2102 3806 vel
2125 3751 2442 3820 adjuvando,
2465 3751 2547 3805 vel
2568 3751 2875 3821 jtidicando,
2901 3755 3129 3807 utetiam
3151 3769 3242 3822 per
3263 3769 3354 3808 eos
3376 3753 3595 3822 implea-

2019 3848 2105 3894 tur
2128 3839 2268 3910 quod
2297 3855 2480 3894 manus
2507 3841 2624 3911 ejus
2651 3849 2706 3897 et
2742 3842 3019 3896 consilium
3052 3841 3440 3912 praedestinavit
3473 3843 3587 3896 ﬁeri

2021 3927 2140 4000 (.ltl.
2174 3945 2249 3994 tv,
2277 3929 2401 4001 28).

2089 4020 2174 4096 42.
2218 4021 2434 4075 Frustra
2463 4022 2638 4092 itaque
2668 4023 2826 4076 etiam
2855 4021 3005 4086 illud,
3037 4021 3174 4090 quod
3205 4021 3508 4092 Regnorum
3539 4033 3593 4076 ct

2017 4097 2455 4182 Paralipomenon
2477 4113 2749 4184 Scriptura
2773 4123 2905 4168 lcstc
2929 4115 3286 4182 probavimus,
3308 4131 3425 4168 cum
3452 4115 3592 4168 Deus

2016 4203 2130 4257 vult
2160 4203 2270 4258 ﬁeri
2299 4205 2438 4274 quod
2471 4221 2574 4258 non
2603 4205 2700 4260 nisi
2733 4207 3028 4260 volentibus
3055 4206 3354 4260 hominibus
3380 4217 3592 4276 Oportet

2017 4295 2152 4362 ﬁeri,
2185 4297 2429 4352 inclinari
2456 4313 2638 4353 eorum
2669 4297 2826 4352 corda
2857 4307 2915 4352 ut
2944 4299 3046 4353 hoc
3077 4299 3240 4354 velint
3270 4299 3322 4368 (Ι
3354 4297 3479 4369 Reg.
3515 4317 3543 4353 κ
3571 4340 3587 4364 ,

2014 4385 2118 4452 26,
2148 4396 2194 4440 et
2221 4386 2240 4440 1
2271 4385 2448 4440 Paral.
2477 4403 2547 4441 xu
2567 4427 2581 4450 ,
2613 4387 2723 4457 18),
2745 4403 2809 4442 eo
2839 4389 3044 4442 scilicet
3087 4389 3374 4442 inclinante
3418 4390 3504 4458 qui
3539 4392 3590 4442 in

2015 4477 2169 4531 nobis
2195 4477 2420 4532 mirabili
2448 4477 2605 4532 modo
2633 4487 2686 4531 et
2713 4479 2960 4532 incll‘abili
2990 4490 3242 4548 operatur
3265 4490 3319 4534 et
3343 4479 3498 4544 velle,
3526 4481 3589 4532 ad

2015 4583 2228 4623 causam
2253 4567 2320 4622 dc
2360 4583 2461 4638 qua
2508 4567 2816 4624 disserimus
2842 4611 2856 4635 ,
2891 4585 2992 4624 non
3042 4572 3306 4638 pertinere
3343 4571 3592 4626 dixerunt

2019 4657 2257 4730 (Supra,
2284 4658 2336 4711 in
2359 4657 2526 4728 Epist.
2556 4657 2768 4721 Hilarii,
2800 4677 2852 4712 rt.
2885 4659 2979 4733 7
3013 4661 3147 4728 Quid
3171 4661 3435 4725 estaliud,
3461 4661 3588 4716 nihil

2013 4750 2212 4812 dicere,
2241 4759 2294 4803 et
2327 4759 2502 4803 tamen
2527 4751 2926 4806 contradicere?
2957 4753 3056 4805 nisi
3103 4751 3236 4806 forte
3261 4767 3358 4806 cur
3387 4754 3464 4807 eis
3491 4753 3592 4808 hoc

2015 4839 2182 4891 visum
2205 4839 2295 4902 sit,
2319 4839 2578 4892 rationem
2606 4840 2756 4894 vobis
2781 4842 3010 4910 aliquam
3039 4841 3408 4910 reddiderunt,
3433 4861 3588 4913 quam

2013 4943 2109 4982 vos
2137 4929 2187 4982 in
2219 4927 2407 4983 litteris
2433 4929 2624 4983 vestris
2657 4941 2832 4986 lacere
2875 4933 3154 4986 maluistis.
3200 4932 3304 4988 Sed
3346 4951 3462 5004 qua:
3501 4935 3586 4988 illa

2011 5031 2132 5072 esse
2150 5017 2316 5088 possit
2329 5018 2530 5088 ignoro.
2559 5022 2638 5074 An
2663 5022 2794 5074 forte
2816 5023 2935 5091 quia
2953 5023 3282 5077 ostendimus
3305 5025 3406 5079 hoc
3425 5025 3586 5078 Deum

2009 5105 2184 5175 egisse
2221 5107 2272 5160 in
2303 5107 2552 5163 cordibus
2591 5109 2864 5164 hominum
2890 5151 2906 5176 ,
2936 5123 2990 5168 et
3029 5114 3096 5167 ad
3135 5113 3235 5168 hoc
3275 5113 3586 5184 perduxisse

2009 5211 2234 5264 quorum
2262 5197 2310 5252 ei
2353 5197 2550 5266 placuit
2584 5199 2882 5256 voluntates
2904 5241 2918 5266 ,
2953 5211 3010 5256 ut
3044 5219 3138 5258 rex
3173 5207 3586 5258 constitueretur

2010 5285 2136 5343 Sani
2166 5289 2279 5344 sive
2311 5289 2501 5356 David;
2533 5291 2652 5346 ideo
2677 5294 2792 5348 hzrc
2827 5295 3072 5364 exempla
3099 5311 3272 5350 causa:
3304 5296 3423 5350 huic
3449 5311 3582 5349 con-

2009 5380 2192 5436 venire
2217 5395 2320 5435 non
2351 5391 2556 5450 putant,
2585 5385 2833 5454 quoniam
2866 5401 2968 5440 non
3001 5387 3100 5441 hoc
3121 5397 3200 5440 est
3223 5389 3580 5456 temperanter

2009 5485 2230 5542 regnare
2261 5471 2310 5526 in
2343 5471 2442 5527 hoc
2467 5473 2682 5542 smculo,
2713 5476 2850 5545 quod
2881 5489 2960 5530 est
2990 5477 3040 5530 in
3065 5487 3322 5532 a-ternum
3356 5495 3576 5550 regnare

2029 5689 2039 5700 .
2071 5627 2086 5660 ¹
2107 5629 2256 5702 editi,
2275 5635 2610 5702 succenseatur
2631 5631 2696 5682 ad
2717 5631 2822 5682 ha’c
2865 5647 3036 5702 parum
3063 5637 3444 5702 tttk‘l.'igt’:;lilttts.
3472 5649 3554 5687 ta:

2008 5691 2168 5748 ticula,
2193 5691 2276 5748 ad,
2303 5705 2394 5742 non
2417 5702 2575 5744 cvstat
2597 5697 2643 5742 in
2659 5691 3007 5752 manuserittis.
