4016 6510
204 337 294 394 105
1627 324 1786 382 ΡΒᾸΞ

1898 325 2018 382 ΙΊυ.
3383 334 3484 393 100

203 447 557 513 charissim
588 455 644 508 et
670 443 1172 527 reverentissimo
1196 439 1573 527 auctoritate
1602 438 1934 527 decretam.
1967 439 2057 499 Ac
2085 437 2412 527 signiﬁcat
2436 456 2505 500 se
2541 439 2929 527 Prosperam
2961 459 3226 527 quoque
3257 445 3484 527 impu—

201 533 345 592 lisse
375 527 457 590 ad
484 528 903 608 scribendum
933 523 1226 606 proprias
1257 522 1324 580 in
1355 519 1641 582 eamdem
1669 537 1808 582 rem
1836 519 2080 580 litteras
2103 562 2120 591 ,
2151 535 2316 597 quas
2357 519 2415 580 ei
2461 536 2612 581 cum
2653 520 2789 581 suis
2831 519 3228 601 conjunctim
3260 519 3482 608 dirigit

225 610 438 670 Enist.
468 607 614 670 2‘26.
644 625 708 667 η.
738 609 869 670 10).

205 610 947 750 (Eé’fiiﬁﬁétiéﬂﬁm
997 684 1096 746 hee
1122 680 1420 760 Prosperi
1460 679 1715 760 litteras,
1763 677 2198 760 quarum_ille
2223 677 2492 739 exordio
2540 681 2925 760 testaturse
2969 687 3194 745 sancto
3221 685 3485 758 Doctori

204 787 323 831 non
358 768 502 829 solo
532 767 859 830 salutandi
894 783 1076 846 eum,
1116 772 1188 824 ut
1208 757 1525 846 inpriore
1551 757 1830 846 quadam
1854 757 2125 846 epistola
2155 757 2412 846 fecerat,
2457 758 2691 846 studio,
2740 759 2849 846 sed
2891 763 3085 846 etiam
3122 757 3278 846 ﬁdei
3304 811 3322 840 ,
3355 785 3489 846 qua

208 849 499 909 Ecclesia
560 847 760 919 vivit,
814 845 1053 926 affectu
1087 837 1399 926 scribere.
1453 837 1831 926 Excubante
1866 839 2056 926 enim,
2110 837 2356 926 inquit,
2396 855 2518 926 pro
2546 838 2854 926 universis
2881 838 3166 926 memoris
3193 837 3486 926 corporis

203 928 436 988 Christi
471 916 1484 1006 vigilantissimaindustriatria,
1529 927 1586 979 et
1631 918 1926 1006 adversus
1965 916 2864 1006 hereticorum’doct‘rinaram
2897 919 3164 983 insidias
3193 916 3486 988 veritatis

202 1008 437 1068 virtute
464 996 808 1085 pu'gnante,
841 1004 1014 1067 nullo
1045 1002 1225 1085 modo
1257 1000 1410 1061 mihi
1440 997 2038 1085 verendumpatavi,
2065 1016 2140 1058 ne
2170 1015 2470 1058 onerosus
2495 996 2617 1085 tibi
2639 1007 2748 1058 aut
2779 998 3176 1085 importunus
3207 1023 3394 1085 essem
3417 1007 3491 1068 in

202 1107 274 1153 eo.
315 1076 494 1166 quod
522 1076 604 1146 ait
631 1087 975 1166 multorum
1000 1084 1286 1166 salutem,
1317 1099 1390 1141 ac
1411 1078 1674 1166 peri-nde
1702 1078 1789 1166 ad_
1814 1078 2110 1166 pietatem
2143 1085 2314 1166 tuam
2331 1076 2612 1166 pertinet
2630 1096 2649 1145 ,°
2682 1096 2828 1166 (βα-ηι-
2851 1076 3072 1158 potius
3099 1099 3270 1144 reum
3293 1083 3490 1166 [ηια-

202 1156 345 1225 rum.
383 1185 516 1226 esse
564 1185 656 1225 me
701 1165 1041 1246 crederem,
1058 1163 1117 1246 _s_i
1149 1182 1217 1222 ea
1244 1156 1580 1246 quwjzalde
1601 1159 1960 1246 perniciosa
1989 1175 2111 1217 esse
2137 1156 2922 1246 inteilig_o_,_adﬁspecialehi
2960 1156 3307 1246 patronum
3338 1165 3489 1246 fidei

202 1265 316 1305 non
366 1247 666 1325 referrem
699 1245 943 1324 (Epist.
975 1242 1115 1316 2'25,
1142 1260 1207 1302 η.
1241 1236 1324 1325 1)Ϊ
1370 1241 1448 1325 Et
1478 1236 1622 1325 post
1651 1238 2044 1325 expositam,
2074 1254 2219 1325 qua:
2263 1236 2327 1296 in
2379 1237 2502 1297 illis
2551 1237 2910 1325 Pelagianae
2957 1236 3290 1325 pravitatis
3332 1236 3491 1306 relic

205 1328 364 1403 quiis
399 1317 642 1397 inerat,
691 1317 825 1385 non
853 1325 1238 1403 mediocrem
1257 1317 1701 1403 virulentiam,
1740 1317 2041 1403 subjicit:
2069 1317 2404 1403 Speramus
2433 1334 2564 1376 non
2586 1317 2788 1403 solam
2818 1319 3178 1403 tenuitatem
3205 1333 3490 1403 iiastram

205 1395 712 1483 disputationum
742 1413 993 1464 tuarum
1009 1401 1303 1483 praesidio
1332 1396 1898 1483 roborandamsed
1924 1395 2107 1483 etiarn
2133 1395 2322 1472 ipsos,
2342 1414 2497 1483 quos
2516 1396 2753 1458 meritis
2781 1406 2979 1483 atque
2992 1397 3336 1483 [tortoribus
3355 1403 3493 1465 cla-

203 1476 302 1544 ros
329 1484 552 1565 caligo
580 1484 765 1546 istius
797 1476 1115 1562 opinionis
1152 1479 1462 1565 obsc_urat,
1499 1476 2256 1565 defmcatissimamlameri
2285 1476 2506 1565 gratia:
2531 1483 2891 1565 recepturos
2921 1476 3142 1565 (Ibid,
3172 1498 3286 1565 mi.
3302 1482 3363 1554 6,
3395 1483 3484 1565 9).

269 1555 691 1644 Augustinus
714 1609 730 1637 ,
761 1555 1136 1644 quanquam
1182 1561 1447 1644 moleste
1494 1555 1737 1644 ferebat
1779 1556 1953 1635 quod
1982 1555 2318 1644 catholico
2357 1555 2642 1644 dogmati
2675 1555 2908 1644 divinis
2932 1555 3324 1644 'testimoniis
3356 1555 3490 1625 tam

208 1634 416 1704 multis
453 1634 723 1721 tamque
751 1634 1104 1703 manifestis
1136 1639 1514 1721 conﬁrmato
1545 1634 1892 1721 quisquam
1921 1635 2133 1721 adhuc
2161 1634 2489 1721 adversari
2519 1634 3147 1721 auderet,_Pro_s_pe_ri
3179 1645 3392 1721 tamen
3424 1649 3489 1704 et

209 1724 454 1793 Hilarii,
487 1714 800 1794 virorum,
824 1722 918 1782 uti
945 1721 1245 1790 diximus,
1272 1714 1606 1789 laicorum,
1633 1733 1796 1794 quos
1829 1716 1965 1794 ipse
1995 1714 2160 1796 ﬁlios
2187 1714 2599 1796 charissimos
2631 1715 2912 1792 appellat
2949 1714 3180 1796 (lii/ra,
3213 1719 3288 1780 de
3314 1721 3490 1783 Prw-

212 1803 622 1864 destinatione
652 1802 1062 1867 Sanctorum,
1094 1817 1158 1859 η.
1195 1799 1290 1879 1);
1322 1798 1556 1879 horum
1591 1813 1745 1879 ergo
1776 1801 1835 1856 et
1877 1795 2087 1856 studio
2121 1795 2316 1879 ei_p_ia
2350 1810 2504 1879 erga
2535 1799 2851 1879 errantes
2863 1795 3294 1879 sollicitudine
3327 1818 3490 1878 per—

212 1815 622 1864 destmatione
652 1815 1062 1867 Sanctorum,
1094 1817 1158 1859 η.
1195 1815 1290 1879 1);
1322 1815 1556 1858 norum
1591 1815 1662 1858 er
1707 1815 1745 1856 ο
1776 1815 1835 1856 οι
1877 1815 2087 1856 ειυαιο
2121 1815 2184 1856 et
2213 1815 2316 1872 pla
2350 1815 2504 1873 erga
2535 1815 2825 1855 errantes
2867 1815 3294 1861 somcuumne
3327 1818 3488 1878 per—

212 1891 434 1954 motus,
467 1882 634 1942 duos
667 1882 957 1959 ipsorum
990 1879 1258 1950 nomini,
1291 1877 1352 1936 id
1381 1881 1500 1959 est,
1532 1876 1614 1936 ad
1633 1815 2116 1959 _I§rosperumret
2147 1873 2517 1959 HilariumL
2528 1874 2782 1951 scripsit
2811 1873 3039 1959 libros,
3074 1881 3388 1959 utrosque
3420 1882 3488 1942 in

213 1953 425 2024 vetere
459 1953 820 2023 Noalliénsi
865 1959 1080 2020 codice
1101 2003 1116 2030 ,
1163 1959 1228 2018 in
1273 1956 1648 2018 Pratellensi
1679 1971 1756 2018 ac
1783 1954 2076 2025 Metensi,
2109 1959 2171 2014 et
2197 1955 2280 2015 ab
2310 1953 2449 2032 ipso
2480 1955 2797 2030 Prospero
2828 1953 2900 2013 de
2927 1953 3492 2021 Prwdestinatione

213 2043 586 2103 Sanctorum
613 2044 1019 2130 nuncupatos
1046 2037 1231 2130 (Vide
1261 2034 1984 2130 i'nfraz‘Admonition'em
2013 2034 2083 2094 i-n
2111 2033 2435 2130 libramorle
2455 2034 2640 2130 Dono
2662 2033 3186 2130 Persfverariticei
3201 2038 3484 2130 Append.

212 2131 372 2199 parte
398 2121 465 2192 3,
502 2120 810 2198 Prosperi
839 2113 1294 2199 Resportsiones
1323 2113 1403 2177 ad
1428 2115 1846 2199 Geiiuensium
1876 2114 2224 2199 Eacerpta,
2257 2113 2498 2199 initfret
2523 2114 2782 2199 intortio
2815 2113 2873 2188 1,
2901 2115 3139 2176 variam
3164 2113 3491 2181 lectionem

213 2193 283 2260 'ad
308 2204 500 2281 ﬁnem
526 2193 1092 2281 Retractatiorium)
1123 2217 1136 2255 :
1165 2197 1275 2281 sed
1318 2195 1641 2281 posterior
1683 2201 1896 2258 tamen
1939 2193 2076 2274 jam
2121 2193 2310 2269 olim,
2357 2193 2544 2256 titulo
2593 2193 2862 2255 forsitan
2904 2211 3022 2273 per
3053 2211 3488 2263 amanuenses

215 2276 474 2354 mutato,
510 2280 583 2340 de
610 2281 796 2340 Dono
828 2276 1312 2339 Perseverantia:
1345 2276 1682 2338 vocitatur.

285 2363 506 2420 Priorc
539 2360 709 2420 libro
738 2362 1054 2419 monstrat
1081 2357 1320 2417 donum
1348 2357 1464 2418 Dei
1494 2373 1636 2436 esse
1668 2374 1796 2417 non
1827 2355 2037 2416 solum
2069 2356 2558 2436 incrementum,
2591 2353 2701 2436 sed
2736 2353 2992 2415 initium
3020 2372 3284 2436 quoque
3315 2357 3484 2423 ﬁdei.

215 2440 337 2500 Hac
365 2440 443 2499 de
477 2458 546 2500 re
573 2457 644 2499 se
669 2439 860 2500 aliter
888 2438 1168 2499 sensisse
1198 2435 1570 2515 aliquando,
1596 2436 1746 2496 etin
1768 2435 2095 2514 epusculis
2127 2451 2165 2498 a
2191 2454 2262 2497 se
2289 2435 2574 2496 nondum
2595 2434 2898 2512 episcopo
2925 2434 3484 2515 scriptis'errasse,

217 2537 332 2579 non
364 2519 675 2578 difﬁtctur
713 2539 727 2578 :
758 2523 824 2578 at
857 2523 1079 2598 postea
1110 2514 1476 2598 convictum
1508 2515 1842 2598 se_indicat
1868 2515 1990 2598 hoc
2025 2517 2344 2598 praecipue
2386 2517 2786 2598 testimonio,
2839 2514 3011 2598 Quid
3042 2526 3246 2598 autem
3271 2516 3486 2588 habes,

215 2599 369 2676 quod
414 2617 548 2657 non
596 2595 890 2676 accepisti
923 2599 971 2674 (l
997 2597 1148 2657 Cor.
1178 2614 1264 2667 ιγ,
1296 2596 1402 2676 7)?
1427 2595 1600 2674 quod
1633 2595 2068 2676 testimonium
2097 2595 2173 2656 de
2208 2596 2348 2673 ipsa
2384 2597 2575 2676 etiam
2611 2595 2733 2655 ﬁde
2761 2595 3205 2676 accipiendum
3235 2601 3487 2675 probat.

214 2674 428 2739 Fidem
460 2678 644 2739 docet
674 2674 842 2738 inter
871 2679 998 2740 alia
1031 2674 1429 2757 numeranda
1456 2693 1596 2757 esse
1631 2690 1834 2757 op_er_a_
1855 2719 1870 2746 ,
1898 2674 2141 2757 quibus
2173 2675 2288 2757 Dei
2320 2675 2593 2754 gratiam
2628 2675 2965 2757 prteveniri
2993 2681 3184 2757 negat
3204 2674 3494 2757 Aposto—

215 2759 336 2819 lus.
397 2757 621 2819 Gratia
645 2759 949 2818 duritiam
977 2756 1184 2819 cordis
1237 2755 1517 2827 auferri;
1559 2759 1622 2815 et
1657 2753 1736 2815 ad
1766 2753 2092 2815 Christum
2141 2753 2365 2817 venire
2394 2772 2619 2815 omnes
2650 2753 2761 2832 qui
2793 2770 2832 2815 a
2863 2756 3048 2817 Patre
3073 2753 3387 2822 docentur
3418 2768 3494 2822 ut

217 2837 492 2898 veniant
533 2857 547 2895 :
591 2855 746 2915 quos
792 2846 1010 2898 autem
1055 2837 1272 2907 docet,
1315 2833 1756 2896 misericordia
1782 2833 2050 2915 docere;
2082 2841 2146 2897 et
2186 2853 2350 2913 quos
2383 2853 2512 2897 non
2557 2833 2774 2906 docet,
2803 2834 3046 2913 judicio
3077 2855 3207 2898 non
3235 2837 3489 2903 docere.

215 2919 460 2998 Locum
501 2935 586 2998 ex
610 2913 744 2979 sua
791 2917 993 2998 ipsius
1027 2916 1308 2998 epistola
1337 2915 1687 2998 centesima
1718 2913 2019 2998 secunda
2046 2914 2434 2998 objectatum
2458 2958 2496 2998 ,_
2520 2931 2708 2998 posse
2750 2921 2920 2976 recte
2957 2916 3141 2998 salvo
3166 2919 3388 2998 gratim
3430 2921 3496 2984 et

219 2996 794 3075 praedestinationis
816 2993 1113 3075 dogmate
1139 2994 1474 3073 explicari.
1496 2995 1813 3075 Observat
1830 2993 2169 3075 quidinter
2188 2996 2463 3074 gratiam
2484 2995 2732 3056 intersit
2751 3011 2826 3056 ac
2844 2993 3490 3072 praedestin'ationem.

221 3073 405 3139 Porro
433 3073 1007 3155 praedestinatione
1036 3076 1241 3136 Deum
1272 3092 1348 3136 ea
1378 3074 1773 3152 praascivisse
1803 3091 1949 3155 quae
1971 3073 2342 3155 fueratipse
2390 3075 2700 3136 facturus.
2749 3075 3330 3142 Praedestinationis
3374 3080 3493 3143 ad-

223 3153 537 3218 versarios
564 3203 581 3227 ,
629 3159 740 3236 qui
795 3157 873 3218 ad
923 3156 1236 3236 incertum
1272 3155 1619 3236 voluntatis
1667 3155 1780 3215 Dei
1812 3153 2039 3236 deduci
2073 3173 2142 3236 se
2171 3156 2342 3215 nolle
2372 3155 2698 3236 dicuntur,
2736 3156 3009 3236 miratur
3035 3159 3228 3221 malle
3257 3177 3328 3222 se
3358 3178 3495 3225 sua.

221 3237 502 3314 ipsorum
554 3232 957 3309 inﬁrmitati,
988 3252 1186 3314 quam
1214 3235 1496 3297 ﬁrmitati
1528 3232 1975 3316 promissionis
2009 3234 2124 3294 Dei
2155 3235 2575 3316 committere.
2614 3234 2887 3296 Eosdem
2917 3236 3039 3298 hac
3085 3241 3492 3316 auctoritate,

221 3319 286 3378 Si
328 3317 723 3385 credideris,
780 3316 994 3378 salvus
1044 3317 1168 3377 eris
1203 3316 1405 3395 (Rom.
1436 3334 1513 3386 χ,
1552 3316 1652 3394 9),
1717 3314 1898 3378 abuti
1953 3319 2439 3395 commonstrat.
2509 3315 2743 3378 Gratias
2788 3331 2865 3375 ac
2913 3314 3493 3393 prredestinationis

223 3398 558 3460 veritatem
607 3397 1018 3478 relucereiin
1069 3393 1358 3478 parvulis
1404 3393 1937 3478 quisalvantur,
1991 3394 2186 3478 nullis
2215 3393 2350 3478 suis
2401 3395 2644 3456 meritis
2692 3395 2948 3478 discreti
2997 3412 3041 3478 a_
3081 3399 3328 3460 caeteris
3375 3403 3490 3478 qui

222 3487 482 3554 pereunt
513 3498 530 3536 :
562 3495 695 3539 non
722 3477 894 3538 enim
917 3477 1084 3538 inter
1131 3493 1240 3537 eos
1270 3476 1547 3537 discerni
1579 3493 1660 3537 ex
1693 3475 2098 3554 prmscientia
2145 3475 2520 3535 meritorum
2545 3520 2560 3548 ,
2619 3491 2763 3553 quas
2797 3474 2851 3534 si
2887 3474 3128 3538 diutius
3169 3474 3492 3554 viverent,

221 3553 463 3620 fuerant
502 3559 818 3620 habituri.
879 3557 1446 3619 Prmclarissimum
1476 3573 1630 3616 vero
1670 3553 2036 3636 exemplum
2085 3553 2772 3636 praedestinationisret
2821 3556 3065 3636 gratiae
3094 3575 3237 3618 esse
3281 3557 3493 3636 ipsum

220 3637 622 3701 Salvatorem
655 3685 670 3707 ,
735 3637 849 3716 qui
903 3642 976 3699 ut
1028 3637 1324 3700 Salvator
1373 3641 1438 3699 et
1481 3636 1682 3697 Filius
1734 3635 1850 3697 Dei
1897 3635 2270 3714 unigenitus
2329 3639 2533 3710 esset,
2587 3635 2780 3716 nullis
2827 3635 3332 3714 prmcedentibus
3385 3640 3493 3701 vel

223 3735 482 3794 Operam
522 3719 626 3779 vel
655 3715 799 3779 ﬁdei
830 3719 1074 3780 meritis
1107 3717 1527 3795 comparavit.
1563 3716 2068 3797 Praedestinatosr
2084 3715 2303 3778 vocari
2331 3721 2506 3778 certa
2535 3715 2815 3797 quadam
2845 3716 3195 3797 electorum
3228 3720 3496 3797 prepria

224 3800 589 3868 vocatione;
619 3816 860 3876 eosque
886 3803 1035 3859 ante
1058 3798 1275 3857 mundi
1301 3797 1824 3859 constitutionem
1850 3813 1991 3876 esse
2016 3796 2276 3869 electos,
2306 3813 2437 3857 non
2465 3795 2624 3875 quia
2653 3795 2958 3858 credituri
2988 3795 3496 3875 praasciebantur

225 3883 274 3937 et
289 3878 504 3969 iuturi
528 3875 914 3969 .sanctiised
941 3883 1014 3969 ut
1042 3879 1200 3939 tales
1233 3883 1449 3969 essent
1476 3896 1591 3969 per
1611 3877 1826 3969 ipsam
1855 3875 2231 3969 electionem
2261 3877 2504 3969 gratim.

289 3957 684 4037 Posterioris
728 3957 875 4018 libri
920 3957 1126 4034 prima
1176 3962 1357 4036 parte
1403 3959 1631 4037 probat
1681 3955 2467 4037 perseverantiamillam,
2498 3972 2630 4034 qua
2665 3955 2732 4016 in
2760 3955 3012 4037 Christo
3042 3963 3496 4035 perseveratur

228 4051 416 4114 usque
443 4037 516 4097 in
554 4036 774 4108 ﬁnem,
807 4055 948 4099 esse
977 4035 1218 4096 donum
1252 4038 1390 4099 Dei.
1410 4035 1551 4098 Hoc
1578 4038 1751 4099 enim
1780 4052 1819 4098 a
1842 4037 1976 4098 Deo
2008 4035 2296 4098 irrisorie
2331 4038 2484 4114 peti,
2516 4037 2570 4098 si
2601 4053 2642 4098 a
2673 4037 2806 4098 Deo
2837 4035 2972 4097 dari
3011 4054 3141 4096 non
3171 4038 3491 4101 creditur:

228 4117 384 4193 atqui
419 4116 758 4177 dominica
789 4117 1080 4177 oratione
1112 4117 1269 4176 nihil
1302 4136 1463 4194 pene
1493 4117 1668 4179 aliud
1702 4116 1876 4197 posci
1907 4133 2105 4197 quam
2139 4116 2708 4197 perseverantiam,
2737 4116 2924 4193 juxta
2955 4115 3257 4196 Cypriani
3288 4135 3498 4197 expo-

228 4197 551 4267 sitionem;
587 4213 720 4273 qua
765 4197 1026 4273 quidem
1069 4197 1474 4274 expositione
1517 4197 1635 4275 ipsi
1679 4196 1900 4276 gratia:
1931 4195 2172 4256 inimici
2211 4195 2355 4258 victi
2388 4201 2564 4269 sunt,
2597 4201 2947 4276 antequam
2995 4195 3150 4257 nati.
3183 4195 3499 4261 Perseve—

227 4277 391 4336 randi
428 4277 715 4356 gratiam
745 4293 874 4336 non
915 4277 1267 4337 secundum
1303 4275 1755 4355 accipientium
1791 4276 2054 4356 merita,
2087 4275 2197 4336 sed
2243 4276 2387 4337 aliis
2433 4276 2871 4338 misericordia
2909 4275 3084 4349 dari,
3130 4276 3274 4337 aliis
3321 4277 3499 4356 justo

228 4356 345 4433 ejus
378 4355 636 4435 judicio
666 4373 794 4416 non
831 4356 968 4418 dari
1004 4357 1206 4417 docet.
1245 4357 1375 4418 Cur
1403 4375 1484 4418 ex
1516 4356 1749 4417 adultis
1779 4356 1885 4417 ille
1917 4355 2128 4433 potius
2161 4372 2358 4433 quam
2391 4356 2510 4417 iste
2541 4360 2828 4428 vocetur,
2862 4355 3402 4435 quemadmodum
3434 4365 3499 4420 et

225 4453 290 4494 ex
317 4434 584 4497 duobus
621 4437 910 4512 parvulis
943 4455 1058 4498 cur
1087 4437 1208 4497 iste
1235 4441 1628 4509 assumatur,
1658 4436 1765 4496 ille
1792 4436 2220 4512 relinquatur,
2253 4435 2695 4495 inscrutabile.
2728 4434 3218 4505 Inscrutabilius
3249 4441 3493 4508 autem,

226 4528 326 4570 cur
353 4535 440 4572 ex
471 4515 732 4576 duobus
764 4516 910 4592 piis,
946 4515 1096 4576 huic
1125 4535 1540 4594 perseverare
1570 4517 1866 4585 donetur,
1899 4531 2029 4574 non
2061 4514 2151 4574 illi
2183 4535 2196 4572 :
2232 4515 2343 4575 sed
2373 4514 2541 4575 istud
2575 4522 2789 4594 tamen
2819 4514 3250 4594 certissimum
3270 4559 3286 4586 ,
3322 4515 3500 4580 hunc

225 4607 361 4676 esse
380 4609 468 4676 ex
502 4595 994 4676 prricdestinatis,
1024 4593 1203 4656 illum
1234 4614 1362 4656 non
1391 4615 1556 4658 esse.
1590 4594 2174 4676 Prtedestinationis
2198 4594 2574 4676 mysterium
2595 4593 2928 4654 dominicis
2953 4594 3266 4676 verbisde
3288 4597 3499 4676 Tyriis

225 4677 278 4754 ct
300 4669 616 4754 Sidoniis,
651 4667 956 4754 si_ea_dem
985 4675 1154 4754 apuﬂ
1191 4677 1356 4748 illos,
1389 4695 1534 4754 qute
1563 4675 1731 4754 apud
1761 4673 2145 4754 Chorozain,
2175 4667 2361 4754 signa
2388 4674 2554 4754 facta
2585 4679 2822 4746 essent,
2850 4675 3290 4754 paenitentiam
3321 4667 3502 4739 actu-

222 4750 341 4834 ris,
361 4749 722 4834 monstrari
751 4749 1073 4834 observat.
1107 4749 1948 4834 Exemplumpa'rvulorum
1978 4753 2056 4814 ad
2090 4749 2668 4834 praedestinationis
2698 4759 2758 4814 et
2790 4749 3010 4832 gratia:
3043 4753 3106 4813 in
3144 4753 3498 4834 majoribus

224 4831 558 4890 veritatem
609 4827 987 4889 ﬁrmandam
1037 4829 1253 4890 valere
1293 4827 1566 4892 Ostendit
1597 4853 1612 4891 :
1645 4838 1842 4908 atque
1869 4832 1947 4895 ad
1980 4827 2192 4895 locum
2223 4834 2369 4894 libri
2400 4833 2499 4895 sui
2528 4834 2604 4894 de
2629 4827 2861 4894 Libero
2899 4834 3182 4894 Arbitrio
3215 4827 3385 4896 tertii
3419 4840 3505 4898 ab

219 4909 614 4992 adversariis
646 4908 813 4992 male
845 4908 970 4992 huc
999 4909 1274 4992 relatum
1302 4910 1668 4992 respondet.
1701 4913 1920 4975 Altera
1965 4919 2192 4990 postea
2229 4919 2413 4992 parte
2461 4914 2606 4974 libri
2654 4912 2887 4974 refellit
2930 4913 3104 4991 quod
3145 4913 3238 4974 illi
3277 4916 3502 4988 aiunt,

218 4989 817 5071 praedestinationis
851 4988 1082 5071 dogma
1128 4989 1384 5071 utilitati
1433 4990 1902 5071 exhortationis
1945 4988 2008 5053 et
2056 4988 2477 5071 correptionis
2525 5012 2666 5055 esse
2715 4988 3215 5055 incommodum.
3257 4995 3509 5059 Asserit

103 5123 118 5140 ,
217 5076 446 5153 contra
468 5114 486 5142 ,
530 5067 1158 5153 praedestinationem
1188 5069 1824 5153 utiliterprzedieari,
1855 5078 1927 5132 ut
1962 5072 2155 5153 homo
2186 5067 2314 5132 non
2346 5073 2414 5132 in
2443 5074 2684 5153 seripso
2704 5117 2720 5145 ,
2748 5073 2858 5134 sed
2894 5073 2957 5132 in
2999 5074 3132 5133 Deo
3162 5073 3501 5153 glorietur.

215 5149 371 5222 Quae
408 5155 632 5230 autem
661 5149 744 5209 ab
773 5148 910 5230 istis
943 5147 1255 5230 adversus
1291 5147 1919 5228 prtedestinationem
1949 5152 2389 5230 objectantur,
2419 5147 2641 5214 eadem
2676 5170 2806 5212 non
2838 5147 3221 5214 absimiliter
3247 5155 3347 5214 vel
3378 5156 3506 5215 ad-

214 5245 449 5312 [versus
482 5228 599 5289 Dei
633 5229 1267 5312 praescientiamtvel
1293 5230 1602 5292 adversus
1640 5231 1914 5312 gratiam
1950 5228 2150 5304 illam,
2182 5248 2378 5312 quam
2409 5231 2487 5291 ad
2519 5237 2748 5294 uetera
2784 5235 2956 5294 bona
2989 5231 3292 5312 (excepto
3321 5235 3507 5295 initio

213 5308 357 5392 ﬁdei
390 5316 456 5369 et
483 5308 980 5392 perseverantia!
1012 5309 1425 5392 perfectione)
1444 5308 1884 5392 necessariam
1910 5329 2052 5372 esse
2094 5311 2509 5392 consentiunt
2537 5329 2726 5389 posse
2753 5308 3064 5391 torqueri.
3093 5308 3509 5376 Priedestina-

215 5388 464 5469 tionem
500 5388 742 5469 quippe
774 5398 1148 5469 sanctorum
1180 5390 1341 5450 nihil
1371 5390 1542 5451 aliud
1577 5409 1740 5462 esse,
1776 5407 1970 5468 quam
2002 5390 2470 5468 prwscientiam
2504 5388 2567 5452 et
2598 5388 3133 5469 praeparationem
3166 5393 3510 5454 beneﬁcio-

215 5479 366 5521 rum
415 5467 569 5533 Dei,
601 5468 841 5549 quibus
891 5468 1242 5549 certissime
1288 5470 1670 5542 liberantur,
1721 5467 2114 5548 quicumque
2161 5469 2543 5531 liberantur.
2588 5467 2828 5531 Verum
2879 5471 3509 5549 praadestinationem

216 5557 515 5628 φηςι·υᾶ
540 5547 794 5628 ratlo_r_m
818 5547 1149 5628 pradicari
1177 5548 1393 5627 jubet;
1417 5566 1492 5610 ac
1521 5567 1648 5609 non
1681 5547 1756 5610 eo
1783 5547 2091 5617 modo,’ut
2120 5550 2286 5628 apud
2319 5550 2681 5628 imperitam
2705 5547 3174 5612 multi—tudinem
3203 5550 3503 5627 redargui

218 5618 517 5710 ipsa'sua
549 5618 1005 5710 praedicatione
1037 5618 1346 5710 rideatur.
1380 5618 1727 5690 Postremo
1758 5629 1797 5689 il

1920 5618 2268 5710 trissimum
2300 5618 2882 5710 praidestinationis
2919 5631 3284 5709 exemplum
3323 5618 3506 5688 novbis

220 5697 630 5778 propositum
663 5699 750 5760 ob
780 5697 1004 5759 oculos
1036 5699 1378 5761 Dominum
1408 5710 1625 5762 Iesum
1657 5709 2083 5769 conmmendat.

296 5780 424 5843 Hic
467 5783 860 5847 observant,
910 5797 1039 5837 rem
1073 5782 1155 5840 ab
1208 5784 1565 5861 Augustino
1603 5784 1783 5844 libris
1817 5783 1941 5844 illis
1975 5784 2224 5847 duobus
2258 5797 2480 5851 contra
2514 5789 2920 5850 adversarios
2955 5789 3290 5848 tractatam
3331 5791 3507 5851 tanta

458 5883 687 5944 Sacr.
742 5882 1031 5938 Aususr.
1081 5882 1159 5942 Χ.
2846 5891 2890 5952 /
2911 5888 3214 5963 Quatre.)
