4016 6526
825 550 976 668 8-
1034 545 1804 664 AURELII
1877 541 2887 659 AUGUSTINI

1401 757 1919 824 HIPPONENSIS
1961 754 2340 832 EPISCOPI,

227 969 412 1076 DE
467 957 1536 1072 PECCATORUM
1581 951 2244 1059 MERITIS
2279 953 2478 1056 ET
2517 952 3506 1092 REMISSIONE,

974 1191 1124 1272 ET
1159 1189 1319 1272 DE
1343 1183 1924 1270 BAPTISMO
1953 1181 2834 1292 PARVULORUM,

745 1371 962 1510 ω
1095 1358 1823 1515 Mortalin

1934 1404 2065 1496 ιη
2179 1357 2473 1499 libri
2591 1381 2851 1507 tres
2883 1347 3002 1501 ω.

1667 1597 2038 1654 om»

1245 1745 1727 1856 LIBER
1809 1743 2468 1854 PRIMUS.

273 1983 464 2038 uelellit
487 1985 684 2047 eosqui
704 1982 888 2047 dicunt,
913 1979 1076 2040 Adam,
1099 1978 1294 2047 etiamsi
1311 1989 1404 2028 non
1425 1981 1696 2047 peccasset,
1720 1974 1873 2047 fuisse
1895 1977 2182 2026 moriturum
2198 1991 2213 2038 ;
2230 1990 2332 2047 uec
2353 1991 2418 2028 ex
2443 1979 2552 2042 ejus
2575 1987 2776 2047 peccato
2793 1981 3055 2047 quidquam
3075 1981 3136 2047 ad
3161 1983 3272 2046 ejus
3297 1987 3520 2047 postera

231 2050 568 2118 meagatioue
604 2039 1096 2116 transis-seatortcm
1119 2041 1324 2118 hominis
1364 2039 1534 2101 prebat
1569 2045 2018 2118 consecutamjnou
2051 2042 2346 2118 necessitate
2370 2039 2590 2118 ﬂaturae;
2615 2043 2700 2114 sed
2740 2039 3134 2118 tueritopeocati
3171 2039 3206 2092 z'
3227 2039 3334 2118 tum
3371 2045 3520 2118 etiam

235 2099 410 2174 ίιθάιιὶἷο
434 2110 550 2174 adu:
581 2115 730 2158 totam
755 2107 866 2169 ejus
900 2105 1102 2168 stirpem
1124 2099 1386 2166 obligatam
1411 2113 1524 2152 esse
1553 2099 1716 2162 docet,
1739 2099 2006 2150 ostendens
2028 2101 2253 2164 parvulos
2274 2104 2339 2152 ob
2368 2103 2418 2152 id
2439 2099 2684 2167 baptismi,
2703 2113 2759 2156 ut
2785 2099 3034 2170 originalis
3051 2107 3240 2169 peccati
3269 2106 3510 2156 remissio

233 2173 330 2224 netu
349 2173 608 2235 ancilium.

293 2319 516 2376 CAPUT
560 2315 848 2373 PRIMUM.
885 2345 952 2355 --
979 2316 1028 2371 l.
1057 2313 1326 2386 Prtefatio.
1349 2312 1604 2382 Quamvis
1629 2311 1682 2368 in
1707 2327 1820 2368 me-

231 2413 324 2469 diis
346 2423 404 2469 et
427 2411 642 2482 magnis
666 2424 916 2465 curarum
942 2407 1161 2464 aestibus
1191 2415 1350 2476 atque
1377 2406 1678 2468 tmdiorum,
1703 2419 1822 2476 qua:

237 2519 320 2559 nos
345 2503 598 2560 detinent
623 2515 652 2556 a
702 2499 1073 2571 peccatoribus
1104 2497 1600 2568 derelinquentibus
1643 2497 1818 2568 legem

237 2599 317 2654 Dei
345 2597 420 2670 (ὁ)
437 2641 454 2664 ,
483 2597 610 2652 licet
641 2609 703 2650 ea
730 2609 945 2665 quoque
971 2592 1084 2664 ipsa
1109 2599 1416 2652 nostrorum
1441 2591 1604 2646 etiam
1634 2605 1824 2660 pecca-

231 2697 398 2744 torum
429 2687 635 2742 meritis
672 2686 998 2756 imputemus
1025 2701 1042 2739 :
1071 2682 1250 2738 studio
1289 2691 1468 2738 tamen
1513 2691 1602 2736 tuo
1625 2719 1642 2748 ,
1675 2680 1820 2736 Mar-

225 2782 422 2837 celline
453 2779 785 2846 charissime,
813 2793 920 2848 quo
949 2775 1104 2832 nobis
1128 2793 1186 2832 es
1205 2776 1408 2848 gratior
1437 2783 1598 2846 atque
1624 2773 1822 2846 jucun-

227 2871 376 2938 dior,
409 2870 612 2926 diutius
635 2885 749 2926 esse
779 2869 992 2924 debitor
1016 2867 1188 2934 nolui,
1231 2875 1412 2938 atque,
1441 2875 1502 2922 ut
1527 2881 1712 2922 verum
1743 2865 1826 2920 di-

223 2979 364 3029 cam,
403 2977 514 3016 non
541 2961 708 3032 potui.
738 2959 830 3018 Sic
851 2959 994 3014 enim
1023 2975 1109 3014 me
1133 2958 1410 3028 compulit,
1441 2958 1522 3012 vel
1553 2957 1666 3030 ipsa
1688 2956 1824 3014 Cha-

231 3057 354 3110 ritas
383 3069 496 3126 qua
523 3053 580 3107 in
611 3067 720 3108 uno
759 3050 1182 3108 incommutabili
1212 3065 1374 3105 unum
1403 3065 1590 3106 sumus
1617 3049 1671 3104 in
1705 3063 1826 3104 me-

231 3149 324 3204 lius
339 3145 736 3212 commutandi,
755 3145 838 3200 vel
867 3143 1027 3200 timor
1047 3157 1118 3200 ne
1139 3143 1190 3198 in
1209 3150 1262 3197 te
1277 3141 1606 3198 ollenderem
1632 3141 1822 3208 Deum,

229 3241 312 3308 qui
343 3241 438 3294 tibi
481 3240 814 3294 desiderium
847 3241 949 3294 tale
986 3241 1238 3308 donavit,
1285 3240 1373 3295 cui
1415 3239 1698 3294 serviendo
1729 3239 1812 3296 illt

231 3336 452 3387 serviam
485 3333 581 3401 qui
615 3331 868 3388 donavit:
895 3332 1005 3398 sic,
1031 3333 1276 3402 inquam,
1309 3347 1394 3388 me
1421 3332 1707 3400 compulit,
1738 3331 1816 3386 sic

227 3423 372 3478 duxit
399 3435 456 3479 et
491 3425 660 3478 traxit
705 3423 768 3478 ad
821 3423 1186 3480 dissolvendas
1230 3438 1326 3492 pro
1373 3423 1589 3478 tantillis
1613 3421 1816 3478 viribus

229 3517 550 3582 quaestiones
577 3529 714 3583 quas
739 3513 869 3568 mihi
897 3514 1182 3569 scribendo
1205 3513 1462 3582 indixisti,
1487 3523 1546 3568 ut
1574 3528 1634 3570 ea
1656 3527 1814 3570 causa

229 3605 274 3660 in
293 3609 478 3662 animo
507 3622 634 3661 meo
666 3607 940 3676 paulisper
967 3607 1205 3662 vinceret
1233 3608 1388 3668 alias.
1417 3607 1588 3664 donec
1615 3607 1816 3666 aliquid

223 3705 522 3770 efﬁcerem,
555 3717 667 3773 quo
696 3716 784 3756 me
807 3699 964 3756 boote
989 3708 1098 3756 tua:
1123 3699 1382 3754 voluntati
1409 3708 1464 3754 et
1492 3713 1679 3754 eorum
1705 3697 1824 3768 qui-

227 3797 314 3852 bus
339 3797 461 3852 baec
487 3809 642 3850 cura:
673 3800 818 3856 sunt,
847 3791 948 3846 etsi
977 3807 1084 3846 non
1115 3789 1464 3858 sullicieuter,
1493 3799 1674 3846 tamen
1697 3788 1828 3846 obe-

223 3887 426 3946 dienter
453 3885 768 3942 deservisse
791 3892 1082 3940 constaret.

283 3978 526 4036 CAPUT
571 3977 638 4032 ll.
662 4007 738 4017 —
761 3975 818 4030 2.
853 3975 1036 4040 Adam,
1061 3975 1105 4030 si
1129 3991 1228 4030 non
1251 3985 1522 4046 peccasset,
1551 3990 1652 4028 non
1673 3973 1832 4044 fuisse

227 4072 552 4127 moriturum.
585 4068 688 4136 Qui
731 4067 916 4124 dicunt
943 4067 1112 4122 Adam
1155 4067 1234 4122 sic
1270 4077 1510 4122 creatum
1535 4107 1550 4132 ,
1582 4066 1826 4122 utetiam

227 4166 332 4220 sine
359 4163 582 4235 peccati
612 4161 808 4217 merito
837 4169 1156 4226 mereretur,
1189 4173 1294 4214 non
1319 4173 1478 4230 paula
1507 4158 1700 4230 culpze,
1731 4157 1828 4214 sed

227 4258 552 4314 necessitate
569 4265 808 4316 natura);
831 4251 1069 4324 profecto
1087 4250 1215 4306 illud
1237 4249 1378 4322 quod
1397 4250 1449 4304 i-u
1469 4249 1608 4320 Lege
1629 4249 1828 4304 dictum

227 4357 328 4416 est,
365 4348 490 4414 Qua
521 4345 609 4399 die
634 4343 838 4400 ederitis
859 4384 875 4410 ,
902 4349 1062 4396 morte
1085 4341 1369 4396 moriemini
1399 4339 1548 4412 (Gen.
1587 4355 1658 4406 ιι,
1693 4339 1781 4410 17)
1811 4355 1828 4406 ;

223 4453 324 4494 non
347 4438 420 4492 ad
451 4443 694 4492 mortem
721 4433 982 4503 corporis,
1015 4432 1111 4488 sed
1137 4432 1203 4488 ad
1225 4441 1460 4498 mortem
1489 4431 1682 4487 animae
1710 4445 1830 4502 qua:

225 4528 272 4582 in
293 4541 530 4600 peccato
551 4531 613 4586 lit
641 4532 690 4598 ‘,
719 4531 921 4586 referre
942 4539 1224 4586 conantur.
1251 4531 1364 4599 Qua
1387 4538 1560 4586 morte
1584 4537 1826 4584 mortuos

223 4622 552 4692 signiﬁcavit
581 4623 839 4678 Dominus
879 4623 1162 4690 inﬁdeles,
1193 4623 1261 4678 de
1307 4623 1498 4696 quibus
1542 4622 1650 4690 ait,
1695 4621 1822 4677 Sine

223 4725 448 4770 mortuos
474 4715 694 4784 sepelire
721 4723 944 4768 mortuos
971 4731 1088 4768 suos
1127 4715 1340 4786 (.llattlt.
1371 4731 1463 4770 vui
1489 4757 1503 4782 ,
1535 4713 1650 4784 2‘2).
1689 4713 1828 4782 Quid

225 4821 350 4878 ergo
379 4806 818 4878 respondebunt,
847 4821 968 4861 cuiu
999 4807 1188 4878 legitur
1215 4806 1316 4862 hoc
1343 4806 1506 4864 Deum
1533 4807 1704 4876 primo
1725 4807 1825 4862 lto-

1929 2311 2058 2366 mini
2090 2313 2249 2368 etiam
2282 2323 2402 2384 post
2439 2323 2716 2386 peccaturo
2763 2315 3085 2386 increpando
3123 2324 3176 2372 et
3217 2315 3520 2384 damnando

1925 2403 2124 2460 dixisse
2155 2422 2168 2457 :
2201 2403 2362 2460 Terra
2387 2421 2438 2460 es
2457 2447 2472 2474 ,
2505 2419 2550 2461 et
2574 2407 2626 2461 in
2655 2415 2840 2462 terram
2865 2407 2959 2462 ibis
2988 2407 3137 2481 (Gen.
3158 2425 3234 2475 ιιι,
3256 2408 3384 2481 l9)?
3411 2409 3520 2466 Ne—

1925 2511 2030 2564 que
2059 2495 2202 2551 enim
2225 2497 2521 2552 secundum
2552 2499 2786 2554 animam
2811 2541 2826 2567 ,
2859 2499 2973 2564 sed,
3011 2499 3152 2570 quod
3179 2500 3518 2556 manifestum

1925 2595 2042 2654 est,
2087 2587 2382 2642 secundum
2411 2603 2607 2660 corpus
2635 2599 2772 2645 terra
2799 2599 2948 2656 erat,
2988 2599 3043 2646 et
3082 2601 3254 2648 morte
3279 2592 3518 2662 ejusdem

1927 2676 2172 2746 corporis
2201 2687 2317 2732 erat
2346 2679 2518 2734 iturus
2547 2679 2602 2734 in
2635 2689 2851 2736 terram.
2877 2679 3134 2749 Quamvis
3162 2683 3304 2738 cnim
3329 2697 3523 2740 secun-

1925 2767 2056 2822 dum
2088 2783 2284 2840 corpus
2329 2779 2472 2825 terra
2508 2779 2690 2841 esset,
2736 2781 2789 2828 et
2829 2788 3024 2844 corpus
3063 2775 3119 2829 in
3163 2789 3269 2844 quo
3307 2785 3520 2832 creatus

1925 2865 2009 2912 est
2035 2859 2264 2915 animale
2289 2869 2562 2932 gestaret;
2593 2870 2766 2918 tamen
2793 2863 2967 2920 sinon
2994 2874 3290 2936 peccasset,
3317 2867 3372 2922 in
3399 2881 3524 2923 cor-

1927 2966 2028 3021 pus
2057 2951 2229 3007 luerat
2255 2954 2534 3024 spirituale
2571 2956 2857 3012 mutandus
2879 2999 2894 3024 ,
2937 2967 2990 3014 et
3024 2957 3078 3014 in
3105 2958 3250 3014 illam
3281 2959 3522 3016 incorru-

1927 3046 2166 3118 ptionem
2215 3063 2335 3116 qua:
2377 3047 2623 3106 lidclibus
2663 3059 2718 3105 et
2759 3051 2963 3106 sanctis
3003 3053 3368 3122 promittitur,
3404 3053 3524 3111 sine

1929 3141 2120 3196 mortis
2151 3139 2386 3210 periculo
2430 3143 2754 3199 transiturus
2787 3143 2826 3196 ί.
2873 3144 3040 3215 Cujus
3075 3146 3154 3201 rei
3197 3145 3522 3204 desiderium

1927 3247 2025 3286 nos
2053 3231 2252 3288 habere
2279 3249 2386 3288 non
2417 3234 2591 3290 solum
2624 3235 2724 3306 ipsi
2750 3237 3012 3292 sentimus
3039 3237 3090 3292 in
3121 3239 3296 3305 nobis,
3336 3255 3522 3294 verum

1927 3323 2088 3378 etiam
2137 3323 2462 3382 admonente
2509 3327 2770 3397 Apostolo
2815 3331 3210 3400 cognoscimus,
3267 3332 3356 3388 ubi
3401 3333 3521 3388 ait:

1931 3411 2131 3470 Etenim
2153 3417 2204 3472 in
2228 3417 2323 3472 hoc
2345 3419 2737 3490 ingentiscimus,
2760 3421 3099 3488 habitaculum
3117 3433 3366 3490 nostrum,
3389 3428 3526 3496 quod

1928 3507 1992 3562 de
2019 3509 2142 3562 coelo
2167 3517 2256 3574 est,
2291 3511 2592 3580 snperindui
2615 3513 2905 3584 cupientes;
2927 3515 2972 3570 si
2995 3525 3161 3571 tamen
3185 3517 3374 3584 induti,
3420 3535 3524 3574 non

1929 3601 2054 3656 nudi
2083 3601 2417 3656 inveniamur.
2447 3601 2646 3658 Etenim
2672 3605 2760 3676 qui
2783 3623 2957 3660 ulmus
2983 3607 3034 3661 in
3061 3608 3156 3662 hac
3181 3607 3522 3676 habitatione,

1929 3695 2300 3766 ingemiscimus
2321 3696 2538 3766 gravati,
2563 3698 2616 3754 in
2635 3715 2735 3770 quo
2757 3700 2992 3756 nolumus
3011 3701 3308 3773 exspoliari,
3329 3702 3420 3758 sed
3437 3720 3526 3758 su-

1931 3788 2288 3858 pererstiri,.ut
2309 3786 2638 3844 absorbeatur
2658 3791 2871 3848 mortale
2893 3809 2924 3847 a
2943 3793 3046 3848 uita
3061 3793 3132 3866 (ll
3155 3791 3276 3850 Cor.
3303 3811 3358 3861 ν,
3379 3793 3524 3867 2-4).

1931 3879 2162 3936 Proinde
2188 3879 2233 3934 si
2263 3895 2368 3936 non
2395 3893 2670 3952 peccasset
2695 3883 2866 3940 Adam
2893 3925 2910 3954 ,
2941 3901 3047 3940 non
3077 3895 3194 3944 erat
3217 3887 3526 3957 exspoliari-

1930 3973 2032 4030 dus
2057 3989 2286 4046 corpore
2311 4018 2327 4046 ,
2357 3977 2454 4034 sed
2491 3977 2964 4048 supervcstiendus
3003 3977 3402 4036 immortalitate
3425 4021 3440 4045 ,
3473 3990 3527 4036 et

1933 4067 2352 4138 incorruptione,
2385 4077 2444 4123 ut
2470 4069 2850 4126 absorberetur
2871 4069 3096 4126 mortale
3117 4085 3150 4126 a
3177 4071 3306 4137 vita,
3333 4070 3386 4127 id
3413 4082 3518 4136 εει,

1931 4157 1998 4214 ab
2029 4159 2244 4214 animali
2272 4161 2323 4215 in
2355 4159 2628 4232 spirituale
2657 4161 2928 4216 transiret.

2001 4251 2228 4310 CAPUT
2267 4253 2354 4308 Ill.
2395 4283 2466 4294 -—
2491 4254 2546 4309 5.
2587 4253 2746 4308 Aliud
2772 4271 2876 4310 esse
2901 4255 3164 4310 mortalem
3189 4297 3205 4322 ,
3246 4255 3392 4311 aliud
3415 4273 3526 4314 esse

1931 4347 2082 4400 morti
2131 4347 2424 4402 obnoxium.
2468 4347 2650 4418 Neque
2698 4349 2841 4402 enim
2896 4351 3238 4406 metuendum
3289 4351 3406 4416 fuit,
3455 4369 3524 4408 ne

1933 4437 2072 4494 forte
2091 4439 2134 4494 si
2156 4438 2355 4494 diutius
2382 4439 2468 4496 hic
2493 4441 2698 4496 viveret
2723 4441 2742 4471 ²
2775 4440 2826 4494 in
2853 4455 3076 4510 corpore
3101 4441 3340 4507 animali,
3364 4457 3524 4500 sene-

1931 4537 2077 4584 ctute
2102 4541 2432 4600 gravaretur,
2461 4539 2514 4586 ct
2533 4531 2784 4600 paulatim
2807 4529 3192 4587 vetet-ascendo
3219 4531 3524 4602 perveniret

1933 4619 2000 4676 ad
2027 4631 2274 4678 mortem.
2327 4621 2384 4678 Si
2423 4621 2568 4678 enim
2611 4622 2754 4678 Deus
2785 4621 3144 4678 lsraclitarum
3185 4623 3526 4680 vestimentis

1932 4723 1988 4770 et
2010 4715 2386 4772 calceamentis
2431 4715 2718 4786 prmslitit,
2765 4715 2906 4788 quod
2949 4731 3044 4786 per
3091 4724 3170 4772 tot
3199 4730 3371 4774 annos
3415 4733 3521 4774 non

1930 4817 2056 4862 sunt
2097 4807 2292 4864 obtrita
2341 4805 2516 4880 (Deut.
2565 4823 2726 4875 χχιχ,
2772 4807 2870 4876 ii);
2910 4805 3034 4878 quid
3085 4808 3276 4862 mirum
3323 4807 3368 4862 si
3403 4807 3533 4864 obc-

1429 4951 1714 4992 MJMONITIO
1751 4951 1830 4990 Pl".
1871 4951 2348 4992 BEXEDIC’I'INORUSI.

281 5037 354 5082 De
395 5039 712 5082 Peeeatorum
733 5029 916 5079 Meritis
944 5037 1004 5092 et
1029 5029 1324 5092 ngeniissione
1349 5029 1456 5078 libri
1483 5037 1587 5080 tres
1607 5030 1842 5092 recogniti
1873 5030 1963 5079 liae
1985 5043 2106 5092 nova
2131 5029 2346 5081 editione
2371 5030 2562 5082 luerunt
2585 5031 2644 5080 ad
2671 5039 2871 5082 veteres
2893 5030 3088 5081 codices
3103 5037 3336 5082 Romanos
3355 5031 3534 5080 biblio-

223 5092 386 5144 theca
413 5095 656 5143 Vaticana:
673 5099 802 5156 tres,
823 5091 956 5156 clad
974 5091 1236 5156 Gallicanos
1249 5091 1444 5156 decem,
1468 5105 1616 5156 unum
1639 5091 1824 5142 scilicet
1842 5105 1872 5141 c
1898 5091 2188 5156 bibliotheca
2215 5092 2518 5143 illustrissimi
2547 5094 2612 5142 de
2635 5102 2680 5141 ει.
2703 5101 2948 5156 Georges,
2988 5094 3344 5156 archiepiscopi
3377 5102 3534 5144 'turo-

223 5157 398 5206 ucnsis
441 5169 470 5204 a
497 5163 632 5212 Rege
653 5153 918 5216 designati,
944 5167 1091 5202 unqu
1131 5153 1350 5203 Ecclesia:
1376 5155 1728 5214 Latuluucnsis,
1762 5167 1910 5202 unum
1938 5155 2347 5203 ttomiuicanormu
2374 5157 2566 5216 majoris
2587 5153 2859 5204 conventus
2883 5153 3170 5205 I‘arisieusis’
3189 5159 3268 5206 via
3297 5153 3530 5210 incolum.

223 5219 471 5268 Sorbonici
494 5217 692 5278 collegii
719 5215 890 5274 unum,
915 5223 966 5264 et
989 5215 1266 5278 codicesex
1301 5217 1490 5265 abhatta
1513 5217 1811 5273 (Iorheieusi,
1839 5230 1900 5264 ex
1928 5217 2218 5276 Itcluigiana,
2241 5229 2304 5265 ex
2327 5215 2629 5275 I‘ratellensi,
2656 5229 2716 5266 ex
2737 5218 2983 5272 Beccensi,
3011 5229 3072 5278 (ιχ
3095 5217 3362 5276 casaleusl,
3389 5227 3440 5268 et
3466 5231 3530 5266 «ιχ

219 5281 596 5342 Cygiramtensi.
624 5277 772 5328 Etiam
813 5278 872 5326 all
897 5279 1142 5328 variantes
1181 5277 1417 5342 lectiones
1459 5293 1522 5328 ex
1563 5279 1768 5342 Belgicis
1809 5287 2016 5342 quatuor
2057 5279 2392 5342 ιιιειιιιιδςςίμῑίε
2433 5279 2932 5342 I.ovanieusiumcura
2973 5277 3234 5342 collectas;
3259 5291 3448 5330 necnon
3473 5281 3532 5326 ad

221 5339 503 5404 tﬁ'iecipuas
541 5342 790 5392 editiones
813 5347 914 5390 Am.
943 5345 1013 5387 ιίιι.
1038 5347 1090 5389 et
1111 5345 1242 5398 I.ov.,
1271 5339 1314 5389 id
1339 5348 1432 5400 est,
1458 5339 1972 5390 Joannis’amcrbacliii
1991 5378 2004 5396 ,
2033 5339 2268 5388 liesiderii
2300 5339 2512 5398 lirasmi,
2564 5351 2614 5391 et
2647 5341 3010 5390 lovauiensium
3045 5340 3406 5404 IliCologorum.

304 5425 838 5504 Qomparavimus
865 5431 1164 5504 praeterea
1187 5441 1288 5484 eas
1321 5443 1524 5486 omnes
1563 5425 1864 5487 editiones
1891 5423 2076 5486 initio
2111 5425 2278 5486 ltclr.
2303 5421 2754 5498 etConl‘ess.,t.
2787 5425 2844 5496 1,
2867 5436 3256 5488 memoratas.
3311 5425 3394 5486 M.

287 5499 366 5562 (ιι)
399 5499 564 5562 scopa
587 5519 719 5556 anno
739 5499 914 5553 Christi
937 5503 1044 5551 tis.

287 5581 364 5645 (lt)
399 5589 538 5634 Forte
557 5597 586 5633 a
611 5587 876 5632 Donatistis
907 5588 956 5636 in
989 5585 1250 5638 (:atholicos
1287 5597 1390 5638 tum
1423 5589 1656 5651 temporis
1675 5587 2022 5651 grassantilms.
2050 5585 2166 5638 \‘ide
2191 5587 2438 5650 augustiui
2463 5589 2626 5648 cpistt.
2661 5589 2746 5638 155
2764 5597 2814 5638 ct
2843 5587 2945 5637 131.

291 5669 310 5692 ⁸
349 5678 452 5717 Αιιι.
474 5668 626 5719 editio
649 5675 704 5738 et
728 5671 846 5738 1'3?“
871 5675 981 5734 (μέτε
1000 5662 1050 5738 in
1075 5677 1268 5738 νεεεηζη
1289 5671 1366 5736 sit.
1401 5674 1642 5722 (usalinus
1674 5669 1829 5721 codex

221 5733 336 5792 ili.
361 5743 472 5796 qm
487 5737 694 5798 peccato
715 5725 774 5794 fu
800 5739 818 5788 ,'
841 5725 1014 5774 ouussa
1042 5725 1286 5788 l-artienia,
1309 5725 1376 5778 in.

2005 5673 2020 5702 ι
2059 5671 2357 5733 Manuscripti
2385 5669 2560 5730 Belgici
2585 5669 2683 5720 duo
2707 5679 2758 5720 et
2781 5684 2908 5720 unus
2935 5679 3212 5728 \‘aticamLs.
3237 5682 3338 5720 Sllh'
3363 5678 3530 5720 merus

2005 5732 2174 5780 tmlicio
2202 5731 2510 5780 transiturus.

1938 5739 2174 5904 “tetigi?
2195 5739 2672 5857 gniﬁllilaltlt’sul‘ii'lgieis
2696 5804 2799 5846 Mss.
2823 5829 2837 5856 ,
2879 5807 2937 5846 ne
2971 5795 3092 5856 forte
3123 5797 3302 5844 diutius
3347 5795 3422 5845 loc
3471 5805 3534 5845 ιι-

1941 5867 2091 5904 remo

1941 5867 2091 5906 1⁸011110
