4016 6470
472 4992 499 5001 4

508 371 604 427 ιιι

504 488 668 542 dieuli
697 484 896 539 homini
927 482 1179 554 ejusdem
1207 480 1441 551 potentia
1471 482 1814 548 prmstaretur
1835 514 1850 539 ,
1883 479 1941 526 ut
1965 467 2082 525 ani-

506 582 644 635 male
669 595 732 635 ac
752 578 975 633 mortale
1000 577 1200 631 habens
1219 586 1412 643 corpus
1434 572 1474 635 ¹,
1504 569 1724 624 haberet
1742 567 1794 621 in
1817 576 2086 634 coquent—

504 674 625 728 dam
654 681 847 728 statum
868 712 884 738 ,
913 684 1020 740 quo
1044 668 1160 723 sine
1183 666 1390 721 defectu
1419 671 1564 719 esset
1589 674 1823 716 annosus
1848 658 1902 724 ⁸,
1946 665 2087 711 tem-

507 780 635 834 pore
658 777 765 834 quo
795 762 935 817 Deus
957 759 1151 824 vellet,
1178 774 1208 813 a
1240 757 1562 813 mortalitate
1602 752 1672 808 ad
1713 749 2088 806 immortalita-

506 865 651 923 tem,
682 855 799 909 sine
839 851 1011 908 media
1050 861 1223 906 morte
1260 845 1554 905 venturus?
1593 844 1744 901 Sicut
1785 840 1930 898 enim
1976 839 2090 894 haec

507 951 621 1019 ipsa
654 946 779 1002 caro
799 960 958 1017 quam
990 958 1132 998 nunc
1159 942 1435 1007 habemus,
1465 954 1568 995 non
1598 936 1718 993 ideo
1742 948 1848 991 non
1869 941 1953 989 est
1977 930 2089 986 vul-

509 1039 791 1104 nerabilis,
836 1038 957 1108 quia
997 1052 1100 1090 non
1142 1043 1225 1090 est
1266 1045 1486 1088 necesse
1530 1038 1587 1085 ut
1628 1027 1937 1082 vulneretur
1969 1041 1982 1075 :
2013 1021 2091 1077 sic

509 1133 595 1186 illa
626 1147 730 1186 non
762 1130 882 1185 ideo
904 1144 1008 1183 non
1038 1126 1134 1182 fuit
1170 1123 1432 1189 mortalis,
1457 1120 1580 1193 quia
1602 1133 1709 1175 non
1731 1125 1847 1173 erat
1872 1127 2092 1171 necesse

510 1235 565 1278 ut
594 1231 912 1280 moreretur.
937 1220 1117 1275 Talem
1147 1225 1272 1288 puto
1296 1213 1662 1270 habitudinem
1688 1208 1861 1266 adhuc
1890 1208 1942 1262 in
1966 1221 2090 1262 cor-

513 1331 642 1383 pore
668 1311 886 1370 animali
911 1320 1069 1382 atque
1095 1308 1329 1374 mertali,
1362 1306 1522 1363 etiam
1546 1304 1649 1359 illis
1669 1302 1761 1374 qui
1782 1302 1898 1356 sine
1923 1306 2095 1354 morte

514 1409 637 1463 hinc
667 1405 906 1461 translati
934 1412 1096 1467 sunt,
1143 1399 1305 1455 fuisse
1346 1409 1679 1453 concessam.
1725 1392 1907 1464 Neque
1950 1390 2094 1448 enim

515 1499 695 1552 Enoch
743 1505 797 1551 et
841 1494 988 1549 Elias
1037 1507 1130 1563 per
1175 1499 1281 1546 tam
1326 1489 1535 1559 longam
1574 1495 1784 1541 aetatem
1825 1491 2097 1542 senectute

515 1596 872 1644 marcucruut.
902 1585 1011 1641 Nec
1037 1592 1213 1640 tamen
1243 1580 1407 1637 credo
1433 1593 1526 1636 eos
1549 1578 1660 1655 jam
1689 1576 1741 1632 in
1771 1575 1916 1631 illam
1943 1573 2100 1645 spiri-

516 1684 708 1738 tualem
738 1679 1044 1752 qualitatem
1071 1675 1312 1746 corporis
1337 1680 1715 1735 commutatos,
1738 1668 1907 1741 qualis
1933 1668 1986 1723 in
2011 1682 2098 1724 re-

514 1749 843 1829 surrectione
871 1768 1198 1842 promittitur
1219 1808 1233 1834 ,
1268 1780 1387 1837 qua:
1425 1764 1479 1819 in
1508 1762 1736 1819 Domino
1763 1760 1928 1831 prima
1958 1772 2097 1830 prm-
2177 1749 2183 1757 ’

514 1868 676 1924 cessit
708 1883 721 1918 :
752 1864 852 1918 nisi
879 1861 1002 1933 quia
1032 1859 1116 1915 isti
1147 1858 1373 1914 fortasse
1402 1870 1502 1912 nec
1530 1854 1615 1909 his
1639 1853 1772 1909 cibis
1802 1860 1979 1923 egent,
2010 1847 2098 1920 qui

516 1961 597 2017 sui
619 1957 1024 2028 consumptione
1045 1953 1321 2018 reﬁciunt;
1348 1949 1443 2006 sed
1467 1965 1533 2006 ex
1557 1962 1662 2020 quo
1691 1944 1930 2002 translati
1952 1952 2093 2007 sunt,

519 2056 588 2108 ita
620 2054 840 2118 vivunt,
872 2059 929 2103 ut
958 2045 1188 2103 similem
1222 2042 1453 2099 habeant
1481 2040 1782 2095 satietatem
1824 2035 1928 2092 illis
1964 2049 2098 2106 qua-

518 2145 762 2213 draginla
789 2139 976 2198 diebus
1001 2179 1016 2204 ,
1046 2137 1241 2208 quibus
1281 2134 1423 2190 Elias
1463 2148 1529 2189 ex
1571 2130 1739 2187 calice
1773 2144 1925 2199 aqua:
1954 2134 2008 2183 et
2035 2141 2099 2182 ex

517 2232 776 2306 collyride
802 2231 823 2263 ³
850 2230 1002 2302 panis
1031 2229 1146 2284 sine
1171 2226 1291 2281 cibo
1321 2224 1450 2279 vixit
1476 2222 1564 2295 (ιν
1592 2222 1719 2293 Reg.
1759 2235 1815 2287 ιι,
1849 2217 1940 2289 ll)
1969 2236 1981 2272 :
2012 2225 2105 2272 aut

520 2330 563 2381 si
594 2335 648 2381 et
673 2325 755 2380 his
783 2319 1159 2378 sustentaculis
1188 2330 1322 2388 opus
1351 2323 1434 2372 est
1453 2357 1468 2382 ,
1509 2314 1582 2368 ita
1621 2314 1673 2368 in
1706 2310 1952 2384 paradiso
1990 2307 2104 2364 for-

520 2422 664 2474 ‘asse
691 2423 998 2485 pascuntur,
1031 2411 1169 2466 sicut
1194 2407 1360 2463 Adam
1392 2405 1698 2476 priusquam
1730 2409 1945 2473 prapter
1974 2413 2102 2472 pec-

520 2520 695 2567 catum
723 2507 916 2565 exinde
944 2505 1092 2562 exire
1116 2502 1420 2558 meruisset.
1450 2498 1688 2555 Habebat
1724 2497 1888 2568 enim,
1928 2509 2101 2565 quan-

518 2612 637 2657 tum
666 2598 912 2655 existimo
931 2638 947 2663 ,
988 2603 1042 2650 et
1070 2594 1138 2649 de
1168 2593 1430 2664 lignorum
1461 2588 1723 2646 fructibus
1755 2585 2104 2643 refectionem

521 2699 702 2747 contra
720 2687 1072 2745 defectionem
1081 2727 1096 2753 ,
1111 2693 1164 2740 et
1183 2683 1250 2740 de
1269 2682 1412 2755 ligno
1424 2683 1542 2737 vitae
1554 2680 1897 2737 stabilitatem
1921 2691 2019 2735 con
2026 2684 2107 2733 tra

522 2789 859 2837 ‘retustatem.

587 2872 818 2930 CAPUT
858 2870 944 2926 IV.
968 2900 1035 2910 —
1062 2870 1115 2925 4.
1148 2868 1291 2925 Mors
1315 2868 1465 2924 etiam
1506 2867 1732 2937 corporis
1773 2881 1836 2921 ea:
1882 2872 2105 2937 peccato.

524 2966 728 3022 Praeter
748 2964 850 3018 hoc
871 2971 1047 3018 autem
1069 2960 1210 3033 quod
1237 2960 1462 3033 puniens
1491 2959 1630 3014 Deus
1649 2958 1814 3023 dixit,
1849 2957 2005 3012 Terra
2023 2972 2074 3011 es
2091 2997 2108 3025 ,

526 3070 572 3114 et
597 3060 650 3114 in
670 3070 865 3113 terram
892 3055 987 3110 ibis
1006 3096 1019 3120 ,
1065 3053 1208 3126 quod
1239 3052 1339 3109 nisi
1370 3052 1439 3109 de
1480 3063 1653 3107 morte
1688 3049 1930 3122 corporis
1974 3064 2110 3121 quo-

526 3150 689 3207 modo
708 3147 933 3219 intelligi
966 3146 1133 3218 possit
1170 3145 1386 3217 ignoro;
1416 3152 1539 3199 sunt
1584 3150 1638 3198 et
1663 3142 1765 3197 alia
1808 3140 2112 3197 testimonia

527 3243 718 3315 quibus
747 3238 1147 3297 evidentissima
1164 3243 1450 3306 appareat,
1481 3249 1585 3290 non
1619 3243 1820 3288 tantum
1850 3232 2069 3303 spiritus
2093 3273 2108 3298 ,

527 3334 623 3389 sed
672 3333 831 3388 etiam
878 3330 1118 3401 corporis
1166 3337 1392 3382 mortem
1444 3334 1663 3396 propter
1691 3333 1966 3395 peccatum
1996 3337 2111 3379 me-

527 3427 701 3483 ruisse
743 3440 910 3496 genus
951 3423 1262 3477 humanum.
1297 3419 1377 3475 Ad
1408 3419 1678 3474 Romanos
1704 3417 1992 3488 Apostolus
2032 3415 2115 3472 di-

526 3518 601 3572 cit
633 3533 645 3570 :
675 3515 734 3573 Si
757 3523 923 3570 autem
938 3512 1168 3570 Christus
1193 3512 1244 3565 in
1266 3509 1402 3565 vobis
1418 3519 1507 3575 est,
1535 3525 1721 3580 corpus
1745 3507 1947 3580 quidem
1973 3526 2113 3564 mor—

528 3620 673 3664 tuum
702 3616 772 3662 est
800 3614 1004 3678 propter
1034 3611 1312 3675 peccatum,
1344 3601 1552 3672 spiritus
1576 3609 1742 3655 autem
1768 3601 1867 3656 vita
1897 3609 1968 3656 est
1991 3618 2114 3672 pro-

530 3714 641 3775 pter
676 3701 947 3773 justitiam.
982 3698 1041 3754 Si
1084 3712 1202 3768 ergo
1239 3695 1445 3766 spiritus
1471 3696 1580 3767 ejus
1603 3694 1691 3766 qui
1729 3694 1989 3749 suscitavit
2025 3693 2116 3749 Je-

529 3811 644 3850 sum
668 3811 699 3849 a
734 3791 946 3847 mortuis
975 3789 1164 3845 habitat
1182 3790 1236 3844 in
1261 3788 1398 3844 vobis
1415 3829 1431 3856 ,
1473 3788 1559 3854 qui
1577 3787 1831 3842 suscitauit
1859 3786 2115 3843 Christum

528 3887 561 3941 J
567 3901 706 3941 esum
727 3901 758 3938 a
787 3883 994 3937 mortuis
1018 3924 1031 3948 ,
1054 3879 1328 3950 uiviﬁcabit
1355 3888 1401 3933 et
1421 3878 1657 3935 mortalia
1679 3895 1894 3950 corpora
1918 3889 2079 3934 uestra
2098 3920 2114 3946 ,

530 3994 619 4048 per
637 3976 994 4031 inhabitantem
1019 3973 1253 4045 spiritum
1281 3971 1391 4041 ejus
1419 3970 1474 4025 in
1499 3970 1638 4026 vobis
1666 3968 1845 4041 (Rom.
1869 3985 1960 4025 vtu
1978 4010 1994 4037 ,
2026 3970 2115 4038 10,

532 4070 643 4140 ll).
672 4069 805 4124 Puto
829 4065 971 4138 quod
998 4079 1104 4121 non
1133 4071 1439 4135 exposuere
1460 4104 1478 4132 ,
1509 4061 1603 4118 sed
1635 4070 1838 4118 tantum
1864 4062 2067 4118 lectore
2095 4060 2118 4093 ⁸

531 4175 665 4232 epus
690 4159 851 4215 habet
877 4168 982 4213 tam
1011 4157 1153 4213 clara
1174 4164 1229 4211 et
1251 4162 1436 4225 aperta
1463 4153 1748 4209 sententia.
1778 4152 2005 4225 Corpus,
2032 4152 2116 4207 in-

531 4255 665 4326 quit,
695 4262 947 4307 mortuum
968 4261 1060 4315 est,
1089 4264 1194 4305 non
1226 4255 1444 4319 propter
1463 4246 1805 4318 fragilitatem
1826 4253 2116 4314 terrenam,

531 4348 653 4418 quia
682 4346 751 4402 de
791 4353 945 4401 terra:
974 4343 1192 4414 pulvere
1223 4339 1416 4396 factum
1444 4345 1561 4405 est,
1588 4336 1683 4395 sed
1714 4347 1919 4411 propter
1938 4353 2118 4410 pecca-

533 4450 674 4505 tum;
715 4436 841 4507 quid
870 4434 1098 4505 amplius
1125 4430 1452 4504 qttmrimus?
1493 4430 1557 4486 Et
1585 4430 1986 4503 vigilantissime
2014 4444 2119 4486 non

533 4532 639 4595 ait,
672 4527 924 4591 Mortale;
965 4524 1058 4580 sed
1083 4566 1099 4590 ,
1132 4532 1407 4578 mortuum.

604 4619 831 4678 CAPUT
869 4618 932 4673 V.
964 4648 1033 4658 —
1053 4618 1105 4673 5.
1133 4615 1381 4681 Mortale,
1404 4624 1659 4670 mortuum
1696 4630 1756 4669 ac
1798 4615 2117 4669 moriturum.

536 4713 776 4782 Namque
804 4717 1085 4778 antequam
1116 4708 1485 4761 immolaretur
1513 4706 1566 4760 in
1592 4704 1738 4759 illam
1766 4704 2122 4775 incorruptio-

539 4819 695 4867 nem.
740 4815 858 4872 quae
901 4800 954 4854 in
995 4806 1300 4854 sanctorum
1345 4795 1736 4852 resurrectione
1772 4796 2117 4867 promittitur,

539 4902 748 4966 poterat
776 4907 896 4949 esse
923 4889 1174 4956 mortale,
1207 4888 1449 4959 quamvis
1473 4902 1578 4942 non
1609 4889 1925 4944 moriturum
1949 4904 1964 4943 :
1988 4888 2125 4944 sicut

530 4990 642 5054 hoc
678 4991 917 5039 nostrum
945 4989 1154 5053 potest,
1187 4990 1244 5033 ut
1287 4979 1354 5034 ita
1384 4978 1557 5034 dicam
1582 5019 1598 5045 ,
1630 4992 1751 5034 esse
1779 4976 2120 5048 mgrotabile,

537 5076 783 5144 quamvis
812 5088 917 5128 non
939 5081 1337 5143 mgrotaturum.
1364 5070 1526 5140 Cujus
1550 5071 1691 5126 enim
1720 5085 1846 5126 caro
1881 5080 1983 5135 est,
2006 5085 2125 5141 quae

541 5183 645 5222 non
675 5172 934 5237 :rgrotare
962 5162 1162 5235 possit,
1191 5161 1400 5217 etiamsi
1440 5161 1780 5232 aliquocasu
1822 5162 2125 5230 priusquam

540 5264 767 5331 a'grotet
802 5255 1125 5312 occumbat?
1146 5254 1236 5311 Sic
1274 5263 1329 5309 et
1358 5252 1487 5308 illud
1512 5266 1703 5323 corpus
1720 5252 1830 5323 jam
1849 5261 1966 5307 erat
1992 5266 2128 5308 mor-

545 5352 687 5418 tale;
720 5365 878 5423 quam
906 5348 1283 5405 mortalitatem
1310 5346 1483 5404 fuerat
1522 5345 1865 5418 absumptura
1907 5349 2128 5404 mutatio

610 5488 625 5517 ι
661 5483 883 5535 Gallicani
905 5491 1109 5542 quatuor
1132 5480 1441 5542 manuscripti
1463 5480 1657 5542 Optima:
1678 5487 1805 5530 noue
1829 5486 1881 5529 et
1901 5481 1998 5530 duo
2021 5484 2128 5533 Bel-

548 5550 661 5611 εἰεί,
686 5555 735 5611 ut
760 5541 965 5611 animale
987 5544 1074 5594 hoc
1108 5541 1309 5611 mortale
1331 5541 1507 5593 habens
1539 5553 1733 5605 corpus.
1766 5542 1984 5593 Nonnulli
2027 5544 2127 5605 alii,

549 5603 755 5659 maritale
778 5608 866 5657 hoc
888 5613 958 5656 est
973 5603 1191 5664 mortale,
1218 5613 1311 5656 etc.

614 5673 633 5701 ί
654 5677 703 5718 tn
727 5678 840 5718 ante
863 5668 1023 5730 editis,
1047 5663 1375 5730 annosum.At
1399 5663 1802 5730 inmanuseriptis
1817 5677 1967 5727 prepe
1983 5672 2130 5718 omni-

555 5733 644 5779 bus
671 5731 865 5793 legitur,
891 5726 1140 5793 murorum.
1168 5735 1216 5778 tn
1241 5729 1394 5778 tribus
1415 5726 1538 5787 aliis,
1564 5738 1785 5776 (rimosas.

619 5794 637 5824 ³
672 5789 869 5851 ιη”Μδδη
896 5789 1150 5854 rollyrirlu.

619 5854 639 5885 ⁸
670 5854 913 5905 Cnsaliuus
932 5852 1039 5914 δὶς,
1062 5852 1280 5902 relatore.

1132 363 1218 419 DE
1259 356 1719 419 PECCATORUM
1759 349 2037 410 MERITIS
2077 347 2107 401 Ε

2218 343 2628 418 ιιιςιιιδδιυκις,
2670 352 2728 407 S.
2774 356 3142 415 AUGUSTINI

3684 362 3795 421 ΗΞ

2197 466 2246 520 iu
2272 477 2524 522 atternam
2558 469 3007 540 incorruptionem
3030 513 3045 538 ,
3076 474 3119 527 si
3149 473 3198 527 iu
3232 472 3665 545 hominejustitia
3688 518 3703 540 ,
3735 477 3789 533 id

2196 567 2279 611 est
2318 557 2652 625 obedientia,
2685 571 3022 630 permaneret
3051 579 3065 616 :
3098 561 3190 618 sed
3219 564 3390 634 ipsum
3433 567 3659 622 mortale
3683 582 3787 625 non

2197 659 2279 706 est
2303 644 2497 707 factum
2522 660 2789 708 mortuum
2812 654 2912 708 nisi
2939 665 3159 727 propter
3184 665 3480 726 peccatum.
3508 658 3642 725 Quia
3664 675 3790 716 vero

2197 741 2290 797 illa
2316 741 2371 798 in
2402 744 2419 775 ί
2446 742 2840 801 resurrectione
2868 745 3043 802 futura
3074 747 3316 815 mutatio,
3348 763 3455 805 non
3475 750 3646 805 solum
3673 752 3792 806 nul-

2198 831 2303 887 lam
2334 843 2559 890 mortem
2584 876 2600 901 ,
2642 850 2765 907 quae
2804 835 2940 891 facta
2974 846 3057 893 est
3085 846 3305 908 propter
3347 848 3623 909 peccatum
3645 883 3660 907 ,
3695 844 3790 898 sed

2199 939 2298 980 nec
2325 927 2699 982 mortalitatem
2728 926 2973 984 habitura
3002 937 3088 984 est
3110 969 3124 994 ,
3151 945 3313 1001 quam
3330 945 3527 1001 corpus
3556 933 3793 991 animale

2199 1016 2528 1074 habuitante
2557 1027 2833 1089 peccatum
2859 1059 2875 1084 ,
2906 1035 3011 1076 non
3052 1021 3164 1087 ait,
3211 1020 3311 1086 Qui
3347 1024 3604 1078 suscitavit
3648 1024 3795 1080 Chri-

2198 1114 2331 1162 stum
2356 1106 2533 1163 Jesum
2575 1125 2607 1163 a
2650 1111 2894 1175 mortuis,
2935 1111 3203 1182 uiri/icabit
3244 1122 3291 1166 et
3331 1124 3539 1169 mortua
3579 1131 3798 1187 corpora

2200 1208 2408 1265 vestra,-
2444 1214 2564 1254 cum
2608 1214 2767 1270 supra
2806 1200 3060 1269 dixisset,
3107 1218 3291 1273 corpus
3328 1214 3584 1260 mortuum
3616 1221 3634 1259 :
3663 1207 3755 1261 sed
3777 1247 3794 1274 ,

2203 1290 2489 1359 viviﬁcabit,
2523 1291 2732 1362 inquit,
2754 1302 2800 1347 et
2825 1294 3058 1348 mortalia
3081 1310 3299 1365 corpora
3323 1305 3487 1350 vestra
3517 1312 3538 1350 :
3565 1305 3622 1352 ut
3648 1299 3796 1353 scili-

2203 1390 2287 1437 cet
2306 1381 2417 1453 jam
2440 1397 2547 1438 non
2576 1382 2751 1439 solum
2773 1400 2878 1439 non
2906 1385 3012 1439 sint
3032 1393 3262 1453 mortua,
3285 1385 3380 1441 scd
3408 1401 3510 1442 nec
3527 1378 3794 1452 mortalia,

2204 1490 2324 1529 cum
2354 1476 2584 1532 animale
2611 1486 2854 1548 resurget
2892 1477 2943 1532 in
2984 1478 3267 1548 spirituale
3289 1519 3304 1544 ,
3335 1489 3391 1535 et
3428 1482 3656 1537 mortale
3694 1484 3800 1539 hoc

2207 1566 2387 1623 induet
2408 1568 2882 1634 immortalitatem,
2912 1578 2969 1627 et
2991 1570 3364 1627 absorbebitur
3387 1573 3612 1630 mortale
3637 1589 3670 1629 a
3691 1576 3795 1629 vita

2210 1658 2404 1730 (ICor.
2431 1676 2522 1726 xv,
2554 1661 2643 1728 tt,
2675 1662 2764 1727 55,
2790 1662 2903 1732 st).

2276 1750 2501 1808 CAPUT
2534 1752 2621 1806 Vl.
2642 1783 2714 1793 —-
2733 1753 2786 1807 6.
2819 1753 3082 1821 Quomodo
3111 1772 3293 1827 corpus
3316 1766 3567 1831 niortuum
3590 1756 3651 1811 ob
3681 1774 3801 1828 pec-

2206 1852 2393 1896 catum.
2419 1842 2607 1898 Mirum
2638 1845 2681 1898 si
2709 1843 2905 1915 aliquid
2933 1845 3191 1916 qumritur
3235 1847 3335 1902 hac
3365 1846 3800 1904 manifestatione

2211 1933 2482 2004 liquidius.
2506 1933 2618 1989 Nisi
2657 1934 2793 1990 forte
2828 1935 3150 1991 audiendum
3189 1945 3304 2002 est,
3348 1936 3487 2009 quod
3526 1936 3651 1993 huic
3682 1953 3804 2009 per-

2208 2026 2471 2096 spicuitati
2499 2025 2916 2091 contradicitur,
2959 2036 3016 2082 ut
3060 2036 3325 2084 mortuum
3369 2044 3562 2100 corpus
3603 2045 3802 2087 secuti.

2209 2116 2334 2171 dum
2365 2117 2509 2171 illum
2542 2117 2758 2173 modum
2786 2116 2872 2173 hic
2894 2118 3283 2189 intelligamus,
3317 2135 3425 2190 quo
3452 2121 3653 2177 dictum
3679 2132 3802 2188 est,

2215 2204 2268 2260 Μ
2273 2206 2518 2277 ortiﬁcate
2558 2208 2778 2261 membra
2801 2217 2968 2281 uestra
2992 2225 3106 2279 quin
3129 2220 3244 2265 sunt
3273 2227 3424 2282 super
3460 2220 3647 2267 terram
3673 2212 3804 2283 (Co-

2210 2296 2331 2351 loss.
2360 2312 2450 2365 ιιι,
2480 2297 2560 2368 5).
2594 2297 2703 2354 Sed
2729 2297 2831 2355 hoc
2854 2299 3015 2355 modo
3039 2315 3234 2372 corpus
3279 2312 3497 2373 propter
3534 2303 3805 2375 justitiam

2211 2386 2593 2455 mortiﬁcatur,
2632 2405 2739 2445 non
2765 2398 2981 2460 propter
3009 2404 3286 2463 peccatum
3314 2411 3329 2448 :
3361 2403 3420 2449 ιιι
3438 2395 3580 2449 enim
3611 2410 3809 2468 opere-

2212 2492 2332 2532 mur
2348 2477 2627 2549 justitiam,
2651 2480 3038 2539 mortilicamus
3065 2483 3306 2541 membra
3327 2495 3509 2542 nostra
3530 2502 3650 2558 quae
3678 2498 3810 2544 sunt

2213 2583 2374 2640 super
2401 2578 2619 2640 terram.
2665 2574 2771 2629 Aut
2809 2573 2855 2629 si
2891 2582 3079 2646 putant
3121 2575 3243 2632 ideo
3283 2575 3556 2648 additum,
3600 2590 3809 2651 propter

2214 2673 2476 2733 peccatum
2495 2706 2511 2732 ,
2551 2672 2612 2720 ut
2650 2680 2756 2721 non
2787 2666 3143 2738 intelligamus
3166 2668 3287 2738 quia
3311 2678 3584 2740 peccatum
3613 2670 3812 2727 factum

2213 2768 2295 2814 est
2313 2799 2329 2826 ,
2357 2757 2452 2815 sed
2479 2767 2535 2814 ut
2563 2767 2840 2831 peccatum
2864 2775 2968 2814 non
3000 2759 3111 2827 ﬁat;
3136 2768 3388 2833 tanquam
3413 2761 3646 2829 diceret,
3675 2763 3814 2818 Cor-

2215 2866 2314 2923 pus
2353 2850 2566 2922 quidem
2614 2860 2881 2907 mortuum
2921 2860 3038 2921 est,
3089 2863 3307 2924 propter
3349 2870 3456 2909 non
3510 2854 3812 2912 faciendum

2216 2952 2493 3014 peccatum
2526 2961 2539 2997 :
2567 2943 2693 3014 quid
2719 2942 2823 2997 sibi
2855 2958 2982 3014 ergo
3022 2944 3168 3011 vult,
3199 2944 3343 3015 quod
3376 2961 3497 3002 cum
3540 2946 3813 3018 adjunxis-

2217 3043 2319 3101 set,
2346 3033 2572 3107 Spiritus
2588 3044 2755 3088 autent
2778 3035 2881 3089 vita
2904 3044 3003 3100 est;
3030 3035 3266 3101 addidit,
3294 3047 3499 3109 propter
3514 3038 3816 3109 justitiam!

2216 3125 2509 3183 Sulfecerat
2553 3126 2695 3183 enim
2724 3127 2768 3182 si
2812 3126 3127 3199 adiungeret
3158 3130 3179 3160 ³
3202 3171 3219 3196 ,
3248 3128 3425 3184 Vitam
3464 3130 3679 3200 spiritus
3711 3147 3727 3197 ;
3759 3140 3820 3187 ut

2217 3221 2378 3277 etiam
2405 3220 2493 3276 hic
2517 3212 2911 3287 subaudiretur,
2937 3219 3164 3291 Propter
3194 3236 3303 3276 non
3328 3220 3629 3278 faciendum
3676 3238 3813 3293 pec-

2218 3320 2435 3369 catum:
2464 3312 2620 3368 utsic
2642 3319 2924 3384 utrumque
2958 3321 3177 3384 preptcr
3200 3329 3360 3368 unam
3392 3330 3505 3369 rem
3547 3315 3822 3387 intellige-

2219 3420 2401 3462 remus
2439 3413 2493 3461 et
2518 3413 2789 3460 mortuum
2815 3419 2936 3461 esse
2964 3420 3157 3477 corpus
3182 3449 3197 3474 ,
3225 3414 3280 3462 et
3308 3407 3468 3461 vitam
3499 3422 3618 3463 esse
3647 3408 3819 3479 spiri-

2220 3504 2333 3552 tum
2354 3537 2370 3563 ,
2401 3502 2619 3567 propter
2661 3509 2768 3550 non
2798 3493 3098 3551 faciendum
3122 3504 3423 3566 peccatum.
3453 3494 3529 3551 Ita
3570 3497 3775 3569 quippe
3796 3536 3811 3560 ,

2221 3589 2430 3646 etiamsi
2455 3588 2823 3645 tantummodo
2852 3588 3012 3644 vellet
3039 3588 3218 3645 dicere
3237 3630 3253 3656 ,
3285 3598 3493 3660 propter
3519 3591 3816 3660 justitiam,

2224 3683 2327 3740 hoc
2357 3692 2471 3751 est,
2515 3689 2734 3754 propter
2770 3679 3065 3738 faciendam
3103 3682 3367 3752 justitiam
3388 3724 3404 3748 ,
3436 3691 3726 3753 utrumque
3750 3682 3821 3737 ad

2223 3773 2326 3831 hoc
2352 3783 2531 3846 posset
2557 3771 2808 3837 referri‘,
2832 3780 2888 3827 et
2915 3781 3181 3828 mortuum
3219 3787 3340 3829 esse
3377 3787 3573 3843 corpus
3594 3814 3611 3839 ,
3654 3781 3714 3827 et
3737 3773 3821 3827 vi-

2226 3875 2331 3921 tam
2357 3880 2479 3922 esse
2501 3864 2763 3935 spiritum,
2792 3872 3013 3935 propter
3036 3862 3329 3919 faciendam
3354 3861 3636 3934 justitiam.
3668 3862 3822 3916 Nune

2224 3971 2352 4014 vero
2377 3964 2431 4015 et
2460 3966 2728 4012 mortuum
2753 3955 2888 4012 dixit
2914 3969 3035 4011 esse
3061 3968 3255 4025 corpus
3274 3961 3495 4025 propter
3515 3963 3821 4023 peceatum,

2223 4058 2279 4107 et
2301 4049 2545 4120 spiritum
2568 4064 2688 4105 esse
2715 4049 2879 4105 vitam
2907 4056 3125 4119 propter
3146 4046 3438 4118 justitiam;
3465 4043 3678 4101 diversa
3702 4062 3824 4102 me-

2224 4143 2323 4199 rita
2346 4141 2571 4199 diversis
2594 4141 2754 4198 rebus
2778 4140 3075 4197 attribuens
3101 4158 3115 4194 :
3139 4139 3296 4195 morti
3316 4140 3529 4211 quidem
3550 4140 3824 4212 corporis,

2225 4234 2473 4290 meritum
2500 4233 2703 4305 peccati
2723 4249 2738 4300 ;
2762 4234 2885 4288 vita:
2911 4240 3089 4288 autem
3110 4232 3326 4302 spiritus
3344 4273 3359 4299 ,
3394 4232 3645 4287 meritum
3664 4233 3830 4303 justi-

2227 4328 2333 4383 tiae.
2364 4326 2623 4394 Quocirca
2649 4327 2692 4383 si
2717 4366 2732 4392 ,
2762 4334 2820 4381 ut
2843 4323 3073 4381 dubitari
3094 4338 3199 4379 non
3233 4332 3436 4394 potest,
3463 4324 3676 4395 spiritus
3722 4326 3832 4379 rita

2227 4429 2301 4476 est
2327 4429 2529 4493 propter
2544 4419 2823 4491 justitiam,
2844 4418 2944 4473 hoc
2964 4425 3045 4473 est
3062 4459 3077 4484 ,
3105 4417 3295 4473 merito
3314 4416 3556 4489 justitize;
3580 4417 3831 4488 profecto

2227 4526 2412 4583 corpus
2454 4519 2705 4565 mortuum
2748 4517 2951 4579 propter
2993 4516 3284 4581 peccatum,
3314 4506 3441 4579 quid
3467 4507 3611 4562 aliud
3656 4521 3829 4577 quam

2227 4604 2420 4660 merito
2445 4601 2649 4673 peccati
2678 4600 2973 4671 intelligere
2997 4599 3255 4654 debemus
3288 4608 3379 4653 aut
3408 4612 3694 4667 possumus
3722 4641 3740 4668 ,
3782 4599 3833 4654 si

2228 4694 2620 4767 apertissimum
2647 4692 2939 4762 Scripturae
2959 4704 3176 4747 sensum
3204 4705 3308 4745 non
3331 4704 3428 4761 pro
3448 4690 3672 4746 arbitrio
3697 4707 3835 4763 per-

2227 4794 2439 4843 vertere
2477 4800 2542 4840 ac
2578 4780 2901 4854 detorquere
2928 4780 3224 4837 conamur?
3248 4780 3363 4837 Huc
3390 4779 3413 4813 ’⁵
3445 4781 3606 4836 etiam
3635 4783 3839 4841 verbo-

2230 4895 2351 4937 rum
2379 4878 2818 4950 eonsequentium
2843 4877 3026 4933 lumen
3055 4876 3280 4933 accedit.
3323 4877 3458 4932 Cum
3496 4878 3639 4933 enim
3686 4893 3839 4950 pra:-

2231 4975 2400 5031 sentis
2427 4973 2684 5044 temporis
2723 4971 2947 5044 gratiam
2994 4971 3357 5029 determinans
3403 4971 3637 5042 diceret,
3682 4988 3841 5030 mor-

2234 5076 2382 5122 tuum
2410 5064 2625 5137 quidem
2651 5078 2772 5120 esse
2800 5078 2996 5134 corpus
3024 5072 3240 5135 propter
3268 5073 3543 5134 peccatum
3567 5104 3582 5129 ,
3612 5064 3749 5134 quia
3783 5064 3840 5120 iu

2232 5172 2299 5213 eo
2328 5156 2562 5212 nondum
2585 5172 2680 5227 per
2705 5156 3151 5213 resurrectionem
3180 5164 3456 5224 renovato,
3481 5155 3689 5226 peccati
3713 5171 3842 5212 me-

2233 5252 2393 5305 ritum
2420 5255 2633 5315 manet,
2676 5247 2777 5303 hoc
2794 5256 2877 5303 est
2900 5248 3188 5303 necessitas
3212 5246 3434 5313 mortis;
3459 5246 3709 5318 spiritum
3742 5262 3845 5319 au-

2236 5351 2344 5399 tem
2392 5342 2555 5397 vitam
2598 5354 2719 5396 esse
2748 5347 2967 5411 propter
2987 5339 3246 5412 justitiam
3270 5381 3287 5408 ,
3317 5339 3438 5412 quia
3484 5339 3609 5395 licet
3650 5340 3843 5395 adhuc

2235 5448 2460 5506 corpore
2488 5431 2676 5488 mortis
2702 5431 2860 5502 hujus
2884 5445 3201 5498 oneremur,
3227 5431 3337 5501 jam
3366 5429 3660 5487 secundum
3692 5425 3845 5481 inte-

2302 5550 2319 5617 ξ
2353 5545 2673 5617 manuscripti,
2697 5541 2811 5607 quia
2833 5556 2945 5594 vero
2963 5540 3049 5594 illa
3072 5539 3437 5597 resurrectione,
3472 5537 3644 5586 omima
3685 5539 3844 5598 parti-

2238 5608 2458 5742 ?ulia’agi:
2485 5673 2538 5717 et
2554 5673 2626 5711 Fr.
2649 5658 3060 5725 :sumceretem'm
3082 5659 3125 5711 si
3147 5657 3448 5725 atljungeret.
3474 5666 3607 5720 Lov.,
3635 5658 3717 5711 sic
3746 5660 3844 5710 ad-

2237 5740 2458 5838 lwiw
2485 5792 2581 5846 Ern,
2614 5785 2679 5835 ad
2704 5789 2956 5847 utrumque
2979 5789 3131 5847 posset
3153 5782 3242 5833 hoc
3265 5780 3456 5847 relerri.

2308 5854 2328 5884 δ
2364 5845 2585 5911 rit-rique
2608 5854 2735 5909 Mss,
2760 5845 2890 5897 huic.
