4016 6482
1179 307 1278 324 ἐνι--
1319 309 1328 316 ε

239 401 354 464 H3

239 524 436 578 riorem
463 517 746 576 hominem
773 527 949 592 empta
983 523 1323 578 renovatione
1351 521 1402 577 in
1435 522 1554 578 ﬁdei
1581 523 1840 594 justitiam

241 610 318 684 (ιι)
339 610 674 680 respiramus
699 629 712 665 :
739 621 918 668 tamen
941 629 1008 670 ne
1029 613 1260 668 humana
1274 613 1564 685 ignorantia
1582 615 1650 671 de
1667 629 1844 669 resur-

234 705 476 760 rectione
511 707 762 776 corporis
791 708 926 762 nihil
969 715 1244 778 Sperarct,
1287 707 1444 764 etiam
1489 709 1658 780 ipsum
1697 708 1840 780 quod

237 789 472 865 propter
495 796 752 852 meritum
797 799 1002 869 peccati
1041 799 1092 854 in
1123 801 1370 870 prmsenti
1415 801 1610 855 smculo
1635 801 1842 856 dixerat

235 897 506 944 mortuum
527 929 544 957 ,
575 889 630 944 in
651 889 840 948 futuro
867 899 1084 964 propter
1105 893 1354 950 meritum
1377 892 1598 963 justitia:
1618 893 1747 948 dicit
1771 893 1840 948 vi-

233 979 560 1036 vilicandum
581 997 598 1047 ;
623 995 726 1037 nec
751 981 832 1038 sic
850 991 907 1038 ut
943 991 1146 1038 tantum
1173 999 1238 1040 ex
1265 993 1477 1039 mortuo
1499 983 1678 1039 vivunt
1709 981 1802 1038 ﬁat
1819 1024 1834 1050 ,

233 1085 418 1126 verum
452 1071 619 1127 etiam
639 1087 708 1128 ex
737 1075 955 1130 mortali
975 1075 1300 1132 immortale.

289 1162 534 1220 CAPUT
577 1163 691 1218 VH.
731 1195 806 1206 —
829 1166 882 1220 7.
921 1165 1036 1220 Vita
1062 1167 1290 1238 corporis
1313 1166 1566 1238 speranda
1589 1209 1604 1236 ,
1647 1185 1836 1240 prtere-

231 1255 378 1309 dente
408 1255 532 1326 jam
559 1258 664 1312 vita
703 1259 934 1330 spiritus.
961 1259 1274 1330 Quanquam
1319 1261 1498 1332 itaque
1537 1276 1732 1318 verear
1767 1277 1836 1318 ne

229 1361 308 1401 res
341 1347 634 1403 manifesta
661 1349 982 1419 exponendo
1023 1351 1200 1422 potius
1239 1351 1587 1420 obscuretur,
1628 1363 1836 1424 aposto-

231 1439 342 1493 lica
372 1447 560 1496 tamen
591 1443 874 1498 sententiae
901 1444 1080 1500 lumen
1124 1445 1359 1502 attende.
1393 1445 1457 1501 Si
1483 1453 1648 1500 autem
1677 1445 1830 1502 Clari-

228 1539 326 1586 δίκε
347 1569 366 1597 ,
395 1531 618 1602 inquit,
647 1534 702 1587 in
726 1535 866 1589 vobis
889 1543 962 1590 est
978 1576 994 1602 ,
1031 1552 1212 1608 corpus
1237 1537 1438 1606 quidem
1464 1547 1718 1591 mortuum
1759 1547 1832 1592 est

229 1631 436 1693 propter
456 1633 722 1694 peccatum
742 1667 758 1692 ,
800 1626 1010 1696 spiritus
1034 1637 1200 1682 autem
1227 1629 1328 1682 vita
1351 1637 1422 1684 est
1449 1638 1654 1700 propter
1667 1631 1828 1701 justi-

231 1713 364 1766 tiam.
389 1713 512 1769 Hoc
539 1713 741 1772 dictum
768 1725 854 1772 est
875 1759 890 1784 ,
919 1733 988 1774 ne
1025 1718 1146 1774 ideo
1175 1727 1426 1789 putarent
1461 1720 1706 1776 homines
1743 1721 1828 1778 vel

231 1803 468 1872 nullum,
508 1807 596 1862 vel
635 1823 862 1878 parvum
891 1823 951 1866 se
977 1809 1176 1868 habere
1203 1810 1522 1868 beneficium
1559 1812 1626 1868 de
1661 1813 1826 1884 gratia

233 1893 448 1960 Christi,
477 1897 604 1966 quia
623 1897 934 1956 necessario
958 1901 1202 1957 morituri
1227 1911 1354 1958 sunt
1371 1917 1618 1974 corpore.
1645 1904 1829 1959 Atten.

231 1985 346 2042 dere
365 1989 576 2058 quippe
595 1987 816 2058 debent,
841 2005 1038 2062 corpus
1053 1991 1266 2064 quidem
1289 1993 1464 2050 adhuc
1483 1994 1686 2065 peccati
1709 2009 1824 2050 me-

233 2078 378 2132 ritum
409 2095 610 2150 gerere
627 2120 646 2146 ,
671 2082 818 2152 quod
835 2083 1128 2140 conditioni
1157 2087 1344 2142 mortis
1363 2087 1676 2144 obstrictum
1703 2099 1822 2155 est;

232 2171 312 2227 sed
335 2173 452 2242 jam
484 2173 736 2244 spiritum
761 2175 990 2246 cepisse
1019 2178 1198 2234 vivere
1225 2187 1442 2250 propter
1463 2181 1724 2252 justitiam
1756 2184 1822 2238 ti-

233 2263 338 2326 ἀεὶ,
359 2264 456 2334 qui
489 2273 548 2319 et
571 2265 688 2335 ipse
717 2265 770 2320 in
801 2265 1018 2324 homine
1045 2269 1216 2324 fuerat
1243 2269 1470 2341 quadam
1499 2281 1672 2328 morte
1699 2273 1820 2328 inti-

232 2355 458 2412 delitatis
485 2359 812 2414 exstinctus.
841 2359 958 2415 Non
987 2361 1148 2431 igitur
1169 2405 1184 2430 ,
1219 2363 1423 2434 inquit,
1452 2381 1637 2436 parum
1671 2367 1822 2424 vobis

231 2449 463 2504 muneris
490 2451 690 2519 putetis
719 2465 843 2506 esse
865 2452 1118 2508 collatum
1143 2495 1158 2520 ,
1191 2469 1286 2526 per
1310 2455 1362 2510 id
1409 2456 1550 2528 quod
1576 2458 1818 2516 Christus

229 2537 276 2594 in
299 2541 456 2596 vobis
487 2551 574 2598 est
589 2583 606 2610 ,
627 2543 774 2614 quod
801 2545 854 2600 in
875 2559 1102 2616 corpore
1127 2557 1348 2618 promer
1373 2559 1647 2619 peccatum
1677 2567 1822 2608 mor-

229 2639 312 2686 tuo
329 2674 346 2700 ,
371 2634 486 2703 jam
509 2643 732 2706 propter
753 2635 1016 2706 justitiam
1044 2647 1224 2695 vester
1261 2641 1480 2711 spiritus
1505 2643 1672 2708 vivit;
1719 2659 1818 2700 nec

228 2723 346 2780 ideo
389 2725 464 2780 de
503 2727 614 2781 vita
649 2743 866 2800 quoque
906 2731 1074 2800 ipsius
1111 2734 1354 2802 corporis
1397 2733 1712 2805 desperatis.
1755 2739 1820 2794 Si

231 2819 364 2872 enim
391 2819 602 2890 spiritu:
625 2822 730 2892 ejus
759 2823 848 2892 qui
875 2824 1132 2878 suscitavit
1155 2825 1412 2881 Clu-istum
1431 2843 1464 2880 a
1491 2831 1700 2884 mortuis
1725 2831 1818 2884 Ita-

227 2907 346 2962 iital
365 2909 426 2962 iu
453 2910 588 2964 vobis
606 2951 622 2979 ,
649 2912 738 2982 qui
755 2914 1018 2968 suscitavit
1033 2913 1292 2972 Christum
1321 2935 1352 2970 a
1383 2920 1594 2974 mortuis
1611 2961 1626 2986 ,
1651 2921 1814 2990 uiuiﬁ-

235 3001 344 3054 cabit
373 3009 428 3054 et
455 3003 700 3058 mortalia
719 3021 944 3076 corpora
969 3015 1134 3062 vestra
1161 3025 1250 3080 per
1279 3010 1638 3066 inhabitantem
1666 3015 1817 3084 spiri-

230 3097 314 3143 tam
339 3093 454 3160 ejus
478 3092 534 3147 in
559 3093 718 3148 vobis.
759 3095 900 3163 Quid
929 3097 1105 3154 adhuc
1131 3109 1290 3156 tanta:
1327 3102 1430 3158 luci
1471 3103 1646 3160 fumus
1685 3121 1814 3162 con-

231 3182 466 3238 tentionis
505 3182 844 3242 otl‘unditur?
869 3187 1078 3244 Clamat
1101 3193 1392 3262 Apostolus
1423 3212 1437 3248 :
1467 3195 1672 3266 Corpus
1699 3199 1811 3268 qni-

229 3275 330 3331 dem
355 3287 638 3334 mortuum
665 3289 750 3336 est
777 3281 832 3337 in
861 3282 1014 3339 vobis
1039 3293 1258 3356 propter
1277 3297 1550 3357 peccatum
1573 3333 1587 3358 ,
1616 3291 1708 3346 sed
1733 3293 1812 3347 vi-

229 3367 574 3425 viﬁcabuntur
617 3372 782 3428 etiam
827 3375 1072 3431 mortalia
1117 3391 1343 3448 corpora
1381 3393 1554 3436 vestra
1577 3393 1814 3454 propter

223 3457 464 3527 justitiam
485 3502 502 3528 ,
533 3473 756 3533 propter
776 3481 934 3536 quam
967 3483 1108 3526 nunc
1139 3469 1250 3541 jam
1295 3473 1512 3544 spiritus
1551 3475 1654 3530 vita
1687 3485 1770 3532 est
1793 3521 1807 3546 ,

226 3552 343 3620 quod
365 3563 548 3610 totum
581 3559 888 3626 perﬁcietur
915 3575 1012 3631 per
1045 3564 1270 3634 gratiam
1298 3565 1524 3635 Christi,
1563 3568 1667 3625 hoc
1693 3581 1807 3638 est,

227 3657 303 3710 per
319 3645 718 3704 inhabitantcm
743 3652 986 3721 spiritum
1011 3655 1128 3725 ejus
1153 3656 1206 3710 in
1230 3657 1400 3724 vobis;
1428 3667 1484 3715 et
1510 3660 1686 3716 adhuc
1725 3679 1811 3718 re-

225 3735 504 3793 clamatur!
549 3739 688 3795 Dicit
724 3743 884 3798 ctiam
911 3747 1356 3814 quemadmodum
1397 3750 1568 3808 fiatut
1607 3753 1714 3810 vita
1759 3757 1808 3811 in

223 3845 271 3885 se
306 3842 546 3889 mortem
587 3837 962 3894 mortiﬁcando
1003 3849 1280 3898 convertat
1307 3845 1344 3900 ⁸.
1374 3843 1516 3917 Ergo
1539 3889 1556 3915 ,
1583 3851 1768 3920 fratre:
1792 3893 1806 3916 ,

225 3921 398 3993 inquit,
423 3926 678 3983 debitores
700 3945 876 3984 sumus
901 3947 1002 3986 non
1027 3935 1201 4002 carni,
1230 3945 1286 3990 ut
1308 3939 1584 3994 secundum
1607 3957 1810 3998 carnem

223 4015 450 4072 vivamus.
475 4018 538 4072 Si
557 4019 692 4073 enim
707 4023 984 4078 secundum
1009 4041 1211 4082 carnem
1237 4029 1480 4098 viceritis,
1503 4035 1808 4102 moriemini;

221 4109 256 4160 si
293 4120 470 4165 autem
513 4113 703 4182 spiritu
746 4119 884 4185 facta
924 4119 1092 4174 cat-itis
1135 4122 1587 4196 mortiﬁcaveritis,
1637 4129 1809 4185 vinetis

221 4199 380 4266 (llam.
405 4217 539 4270 vni,
571 4205 786 4277 10-15).
807 4206 944 4276 Quid
963 4219 1050 4264 est
1075 4211 1254 4279 aliud,
1286 4229 1442 4283 quam
1473 4215 1574 4272 hoc
1601 4235 1614 4272 :
1641 4218 1694 4274 Si
1722 4235 1808 4276 se-

219 4296 438 4350 cundum
471 4307 703 4354 mortem
733 4300 974 4357 vixeritis
993 4343 1008 4370 ,
1035 4311 1203 4359 totum
1230 4309 1522 4375 morietur;
1554 4311 1596 4366 si
1627 4321 1806 4368 autem

219 4387 504 4442 secundum
534 4390 698 4446 vitam
741 4391 968 4450 vivendo
1011 4405 1238 4452 mortem
1272 4401 1714 4459 mortiticaveritis
1743 4407 1766 4438 '
1786 4447 1804 4476 ,

221 4481 374 4530 totum
401 4477 590 4534 vivet?

275 4567 510 4625 CAPUT
551 4570 685 4626 VIII.
726 4603 798 4614 -—-
843 4575 894 4631 8.
937 4575 1092 4632 Verba
1139 4578 1296 4635 Pauli
1335 4599 1435 4652 quo
1476 4601 1624 4641 censu
1653 4587 1804 4643 intel-

219 4659 430 4730 ligenda.
487 4662 619 4718 Item
662 4665 802 4736 quod
833 4668 946 4738 ait,
997 4671 1100 4726 Per
1141 4671 1392 4730 hominem
1439 4693 1576 4734 morr
1613 4690 1662 4734 et
1715 4697 1805 4752 per

217 4751 464 4809 hominem
493 4759 794 4814 resurrectio
819 4773 1133 4819 mortuorum
1173 4782 1192 4820 :
1213 4767 1340 4838 quid
1367 4769 1510 4826 aliud
1547 4751 1806 4843 quamde

215 4853 378 4900 morte
397 4850 644 4916 corporis
667 4847 884 4921 intelligi
913 4861 1108 4924 potest;
1133 4858 1346 4928 quando
1367 4867 1426 4915 ut
1451 4859 1554 4917 hoc
1579 4863 1802 4934 diceret,

215 4935 274 4992 de
297 4941 700 4999 resurrectione
725 4946 967 5016 corporis
992 4948 1328 5020 loquebatur,
1349 4967 1576 5026 eamque
1603 4957 1805 5014 instan-

215 5029 414 5086 tissima
455 5041 514 5087 et
557 5035 816 5092 acerrima
858 5038 1154 5098 intentione
1203 5043 1496 5102 suadebat?
1543 5048 1680 5117 Quid
1723 5059 1805 5108 est

213 5136 335 5193 ergo
361 5126 508 5196 quod
551 5125 638 5183 hic
661 5128 736 5184 ait
763 5129 829 5186 ad
855 5131 1164 5191 Corinthios
1185 5179 1200 5203 ,
1233 5136 1336 5192 Per
1363 5139 1616 5196 hominem
1645 5161 1801 5213 mors,

213 5225 256 5264 et
296 5231 388 5282 per
427 5216 680 5273 hominem
719 5225 1018 5278 resurrectio
1041 5237 1372 5286 mortuorum.
1403 5231 1552 5288 Sicut
1592 5237 1724 5291 ettim
1750 5239 1802 5294 in

213 5305 372 5361 Adam
399 5326 576 5368 omnes
595 5314 898 5381 moriuntur,
921 5317 996 5371 sic
1014 5329 1060 5374 et
1085 5321 1136 5374 in
1159 5319 1362 5379 Clu-isto
1381 5341 1556 5383 omnes
1575 5331 1800 5400 viviﬁca-

215 5395 396 5452 buntur
426 5401 472 5470 (ι
501 5401 620 5457 Cor.
647 5421 738 5471 xv,
765 5405 857 5475 ει,
887 5407 1000 5480 es):
1025 5410 1124 5464 nisi
1153 5413 1294 5482 quod
1323 5415 1397 5470 ait
1419 5421 1577 5474 etiam
1597 5395 1800 5478 ad'uo.

467 5545 492 5592 ,-
502 5521 566 5592 ut
577 5515 724 5592 vitam
761 5517 812 5568 in
841 5527 1138 5592 senatortem
1179 5523 1520 5592 mortificme
1541 5541 1797 5586 convertat.

215 5573 376 5651 aptius
411 5576 621 5651 Vaticani
645 5583 778 5651 Mss?
803 5587 854 5651 ut
869 5581 992 5651 rita,
1031 5583 1078 5632 id
1104 5573 1207 5643 est,
1234 5573 1800 5651 ‘sbi'r'ii'iiéiﬁdﬁiiiéiiiii

213 5636 588 5712 tun-pustreddat
610 5639 864 5712 spirituale
878 5636 1122 5712 ac'vivun'i.
1143 5636 1801 5712 languidae};tamin}:

213 5695 356 5755 gitur,
369 5703 417 5746 ut
431 5697 522 5748 rita
537 5699 588 5750 in
607 5695 660 5750 se
679 5707 882 5750 mortem
897 5695 1795 5818 terra):do‘mb‘iiiﬁiibiiia'iniiinii.

275 5760 294 5788 ³
325 5759 540 5810 Gallicani
565 5772 776 5818 quatuor
803 5772 854 5816 et
875 5769 960 5818 qui
995 5783 1070 5818 am
1089 5770 1266 5818 tiuluici
1291 5781 1416 5818 λιες-.
1456 5785 1654 5818 nun-ram
1677 5781 1788 5818 νίς-δ-

209 5818 248 5882 ρ
275 5760 294 5788 ³
325 5759 540 5866 Gallicani
565 5772 776 5824 quatuor
803 5772 854 5816 ct
875 5759 1070 5828 quidam
1089 5759 1266 5836 ΒυΙεὶοἰ
1291 5759 1788 5836 "iitbleéiifiiE-i’i

249 5833 402 5870 car-en
423 5835 440 5870 ι
451 5839 478 5870 ς.

249 5827 440 5870 eoi-erili
451 5839 478 5870 ς.

269 5881 344 5946 (β)
377 5891 508 5936 Forte
522 5923 534 5946 ,
547 5885 772 5950 Ῑιιδιὶιία.

1641 405 1842 463 LIBER
1885 405 2158 468 PRIMUS.

3439 437 3536 492 IlI

1953 539 2140 580 manos
2157 569 2170 592 ,
2203 525 2308 583 Per
2333 543 2486 585 unum
2510 535 2758 592 hominem
2790 549 3050 609 percolunt
3091 543 3294 600 intravit
3319 549 3368 603 in
3395 567 3538 604 man-

1949 617 2072 670 dunt
2095 661 2111 686 ,
2143 629 2190 672 et
2215 637 2306 691 per
2325 633 2588 692 peccaturi:
2615 643 2748 683 mors
2777 629 2953 700 (Rom.
3001 647 3064 699 ν,
3113 633 3242 706 ι2)ι
3279 637 3425 694 IIanc
3467 641 3541 694 illi

1947 717 2174 766 mortem
2199 752 2214 776 ,
2244 727 2350 767 non
2375 717 2649 785 corporis,
2681 719 2776 776 sed
2817 721 3010 778 animm
3049 725 3272 798 intelligi
3316 733 3537 794 volunt;

1945 801 2096 868 quasi
2125 801 2266 858 aliud
2313 805 2514 863 dictum
2537 809 2608 864 sit
2647 809 2716 866 ad
2751 809 3054 870 Corinthios
3076 859 3093 884 ,
3145 817 3248 873 Per
3287 821 3536 876 hominem

1943 907 2114 960 mors,
2145 893 2235 950 ubi
2264 898 2482 954 omnino
2508 899 2700 958 animae
2747 912 2972 961 mortem
3021 908 3266 979 accipere
3309 925 3416 966 non
3461 913 3536 967 si»

1943 993 2160 1054 nuntur,
2191 987 2313 1056 quia
2335 987 2406 1044 de
2432 993 2831 1051 resurrectione
2851 999 3091 1067 corporis
3119 1001 3394 1071 agebatur,
3419 1021 3537 1074 qum

1942 1073 2100 1128 morti
2121 1077 2362 1147 corporis
2389 1087 2474 1136 est
2495 1083 2784 1138 contraria.
2809 1085 2934 1142 Ideo
2961 1089 3120 1144 etiam
3147 1091 3258 1146 sola
3289 1073 3446 1148 mors
3465 1095 3534 1149 ihi

1943 1177 2038 1232 per
2063 1163 2330 1224 hominem
2355 1168 2492 1226 facta
2520 1185 2938 1231 commemorata
2959 1185 3062 1244 est,
3093 1179 3198 1235 non
3223 1182 3382 1236 etiam
3399 1199 3532 1254 pec-

1939 1263 2152 1321 catum;
2181 1258 2304 1328 quia
2331 1275 2437 1314 non
2467 1262 2722 1332 agebatur
2749 1265 2818 1320 de
2853 1265 3089 1336 justitia,
3121 1285 3242 1342 qua:
3265 1275 3530 1328 contraria

1937 1353 2022 1400 est
2045 1358 2264 1416 peccato
2281 1391 2298 1418 ,
2329 1352 2422 1408 sed
2445 1353 2512 1409 de
2537 1357 2778 1426 corporis
2803 1361 3196 1417 resurrectione
3215 1403 3232 1430 ,
3257 1378 3376 1434 qua:
3395 1379 3528 1420 con-

1937 1438 2098 1492 traria
2125 1449 2208 1494 est
2234 1445 2476 1514 corporis
2493 1448 2676 1502 morti.

2004 1527 2231 1587 CAPUT
2269 1531 2362 1588 IX.
2391 1565 2464 1576 ——
2491 1536 2546 1592 9.
2577 1537 2848 1595 Peccatum
2875 1545 3256 1616 prapagatione,
3283 1563 3386 1602 non
3411 1550 3526 1604 imi-

1933 1621 2122 1676 latione
2157 1633 2356 1680 tantum
2377 1631 2620 1686 transisse
2640 1632 2694 1686 in
2721 1649 2912 1689 omnes.
2939 1635 3050 1692 IIoc
3070 1648 3246 1694 autem
3267 1643 3524 1711 apostoli-

1931 1729 2054 1772 cum
2081 1719 2436 1778 testimonium
2465 1725 2518 1778 in
2547 1740 2654 1795 quo
2681 1727 2788 1792 ait,
2821 1727 2922 1782 Per
2951 1746 3106 1785 unum
3133 1733 3384 1788 hominem
3405 1751 3523 1806 pec-

1931 1817 2102 1864 catum
2135 1811 2342 1868 intravit
2367 1815 2420 1870 in
2443 1819 2688 1872 mundum
2707 1859 2723 1884 ,
2755 1829 2800 1874 et
2829 1837 2920 1891 per
2946 1832 3202 1894 peccaturo
3222 1841 3386 1892 mors,
3427 1841 3522 1882 co-

1929 1901 2046 1956 nari
2073 1916 2168 1958 eos
2213 1905 2428 1975 quidem
2459 1907 2702 1964 inaliam
2729 1927 2920 1967 novam
2963 1915 3282 1986 detorquere
3309 1917 3520 1988 opinio-

1929 2005 2052 2046 nem
2077 2035 2092 2058 ,
2136 1994 2239 2050 tuis
2269 1996 2462 2054 litteris
2489 1999 2780 2070 intimasti;
2829 2003 2924 2060 sed
2957 2005 3208 2074 quidnam
3241 2008 3370 2064 illud
3411 2011 3517 2076 sit,

1929 2086 2070 2144 (mod
2095 2088 2148 2142 in
2177 2089 2258 2146 his
2281 2091 2457 2148 verbis
2495 2095 2782 2165 opinentur
2805 2139 2818 2164 ,
2851 2101 3082 2158 tacuisti.
3111 2103 3378 2171 Quantum
3417 2122 3514 2161 au-

1937 2181 2046 2228 tem
2069 2188 2136 2229 ex
2163 2189 2280 2232 ams
2301 2185 2556 2249 comperi,
2590 2187 2692 2240 hoc
2719 2187 2790 2242 ibt
2817 2191 3075 2259 sentiunt,
3103 2193 3244 2260 quod
3281 2203 3335 2248 et
3363 2209 3508 2248 mors

1937 2261 2034 2318 ista
2079 2279 2196 2334 quia
2239 2269 2346 2324 illic
2389 2284 2802 2332 commemorata
2845 2287 2956 2344 est,
2985 2295 3094 2336 non
3129 2281 3198 2336 sit
3233 2285 3505 2353 corporis,

1941 2369 2100 2426 quam
2147 2361 2336 2418 nolunt
2361 2365 2530 2422 Adam
2559 2373 2830 2437 peccando
2867 2375 3162 2444 meruisse,
3199 2378 3292 2432 sed
3333 2381 3512 2434 anima

1937 2463 2054 2518 quin
2093 2453 2146 2508 in
2189 2457 2304 2524 ipso
2343 2472 2560 2526 peccato
2599 2462 2658 2518 lit
2687 2466 2702 2496 ¹
2735 2481 2750 2518 :
2783 2474 2836 2521 et
2873 2467 3044 2538 ipsum
3087 2481 3358 2539 peccatum
3399 2487 3514 2528 non

1931 2550 2310 2618 propagatione
2335 2554 2386 2607 in
2409 2555 2542 2610 alios
2575 2558 2818 2613 homines
2845 2575 2910 2616 ex
2943 2563 3112 2628 primo
3139 2565 3386 2634 homine,
3411 2567 3510 2621 Sed

1923 2632 2216 2690 imitatione
2243 2638 2520 2694 transisse.
2549 2639 2684 2697 llinc
2711 2644 2856 2700 enim
2881 2645 3042 2702 etiam
3066 2649 3119 2703 in
3141 2632 3382 2718 parvulis
3407 2665 3506 2704 no.

1921 2725 2036 2780 lunt
2055 2727 2276 2784 credere
2306 2745 2399 2800 per
2421 2732 2746 2803 Baptismum
2771 2737 2904 2794 solvi
2927 2740 3184 2812 originale
3208 2755 3508 2813 peccatum,

1920 2817 2060 2886 quod
2091 2818 2144 2874 in
2171 2822 2510 2881 nascentibus
2539 2827 2738 2884 nullum
2763 2844 2885 2886 esse
2913 2833 3130 2890 omnino
3157 2837 3505 2893 contendunt.

1921 2905 2026 2964 Sed
2055 2909 2102 2964 si
2127 2913 2416 2982 Apostolus
2443 2925 2716 2986 peccatum
2763 2921 2896 2978 illud
2941 2939 3362 2984 commemorare
3411 2943 3506 2984 vo-

1921 2997 2108 3055 luisset
2133 3042 2152 3068 ,
2181 3003 2324 3072 quod
2363 3006 2418 3060 in
2445 3007 2586 3064 hunc
2628 3011 2882 3068 mundum
2903 3057 2920 3082 ,
2951 3031 3057 3072 non
3089 3020 3501 3090 propagatione.

1918 3089 2012 3144 sed
2037 3090 2332 3150 imitatione
2353 3096 2628 3156 intraverit
2644 3102 2686 3168 ’ς
2715 3101 2834 3172 ejus
2851 3105 3168 3178 principem,
3187 3089 3294 3164 non
3311 3103 3500 3172 Adam.

1919 3182 2011 3238 sed
2037 3183 2308 3241 diabolum
2331 3187 2562 3258 diceret,
2591 3193 2656 3250 de
2683 3209 2792 3266 quo
2817 3199 3072 3268 scriptum
3099 3211 3182 3256 est
3199 3243 3216 3269 ,
3250 3203 3324 3258 Ab
3361 3205 3506 3258 initio

1919 3273 2148 3332 diabolus
2175 3289 2344 3346 peccat
2381 3281 2426 3352 (I
2461 3283 2618 3338 Joan.
2653 3303 2748 3356 ιιι,
2775 3288 2854 3361 8).
2887 3290 2964 3346 De
2993 3309 3098 3362 quo
3121 3297 3280 3350 etiam
3314 3297 3506 3368 legitur

1916 3367 1970 3422 in
2001 3367 2136 3424 libro
2163 3369 2472 3442 Sapientiae,
2501 3376 2708 3434 Invidia
2730 3391 2900 3437 autem
2925 3383 3116 3440 diaboli
3139 3404 3274 3444 mors
3297 3367 3506 3444 intravit

1915 3459 1968 3512 in
1999 3461 2164 3516 orbem
2191 3473 2457 3520 terrarum.
2485 3467 2620 3524 Nam
2643 3473 2894 3542 quoniam
2925 3475 3022 3531 ista
3051 3493 3194 3534 mors
3223 3480 3300 3534 sic
3325 3495 3354 3534 a
3385 3481 3500 3534 dia-

1913 3553 2040 3608 bolo
2071 3557 2214 3610 venit
2237 3557 2290 3612 in
2333 3559 2596 3628 homines,
2629 3579 2732 3619 non
2761 3567 2901 3638 quod
2931 3569 2998 3624 ah
3035 3571 3127 3626 illo
3157 3571 3350 3627 fuerint
3381 3591 3504 3643 pro.

1916 3647 2087 3716 pagati
2109 3689 2124 3714 ,
2155 3649 2248 3704 sed
2275 3651 2416 3720 quod
2451 3669 2574 3708 eum
2601 3655 2800 3714 fuerint
2825 3659 3048 3728 imitati,
3073 3663 3326 3718 continuo
3371 3669 3502 3720 suti-

1909 3737 2116 3809 jnnxit,
2157 3739 2433 3800 Imitantur
2459 3757 2628 3802 autent
2665 3767 2776 3804 eum
2817 3754 2902 3819 qui
2927 3765 3044 3809 sunt
3077 3771 3140 3810 ea:
3175 3767 3318 3827 parte
3345 3759 3506 3828 ipsius

1915 3829 2071 3902 (Sap.
2103 3847 2162 3900 ιι,
2193 3833 2281 3898 24,
2309 3835 2426 3906 25).
2451 3839 2680 3896 Proinde
2705 3843 2994 3912 Apostolus
3019 3862 3137 3901 cum
3161 3849 3284 3903 illm]
3315 3865 3502 3919 pecca-
3573 3857 3576 3862 '

1915 3929 2026 3976 tum
2049 3937 2113 3978 ac
2135 3934 2362 3983 mortem
2383 3942 2846 3998 commemoraret,
2875 3951 2994 4006 qua:
3017 3939 3084 3992 ab
3111 3955 3215 3994 uno
3237 3940 3288 3994 in
3315 3957 3503 3994 omnes

1913 4015 2290 4085 propagatione
2337 4021 2646 4088 transisset,
2695 4039 2816 4080 eum
2869 4027 3160 4099 principem
3209 4031 3420 4101 posuit,
3475 4049 3502 4086 a

1913 4119 2020 4174 quo
2051 4111 2360 4178 prepagatio
2400 4114 2612 4182 generis
2657 4115 2872 4172 humani
2917 4122 3146 4190 sumpsit
3195 4124 3498 4178 exordium.

1985 4197 2070 4250 I0.
2105 4197 2383 4256 Imitantur
2411 4205 2622 4274 quidem
2659 4207 2864 4276 Adam,
2897 4215 3156 4282 quotquot
3183 4229 3278 4283 per
3309 4216 3500 4272 inobo-

1911 4285 2166 4346 dientiam
2208 4295 2668 4364 transgrediuntur
2707 4301 3014 4356 mandatum
3059 4305 3148 4359 Dei
3182 4323 3194 4359 :
3225 4307 3318 4361 sed
3357 4307 3500 4363 aliud

1911 4381 2164 4448 estquod
2193 4386 2496 4454 exemplum
2529 4397 2614 4444 est
2641 4391 2912 4447 voluntate
2955 4397 3328 4464 peccantibus,
3359 4398 3501 4453 aliud

1911 4469 2054 4539 quod
2083 4471 2234 4543 origo
2277 4485 2362 4530 est
2410 4491 2534 4532 cum
2589 4490 2806 4549 peccato
2855 4486 3213 4542 nascentibus.
3269 4487 3398 4542 Nam
3449 4499 3503 4544 et

1911 4561 2180 4620 Christum
2222 4566 2498 4624 imitantur
2531 4575 2698 4628 sancti
2731 4575 2850 4645 ejus
2875 4576 2940 4632 ad
2991 4579 3314 4649 sequendam
3345 4581 3504 4651 justi-

1911 4657 2060 4714 tiam.
2093 4658 2241 4716 Unde
2273 4669 2328 4718 et
2369 4663 2508 4720 idem
2557 4669 2828 4736 apostolus
2865 4671 3032 4740 dicit,
3085 4672 3372 4732 lmitatom
3407 4683 3502 4732 mei

1911 4759 2092 4818 estote,
2115 4754 2245 4807 sicut
2285 4763 2334 4808 et
2357 4771 2450 4828 ego
2491 4755 2677 4814 Christi
2703 4759 2748 4832 (I
2779 4761 2894 4818 Cor.
2934 4781 3020 4832 ιι,
3057 4766 3132 4836 I).
3175 4767 3280 4824 Sed
3311 4779 3504 4840 praue:

1911 4840 2050 4898 hanc
2083 4841 2464 4914 imitationem,
2495 4849 2668 4920 gratia
2691 4852 2812 4922 ejus
2840 4851 3282 4914 illmninationem
3307 4861 3503 4930 justiti-

1911 4935 2282 5007 cationemque
2333 4949 2572 4996 nostram
2621 4943 2782 5000 etiam
2837 4947 3158 5006 intrinsecus
3207 4963 3500 5022 Operatur,

1909 5023 2002 5080 illo
2045 5041 2210 5097 opere
2247 5027 2316 5084 de
2357 5045 2464 5102 quo
2503 5031 2642 5090 idem
2681 5037 2995 5106 praedicator
3036 5041 3152 5112 ejus
3195 5043 3360 5110 dicit,
3393 5045 3504 5100 Nc—

1909 5135 2004 5190 que
2025 5120 2114 5190 qui
2141 5121 2340 5192 plantat
2372 5125 2657 5198 estaliquid
2673 5171 2692 5198 ,
2719 5147 2878 5201 neque
2901 5135 2988 5204 qui
3005 5135 3168 5205 rigat;
3195 5140 3284 5192 sed
3307 5140 3394 5209 qui
3417 5141 3502 5194 in-

1909 5223 2214 5267 crementum
2235 5215 2322 5269 dat
2345 5215 2482 5271 Deus
2504 5216 2615 5288 (Id.
2641 5235 2730 5288 ιιι,
2755 5223 2832 5292 7).
2863 5225 2972 5280 llac
2997 5229 3138 5284 enim
3171 5232 3336 5298 gratia
3359 5231 3378 5262 ³
3405 5232 3499 5286 ba-

1911 5306 2136 5376 ptizatos
2177 5322 2390 5378 quoque
2431 5313 2682 5381 parvulos
2728 5329 2826 5372 suo
2873 5318 3061 5375 inserit
3105 5322 3354 5393 corpori,
3411 5325 3498 5394 qui

1909 5406 2055 5452 certe
2083 5397 2277 5454 imitari
2312 5400 2540 5473 aliquem
2573 5407 2810 5464 nondum
2853 5411 3050 5468 valent.
3083 5413 3232 5471 Sicut
3261 5431 3387 5484 ergo
3415 5416 3500 5470 ille

1909 5490 1960 5544 in
1991 5505 2096 5562 quo
2125 5506 2310 5548 omnes
2339 5495 2674 5554 viviﬁcantur
2693 5543 2708 5569 ,
2739 5512 2933 5570 prmtcr
2953 5505 3094 5576 quod
3121 5504 3144 5539 ⁸
3170 5521 3229 5562 se
3253 5506 3318 5562 ad
3336 5507 3500 5576 justi-

1971 5603 1988 5637 ε
2023 5603 2160 5662 Editi,
2174 5603 2502 5682 sitqstnttssq
2519 5607 2591 5672 ﬁt.
2628 5617 2688 5661 Ex
2717 5611 2792 5682 his
2813 5613 2966 5665 codex
2989 5617 3372 5679 Cygiranneusis,
3389 5629 3486 5682 quo

1905 5664 2010 5742 ipso
2033 5665 2324 5742 peccatoﬁt.
2353 5671 2468 5742 Vide
2489 5664 2653 5742 supra,
2680 5688 2728 5724 ιι.
2755 5675 2801 5724 2.

1973 5729 1990 5758 ³
2027 5727 2214 5789 Aliquot
2232 5727 2358 5788 .‘t'lss.,
2386 5727 2596 5784 intrarit.

1971 5789 1990 5861 ᾗ
2025 5798 2129 5861 Λιιιῖ
2151 5797 2222 5861 tir.
2247 5799 2298 5840 et
2322 5801 2445 5843 Mss:
2477 5805 2594 5861 [περ
2614 5797 2738 5861 enim
2759 5797 2918 5861 gratia
2943 5811 2960 5848 :
2987 5801 3148 5850 minus
3168 5813 3323 5852 recte.

1973 5850 1992 5880 δ
2021 5852 2096 5928 βῆς
2121 5853 2300 5901 habent
2323 5861 2428 5928 Mss.
2461 5865 2512 5908 At
2537 5859 2651 5908 editi
2669 5894 2682 5920 ,
2710 5850 2875 5924 itaque
2902 5875 3062 5916 omnes
3099 5850 3494 5928 tit‘i/icalntuttu,

1909 5919 2232 5976 p."tl'lt’l‘Qtltltll
2255 5921 2398 5978 quod.
