4016 6486
486 396 589 452 H5

480 510 608 565 tiam
657 505 962 578 exemplum
1008 501 1337 560 imitantibus
1365 498 1619 571 praebuit,
1658 496 1754 553 dat
1788 495 1950 553 etiam
1988 493 2068 552 sui

478 600 698 671 spiritus
717 596 1132 655 occultissimam
1161 592 1408 650 fidelibus
1424 590 1681 663 gratiam,
1706 605 1867 661 quam
1897 588 2071 646 laten-

482 702 563 747 ter
589 689 817 746 tnl‘undit
841 698 896 744 et
922 685 1155 758 parvulis
1186 702 1201 741 :
1226 685 1307 741 sic
1332 693 1387 741 et
1414 684 1504 740 ille
1528 683 1581 739 in
1609 697 1716 755 quo
1734 695 1923 741 omnes
1951 694 2071 735 mo-

479 784 691 840 riuntur
712 824 728 850 ,
765 790 958 854 printer
993 780 1134 852 quod
1161 780 1241 836 eis
1265 780 1353 851 qui
1383 788 1709 851 praeceptum
1737 776 1948 832 Domini
1975 788 2069 831 vo»

474 877 685 933 luntate
725 872 1225 945 transgrediuntur,
1270 870 1581 928 imitationis
1619 869 1921 941 exemplum
1948 878 2067 937 est,

479 967 687 1022 occulta
721 966 883 1022 etiam
911 965 1032 1022 tabe
1058 964 1288 1021 carnalis
1316 962 1761 1034 concupiscentiae
1780 976 1896 1018 suae
1931 959 2068 1016 tabi-.-

481 1058 659 1113 ticavit
678 1058 728 1114 in
752 1073 811 1115 se
832 1072 1020 1114 omnes
1038 1057 1107 1114 de
1126 1072 1221 1113 sua
1240 1058 1407 1127 stirpe
1429 1056 1704 1113 venientes
1730 1056 1773 1109 ί.
1801 1055 1936 1111 Hinc
1954 1069 2070 1108 om-

478 1150 609 1205 nino
630 1191 647 1218 ,
676 1165 775 1206 nec
799 1149 1054 1216 aliunde,
1078 1148 1366 1220 Apostolus
1391 1148 1556 1217 dicit,
1585 1147 1690 1203 Per
1715 1164 1875 1203 unum
1900 1147 2065 1201 homi-

477 1257 593 1295 nem
636 1251 897 1312 peccatum
925 1243 1127 1297 intravit
1170 1243 1223 1296 in
1261 1242 1513 1296 mundum
1526 1282 1543 1309 ,
1590 1248 1638 1295 et
1679 1256 1770 1312 per
1813 1247 2071 1310 peccatum

480 1350 615 1388 mors
634 1350 650 1401 ;
675 1345 723 1389 et
740 1336 812 1388 ita
831 1335 885 1390 in
899 1351 1071 1389 omnes
1090 1334 1316 1389 homines
1336 1333 1677 1403 pertransirit,
1703 1332 1757 1386 in
1773 1348 1874 1402 quo
1893 1347 2067 1386 onmes

480 1435 829 1492 peccaverunt.
859 1424 970 1480 [loc
994 1425 1037 1480 si
1063 1440 1163 1495 ego
1188 1424 1443 1492 dicerem,
1472 1423 1786 1479 resisterent
1813 1421 1924 1491 isti,
1956 1436 2069 1477 me-

479 1531 584 1585 que
628 1533 733 1571 non
777 1525 922 1572 recte
948 1516 1127 1571 dicere
1150 1556 1164 1582 ,
1207 1529 1321 1570 non
1345 1522 1491 1570 recte
1519 1514 1719 1571 sentire
1747 1513 2064 1571 clamarent.

478 1606 689 1662 Nullam
726 1607 921 1678 quippe
963 1607 1028 1663 in
1044 1606 1128 1663 his
1162 1606 1340 1663 verbis
1366 1605 1724 1678 intelligerent
1748 1604 2066 1662 sententiam

477 1698 761 1770 cujuslibet
781 1700 1014 1756 hominis
1040 1702 1085 1768 ',
1117 1700 1220 1756 nisi
1248 1700 1584 1772 istamquam
1614 1700 1679 1756 in
1698 1699 1959 1770 Apostolo
1984 1698 2068 1753 in-

480 1788 719 1861 telligere
761 1790 964 1847 nolunt.
993 1790 1099 1847 Sed
1132 1792 1256 1864 quia
1281 1791 1396 1863 ejus
1422 1791 1581 1848 verba
1609 1798 1733 1847 sunt
1754 1832 1770 1857 ,
1797 1789 1950 1862 cujus
1975 1804 2071 1845 au-

478 1881 713 1936 ctoritati
756 1881 1120 1954 doctrinaeque
1164 1883 1554 1953 succumbunt,
1606 1882 1762 1941 nobis
1812 1881 2070 1954 objiciunt

480 1971 819 2044 intelligendi
855 1974 1188 2044 tarditatem,
1223 1990 1344 2031 cum
1383 1990 1450 2032 ea
1488 1990 1610 2047 quae
1654 1985 1761 2031 tam
1790 1974 2069 2046 perspicue

478 2062 621 2120 dicta
645 2073 800 2132 sunt,
832 2065 886 2121 in
910 2066 1091 2123 nescio
1117 2064 1246 2138 quid
1272 2065 1418 2122 aliud
1440 2065 1761 2137 detorquere
1786 2074 2066 2123 conantur.

480 2152 588 2209 Per
610 2171 790 2223 unum,
819 2157 1024 2228 inquit,
1053 2158 1305 2212 hominem
1330 2165 1588 2229 peccatum
1608 2157 1817 2212 intrauit
1840 2157 1897 2212 in
1917 2173 2069 2212 mun-

477 2248 629 2317 dum,
644 2258 692 2303 et
718 2266 808 2320 per
822 2259 1080 2323 peccatum
1095 2266 1251 2305 mors.
1276 2249 1390 2307 Hoc
1413 2249 1813 2322 propagationis
1836 2258 1941 2319 est,
1959 2264 2069 2307 non

478 2340 791 2397 imitationis
818 2358 832 2396 :
861 2357 987 2399 nam
1009 2343 1056 2398 si
1083 2341 1435 2413 imitationis,
1476 2342 1581 2399 Per
1620 2341 1893 2399 diabolum
1923 2342 2071 2401 dice-

477 2440 567 2488 ret
587 2431 629 2486 ³.
655 2431 809 2501 Quod
831 2444 1010 2490 autem
1040 2450 1200 2491 nemo
1221 2435 1443 2507 ambigit
1459 2475 1475 2500 ,
1521 2434 1682 2491 istum
1706 2434 1940 2505 primum
1973 2435 2070 2492 bo-

477 2523 676 2580 minetn
696 2524 860 2594 dicit,
888 2527 979 2597 qui
1001 2536 1085 2582 est
1105 2527 1402 2598 appellatus
1424 2526 1616 2585 Adam.
1643 2524 1716 2584 Et
1740 2526 1836 2598 ita,
1864 2527 2073 2601 inquit,

478 2616 539 2670 in
553 2633 726 2673 omnes
746 2619 971 2674 homines
992 2620 1300 2691 pertransiit.

548 2708 776 2767 CAPUT
802 2711 973 2769 X.—i
986 2713 1036 2767 l.
1064 2712 1292 2768 Actualis
1310 2721 1357 2769 et
1379 2713 1644 2786 originalis
1667 2714 1863 2786 peccati
1884 2714 2072 2771 distin-

478 2800 599 2857 ctio.
631 2801 835 2858 Deinde
872 2803 1021 2874 quod
1054 2804 1316 2875 sequitur,
1355 2803 1425 2861 In
1467 2822 1570 2878 quo
1612 2822 1788 2863 omnes
1826 2822 2069 2879 peccave-

478 2901 621 2961 runt,
656 2909 816 2964 quam
845 2894 1255 2966 circumspecte,
1288 2911 1449 2967 quam
1488 2898 1721 2969 proprie,
1760 2913 1922 2971 quam
1952 2898 2070 2956 sine

477 2986 824 3057 ambiguitate
855 2986 1057 3043 dictum
1084 2995 1185 3044 est.
1213 2986 1271 3044 Si
1298 2988 1439 3044 enim
1464 2998 1746 3061 peceatum
1783 2990 2069 3048 intellexe-

481 3077 580 3145 ris,
601 3077 744 3148 quod
774 3092 870 3149 per
888 3095 1052 3135 unum
1075 3079 1347 3137 hominem
1368 3081 1586 3140 intravit
1605 3083 1663 3140 in
1702 3083 1984 3153 mundum,
2012 3084 2069 3140 in

480 3183 590 3238 quo
620 3168 698 3242 (a)
724 3183 912 3226 omnes
955 3181 1312 3244 peccaverunt
1346 3190 1361 3228 :
1401 3181 1550 3230 certe
1591 3175 1936 3231 manifestum
1986 3182 2068 3231 est

481 3261 587 3318 alia
612 3276 733 3319 esse
756 3264 971 3334 propria
996 3265 1190 3336 cuique
1214 3276 1453 3336 peccata,
1476 3266 1531 3321 in
1557 3267 1750 3337 quibus
1778 3266 1834 3321 hi
1859 3275 2068 3322 tantum

479 3361 727 3423 peccant,
754 3368 981 3426 quorum
1019 3367 1241 3426 peccata
1273 3367 1433 3425 sunt;
1466 3357 1611 3414 aliud
1649 3357 1754 3415 hoc
1795 3372 1980 3426 unum,
2013 3359 2075 3414 in

481 3458 591 3514 quo
630 3459 819 3501 omnes
865 3457 1256 3517 peccaverunt;
1300 3449 1517 3520 quando
1559 3464 1747 3506 omnes
1787 3450 1882 3507 ille
1931 3466 2072 3508 unus

479 3539 645 3595 homo
672 3537 906 3595 fuerunt.
931 3539 988 3598 Si
1012 3549 1195 3597 autem
1224 3555 1330 3597 non
1369 3550 1679 3613 peccatum,
1694 3541 1791 3599 sed
1814 3543 1906 3599 ille
1930 3559 2069 3601 unus

479 3632 646 3687 homo
669 3632 1000 3704 intelligitur,
1027 3632 1080 3688 in
1102 3649 1209 3705 quo
1234 3649 1341 3690 uno
1364 3633 1581 3691 homine
1603 3650 1792 3692 omnes
1811 3651 2069 3707 peccave-

479 3732 625 3790 runt,
656 3724 782 3794 quid
807 3725 969 3781 etiam
998 3725 1100 3780 ista
1129 3734 1216 3784 est
1241 3725 1672 3784 manifestatione
1697 3726 2073 3784 manifestius?

477 3813 687 3886 Nempe
725 3815 952 3887 legimus
982 3815 1260 3888 justilicari
1302 3817 1357 3873 in
1383 3816 1598 3874 Christo
1633 3819 1731 3890 qui.
1760 3818 1986 3876 credunt
2013 3820 2069 3876 in

480 3921 628 3971 eum,
656 3915 876 3977 propter
902 3907 1163 3963 occultam
1190 3908 1732 3965 communicationem
1755 3917 1811 3965 et
1835 3910 2068 3982 inspira-

481 3998 683 4055 tionem
711 4000 893 4071 gratim
914 4001 1226 4070 spiritualis,
1254 4017 1359 4073 qua
1379 4003 1626 4074 quisquis
1645 4002 1815 4061 haeret
1841 4005 2079 4061 Domino

483 4107 623 4148 unus
661 4093 880 4163 spiritus
916 4101 1020 4162 est,
1062 4097 1303 4165 quamvis
1338 4111 1461 4150 eum
1495 4105 1551 4152 et
1588 4096 1863 4153 imitentur
1898 4098 2078 4153 sancti

478 4185 598 4255 ejus
623 4203 638 4243 :
659 4185 867 4257 legatur
886 4186 1016 4242 mihi
1044 4186 1148 4244 tale
1173 4187 1370 4259 aliquid
1394 4188 1462 4244 de
1487 4188 1572 4256 iis,
1595 4189 1682 4261 qui
1710 4198 1925 4246 sanctos
1949 4189 2071 4261 ejus

480 4277 674 4335 imitati
702 4288 850 4346 sunt,
873 4287 1052 4335 utrum
1074 4279 1352 4351 quisquam
1381 4279 1553 4336 dictus
1581 4282 1648 4336 sit
1670 4280 1992 4352 justiticatus
2015 4282 2067 4337 in

478 4371 647 4428 Paulo
675 4381 768 4427 aut
795 4373 848 4427 in
877 4372 1056 4439 Petro,
1087 4381 1179 4428 aut
1221 4374 1274 4428 in
1314 4372 1552 4444 quolibet
1589 4372 1802 4441 horum,
1839 4389 2066 4446 quorum

480 4467 535 4526 in
564 4467 763 4539 populo
785 4468 880 4523 Dei
907 4482 1097 4539 magna
1124 4467 1340 4524 excellit
1367 4469 1686 4534 auctoritas;
1713 4468 1815 4523 nisi
1845 4467 1988 4539 quod
2014 4468 2066 4522 in

478 4557 751 4614 Abraham
774 4558 1005 4614 dicimur
1023 4557 1287 4628 benedici,
1310 4558 1451 4615 sicut
1473 4559 1521 4614 ei
1546 4559 1748 4614 dictum
1769 4567 1853 4614 est
1877 4559 2071 4614 :Bene—

479 4650 717 4719 dicentur,
739 4650 792 4704 in
819 4661 869 4704 te
893 4666 1066 4705 omnes
1092 4660 1262 4723 gentes
1291 4650 1444 4724 (Gen.
1468 4667 1567 4721 xu,
1599 4653 1651 4718 ὃς
1676 4651 1848 4706 Galat.
1874 4668 1953 4719 ιιι,
1977 4652 2066 4724 8):

480 4749 700 4813 propter
720 4740 989 4798 Christum
1017 4744 1108 4815 qui
1133 4759 1316 4800 semen
1346 4744 1462 4816 ejus
1496 4754 1579 4800 est
1615 4746 1907 4800 secundum
1944 4760 2068 4801 car-

480 4849 628 4890 nem.
651 4833 805 4903 Quod
826 4834 1162 4892 manifestius
1174 4835 1390 4904 dicitur,
1412 4850 1534 4892 cum
1557 4836 1659 4892 hoc
1679 4837 1819 4892 idem
1842 4832 1913 4892 ita
1935 4837 2067 4893 dici-

481 4926 997 4983 turzﬂenedicentur
1040 4929 1096 4982 in
1141 4929 1330 4983 semine
1371 4938 1456 4984 tuo
1498 4944 1671 4985 omnes
1708 4940 1880 5002 gentes
1910 4930 2066 5002 (Gen.

484 5035 627 5088 χιιι,
650 5018 720 5076 18
741 5019 783 5092 ).
807 5020 1016 5076 Dictum
1046 5030 1224 5076 autem
1250 5037 1569 5092 quemquam
1595 5022 1789 5078 divinis
1817 5022 2065 5094 eloquiis,

477 5126 734 5182 peccasse
762 5112 849 5169 vel
888 5125 1111 5184 peccare
1151 5112 1215 5168 in
1243 5113 1479 5183 diabolo,
1505 5130 1625 5169 cum
1655 5129 1782 5170 eum
1822 5115 1985 5186 iniqui
2015 5125 2071 5171 et

544 5291 562 5354 ξ
596 5296 649 5354 tu
665 5288 916 5354 plerisque
937 5297 1077 5354 Mss,
1092 5296 1326 5343 venturos.

544 5353 567 5417 ξ
598 5353 685 5417 Hic
704 5352 915 5417 additum
939 5353 986 5401 in
1009 5354 1230 5417 pluribus
1249 5360 1378 5415 Mss,
1404 5353 1509 5406 haec
1542 5353 1743 5415 dicere;
1766 5356 1814 5404 in
1841 5368 2036 5405 excusas
2052 5390 2073 5415 ,

481 5412 574 5527 ἓξ·
609 5412 792 5528 illiiceret
834 5412 957 5465 hate.
1002 5412 1273 5478 Glossema,
1317 5412 1416 5480 quo
1456 5425 1627 5467 carent
1648 5412 1864 5466 nonnulli
1899 5412 2063 5466 manui

563 5491 610 5528 Ill
653 5513 666 5526 .
1634 5514 1637 5521 .

482 5490 666 5527 δοτιιιιι.
1634 5514 1637 5521 .

547 5491 702 5604 iiii.
729 5547 785 5590 et
813 5544 906 5604 ειτ,
930 5550 1041 5588 nam
1063 5551 1149 5604 per
1175 5538 1415 5604 άίαιριωπ
1432 5514 1645 5600 decreti
1680 5541 1885 5604 οωίδεον
1901 5537 1945 5590 εί
1965 5538 2073 5591 im"

484 5600 710 5674 tatiomt,
747 5601 877 5664 quod
917 5607 1026 5674 Lev.
1053 5600 1106 5651 et
1139 5601 1357 5653 nonnulli
1396 5603 1705 5665 manuscripti
1747 5602 1956 5665 addunt,
1995 5610 2068 5652 ta-

487 5665 629 5713 metsi
653 5676 749 5715 non
772 5665 1119 5713 necessarium.

548 5723 621 5796 (α)
654 5732 814 5776 Grece
828 5724 1007 5794 legitur
1029 5723 1195 5796 ephfd,
1212 5726 1339 5796 quod
1363 5738 1670 5796 gepere_non
1692 5726 1945 5776 concordat
1961 5740 2070 5777 eum

486 5787 683 5852 nomine
704 5787 1104 5852 antartia,posito
1126 5790 1190 5839 ibi
1207 5787 1266 5852 ad
1293 5787 1652 5852 significandum
1678 5796 2071 5851 peccattnn.Con-

488 5846 561 5899 fer
583 5848 667 5900 lib.
693 5849 725 5898 4
745 5859 907 5900 contra
924 5846 1049 5902 duas
1065 5850 1294 5916 epistolas
1317 5846 1691 5914 P'tdagianorum;
1721 5864 1768 5900 ιι.
1797 5853 1842 5901 7.

1112 385 1202 443 DE
1241 381 1702 442 PECCATO‘RUM
1740 379 2016 437 MERlTlS
2055 377 2143 435 ET
2183 374 2617 443 REMISSIONE,
2657 375 2715 432 S.
2756 370 3127 433 AUGUSTINI

3652 382 3765 438 “6

2181 491 2326 562 impii
2353 503 2542 547 omnes
2571 488 2860 558 imitentur,
2889 490 3071 547 nescio
3095 497 3275 545 utrum
3295 488 3577 564 quisquam
3603 509 3766 564 repe-

2178 582 2279 637 riat
2302 600 2317 638 :
2339 580 2482 653 quod
2525 590 2704 637 tamen
2740 595 2864 637 cum
2897 580 3187 651 Apostolus
3221 579 3291 637 de
3325 582 3500 652 primo
3543 583 3767 641 homine

2175 675 2392 739 dixerit,
2425 673 2494 729 In
2531 690 2630 746 quo
2669 690 2841 729 omnes
2879 684 3229 746 peccaverunt,
3256 674 3435 732 adhuc
3459 677 3532 734 de
3557 679 3767 749 peccati

2179 767 2468 839 propagine
2491 767 2836 839 disceptatur,
2862 775 2920 824 et
2945 768 3128 825 nescio
3146 782 3268 840 qua:
3288 768 3484 827 nebula
3509 771 3767 831 imitatio-

2176 861 2259 917 nis
2282 862 2571 933 opponitur
2602 863 2643 916 ³.

2246 954 2333 1011 i2.
2391 954 2623 1012 Attende
2677 954 2839 1012 etiam
2887 970 3010 1027 qua:
3060 963 3379 1027 sequuntur.
3431 954 3563 1013 Cum
3611 955 3765 1013 enim

2175 1047 2419 1115 dixisset,
2448 1046 2514 1103 In
2537 1064 2637 1119 quo
2665 1064 2837 1104 omnes
2865 1057 3231 1119 peccaverunt;
3257 1056 3472 1106 secutus
3495 1048 3763 1120 adjunxit,

2180 1138 2349 1209 Usque
2388 1139 2458 1193 ad
2504 1140 2665 1211 legem
2704 1140 2838 1195 enim
2879 1149 3140 1212 peccatum
3181 1141 3236 1195 in
3272 1140 3465 1196 mundo
3490 1141 3587 1213 fuit
3614 1156 3634 1196 :
3656 1140 3767 1198 hoc

2174 1239 2274 1295 est,
2304 1231 2430 1301 quia
2459 1245 2560 1287 nec
2588 1231 2675 1288 lex
2706 1231 2875 1302 potuit
2909 1231 3122 1289 auferre
3155 1240 3454 1304 peccatum,
3480 1247 3601 1304 quae
3626 1234 3764 1290 sub-

2176 1321 2392 1377 intravit
2417 1331 2480 1379 ut
2498 1320 2670 1393 magis
2690 1322 2987 1380 abundaret
3022 1331 3336 1394 peccatum;
3365 1323 3482 1380 sive
3505 1324 3770 1380 naturalis

2175 1415 2281 1481 lex,
2309 1414 2365 1470 in
2390 1429 2499 1485 qua
2518 1415 2743 1486 quisque
2756 1415 2871 1487 jam
2898 1416 3105 1473 ratione
3132 1425 3308 1485 utens,
3331 1416 3519 1488 incipit
3540 1425 3767 1488 peccato

2174 1508 2418 1580 originali
2443 1508 2642 1565 addere
2666 1517 2724 1565 et
2740 1509 2990 1581 propria;
3017 1510 3133 1566 sive
3156 1510 3269 1582 ipsa
3292 1525 3413 1582 qua:
3443 1511 3640 1582 scripta
3662 1526 3767 1582 per

2173 1600 2394 1673 Moysen
2422 1600 2620 1673 populo
2647 1600 2771 1657 data
2796 1611 2900 1657 est.
2927 1600 2995 1657 Si
3028 1602 3160 1659 enim
3196 1601 3318 1656 data
3353 1613 3479 1658 esset
3516 1603 3618 1668 lex,
3643 1616 3777 1674 qua

2176 1703 2341 1764 posset
2368 1693 2643 1763 viui/icore,
2667 1694 2873 1749 omnino
2894 1708 2960 1749 ea:
2986 1694 3095 1765 lege
3119 1702 3243 1749 esset
3256 1693 3483 1765 iustitia.
3510 1692 3616 1750 Sed
3636 1710 3771 1750 eon-

2174 1783 2325 1839 clusit
2343 1782 2618 1855 Scriptura
2641 1784 2813 1839 omnia
2837 1782 2927 1840 sub
2955 1793 3178 1855 peccato,
3202 1793 3255 1838 ut
3282 1783 3551 1855 promissio
3573 1800 3636 1839 ea:
3656 1783 3767 1853 ﬁde

2172 1875 2299 1932 Jesu
2319 1874 2504 1932 Christi
2531 1876 2739 1931 daretur
2762 1874 3074 1931 credentibus
3109 1875 3130 1948 (
3156 1874 3326 1931 (ἐρισι.
3352 1890 3431 1944 ιιι,
3458 1874 3523 1931 9.!
3548 1884 3596 1931 et
3620 1874 3691 1931 22
3713 1876 3767 1946 ).

2177 1968 2449 2025 Peccatum
2482 1978 2656 2025 autem
2689 1986 2793 2025 non
2823 1968 3178 2040 deputabatur,
3202 1985 3318 2024 cum
3353 1969 3439 2025 lea:
3473 1985 3576 2024 non
3608 1976 3767 2025 esset.

2173 2061 2310 2129 Quid
2337 2068 2439 2130 est,
2469 2079 2572 2118 non
2597 2062 2962 2134 deputabatur;
2984 2063 3110 2131 nisi,
3139 2062 3508 2134 ignorabatur,
3543 2068 3603 2119 et
3631 2076 3764 2133 pec-

2173 2162 2351 2211 catum
2382 2168 2504 2211 esse
2534 2168 2642 2209 non
2684 2153 2999 2225 putabatur?
3021 2152 3205 2225 Neque
3231 2153 3376 2209 enim
3402 2152 3472 2209 ab
3505 2152 3625 2223 ipso
3648 2151 3766 2209 Do-

2174 2245 2320 2302 mino
2348 2245 2460 2303 Deo
2489 2254 2743 2318 tanquam
2784 2261 2894 2302 non
2934 2255 3080 2303 esset
3114 2246 3428 2314 habebatur,
3457 2260 3580 2302 eum
3617 2244 3762 2302 scri-

2172 2346 2321 2408 ptum
2347 2338 2437 2405 sit,
2470 2337 2783 2410 Quicumque
2827 2338 2937 2395 sine
2979 2330 3089 2411 lege
3128 2346 3475 2409 peccaverunt,
3504 2338 3614 2392 sine
3648 2336 3765 2409 lege

2173 2431 2404 2502 peribunt
2431 2429 2605 2505 (Rom.
2628 2448 2683 2500 ιι,
2714 2431 2827 2505 12).

2242 2524 2469 2581 CAPUT
2507 2524 2599 2580 XI.
2627 2554 2698 2567 -
2722 2526 2811 2582 15.
2852 2524 3087 2598 Regnum
3108 2525 3287 2580 mortis
3311 2525 3434 2598 quid
3457 2525 3601 2596 apud
3617 2525 3769 2597 Apo-

2172 2615 2586 2672 stolum.—Sed
2612 2617 2855 2689 regnarit,
2875 2615 3068 2687 inquit,
3086 2632 3223 2671 mors
3252 2615 3494 2672 abAdam
3520 2617 3765 2689 usquead

2174 2708 2388 2780 Alogsen
2404 2725 2425 2764 :
2439 2708 2492 2764 id
2514 2718 2617 2777 est,
2640 2723 2672 2763 a
2694 2708 2866 2780 primo
2886 2707 3105 2764 homine
3128 2723 3296 2779 usque
3316 2708 3387 2764 ad
3408 2709 3576 2779 ipsam
3595 2709 3771 2765 etiam

2174 2800 2348 2873 legem
2379 2816 2500 2873 qua:
2528 2801 2780 2858 divinitus
2812 2802 3143 2872 promulgata
3193 2809 3296 2866 est,
3339 2802 3464 2872 quia
3502 2816 3602 2858 nec
3640 2801 3765 2872 ipsa

2175 2894 2348 2964 potuit
2382 2909 2606 2966 regnum
2641 2894 2829 2950 mortis
2857 2892 3092 2951 auferre.
3127 2894 3373 2967 Regnum
3400 2895 3545 2952 enim
3569 2895 3773 2952 mortis

2174 2984 2287 3040 vult
2329 2984 2585 3057 intelligi,
2629 2984 2843 3057 quando
2882 2986 2965 3042 ita
2999 2984 3305 3042 dominatur
3348 2985 3404 3042 in
3454 2985 3767 3043 hominibus

2175 3088 2355 3135 reatus
2384 3080 2608 3150 peccati,
2638 3088 2697 3135 ut
2737 3093 2832 3136 eos
2870 3079 2940 3136 ad
2974 3080 3136 3135 vitam
3175 3088 3462 3147 aeternam,
3487 3095 3607 3151 quae
3630 3093 3772 3136 veru

2175 3172 2285 3227 vita
2320 3179 2422 3239 est,
2461 3172 2645 3227 venire
2684 3187 2795 3227 non
2836 3170 2997 3241 sinat,
3023 3170 3118 3228 sed
3155 3170 3225 3227 ad
3259 3170 3546 3228 secundam
3571 3172 3767 3238 etiam,

2175 3275 2295 3333 quas
2334 3260 2618 3332 poenaliter
2651 3269 2853 3318 acterna
2887 3270 2997 3330 est,
3029 3271 3259 3318 mortem
3298 3261 3495 3317 trahat.
3524 3261 3638 3317 lioc
3670 3276 3769 3319 re-

2174 3370 2338 3427 gnum
2360 3354 2550 3411 mortis
2575 3355 2688 3411 sola
2719 3355 2775 3411 in
2809 3354 3052 3426 quolibet
3076 3354 3295 3411 homine
3330 3354 3501 3424 gratia
3534 3353 3770 3410 destruit

2175 3447 2487 3514 Salvatoris,
2510 3462 2630 3518 quae
2654 3456 2873 3517 operata
2899 3456 2982 3503 est
3004 3446 3167 3502 etiam
3197 3445 3252 3500 in
3279 3445 3513 3516 antiquis
3536 3446 3775 3515 sanctis,

2175 3541 2501 3611 quicumque
2539 3547 2825 3609 antequam
2866 3537 2922 3593 in
2965 3552 3128 3594 carne
3164 3536 3408 3593 Christus
3436 3536 3661 3605 veniret,
3691 3536 3777 3593 ad

2176 3632 2295 3703 ejus
2310 3640 2485 3687 tamen
2505 3629 2843 3701 adjuvantem
2859 3630 3106 3700 gratiam,
3124 3643 3232 3684 non
3253 3629 3322 3684 ad
3348 3629 3479 3700 legis
3500 3628 3775 3698 litteram,

2176 3738 2295 3794 quzn
2328 3721 2522 3793 jubere
2565 3729 2792 3788 tantum,
2818 3735 2927 3777 non
2967 3719 3219 3793 adjuvare
3260 3730 3489 3792 poterat,
3528 3721 3769 3791 pertine-

2176 3816 2325 3871 bant.
2352 3813 2464 3871 Hoc
2490 3828 2723 3886 namque
2749 3812 3115 3870 occultabatur
3137 3812 3194 3868 in
3214 3823 3394 3869 vetere
3418 3812 3777 3869 Testamento

2179 3922 2276 3978 pro
2320 3915 2622 3978 temporum
2657 3905 3058 3978 dispensatione
3090 3904 3406 3976 justissima,
3437 3904 3579 3974 quod
3618 3916 3779 3960 nunc

2177 3999 2447 4057 revelatur
2475 4000 2530 4055 in
2568 4014 2730 4056 novo.
2758 3999 2901 4070 Ergo
2928 3999 2982 4053 in
3015 3997 3266 4053 omnibus
3288 3998 3511 4071 regnavit
3537 4013 3672 4052 mors
3696 3997 3781 4050 ala

2175 4089 2341 4146 Adam
2368 4107 2524 4163 usque
2547 4090 2616 4145 ad
2643 4090 2877 4161 Moysen,
2903 4090 2994 4161 qui
3019 4089 3228 4145 Christi
3256 4091 3422 4161 gratia
3448 4105 3556 4145 non
3593 4089 3775 4160 adjuti

2177 4195 2321 4251 sunt,
2344 4191 2405 4239 ut
2430 4184 2484 4239 in
2507 4184 2588 4239 eis
2614 4198 2834 4254 regnum
2865 4183 3054 4239 mortis
3077 4183 3447 4239 destrueretur
3473 4200 3487 4237 :
3518 4182 3671 4236 etiam
3707 4183 3775 4238 iis

2177 4281 2248 4336 eis
2272 4280 2294 4313 ⁸
2316 4279 2403 4351 qui
2435 4294 2536 4333 non
2571 4287 2897 4348 peccaverunt
2928 4277 2981 4331 in
3010 4276 3394 4331 similitudinem
3415 4275 3436 4306 ³
3458 4276 3785 4345 precaria-

2177 4370 2330 4425 tionis
2347 4368 2475 4423 Adae
2489 4385 2511 4436 ;
2535 4367 2590 4423 id
2613 4376 2716 4436 est,
2740 4368 2831 4438 qui
2865 4366 3102 4423 nondum
3131 4382 3227 4423 sua
3252 4374 3309 4421 et
3334 4365 3547 4436 propria
3575 4365 3773 4421 volun-

2180 4471 2286 4516 tate
2310 4460 2449 4517 sicut
2472 4460 2564 4517 ille
2582 4469 2961 4531 peccaverunt,
2978 4460 3069 4517 sed
3093 4459 3275 4515 abillo
3301 4468 3574 4529 peccatum
3602 4459 3783 4530 origi-

2178 4551 2297 4607 nale
2319 4558 2598 4607 traxernnt
2621 4567 2636 4605 :
2663 4551 2750 4622 qui
2771 4558 2842 4605 est
2869 4550 3034 4621 [anno
3063 4550 3259 4622 (tauri;
3283 4549 3407 4619 quia
3432 4550 3485 4603 in
3514 4549 3607 4605 illo
3627 4564 3770 4605 con-

2175 4644 2360 4698 stituta
2385 4651 2468 4698 est
2494 4642 2663 4697 forma
2688 4640 3149 4697 condemnationis
3175 4639 3368 4696 futuris
3396 4641 3647 4711 posteris,
3671 4644 3787 4713 qui

2176 4737 2295 4807 ejus
2326 4735 2617 4807 prepagine
2644 4745 2974 4800 crearentur,
3004 4742 3065 4789 ut
3088 4749 3155 4790 ex
3185 4749 3291 4790 uno
3316 4749 3512 4803 omnes;
3540 4736 3594 4790 in
3616 4751 3785 4792 cou-

2176 4830 2575 4886 demnationem
2618 4838 2989 4894 nascerentur,
3030 4844 3101 4884 ex
3131 4843 3237 4899 qua
3278 4845 3386 4884 non
3431 4829 3624 4886 liberat
3657 4831 3785 4889 nisi

2175 4923 2345 4994 gratia
2374 4921 2682 4979 Salvatoris.
2703 4919 2827 4978 Scio
2847 4921 3060 4992 quidem
3088 4921 3371 4993 plerosque
3390 4921 3592 4980 latinos
3615 4923 3779 4979 codi-

2175 5032 2266 5072 ces
2290 5015 2368 5071 sic
2395 5013 2593 5070 habere
2623 5012 2701 5086 (a)
2726 5031 2741 5069 :
2764 5012 3014 5086 Regnavit
3048 5030 3184 5070 mors
3215 5013 3279 5069 ab
3311 5014 3479 5069 Adam
3509 5032 3668 5088 usque
3695 5019 3783 5072 ad

2179 5107 2391 5178 Moysen
2419 5107 2471 5161 in
2499 5122 2582 5162 eos
2606 5107 2691 5179 qui
2721 5115 3051 5178 peccaverunt
3075 5107 3130 5161 in
3154 5107 3539 5163 similitudinem
3562 5125 3776 5180 praeca-

2176 5201 2433 5255 ricationis
2465 5198 2613 5268 Adio,
2635 5200 2778 5272 quod
2805 5200 2966 5257 etiam
3001 5199 3198 5272 ipsum,
3220 5202 3310 5272 qui
3355 5201 3431 5257 ita
3463 5203 3667 5274 legunt,
3696 5205 3779 5260 ad

2176 5292 2424 5348 eumdem
2471 5293 2712 5349 referunt
2751 5293 3119 5360 intellectum;
3162 5300 3222 5348 ut
3261 5293 3316 5348 in
3358 5293 3775 5350 similitudinem

2179 5384 2633 5456 prmvaricationis
2661 5383 2792 5440 Adae
2827 5398 3081 5454 peccasse
3113 5385 3396 5455 accipiant,
3438 5385 3529 5456 qui
3572 5385 3627 5439 in
3672 5385 3772 5439 illo

2241 5545 2256 5575 ¹
2295 5542 2460 5593 Probae
2482 5547 2610 5603 noue
2630 5547 2761 5599 Mss,
2785 5541 2945 5603 adhuc
2970 5554 3083 5603 (tum
3102 5540 3164 5603 de
3180 5537 3366 5603 peccati
3385 5536 3648 5603 propagine
3687 5540 3767 5593 di-

2175 5611 2436 5674 sceptatur,
2777 5602 2949 5674 nebula
2971 5598 3248 5674 imitationis
3269 5598 3557 5674 opponitur:
3607 5659 3618 5672 .
3711 5661 3724 5673 .

2242 5662 2266 5698 θ’
2294 5674 2358 5716 tta
2381 5662 2944 5729 ebdexpygiranncnsis.
2987 5662 3077 5713 Alii
3118 5674 3237 5713 vero
3280 5662 3388 5712 Mss.
3409 5696 3427 5725 ,
3461 5674 3578 5727 ergo
3595 5662 3650 5715 in
3670 5662 3767 5717 eis.

2177 5729 2312 5787 Etllli,
2335 5734 2516 5792 ergoet
2540 5725 2696 5792 in'éis.
2902 5784 2913 5792 _
3007 5785 3019 5792 _

2240 5792 2259 5822 ³
2293 5784 2590 5850 Μωιῐιεειιὶριὶ
2614 5785 2849 5843 nonnulli,
2894 5784 2946 5836 in
2977 5784 3306 5838 similitudine.

2239 5853 2310 5915 (a)
2343 5851 2512 5901 Confer
2528 5849 2679 5913 epist.
2709 5851 2817 5911 137,
2837 5863 2883 5897 ιι.
2917 5849 2987 5899 19.
