4016 6478
198 409 294 466 117

203 530 574 593 peccaverunt,
597 529 658 577 ut
678 522 729 578 ei
749 522 956 579 similes
974 531 1308 588 crearcn'ur,
1332 523 1468 580 sicut
1490 539 1554 580 ex
1579 525 1795 578 homine

203 612 460 677 homines,
507 613 583 668 ita
628 629 698 669 ex
741 624 1024 684 peccatore
1068 626 1393 684 peceatores,
1434 631 1498 671 es
1539 617 1797 670 morituro

203 705 462 772 morituri,
494 704 866 778 damnatoque
905 707 1201 762 damnati‘.
1225 706 1394 763 Crzcci
1433 717 1608 764 autem
1644 710 1793 764 codi-

203 811 304 863 ces,
329 795 480 853 unde
506 796 563 852 in
590 796 812 852 latinam
857 798 1089 868 linguam
1123 799 1490 870 interpretatio
1525 799 1659 856 facta
1689 809 1792 871 cst,

204 897 283 943 aut
306 902 507 944 omnes
534 897 630 944 aut
661 905 798 960 pene
823 903 1032 957 omnes,
1065 890 1116 946 id
1157 891 1298 962 quod
1327 907 1357 946 a
1387 907 1472 947 me
1503 891 1676 963 primo
1702 909 1796 964 po-

201 981 346 1037 situm
371 988 484 1044 est,
508 980 732 1037 habent.

263 1071 349 1126 ﬂ.
395 1069 516 1126 Sed
537 1088 662 1136 non,
683 1071 875 1142 inquit,
897 1072 1028 1128 sicut
1047 1073 1306 1141 delictum,
1329 1074 1400 1128 ita
1417 1082 1466 1130 et
1486 1075 1712 1131 donatio.
1737 1077 1798 1134 Si

206 1163 320 1216 enim
351 1163 423 1217 ob
453 1163 610 1218 utrius
638 1162 878 1218 delictum
905 1163 1048 1218 multi
1077 1165 1260 1219 mortui
1291 1175 1427 1232 sunt,
1456 1166 1612 1222 multo
1638 1170 1797 1238 magis

205 1256 359 1327 gratia
389 1254 494 1310 Dei
511 1265 562 1310 et
588 1255 781 1310 donum
803 1256 856 1310 in
875 1257 1041 1328 gratia
1061 1257 1208 1312 unius
1228 1257 1443 1312 hominis
1463 1256 1591 1312 Iesu
1611 1256 1798 1314 Christi

205 1351 251 1403 in
269 1352 466 1404 mrtuos
493 1349 777 1404 abundauit
798 1363 818 1404 :
840 1365 967 1414 non,
997 1350 1159 1422 magis
1184 1351 1389 1419 multos,
1419 1352 1470 1407 id
1501 1361 1602 1419 est,
1632 1353 1798 1408 nmlto

208 1443 376 1512 plures
401 1441 682 1509 homines,
706 1457 880 1512 neque
904 1443 1044 1496 enim
1068 1443 1246 1513 plures
1261 1442 1619 1513 justiﬁeantur
1637 1459 1796 1515 quam

206 1533 672 1601 condemnamur;
719 1535 838 1602 sed,
878 1536 1037 1591 multo
1083 1537 1245 1608 magis
1295 1537 1586 1592 abundavit.
1628 1537 1797 1594 Adam

209 1628 394 1698 quippe
425 1643 496 1683 ex
529 1643 639 1684 uno
662 1627 865 1685 delicto
903 1643 1001 1685 suo
1035 1644 1156 1685 reos
1192 1630 1411 1701 genuit:
1435 1631 1677 1688 Christus
1701 1649 1798 1689 au-

213 1729 301 1774 tern
349 1720 522 1775 etiam
567 1736 690 1791 qua:
736 1720 982 1776 homines
1018 1721 1210 1778 delicta
1248 1723 1476 1794 prepria:
1511 1725 1799 1783 voluntatis

212 1811 263 1866 ad
287 1811 562 1882 originale
596 1813 649 1867 in
679 1828 787 1884 quo
817 1813 928 1868 nati
966 1823 1094 1869 sunt
1127 1814 1467 1884 addiderunt,
1495 1817 1663 1888 gratia
1703 1834 1796 1874 sua

214 1903 358 1956 solvit
383 1911 559 1974 atque
581 1902 823 1973 donavit,
845 1904 986 1976 quod
1009 1905 1308 1963 evidentius
1339 1907 1393 1964 in
1417 1912 1797 1980 consequenti-

215 1993 296 2048 bus
323 1993 482 2049 dicit.

270 2087 504 2143 CAPUT
546 2086 664 2143 XII.
691 2117 764 2128 —
791 2088 880 2144 15.
917 2087 1086 2144 Unum
1115 2101 1374 2161 peccatum
1399 2093 1628 2150 omnibus
1656 2111 1798 2150 com-

216 2194 365 2233 mune.
392 2177 599 2234 Verum
645 2179 775 2234 illud
815 2179 1119 2252 diligentius
1159 2181 1385 2250 intuere,
1427 2185 1568 2256 quod
1607 2186 1700 2253 ait,
1730 2187 1800 2242 ob

219 2273 359 2328 unius
397 2270 664 2327 delictum
703 2272 905 2327 multos
948 2283 1205 2330 mortuos.
1235 2274 1342 2330 Cur
1369 2277 1512 2333 enim
1543 2277 1614 2334 ob
1643 2279 1799 2334 unius

218 2365 362 2429 illius,
385 2373 447 2420 et
471 2379 585 2420 non
606 2364 784 2434 potius
808 2364 879 2420 ob
899 2363 1091 2421 delicta
1114 2380 1209 2420 sua
1233 2367 1465 2438 propria,
1491 2369 1536 2424 si
1558 2368 1659 2425 hoc
1680 2369 1799 2426 loco

217 2457 549 2527 intelligenda
580 2467 665 2512 est
686 2457 934 2525 imitatio,
960 2473 1063 2513 non
1087 2461 1430 2530 propagatio?
1448 2461 1553 2518 Sed
1583 2465 1798 2520 attende

215 2548 342 2618 quod
380 2548 630 2619 sequitur
656 2565 672 2603 :
697 2546 767 2601 Et
797 2565 898 2603 non
923 2550 1054 2604 sicut
1083 2566 1172 2620 per
1205 2567 1360 2604 unum
1390 2562 1699 2622 peccantem,
1727 2555 1798 2609 ita

213 2650 277 2694 cst
303 2653 350 2695 et
380 2640 594 2694 donum.
617 2638 761 2694 Nam
777 2639 1031 2711 judicium
1055 2641 1255 2712 quidem
1279 2658 1343 2696 ea:
1363 2658 1462 2696 uno
1480 2641 1534 2697 in
1556 2645 1798 2699 condem-

216 2733 497 2798 nationem,
516 2733 674 2803 gratia
699 2742 869 2786 autem
897 2749 960 2786 ea:
984 2733 1157 2787 multis
1183 2733 1380 2788 delictis
1402 2734 1455 2788 in
1471 2735 1798 2806 justi/iamia-

221 2840 350 2878 nem.
384 2823 540 2879 Nune
567 2825 756 2892 dicant,
786 2825 875 2882 ubi
901 2825 1074 2881 locum
1104 2825 1297 2883 habeat
1323 2828 1378 2884 in
1399 2827 1483 2884 his
1503 2829 1679 2886 verbis
1708 2829 1798 2886 illa

217 2915 459 2970 imitatio.
483 2913 572 2970 Ea:
587 2932 704 2982 uno,
731 2917 921 2987 inquit,
945 2917 998 2972 in
1018 2919 1483 2975 condemnationem
1502 2936 1642 2992 :quo
1666 2937 1794 2992 uno,

224 3006 304 3060 nisi
330 3005 573 3061 delicto?
594 3006 706 3062 Hoc
731 3009 874 3062 enim
901 3009 1170 3079 explanat,
1195 3025 1315 3065 cum
1335 3010 1593 3082 adjungit,
1617 3012 1798 3070 Gratia

219 3108 364 3150 autem
406 3113 475 3151 ea:
517 3097 693 3152 multis
734 3098 926 3153 delictis
964 3101 1017 3154 in
1049 3101 1486 3172 justiﬁcationem.
1521 3103 1632 3160 Cur
1669 3120 1798 3178 ergo

216 3186 456 3256 judicium
497 3202 570 3243 ex
613 3203 722 3244 uno
761 3188 957 3244 delicto
991 3189 1045 3245 in
1083 3191 1600 3262 condemnationem,
1630 3199 1796 3267 gratia

220 3295 322 3334 vero
355 3295 423 3334 ex
463 3280 653 3334 multis
689 3278 903 3336 delictis
943 3281 997 3336 in
1037 3281 1508 3352 justitlcationem?
1533 3287 1724 3344 Nonne
1751 3291 1797 3346 si

220 3372 396 3427 nullum
425 3382 516 3428 est
536 3373 802 3443 originale
821 3372 1096 3441 delictum,
1121 3389 1226 3429 non
1253 3377 1429 3432 solum
1448 3378 1514 3434 ad
1538 3379 1796 3450 justillca-

219 3468 389 3521 tionem
411 3466 615 3537 gratia,
639 3465 733 3520 sed
755 3467 915 3520 etiam
931 3466 1189 3538 judicium
1208 3469 1271 3524 ad
1293 3471 1794 3532 condemnationem

217 3574 267 3614 es
291 3559 474 3614 multis
508 3558 729 3614 delictis
758 3558 1004 3615 homines
1041 3559 1220 3616 ducit?
1245 3561 1427 3634 Neque
1455 3565 1596 3620 enim
1626 3569 1795 3638 gratia

220 3651 352 3704 multa
381 3650 588 3705 delicta
617 3648 804 3718 donat,
829 3659 1013 3706 etnon
1042 3652 1202 3707 etiam
1224 3653 1482 3724 judicium
1509 3659 1674 3714 multa
1697 3659 1794 3716 de-

216 3743 311 3797 licta
339 3742 699 3801 condemnat.
734 3744 841 3797 Aut
878 3743 922 3796 si
965 3756 1245 3814 propterea
1275 3762 1340 3801 ex
1371 3763 1478 3803 uno
1507 3749 1704 3807 delicto
1742 3753 1794 3808 in

214 3835 702 3890 condemnationem
743 3833 1030 3902 ducuntur,
1061 3837 1182 3908 quia
1225 3839 1402 3894 omnia
1449 3841 1637 3896 delicta
1677 3857 1795 3913 quae

215 3925 649 3990 condenmantur,
687 3939 758 3980 ex
800 3925 939 3980 illius
982 3927 1135 3981 unius
1176 3926 1470 3985 imitatione
1508 3933 1792 3988 commissa

214 4027 348 4082 sunt;
377 4017 577 4073 eadem
607 4031 769 4072 causa
808 4027 891 4072 est
930 4034 1025 4073 cur
1061 4033 1126 4074 ex
1169 4036 1274 4075 uno
1304 4020 1500 4077 delicto
1537 4024 1697 4079 etiam
1727 4025 1792 4080 ad

213 4111 640 4179 jmtilicationem
679 4111 804 4166 duci
844 4111 1222 4183 intelligantur,
1245 4115 1367 4185 quia
1394 4117 1572 4171 omnia
1601 4117 1793 4173 delicta

211 4204 644 4274 qnazjustilicatis
664 4205 1028 4272 remittuntur,
1051 4208 1288 4262 ex-illius
1316 4209 1472 4264 unius
1504 4211 1795 4267 imitatione

212 4300 483 4352 commissa
532 4307 683 4352 sunt.
723 4296 830 4352 Sed
876 4297 978 4352 hoc
1020 4299 1267 4356 videlicet
1313 4316 1418 4356 non
1470 4302 1797 4373 iutelligehat

214 4388 490 4457 Apostolus
515 4403 642 4443 cum
669 4388 900 4454 diccbat,
921 4388 1183 4445 Iudicium
1211 4394 1413 4464 quidem
1443 4411 1506 4448 ea:
1532 4411 1632 4448 uno
1661 4396 1791 4450 deli-

211 4488 276 4534 cto
301 4482 352 4534 in
378 4482 879 4548 condemnationem,
909 4483 1072 4552 gratia
1096 4501 1209 4539 vero
1239 4503 1300 4540 ea:
1324 4488 1496 4541 multis
1518 4489 1712 4544 delictis
1740 4494 1794 4544 in

209 4572 652 4642 jastiﬁcationem?
672 4572 784 4628 Ιηιο
804 4589 932 4627 vero
954 4590 1052 4628 nos
1079 4575 1433 4647 intelligamus
1455 4580 1789 4650 Apostolum,

211 4665 553 4720 etvideamus
583 4665 702 4720 ideo
729 4666 927 4721 dictum
971 4666 1229 4736 judicium
1257 4683 1319 4723 ex
1355 4686 1459 4724 uno
1496 4671 1692 4728 delicto
1735 4671 1788 4727 in

210 4757 722 4822 condemnationem,
757 4758 879 4827 quia
909 4760 1177 4814 sul‘lieeret
1203 4759 1267 4813 ad
1294 4761 1790 4820 condemnationem

211 4849 406 4904 etiamsi
438 4865 547 4904 non
577 4861 718 4906 esset
756 4853 808 4905 in
840 4851 1144 4907 hominibus
1177 4855 1274 4908 nisi
1306 4856 1564 4924 originale
1601 4872 1792 4926 pecca-

211 4953 330 4997 tum.
352 4943 610 5011 Quamvis
648 4945 786 4998 enim
816 4945 1191 4999 condemnatio
1220 4947 1434 5016 gravior
1476 4949 1544 5002 sit
1583 4964 1788 5018 eorum,

206 5039 287 5106 qui
317 5038 566 5108 originali
606 5038 800 5093 delicto
838 5040 996 5094 etiam
1043 5041 1252 5110 propria
1296 5042 1706 5110 conjtmxernnt,
1739 5054 1793 5098 et

206 5138 349 5186 tanto
370 5131 594 5201 singulis
614 5133 846 5201 gravior,
869 5142 1069 5202 quanto
1096 5134 1312 5205 gravius
1336 5134 1454 5205 quis
1485 5137 1724 5204 peccavit
1749 5139 1786 5190 ἐ

205 5230 378 5278 tamen
423 5224 585 5278 etiam
633 5224 760 5277 illud
803 5224 973 5279 solum
1014 5227 1156 5297 quod
1197 5227 1525 5298 originaliter
1564 5239 1790 5285 tractum

201 5323 314 5376 cst,
362 5328 468 5369 non
514 5324 716 5370 tantum
747 5331 775 5369 a
807 5332 972 5386 regno
1004 5319 1092 5374 Dei
1123 5329 1369 5390 separat,
1399 5338 1504 5392 quo
1547 5325 1793 5392 parvulos

203 5404 315 5460 sine
336 5415 552 5477 accepta
573 5406 768 5463 Christi
791 5410 958 5479 gratia
979 5409 1256 5467 defunctos
1282 5415 1480 5468 intrare
1505 5431 1609 5468 non
1634 5431 1791 5485 posse

201 5495 298 5566 ipsi
347 5496 509 5552 etiam
555 5501 921 5565 conﬁtentur;
964 5518 1146 5556 verum
1192 5513 1246 5558 et
1289 5520 1319 5559 a
1367 5505 1537 5561 salute
1578 5522 1642 5562 ac
1687 5510 1788 5562 vita

200 5597 398 5643 a-terna
431 5587 556 5643 l'acit
583 5591 808 5654 alienos,
841 5607 959 5661 qum
992 5593 1133 5648 nulla
1164 5610 1283 5651 esse
1310 5596 1410 5651 alia
1445 5609 1616 5669 potest
1651 5617 1784 5669 pne-

199 5689 278 5734 ter
308 5697 530 5752 regnum
561 5683 680 5748 Dei,
709 5699 819 5753 quo
853 5684 962 5738 sola
989 5685 1186 5742 Christi
1217 5690 1443 5745 societas
1479 5691 1785 5747 introducit.

261 5796 274 5860 ξ
315 5796 619 5860 neuiigianns
641 5795 807 5860 codex
831 5802 882 5843 ct
902 5796 1078 5860 Btzlgici
1103 5799 1294 5860 quidam
1318 5809 1440 5859 \tss.,
1471 5802 1754 5856 damnandi.

257 5857 277 5887 ⁸
311 5857 445 5926 illiti,
465 5867 640 5926 quanto
664 5857 866 5927 gravius
890 5857 1084 5923 qunque
1117 5857 1346 5921 peccarit.
1377 5857 1542 5916 Att-Mss
1569 5899 1581 5920 ,
1617 5877 1790 5927 amanto

192 5925 386 5978 grumos
406 5925 510 5984 quis
531 5925 766 5986 peccarit.

1592 410 1790 467 LIBER
1833 413 2102 477 PRIMUS.

3391 434 3490 490 H3

1976 529 2201 585 CAPUT
2243 531 2470 586 Xlll.—
2503 535 2583 590 l6.
2636 539 2897 604 Quomodo
2941 559 3029 612 per
3073 559 3227 598 unum
3272 564 3403 602 mors
3446 559 3490 602 et

1905 639 1992 689 per
2021 639 2175 677 unum
2202 625 2320 679 ritu.
2353 629 2427 681 Ac
2461 645 2553 697 per
2582 630 2680 685 hoc
2705 633 2774 687 ab
2814 633 2980 688 Adam
3009 675 3024 700 ,
3054 635 3104 690 in
3151 651 3258 710 quo
3304 653 3490 694 onlnes

1903 715 2257 782 peccavimus,
2285 734 2391 772 non
2423 721 2598 774 omnia
2628 733 2807 779 nostra
2841 735 3056 796 peccata
3081 769 3096 796 ,
3141 729 3236 786 sed
3281 739 3486 786 tantmn

1903 807 2160 877 originale
2187 808 2556 868 tradusimus'
2585 831 2598 866 :
2627 827 2658 868 a
2687 813 2903 873 Christo
2929 833 3090 888 vero,
3139 821 3191 875 in
3224 837 3330 893 quo
3372 838 3485 877 0m-

1900 933 1993 970 nes
2023 917 2380 986 justitieamur
2411 919 2455 984 ',
2495 932 2599 972 non
2631 917 2777 970 illius
2805 926 3010 970 tantum
3049 917 3356 986 originalis,
3385 920 3478 972 sed

1899 1009 2057 1062 etiam
2086 1019 2406 1064 ceterorum
2434 1024 2552 1078 qua:
2584 1009 2681 1075 ipsi
2705 1008 3004 1062 addidimus
3031 1017 3366 1075 peccatorum
3397 1027 3478 1064 re-

1900 1101 2204 1156 m'ssionem
2225 1102 2625 1168 consequimur.
2647 1099 2771 1154 Ideo
2794 1115 2894 1151 non
2914 1099 3041 1151 sicut
3069 1117 3157 1168 per
3175 1116 3332 1154 unum
3357 1116 3475 1168 pec-

1897 1201 2119 1253 cantem,
2137 1192 2209 1244 ita
2230 1199 2303 1244 est
2326 1201 2371 1243 et
2392 1191 2598 1244 donum.
2618 1189 2748 1242 Nam
2771 1189 3023 1256 judicium
3046 1190 3257 1257 quidem
3282 1205 3346 1245 ex
3371 1207 3476 1244 uno

1896 1281 2116 1345 delicto,
2141 1281 2183 1334 si
2208 1295 2314 1334 non
2337 1280 2646 1342 remittitur,
2668 1279 2716 1330 id
2735 1288 2838 1340 est,
2859 1279 3124 1346 originali,
3152 1280 3202 1332 in
3223 1280 3478 1334 condem-

1899 1370 2166 1424 nationem
2202 1369 2310 1438 jam
2360 1376 2532 1434 potest
2569 1368 2804 1422 dueere:
2837 1369 3002 1436 gratia
3035 1384 3160 1421 vero
3189 1384 3253 1424 ex
3297 1371 3476 1424 multis

1895 1459 2106 1515 delictis
2132 1460 2393 1523 remissis,
2426 1457 2528 1512 hoc
2557 1470 2659 1523 est,
2687 1473 2789 1510 non
2808 1460 2978 1511 solum
3002 1459 3264 1528 originali,
3293 1474 3475 1515 verum

1895 1553 2054 1607 etiam
2083 1548 2332 1604 onmibus
2354 1558 2562 1603 cteteris
2587 1549 2652 1601 ad
2679 1547 3109 1616 justiﬁeationem
3139 1548 3400 1617 perducit.

1970 1643 2056 1696 1⁸1.
2091 1644 2152 1696 Si
2189 1642 2321 1695 enim
2359 1641 2422 1695 ob
2459 1642 2612 1694 unius
2653 1642 2892 1695 delictum
2944 1658 3078 1696 mors
3117 1644 3346 1712 regnavit
3374 1660 3474 1712 per

1896 1751 2074 1801 unum,
2104 1735 2262 1788 multo
2291 1734 2452 1804 magis
2481 1735 2566 1804 qui
2594 1734 2961 1786 abundantiam
2989 1736 3170 1802 gratia:
3196 1746 3241 1786 et
3254 1735 3475 1804 justitia:

1895 1829 2172 1895 accipiunt,
2191 1828 2243 1880 in
2265 1828 2366 1880 vita
2389 1825 2672 1894 regnabant
2695 1841 2784 1895 per
2806 1841 2961 1878 unum
2989 1824 3167 1878 Jesum
3189 1822 3471 1879 Christum.

1895 1917 2002 1972 Cur
2027 1917 2094 1972 ob
2125 1916 2282 1972 unius
2309 1915 2562 1970 delictum
2599 1930 2741 1970 mors
2763 1917 3007 1983 regnavit
3033 1931 3124 1984 per
3153 1932 3342 1980 unum,
3377 1917 3475 1971 nisi

1895 2013 2015 2082 quia
2037 2013 2221 2068 mortis
2239 2011 2451 2066 vinculo
2469 2011 2784 2066 tenebantur
2801 2011 2851 2063 in
2870 2010 2960 2063 illo
2979 2026 3082 2064 uno
3098 2009 3149 2064 in
3165 2026 3269 2079 quo
3287 2025 3476 2064 omnes

1899 2108 2284 2168 peccaverunt,
2312 2100 2523 2155 etiamsi
2558 2099 2769 2170 propria
2809 2110 3021 2166 peccata
3049 2115 3150 2153 non
3181 2100 3476 2154 adderent?

1899 2191 2147 2259 Alioquin
2176 2205 2280 2246 non
2305 2191 2325 2222 ³
2357 2192 2428 2246 ob
2452 2191 2610 2246 unius
2634 2192 2882 2246 delictum
2909 2207 3050 2245 mors
3078 2207 3172 2260 per
3198 2206 3357 2244 unum
3388 2206 3470 2245 re-

1896 2285 2106 2353 gnavit,
2153 2283 2246 2337 sed
2293 2282 2364 2337 ob
2404 2283 2594 2338 delicta
2633 2285 2795 2338 ntulta
2840 2285 3121 2338 multorum
3154 2299 3246 2354 per
3277 2299 3474 2337 unum-

1897 2390 2159 2444 quemque
2189 2383 2518 2444 peccantem.
2551 2374 2680 2428 Nam
2711 2375 2754 2429 si
2783 2386 3062 2443 propterea
3087 2378 3268 2429 eazteri
3300 2374 3369 2430 ob
3391 2376 3474 2428 al-

1900 2467 2062 2520 terius
2081 2466 2312 2519 hominis
2335 2465 2585 2520 delictum
2610 2465 2801 2520 mortui
2822 2475 2964 2530 sunt,
2989 2467 3109 2535 quia
3136 2466 3280 2519 illum
3311 2466 3361 2519 in
3383 2466 3478 2521 de-

1900 2555 2180 2626 linqueudo
2212 2555 2604 2624 praecedentem
2650 2556 3034 2624 subsequentes
3083 2555 3274 2609 imitati
3307 2562 3469 2608 sunt:

1902 2645 1990 2700 ille
2018 2658 2227 2713 quoque
2253 2654 2308 2699 et
2331 2644 2496 2696 multo
2525 2645 2690 2713 magis
2713 2646 2782 2696 ob
2801 2645 3018 2699 alterius
3045 2645 3299 2698 delictum
3330 2660 3472 2698 rnor-

1901 2749 2022 2792 tuus
2046 2749 2149 2805 est,
2168 2752 2324 2806 quem
2347 2737 2587 2791 diabolus
2621 2736 2977 2807 delinquendo
2999 2737 3067 2790 ita
3095 2748 3474 2804 praecesserat,

1903 2841 1960 2886 ut
1987 2832 2034 2886 ei
2065 2830 2318 2885 delictum
2347 2831 2506 2884 etiam
2535 2830 2648 2898 ipse
2675 2829 2921 2883 suaderet
2946 2845 2960 2881 :
2988 2829 3156 2883 Adam
3189 2844 3314 2883 vero
3340 2828 3476 2886 nihil

1903 2922 2070 2976 suasit
2099 2921 2455 2976 imitatoribus
2480 2920 2625 2984 suis;
2654 2927 2710 2973 et
2738 2919 2889 2973 inulti
2929 2918 3016 2987 qui
3045 2916 3162 2987 ejus
3184 2918 3478 2974 imitatores

1906 3017 2174 3081 dicuntur,
2217 3031 2339 3071 eum
2381 3014 2543 3069 luisse
2571 3021 2625 3068 et
2655 3014 2756 3066 tale
2787 3012 2987 3079 aliquid
3035 3011 3368 3064 commisisse
3398 3011 3478 3066 vel

1908 3124 2013 3164 non
2044 3108 2344 3168 audierunt,
2369 3106 2453 3160 vel
2482 3106 2699 3160 omnino
2722 3119 2825 3158 non
2847 3103 3090 3159 credunt.
3117 3104 3326 3168 Quanto
3352 3117 3480 3171 ergo

1911 3199 2123 3265 rectius,
2147 3199 2286 3252 sicut
2310 3197 2419 3266 jam
2451 3196 2584 3261 dixi,
2615 3195 2882 3250 diabolum
2928 3197 3221 3264 principem
3273 3197 3481 3249 consti-

1911 3290 2095 3345 tuisset
2122 3291 2436 3357 Apostolus,
2465 3304 2495 3342 a
2525 3303 2630 3355 qtto
2674 3301 2778 3339 uno
2828 3294 3102 3354 peceatum
3150 3295 3204 3338 et.
3252 3295 3482 3340 mortem

1903 3394 1998 3450 per
2020 3393 2210 3435 omnes
2237 3378 2515 3434 transiisse
2540 3377 2774 3442 diceret,
2807 3378 2852 3433 si
2883 3378 2985 3434 hoc
3010 3378 3129 3434 loco
3157 3393 3262 3433 non
3294 3393 3487 3448 pr0pa.

1897 3470 2186 3541 gationem,
2229 3467 2325 3524 sed
2369 3467 2720 3524 imitationem
2765 3467 2945 3524 dicere
2987 3467 3280 3524 voluisset?
3322 3467 3500 3523 Multo

1899 3561 2042 3617 enim
2065 3558 2431 3616 rationabilius
2443 3557 2611 3613 Adam
2633 3558 2826 3614 dicitur
2840 3559 3072 3614 imitator
3087 3558 3307 3622 diaboli,
3325 3574 3485 3629 quem

1899 3668 2173 3709 suasorem
2201 3651 2384 3708 habuit
2412 3652 2636 3722 peccati,
2677 3653 2720 3707 si
2769 3661 2944 3723 potest
2973 3653 3250 3724 quisquam
3291 3651 3486 3707 imitari

1899 3745 2058 3800 etiam
2087 3743 2235 3798 illum
2256 3743 2347 3814 qui
2375 3744 2505 3798 nihil
2529 3743 2634 3798 tale
2656 3744 2846 3811 suasit,
2870 3745 2950 3799 vel
2977 3744 3195 3800 omnino
3214 3759 3374 3814 quem
3396 3760 3487 3798 ne-

1898 3837 2018 3892 scit.
2035 3836 2170 3904 Quid
2183 3845 2265 3890 est
2282 3846 2481 3900 autem,
2503 3838 2589 3907 qui
2606 3836 2626 3868 ⁸
2641 3836 3002 3892 abundantiam
3025 3837 3204 3908 gratia:
3221 3837 3488 3908 ctjustitia:

1899 3930 2177 3999 accipiunt,
2195 3929 2296 3984 nisi
2311 3928 2448 3999 quod
2469 3945 2572 3984 non
2587 3931 2635 3983 ei
2659 3937 2860 3985 tantum
2875 3941 3093 4000 peccato
3106 3930 3159 3986 in
3173 3945 3280 4002 quo
3299 3945 3487 3986 omnes

1901 4029 2273 4092 peccaverunt,
2297 4021 2389 4076 sed
2404 4021 2484 4076 eis
2509 4021 2668 4077 etiam
2697 4038 2814 4092 quac
2843 4022 3182 4090 addiderunt,
3212 4023 3379 4094 gratia
3399 4036 3485 4077 re-

1899 4113 2168 4169 missionis
2197 4113 2373 4178 datur;
2395 4113 2577 4184 eisque
2603 4113 2909 4170 hominibus
2933 4124 3074 4170 tanta
3091 4115 3294 4186 justitia
3316 4114 3484 4170 dona-

1900 4213 1986 4260 tur
2003 4246 2020 4272 ,
2049 4213 2104 4259 ut
2123 4219 2244 4259 cum
2268 4203 2435 4258 Adam
2462 4205 2793 4260 consenserit
2813 4205 2878 4260 ad
2911 4216 3183 4276 peccatum
3205 4206 3483 4272 suadenti,

1901 4311 2008 4352 non
2027 4296 2220 4351 cedant
2236 4296 2322 4351 isti
2341 4297 2502 4352 etiam
2518 4298 2762 4368 cogenti?
2783 4298 2850 4353 Et
2869 4299 2992 4368 quid
3011 4309 3113 4366 est,
3143 4301 3303 4354 multo
3328 4302 3487 4371 inagis

1899 4386 1951 4439 in
1978 4387 2077 4440 vita
2100 4385 2399 4456 regnabant,
2430 4401 2552 4443 cum
2579 4389 2764 4444 mortis
2784 4403 3004 4458 regnum
3037 4390 3202 4444 multo
3223 4390 3403 4459 plures
3431 4391 3482 4445 in

1899 4485 2156 4532 aeternam
2180 4491 2390 4548 pinnam
2423 4477 2616 4544 trahat;
2645 4479 2750 4534 nisi
2772 4480 3127 4549 intelligamus
3152 4497 3246 4538 eos
3265 4482 3409 4550 ipsos
3430 4484 3482 4537 in

1877 4577 2125 4639 .utroque
2139 4567 2242 4624 diei
2256 4569 2346 4638 qui
2364 4578 2639 4626 transeunt
2654 4570 2722 4626 ab
2737 4570 2902 4625 Adam
2921 4571 2986 4626 ad
2999 4570 3291 4640 Christum,
3315 4573 3362 4627 id
3377 4581 3482 4643 est,

1897 4678 1926 4716 a
1959 4670 2132 4717 morte
2160 4661 2226 4716 ad
2254 4662 2439 4730 vitam,
2460 4662 2582 4733 quia
2602 4663 2651 4717 in
2670 4663 2776 4718 vita
2805 4673 3004 4720 ceterna
3026 4666 3142 4720 sine
3163 4666 3267 4721 line
3297 4683 3486 4738 regna-

1901 4754 2051 4821 bunt,
2085 4754 2253 4824 magis
2291 4770 2450 4824 quam
2496 4755 2548 4810 in
2580 4756 2658 4811 eis
2686 4772 2830 4812 mors
2863 4758 3228 4828 temporaliter
3265 4770 3319 4814 et
3365 4775 3485 4814 cum

1901 4850 2004 4903 line
2035 4849 2309 4918 regnavit?

1973 4941 2058 4996 18.
2102 4939 2282 5012 Itaque
2305 4943 2430 4996 sicut
2457 4960 2544 5014 per
2565 4944 2714 4999 unius
2767 4944 3003 4999 delictum
3051 4945 3102 4998 in
3128 4962 3298 5000 carnes
3326 4948 3459 5001 hami

1901 5049 1985 5085 nes
2014 5032 2082 5084 ad
2106 5034 2594 5100 condemnationem,
2615 5036 2689 5089 ita
2714 5046 2761 5089 et
2791 5054 2879 5106 per
2899 5038 3050 5090 unius
3065 5039 3486 5107 jnstiﬁcationem

1901 5125 1951 5177 in
1982 5141 2154 5178 onmes
2192 5126 2416 5180 homines
2456 5130 2526 5180 ad
2553 5129 2970 5198 jttstiﬁcationem
3000 5132 3130 5184 citat.
3177 5131 3289 5186 lloc
3333 5132 3489 5186 unius

1899 5218 2173 5282 delictum,
2202 5219 2245 5272 si
2290 5220 2639 5276 imitationem
2667 5221 3046 5286 attendamus,
3097 5239 3202 5278 non
3243 5223 3344 5278 erit
3386 5225 3486 5278 nisi

1900 5309 2114 5362 diaboli.
2157 5309 2260 5365 Sed
2286 5311 2409 5380 quia
2439 5311 2775 5366 manifestum
2804 5323 2905 5380 est,
2951 5313 3018 5369 de
3059 5315 3248 5382 Adam,
3283 5329 3388 5369 non
3421 5316 3486 5370 d0

1899 5400 2112 5454 diabolo
2151 5400 2289 5465 dici;
2324 5412 2483 5457 restat
2526 5403 2899 5475 intelligenda,
2945 5421 3050 5461 non
3091 5406 3350 5471 imitatio,
3391 5405 3485 5460 sed

1903 5492 2208 5562 propagatio
2238 5493 2458 5562 poet-ali.

1970 5582 2196 5638 CAPUT
2236 5583 2459 5637 XlV.—
2487 5583 2650 5639 Nemo
2679 5586 2776 5639 nisi
2805 5585 3034 5640 Christus
3053 5585 3325 5657 iustiﬁcat.
3351 5585 3482 5640 Nam

1964 5685 1977 5714 ⁸
2017 5683 2237 5747 Belgicus
2258 5685 2450 5750 quidam
2474 5693 2576 5745 513.,
2599 5685 2718 5747 loco,
2733 5688 3057 5745 tradurimus,
3079 5688 3306 5749 habebat,
3327 5689 3486 5741 truri-

1900 5759 2020 5792 mus.
2145 5785 2149 5789 .
2167 5769 2175 5775 ·

1966 5809 1982 5871 ἓ
2016 5818 2105 5855 set
2149 5817 2272 5862 \'ss.,
2305 5808 2651 5871 jnsti/irmttnr.

1969 5870 1986 5897 ³
2025 5879 2118 5916 λιιι.
2149 5879 2196 5917 et
2222 5879 2232 5916 Ι
2254 5887 2290 5918 r.
2310 5907 2323 5928 ,
2348 5886 2437 5920 tum
2463 5872 2629 5920 solum.

1967 5931 1981 5959 ‘
2017 5933 2159 5990 Lditi,
2191 5936 2332 5995 quod.
2362 5943 2464 5982 Msa.
2501 5947 2634 5994 vero,
2664 5933 2760 5996 qui.
