4016 6482
505 390 604 446 H9

502 518 557 560 et
583 504 722 576 quod
749 504 824 561 ait
854 505 921 562 de
944 501 1175 570 Christo,
1207 522 1295 576 per
1320 505 1467 558 unius
1487 503 1938 576 justiﬁcationem;
1977 517 2092 555 ma-

501 600 584 668 gis
617 599 718 654 hoc
739 599 1218 670 expressit,.quam
1245 598 1289 650 si
1321 611 1416 667 per
1439 596 1598 650 unius
1635 595 1896 665 justitiam
1939 593 2090 648 dice-

504 701 608 746 ret.
638 689 770 744 Eam
813 688 1462 759 quippejustiiicationem
1492 686 1656 751 dicit,
1697 701 1799 756 qua
1847 684 2092 740 Christus

501 783 760 852 justiﬁcat
799 781 1048 852 impium,
1088 796 1248 852 quam
1279 796 1385 836 non
1415 779 1728 834 imitandam
1777 779 2085 849 proposuit,

504 876 600 932 sed
631 876 777 932 solus
805 875 908 930 hoc
935 882 1133 945 potest.
1159 874 1293 930 Nam
1321 873 1492 944 potuit
1517 872 1806 942 Apostolus
1835 880 1982 925 recte
2010 868 2091 924 di-

502 985 647 1034 cere,
673 968 961 1025 Imitatores
984 971 1080 1024 mei
1102 978 1277 1036 estote,
1315 969 1443 1022 sicut
1473 977 1518 1022 et
1545 983 1639 1038 ego
1659 965 1847 1021 Christi
1873 966 1891 1035 (
1917 965 1938 1019 ι
1967 963 2086 1021 Cor.

508 1078 585 1127 xi,
617 1062 673 1132 1)
700 1079 713 1114 :
746 1077 1014 1133 nunquam
1041 1071 1218 1116 autem
1247 1061 1491 1126 diceret,
1519 1059 1892 1116 Justiﬁcamini
1922 1074 1950 1112 a
1979 1074 2088 1126 me,

503 1157 644 1211 sicut
694 1165 750 1212 et
797 1171 896 1228 ego
944 1171 1062 1212 sum
1105 1155 1424 1226 justiticatus
1472 1170 1504 1208 a
1548 1154 1779 1210 Christo.
1829 1152 2090 1221 Quoniam

503 1255 730 1315 possunt
775 1261 931 1312 esse,
977 1257 1032 1301 et
1081 1256 1224 1313 sunt,
1270 1255 1324 1301 et
1369 1245 1584 1301 fuerunt
1635 1245 1784 1300 multi
1819 1244 1948 1313 justi
1990 1243 2090 1297 ho-

501 1338 677 1392 mines
744 1345 799 1392 et
859 1336 1147 1401 imitandi;
1225 1336 1399 1405 justus
1448 1343 1626 1390 autem
1679 1344 1734 1389 et
1791 1333 2092 1404 justiﬁeans

501 1441 684 1494 nemo,
727 1428 826 1483 nisi
853 1428 1114 1484 Christus.
1166 1426 1316 1482 Unde
1345 1427 1558 1494 dicitur,
1604 1426 1840 1482 Credenti
1882 1427 1937 1480 in
1977 1442 2092 1480 eum

505 1523 592 1590 qui
611 1522 862 1592 justi/icat
889 1522 1120 1591 impium,
1161 1520 1432 1591 deputatur
1454 1521 1582 1590 ﬁdes
1610 1520 1720 1590 ejus
1747 1520 1815 1574 ad
1842 1519 2092 1592 justitiam

506 1613 685 1675 (Rom.
709 1629 783 1682 tv,
806 1614 881 1685 5).
911 1614 1162 1684 Quisquis
1188 1629 1316 1684 ergo
1345 1629 1508 1670 ausus
1537 1614 1693 1669 fuerit
1711 1612 1910 1680 dicere,
1932 1613 2095 1668 Justi-

505 1706 608 1762 tico
635 1715 720 1772 te;
750 1720 1084 1776 consequens
1109 1716 1195 1762 est
1235 1715 1292 1762 ut
1317 1706 1458 1761 dicat
1482 1706 1663 1771 etiam,
1689 1703 1862 1760 Crede
1891 1705 1943 1758 in
1982 1719 2091 1759 me.

507 1797 661 1864 Quod
689 1813 848 1852 nemo
881 1807 1187 1853 sanctorum
1217 1807 1362 1852 recte
1399 1797 1580 1853 dicere
1607 1797 1794 1868 potuit,
1831 1796 1930 1851 nisi
1957 1796 2093 1851 San-

503 1901 624 1946 ctus
665 1899 970 1946 sanctorum
1001 1909 1014 1946 :
1045 1889 1281 1946 Credite‘
1314 1890 1368 1944 in
1397 1889 1584 1954 Deum,
1618 1899 1666 1943 et
1707 1889 1762 1942 in
1805 1905 1884 1941 me
1910 1887 2096 1942 credite

504 1983 525 2051 (
546 1981 704 2036 Joan.
734 1998 846 2048 xlv,
872 1983 926 2053 1)
955 2001 968 2036 :
1007 1992 1064 2038 ut
1089 1983 1210 2054 quia
1240 1983 1353 2052 ipse
1390 1982 1646 2052 justiﬁcat
1681 1982 1925 2052 impium,
1980 1995 2097 2035 cre-

507 2071 658 2126 denti
689 2072 742 2126 in
771 2087 893 2127 eum
936 2074 1024 2142 qui
1058 2073 1315 2143 justiticat
1357 2073 1576 2143 impium
1599 2113 1614 2140 ,
1643 2073 1926 2143 deputetur
1964 2071 2096 2126 ﬁdes

503 2164 570 2219 ad
597 2164 878 2234 justitiam.

576 2256 804 2312 CAPUT
841 2257 957 2312 XV.
985 2289 1050 2298 —
1079 2259 1164 2315 i9.
1194 2258 1474 2328 Conﬁrmat
1503 2275 1566 2315 ea:
1591 2260 1954 2332 propagatione
1981 2275 2096 2330 pec-

508 2359 680 2403 catum
708 2366 834 2416 esse,
879 2353 1306 2423 quemadmodum
1349 2365 1396 2410 et
1435 2355 1687 2426 justitiam
1729 2371 1793 2409 ea:
1833 2370 2097 2425 regenera-

507 2441 661 2494 tioue.
697 2441 961 2506 Quomodo
991 2454 1037 2498 et
1063 2461 1236 2500 omnes
1262 2463 1352 2516 per
1373 2446 1538 2499 Adam
1570 2455 1874 2514 peccatores,
1909 2457 1954 2499 et
1984 2463 2095 2500 om-

507 2548 596 2586 nes
626 2549 715 2603 per
738 2531 992 2588 Christum
1012 2536 1160 2606 justi.
1190 2537 1320 2591 Nam
1349 2537 1393 2592 si
1421 2537 1536 2590 sola
1567 2536 1791 2591 imitatio
1821 2537 1944 2592 facit
1971 2553 2096 2607 pec-

507 2637 719 2682 eatores
746 2642 840 2697 per
869 2628 1060 2695 Adam,
1088 2645 1185 2684 cur
1215 2645 1318 2684 non
1348 2630 1507 2684 etiam
1555 2645 1649 2700 per
1686 2629 1953 2685 Christum
1984 2630 2095 2685 sola

505 2717 734 2774 imitatio
755 2719 928 2790 juslos
955 2720 1118 2776 facit?
1147 2722 1294 2777 Sicut
1322 2723 1475 2787 enim,
1504 2722 1692 2793 inquit,
1722 2737 1811 2792 per
1834 2722 1981 2778 unius
2008 2721 2096 2776 de-

507 2809 685 2865 (ictum
708 2811 761 2865 in
787 2827 958 2866 omnes
983 2813 1208 2868 homines
1232 2813 1300 2867 ad
1325 2813 1808 2881 condemnationem,
1839 2815 1913 2870 sic
1937 2825 1981 2870 et
2011 2834 2099 2887 per

507 2901 662 2964 unius
675 2901 1092 2971 justiﬁcationem
1124 2903 1179 2958 in
1209 2920 1381 2958 omnes
1416 2904 1642 2958 homines
1679 2905 1747 2958 ad
1777 2907 2099 2978 justi/icatio-

512 3007 628 3044 nem
655 2992 788 3046 uiue.
827 2992 1059 3048 Proinde
1089 2994 1196 3061 isti,
1243 3011 1376 3049 unus
1416 3003 1468 3050 et
1512 3011 1676 3060 unus,
1709 3011 1813 3049 non
1849 2996 2016 3051 Adam
2045 3006 2098 3052 et

511 3081 798 3151 Christus,
841 3084 935 3140 sed
979 3085 1150 3141 Adam
1197 3095 1249 3141 et
1299 3087 1434 3143 Abel
1479 3089 1730 3144 consuitui
1775 3088 2094 3144 debuerunt.

509 3172 775 3239 Quoniam
805 3189 924 3230 cum
955 3177 1104 3232 multi
1136 3192 1232 3233 nos
1262 3178 1313 3232 in
1345 3178 1502 3250 hujus
1530 3179 1652 3235 vitae
1680 3189 1919 3250 tempore
1955 3196 2096 3252 pra:-

509 3266 775 3322 cesserint
811 3279 1123 3338 peccatores
1145 3313 1160 3336 ,
1208 3286 1409 3343 eosque
1439 3272 1626 3327 imitati
1659 3273 1852 3329 fuerint
1880 3274 1967 3344 qui
1998 3289 2096 3344 po-

504 3358 738 3413 steriore
789 3365 1033 3429 tempore
1082 3372 1468 3432 peccaverunt;
1532 3364 1652 3420 ideo
1697 3375 1871 3421 tamen
1917 3367 2098 3421 volunt

507 3448 622 3516 isti,
651 3450 861 3505 nonnisi
891 3451 1058 3506 Adam
1086 3453 1308 3520 dictum,
1337 3454 1390 3507 in
1429 3469 1536 3524 quo
1572 3469 1759 3510 omnes
1805 3456 2098 3512 imitatione

510 3547 850 3610 peccaverint
875 3546 917 3609 ³,
945 3545 1065 3614 quia
1105 3546 1315 3614 primus
1359 3546 1635 3602 hominum
1681 3549 1795 3619 ipse
1842 3551 2094 3619 peccavit.

511 3634 593 3688 Ac
621 3649 716 3704 per
742 3635 845 3691 hoc
873 3634 1008 3691 Abel
1037 3635 1138 3690 diei
1165 3635 1368 3702 debuit,
1401 3638 1453 3692 in
1476 3654 1581 3709 quo
1607 3655 1714 3695 uno
1739 3655 1926 3696 omnes
1951 3641 2099 3697 simi-

511 3723 636 3780 liter
659 3725 908 3782 homines
944 3726 1241 3784 imitatione
1273 3729 1651 3798 justiticentur,
1694 3733 1943 3803 quoniam
1984 3733 2098 3804 ipse

509 3817 717 3885 primus
760 3819 1034 3875 hominum
1071 3819 1212 3889 juste
1246 3821 1395 3876 vixit.
1433 3822 1539 3876 Aut
1574 3823 1616 3876 si
1662 3833 1882 3894 propter
1907 3841 2097 3896 quem-

508 3908 631 3963 dam
677 3911 958 3966 articulum
1003 3914 1258 3983 temporis
1283 3913 1349 3970 ad
1377 3913 1510 3970 Novi
1560 3916 1890 3973 Testameuti
1929 3934 2089 3974 exor-

509 4001 658 4058 dium
703 4004 1080 4074 pertinentem,
1109 4005 1352 4062 Christus
1379 4017 1462 4063 est
1489 4009 1694 4079 positus
1733 4019 1949 4080 propter
1977 4011 2096 4065 imi-

508 4093 766 4149 tationem
805 4103 962 4165 caput
986 4096 1288 4166 justorum:
1322 4097 1487 4155 Judas
1516 4101 1632 4170 ejus
1673 4101 1896 4157 traditor
1939 4115 2099 4173 caput

507 4185 637 4256 poni
666 4185 848 4242 debuit
873 4197 1210 4258 peccatorum
1262 4190 1428 4244 Porro
1457 4191 1500 4245 si
1534 4201 1812 4263 propterea
1853 4193 2096 4249 Christus

506 4291 649 4332 unus
677 4279 836 4333 estin
876 4295 980 4350 quo
1008 4295 1196 4336 omnes
1238 4282 1611 4352 justificentur,
1663 4285 1784 4353 quia
1830 4300 1934 4340 non
1983 4286 2094 4341 sola

505 4367 878 4438 ejus—imitatio
900 4371 1071 4440 justos
1096 4372 1239 4439 facit,
1264 4372 1358 4428 sed
1387 4388 1481 4443 per
1507 4375 1748 4444 Spiritum
1771 4391 2096 4447 regenerans

504 4459 675 4530 gratia
712 4477 725 4513 :
767 4470 1047 4532 propterea
1078 4471 1134 4517 et
1171 4463 1340 4518 Adam
1380 4479 1516 4519 unus
1555 4474 1637 4519 est
1674 4465 1725 4519 in
1765 4481 1872 4536 quo
1911 4482 2096 4520 omnes

503 4559 900 4621 peccaverunt,
948 4553 1068 4623 quia
1102 4569 1208 4608 non
1245 4555 1354 4608 sola
1383 4554 1498 4626 ejus
1539 4555 1762 4610 imitatio
1793 4565 2097 4626 peccatores

503 4640 652 4708 facit,
682 4642 774 4698 sed
801 4657 896 4714 per
917 4659 1133 4700 carnem
1159 4659 1424 4715 generans
1469 4660 1643 4715 poena.
1690 4645 1772 4701 Ob
1801 4646 1903 4701 hoc
1935 4647 2094 4702 etiam

504 4731 706 4788 dictum
732 4743 846 4800 est,
887 4751 1058 4790 omnes
1091 4744 1144 4791 et
1173 4753 1362 4791 omnes.
1410 4736 1592 4807 Neque
1629 4738 1770 4791 enim
1812 4738 1900 4806 qui
1929 4752 2094 4808 gene-

503 4837 694 4882 rantur
713 4827 1009 4897 perAdam,
1027 4829 1183 4885 iidem
1199 4829 1297 4900 ipsi
1316 4845 1502 4884 omnes
1525 4845 1619 4900 per
1645 4829 1913 4884 Christum
1944 4845 2096 4900 rege-

502 4928 760 4974 nerantur
790 4937 804 4972 :
828 4920 920 4976 sed
944 4920 1046 4976 hoc
1064 4929 1207 4977 recte
1231 4921 1429 4977 dictum
1456 4931 1558 4986 est,
1581 4923 1703 4993 quia
1732 4923 1870 4977 sicut
1896 4924 2094 4979 nullius

501 5011 734 5066 carnalis
760 5012 1034 5083 generatio
1064 5013 1164 5067 nisi
1197 5029 1290 5082 per
1318 5013 1512 5077 Adam,
1541 5015 1618 5070 sic
1659 5015 1950 5086 spiritualis
1977 5017 2091 5070 nul-

501 5101 607 5157 lius
634 5103 734 5157 nisi
766 5118 860 5173 per
881 5103 1172 5158 Christum.
1203 5104 1336 5160 Nam
1379 5106 1423 5160 si
1462 5106 1624 5176 aliqui
1671 5117 1890 5176 possent
1933 5123 2093 5163 carne

499 5191 750 5260 generari
785 5191 805 5224 ⁸
846 5208 950 5247 non
999 5209 1093 5263 per
1135 5194 1344 5264 Adam,
1395 5205 1448 5252 et
1494 5196 1654 5267 aliqui
1701 5198 1941 5267 generari
1984 5198 2094 5268 spi-

500 5280 608 5334 ritu
659 5295 764 5336 non
810 5298 903 5351 per
947 5283 1251 5350 Christum;
1305 5301 1409 5342 non
1464 5287 1665 5358 liquide
1718 5305 1922 5356 omnes,
1979 5290 2091 5346 sive

501 5372 632 5443 hic,
689 5375 802 5429 sive
847 5377 914 5430 ibi
971 5378 1300 5434 dicerentur.
1374 5381 1604 5436 Eosdem
1667 5392 1842 5438 autem
1903 5398 2090 5438 omnes

500 5474 684 5535 postea
742 5467 935 5522 multos
984 5468 1146 5534 dicit;
1202 5481 1424 5540 possunt
1472 5473 1669 5542 quippe
1718 5475 1768 5528 in
1806 5475 1976 5545 aliqua
2032 5491 2090 5530 re

500 5571 690 5613 omnes
715 5573 835 5614 esse
864 5576 952 5629 qui
986 5561 1136 5630 pauci
1180 5572 1303 5616 sunt
1333 5581 1345 5616 :
1391 5563 1484 5618 sed
1518 5566 1712 5620 multos
1743 5565 1899 5620 habet
1922 5580 2086 5636 gene~

499 5731 511 5742 ο
564 5673 594 5744 Ἀ
618 5674 765 5729 mm.
789 5672 1086 5744 creditisrst
1116 5683 1258 5744 Mss,
1298 5677 1514 5740 credite,
1562 5686 1617 5730 ut
1639 5679 1766 5732 solet
1797 5681 2089 5744 Augustinus

495 5742 632 5793 juxta
658 5749 870 5795 grurcum
886 5770 899 5792 ,
926 5742 1169 5797 pisteuete.

566 5797 585 5857 ξ
621 5806 718 5842 aut.
747 5803 841 5853 Fr,
867 5805 1198 5857 peccaverunt.

565 5856 587 5892 ⁸
618 5862 666 5908 ω
693 5856 1176 5926 θώιίείνεθεηενανὶ.
1216 5869 1260 5911 lu
1288 5869 1414 5926 Mss,
1441 5865 1678 5927 generari.

1106 391 1190 447 DE
1228 387 1684 446 PECCATORUDI
1723 385 2003 442 MERITIS
2042 384 2130 439 ET
2166 383 2586 454 liEMlSSlONE,
2627 387 2684 443 S.
2727 387 3094 447 AUGUSTINI

3674 401 3792 461 {20"

2206 503 2340 554 ratio
2377 501 2638 570 carnalis,
2679 505 2878 562 multos
2923 515 2978 563 et
3009 507 3343 578 spiritualis;
3387 513 3630 582 quamvis
3674 532 3788 573 non

2200 601 2304 646 tam
2350 593 2545 649 multos
2585 595 2700 650 hinc
2735 597 3042 666 spiritualis,
3073 614 3234 670 quam
3277 600 3365 655 illa
3391 602 3644 661 carnalis.
3676 607 3787 662 Ve-

2197 695 2494 742 rumtamen
2515 688 2965 757 quemadmodum
2995 691 3081 746 illa
3104 705 3292 748 omnes
3317 692 3478 750 habet
3496 695 3744 752 homines
3766 737 3784 764 ,

2195 779 2271 834 sic
2299 779 2397 834 ista
2427 795 2613 836 omnes
2630 780 2804 850 justos
2819 780 3063 838 homines
3087 799 3100 835 :
3115 783 3237 854 quia
3253 785 3389 840 sicut
3411 801 3570 843 nemo
3583 798 3782 858 praeter

2196 869 2339 924 illam
2368 869 2552 938 homo,
2575 870 2651 926 sic
2676 886 2835 928 nemo
2862 880 3058 942 praeter
3077 873 3235 928 istam
3275 874 3451 945 justus
3493 876 3656 933 homo
3681 896 3694 933 :
3728 888 3787 935 et

2195 961 2250 1015 in
2285 970 2512 1032 utraque
2540 962 2712 1017 multi.
2740 962 2888 1019 Sicut
2916 963 3047 1018 enim
3077 980 3167 1036 per
3201 965 3587 1022 inobedientiam
3627 969 3781 1024 unius

2197 1053 2413 1108 hominis
2454 1063 2738 1125 peccatores
2772 1055 3030 1110 constituti
3071 1064 3188 1110 sunt
3230 1057 3416 1126 multi,
3442 1058 3515 1113 ita
3544 1077 3634 1131 per
3676 1061 3793 1116 obe~

2197 1144 2436 1198 dientiam
2461 1146 2610 1200 unius
2638 1146 2852 1201 hominis
2859 1146 2988 1218 justi
3014 1147 3380 1202 constituentur
3403 1150 3570 1205 multi.

2267 1235 2357 1292 20.
2399 1236 2505 1292 Lea:
2531 1246 2699 1293 autem
2739 1239 3055 1307 subintravit,
3098 1250 3155 1295 ut
3197 1242 3478 1298 abundaret
3522 1243 3784 1301 delictum.

2199 1329 2312 1383 Hoc
2337 1329 2405 1384 ad
2428 1330 2690 1400 originale
2715 1329 2962 1389 homines
2988 1332 3307 1389 addiderunt
3329 1334 3438 1406 jam
3466 1338 3679 1407 pr0pria
3701 1356 3790 1394 vo-

2198 1421 2421 1489 luntate,
2451 1436 2559 1478 non
2586 1438 2681 1494 per
2705 1423 2876 1480 Adam
2903 1442 2916 1478 :
2946 1425 3042 1481 sed
3073 1425 3176 1482 hoc
3199 1441 3410 1498 quoque
3445 1429 3670 1486 solvitur
3703 1445 3788 1487 sa-

2201 1523 2461 1585 naturque
2486 1531 2581 1586 per
2603 1515 2910 1584 Christum;
2938 1517 3061 1588 quia
3086 1519 3174 1573 ubi
3197 1519 3469 1576 abundauit
3494 1533 3788 1592 peccatum,

2197 1608 2619 1679 superabundavit
2640 1610 2804 1681 gratia
2825 1610 2841 1642 ³
2860 1625 2881 1665 :
2899 1619 2956 1664 ut
2980 1609 3402 1684 quemadmodum
3429 1615 3652 1684 regnavit
3679 1631 3794 1685 pec-

2197 1709 2368 1754 catum
2404 1701 2456 1754 in
2485 1710 2726 1767 mortem,
2757 1701 2918 1757 etiam
2959 1701 3102 1772 quod
3134 1717 3239 1758 non
3283 1718 3350 1759 ex
3394 1702 3567 1760 Adam
3612 1713 3794 1762 traxe-

2198 1800 2324 1846 runt
2361 1791 2623 1860 homines,
2663 1791 2759 1847 sed
2796 1806 2892 1847 sua
2931 1793 3210 1849 voluntate
3246 1793 3600 1861 addiderunt;
3632 1796 3705 1850 sic
3737 1805 3794 1851 et

2199 1882 2362 1953 gratia
2387 1893 2556 1954 regnet
2586 1900 2675 1954 per
2699 1884 2952 1955 justitiam
2992 1885 3046 1939 in
3073 1885 3226 1939 vitam
3250 1893 3510 1940 internum.
3551 1884 3666 1941 Non
3707 1894 3792 1940 ta-

2201 1991 2323 2031 men
2363 1975 2537 2046 aliqua
2580 1976 2784 2046 justitia
2831 1985 3028 2047 prmter
3070 1975 3372 2044 Christum,
3422 1979 3563 2034 sicut
3609 1979 3791 2050 aliqua

2203 2075 2417 2138 peccata
2449 2077 2644 2140 praeter
2671 2069 2863 2124 Adam.
2894 2070 3018 2125 Ideo
3042 2084 3162 2125 cum
3191 2070 3433 2139 dixisset,
3463 2071 3794 2143 quemadmo-

2201 2163 2322 2215 dum
2351 2162 2575 2232 regnavit
2605 2171 2864 2233 peccatum
2885 2163 2940 2217 in
2976 2171 3225 2229 mortem;
3263 2162 3350 2219 hic
3391 2177 3498 2218 non
3542 2163 3788 2229 addidit,

2202 2252 2307 2309 Per
2330 2269 2514 2319 unum,
2545 2263 2656 2321 aut,
2684 2253 2786 2309 Per
2809 2253 2976 2308 Adam
3009 2271 3025 2309 :
3054 2254 3175 2324 quia
3201 2267 3363 2323 supra
3388 2251 3597 2309 dixerat
3623 2254 3788 2308 etiam

2201 2345 2270 2401 de
2296 2354 2517 2416 peccato
2547 2346 2657 2412 illo,
2686 2344 2826 2418 quod
2857 2347 3188 2402 subiutrante
3225 2346 3342 2418 lege
3369 2347 3692 2412 abundavit;
3730 2355 3794 2402 et

2203 2439 2306 2496 hoc
2333 2441 2518 2510 utique
2547 2454 2656 2495 non
2681 2448 2767 2496 est
2793 2440 3030 2510 originis,
3075 2441 3170 2495 sed
3197 2439 3303 2510 jam
3348 2438 3576 2508 propriae
3601 2438 3792 2493 volun-

2203 2533 2344 2589 tatis.
2381 2532 2515 2589 Cum
2553 2541 2732 2589 autem
2777 2532 3030 2597 dixisset,
3072 2532 3144 2586 sic
3191 2541 3238 2588 et
3281 2531 3445 2602 gratia
3486 2539 3657 2602 regnet
3699 2547 3794 2599 per

2193 2626 2451 2697 justitiam
2477 2626 2533 2680 in
2559 2626 2712 2681 vitam
2739 2634 3012 2688 aeternam;
3040 2623 3269 2690 addidit,
3303 2640 3392 2694 per
3417 2623 3593 2678 Jesum
3635 2621 3791 2676 Chri-

2201 2726 2330 2772 stum
2356 2715 2634 2771 Dominum
2655 2724 2886 2771 nostrum
2913 2716 2930 2785 (
2957 2716 3106 2771 Rom.
3134 2731 3186 2780 v,
3221 2714 3366 2769 12-9!
3395 2712 3414 2786 )
3438 2733 3451 2769 ε
3477 2714 3599 2785 quia
3628 2729 3793 2784 gene—

2202 2815 2357 2864 rante
2388 2823 2550 2864 carne
2579 2807 2707 2863 illud
2734 2806 3100 2863 tantummodo
3128 2807 3377 2873 trahitur,
3404 2805 3547 2876 quod
3574 2816 3656 2861 est
3679 2806 3794 2861 ori-

2202 2899 2376 2970 ginale
2412 2906 2684 2970 peceatum
2708 2898 2821 2970 (a);
2853 2906 3202 2968 regenerante
3231 2908 3408 2952 autem
3437 2897 3646 2968 spiritu,
3677 2911 3794 2952 non

2202 2991 2372 3046 solum
2392 2989 2684 3061 originalis,
2705 2989 2798 3044 sed
2819 2989 2978 3047 etiam
3003 2988 3421 3043 voluntariorum
3453 2987 3514 3043 ﬁt
3541 2987 3794 3043 remissio

2203 3090 2540 3152 peccatorum
2551 3122 2563 3134 .

2273 3172 2498 3228 CAPUT
2524 3172 2738 3228 XVI.—-—
2757 3172 2845 3228 21.
2878 3173 3111 3245 Infantes
3137 3188 3237 3226 non
3265 3170 3509 3241 baptizati
3533 3171 3798 3226 lenissime

2201 3257 2423 3330 quidem,
2454 3258 2542 3312 sed
2559 3268 2725 3312 tamen
2747 3259 3072 3312 damnantur.
3101 3255 3264 3312 Poena
3277 3257 3468 3328 peccati
3484 3255 3609 3311 Adw
3623 3257 3799 3327 gratia

2202 3351 2430 3420 corporis
2447 3350 2654 3405 amissa.
2671 3351 2851 3406 Potest
2868 3351 3088 3422 proinde
3101 3359 3249 3406 recte
3261 3350 3365 3405 dici
3375 3392 3389 3416 ,
3411 3349 3658 3421 parvulos
3671 3350 3797 3404 sine

2202 3442 2474 3512 Baptismo
2502 3441 2570 3497 de
2607 3457 2837 3512 corpore
2877 3452 3135 3498 exeuntes
3181 3443 3234 3496 in
3278 3442 3622 3497 damnatione
3664 3456 3794 3495 om-

2205 3534 2654 3604 nium_mitissima
2693 3534 2920 3588 futuros.
2948 3533 3168 3588 Multum
3195 3541 3370 3588 autem
3402 3532 3538 3588 fallit
3563 3540 3618 3588 et
3643 3525 3794 3586 falli-

2203 3635 2310 3693 tur,
2336 3627 2424 3696 qui
2452 3641 2546 3681 eos
2574 3627 2628 3680 iu
2659 3625 3001 3680 damnatione
3030 3623 3281 3694 praedicat
3309 3639 3414 3678 non
3445 3622 3671 3689 futuros,
3702 3622 3798 3677 di-

2201 3728 2360 3774 cente
2389 3719 2671 3790 Apostolo,
2699 3717 2732 3770 .1
2740 3718 2961 3771 udicium
2989 3734 3052 3770 ea:
3075 3734 3174 3771 uno
3193 3717 3374 3771 delicto
3402 3718 3454 3770 in
3479 3717 3796 3770 condemna-

2205 3813 2428 3875 tionem;
2465 3818 2520 3865 et
2556 3809 2717 3880 paulo
2754 3816 2893 3880 post,
2927 3806 3030 3861 Per
3065 3810 3216 3862 unius
3256 3808 3491 3862 delictum
3527 3808 3579 3861 in
3615 3823 3801 3862 omnes

2203 3904 2428 3960 homines
2469 3902 2538 3957 ad
2565 3902 3048 3957 condemnationem.
3097 3899 3318 3969 Quando
3369 3915 3497 3971 ergo
3548 3901 3803 3970 peccavit

2201 3995 2372 4052 Adam
2400 4009 2507 4049 non
2537 3993 2792 4048 obediens
2825 3993 2964 4057 Deo,
2999 4001 3123 4047 tunc
3149 3991 3265 4062 ejus
3298 4006 3512 4061 corpus,
3544 3992 3800 4061 quamvis

2201 4096 2344 4142 esset
2365 4085 2594 4140 animale
2617 4099 2679 4139 ac
2712 4084 2958 4149 mortale,
2987 4083 3208 4154 gratiam
3245 4082 3492 4153 perdidit,
3529 4097 3633 4153 qua
3667 4083 3799 4152 ejus

2200 4178 2390 4232 animae
2401 4176 2623 4232 omniex
2636 4184 2780 4247 parte
2793 4175 3074 4232 obediebat
3090 4193 3104 4241 ;
3121 4184 3247 4230 tunc
3259 4175 3345 4230 ille
3365 4174 3568 4229 exstitit
3587 4173 3758 4228 bestia
3771 4207 3800 4216 -

2203 4272 2266 4326 lis
2291 4280 2466 4326 motus
2493 4269 2772 4341 pudendus
2805 4267 3132 4335 hominibus,
3172 4283 3328 4338 quem
3355 4268 3408 4322 in
3435 4283 3528 4322 sua
3573 4267 3804 4324 erubuit

2200 4363 2457 4419 nuditate.
2486 4361 2636 4418 Tunc
2660 4361 2818 4416 etiam
2848 4359 3036 4416 morbo
3057 4361 3284 4430 quodam
3315 4375 3379 4414 ex
3412 4359 3692 4430 repentina
3736 4372 3804 4416 ct

2203 4454 2448 4522 pestifera
2460 4453 2799 4522 corruptione
2823 4459 3081 4522 concepto
3098 4451 3356 4507 factumin
3372 4451 3472 4506 illis
3488 4461 3590 4518 est,
3616 4460 3670 4508 ut
3704 4451 3800 4506 illa

2202 4545 2254 4599 in
2293 4560 2395 4614 qua
2425 4544 2589 4600 creati
2620 4551 2744 4599 sunt
2767 4543 3052 4599 stabilitate
3082 4543 3254 4598 relatis
3282 4543 3494 4608 amissa,
3530 4559 3628 4614 per
3673 4560 3802 4599 mu-

2202 4636 2487 4690 tabilitates
2512 4644 2728 4689 natatum
2750 4633 2888 4689 irent
2923 4633 2978 4688 in
3003 4642 3250 4690 mortem.
3273 4633 3525 4702 Quamvis
3544 4650 3674 4705 ergo
3696 4650 3805 4688 au—

2202 4745 2300 4783 nos
2325 4728 2523 4782 multos
2551 4736 2736 4798 postea
2761 4726 3019 4794 vixerint,
3052 4727 3146 4783 illo
3177 4736 3354 4784 tamen
3382 4727 3469 4783 die
3498 4728 3633 4783 mori
3675 4743 3805 4784 ca:-

2203 4829 2412 4890 peruut,
2442 4834 2549 4890 quo
2578 4819 2765 4874 mortis
2791 4818 2960 4889 legem
2979 4861 2994 4886 ,
3025 4835 3127 4890 qua
3159 4820 3211 4874 in
3251 4820 3458 4874 seniqu
3488 4828 3805 4876 veterasceo

2202 4925 2341 4980 rent,
2373 4921 2719 4984 acceperunt.
2751 4912 2865 4966 Non
2897 4913 3040 4968 enim
3087 4921 3192 4967 stat
3234 4912 3318 4967 vel
3368 4912 3622 4981 temporis
3653 4929 3804 4982 puu-

2199 5018 2306 5075 cto,
2335 5007 2427 5063 sed
2455 5006 2572 5062 sine
2606 5006 2999 5061 intermissione
3030 5006 3242 5072 labitur,
3271 5005 3488 5076 quiquid
3533 5006 3801 5064 continua

2263 5124 2276 5154 ι
2315 5121 2435 5170 Editi
2454 5155 2469 5179 ,
2505 5117 2914 5184 superabundavit
2931 5124 2976 5168 et
2997 5116 3172 5184 gratia.
3197 5116 3458 5179 Particula,
3492 5125 3566 5179 et,
3596 5118 3742 5168 abest
3771 5135 3810 5170 ει

2197 5172 2538 5246 manuscriptis
2558 5172 2609 5246 et
2626 5194 2652 5246 a
2676 5194 2839 5246 grazco
2851 5172 3069 5246 ispost'oli
3081 5216 3093 5228 .

2259 5245 2331 5307 (α)
2366 5251 2413 5292 in
2437 5241 2702 5294 Enchiridio
2726 5241 3020 5307 multisjpost
3041 5243 3178 5307 annis
3198 5241 3328 5307 edito
3350 5242 3541 5304 scripsit
3567 5246 3810 5302 Augusti-

2198 5304 2379 5367 nus,’n.
2403 5307 2478 5365 15,
2503 5320 2596 5355 non
2621 5304 3000 5368 improbabiliter
3031 5305 3140 5363 dici,
3162 5304 3387 5368 parvulos
3417 5310 3672 5368 parentum
3697 5319 3807 5356 non

2197 5369 2351 5420 solum
2371 5370 2650 5430 primorum,
2667 5367 2756 5417 sed
2777 5369 2922 5418 etiam
2937 5379 3132 5415 suorum
3153 5367 3217 5415 de
3233 5368 3412 5430 quibus
3433 5367 3524 5427 ipsi
3540 5367 3807 5430 natisuut,

2198 5428 2408 5493 peccatis
2429 5430 2649 5492 obligari,
2677 5443 2861 5493 eosque
2903 5435 3014 5477 ante
3039 5428 3465 5493 regenerationem}
3499 5428 3676 5493 teneri
3709 5428 3806 5479 illa

2195 5487 2356 5542 divina
2373 5487 2643 5550 sententia,
2656 5487 2869 5540 Reddam
2887 5495 3081 5553 peccata
3103 5487 3295 5552 patrum
3318 5488 3369 5539 in
3391 5487 3533 5553 ﬁlios.
3560 5489 3806 5553 Magister

2195 5561 2434 5613 Sentent.,
2461 5553 2545 5601 lib.
2565 5553 2613 5611 2,
2637 5566 2742 5613 cap.
2768 5553 2848 5610 35,
2875 5551 3089 5601 Ostendit
3123 5551 3440 5613 Augustinum
3479 5551 3582 5613 haec
3597 5551 3806 5603 dixisse

2198 5567 2434 5613 sentem,
2461 5567 2545 5601 nu.
2565 5567 2613 5611 τι,
2637 5567 2690 5602 ea
2732 5589 2742 5600 .
2768 5567 2848 5610 oo,
2875 5567 3089 5601 oswuou
3123 5567 3440 5612 Attgusunum
3479 5567 3582 5599 uuae
3597 5567 3806 5603 antisse

2198 5631 2292 5666 non
2316 5614 2599 5674 asserendo,
2625 5567 2725 5663 sed)
2740 5614 3041 5663 diversorum
3065 5612 3318 5674 opiniones
3338 5611 3629 5674 referendo._
3657 5614 3808 5674 Dixit,

2195 5692 2313 5729 sane
2337 5691 2396 5726 ea
2410 5672 2651 5740 regula'et
2665 5675 3016 5740 moderatione,
3035 5672 3176 5740 quam
3195 5675 3379 5724 servari
3393 5675 3536 5740 jussit
3555 5674 3602 5722 in
3617 5672 3808 5740 li_bro_6

2194 5743 2258 5790 de
2280 5734 2534 5788 Genesiad
2573 5740 2815 5796 Litteram,
2852 5750 2900 5784 n.
2945 5735 3020 5795 14,
3054 5734 3280 5784 nimirum
3319 5754 3342 5784 ι
3373 5734 3429 5786 ut
3465 5737 3516 5784 in
3551 5734 3802 5797 profundo

2206 5823 2226 5847 (ι
2251 5803 2504 5865 scriptura:
2525 5813 2676 5865 sensu
2699 5799 2852 5861 magis
2864 5805 3125 5865 praestaret
3147 5797 3450 5862 diligentiam
3483 5798 3795 5865 inquirendi,

2208 5884 2228 5911 α
2250 5861 2392 5928 quam
2415 5861 2675 5914 afﬁrmandi
2700 5863 3040 5913 temeritatem.
3066 5875 3089 5906 ι
