4016 6488
529 384 633 440 125

526 512 664 567 opus
687 495 854 562 sanis,
872 494 967 551 sed
989 493 1390 566 aegrotantibus,
1411 506 1512 547 nec
1533 490 1680 549 venit
1702 503 1894 547 vocare
1916 488 2113 560 justus,

525 586 623 643 sed
671 596 977 659 peccatores
1022 586 1075 641 in
1122 583 1509 654 ptenitentiam.
1559 581 1629 638 Et
1674 581 1796 638 ideo
1837 579 1963 652 quia
2004 594 2117 635 suae

526 681 649 733 vita:
675 678 902 750 propriae
928 675 1158 748 peccatis
1185 675 1347 731 nullis
1383 675 1558 731 adhuc
1597 683 1849 732 tenentur
1876 672 2111 739 obnoxii,

527 772 800 842 originalis
839 771 891 826 in
919 770 996 827 eis
1035 770 1294 842 aegritudo
1317 778 1535 825 sanatur
1576 769 1630 824 in
1660 769 1776 840 ejus
1813 766 1984 840 gratia
2024 766 2115 839 qui

526 864 706 919 salvos
732 862 857 918 facit
881 877 977 934 per
1021 862 1287 918 lavacrum
1314 861 1755 934 regenerationis.

594 954 686 1009 25.
727 953 878 1010 Dicet
921 954 1113 1025 aliquis
1143 971 1158 1011 :
1186 952 1466 1023 Quomodo
1492 967 1622 1025 ergo
1647 960 1705 1008 et
1730 951 1832 1022 ipsi
1858 958 2118 1006 vocantur

523 1045 578 1099 in
624 1044 1034 1115 paenitentiam?
1071 1045 1337 1118 Numquid
1378 1044 1617 1101 tantillos
1648 1045 1666 1077 ⁸
1696 1049 1876 1116 potest
1916 1038 2116 1113 aliquid

526 1136 830 1205 poenitere?
868 1136 1004 1193 Huic
1028 1137 1419 1209 respondetur:
1444 1135 1501 1192 Si
1533 1142 1814 1208 propterea
1842 1132 2113 1205 paeniten-

523 1237 607 1285 tes
655 1227 868 1285 dicendi
915 1244 1021 1284 non
1067 1237 1214 1296 sunt,
1246 1228 1368 1301 quia
1412 1242 1630 1284 sensum
1673 1225 1965 1297 pmnitendi
2008 1238 2116 1280 non

527 1318 795 1387 habent’,
825 1335 927 1388 nec
956 1320 1138 1377 ﬁdeles
1161 1320 1373 1375 dicendi
1397 1326 1540 1387 sunt,
1571 1318 1696 1388 quia
1719 1316 1965 1374 similiter
1988 1329 2115 1372 sen-

527 1426 647 1468 sum
693 1387 945 1468 credendi
995 1410 1231 1467 nondum
1274 1411 1493 1466 habent.
1535 1387 1602 1465 Si
1624 1416 1803 1464 autem
1833 1416 2115 1478 propterea

522 1513 671 1559 recte
700 1502 883 1559 ﬁdeles
907 1510 1186 1569 vocantur,
1219 1503 1471 1575 quoniam
1514 1500 1674 1558 ﬁdem
1705 1516 1803 1572 per
1827 1499 1988 1555 verba
2014 1513 2111 1569 ge-

522 1595 777 1651 stantium
819 1594 1051 1667 quodam
1078 1594 1241 1651 modo
1286 1594 1642 1667 proﬁtentur;
1671 1608 1769 1649 cur
1816 1607 1922 1647 non
1968 1590 2116 1661 prius

521 1690 685 1746 etiam
711 1690 1033 1761 ptenitentcs
1053 1689 1337 1757 habentur,
1361 1702 1480 1744 cum
1506 1703 1606 1758 per
1619 1685 1935 1744 eorumdem
1949 1682 2115 1743 verba

519 1780 842 1850 gestantium
886 1779 1101 1836 diabolo
1129 1788 1186 1836 et
1213 1779 1337 1835 huic
1380 1778 1579 1834 smculo
1623 1778 1933 1834 renuntiare
1960 1790 2116 1833 mon-

519 1870 801 1925 strantur?
839 1870 1032 1926 Totum
1083 1870 1186 1926 hoc
1227 1870 1281 1925 in
1326 1885 1423 1941 spe
1481 1869 1542 1925 ﬁt
1584 1871 1639 1925 vi
1690 1867 2018 1925 Sacramenti
2062 1876 2117 1924 et

522 1960 719 2018 divinae
744 1963 946 2035 gratiae,
975 1979 1137 2037 quam
1164 1964 1423 2020 Dominus
1448 1963 1668 2019 donavit
1693 1964 1969 2020 Ecclesiae.
1998 1962 2116 2020 Cae-

519 2063 694 2110 terum
736 2054 856 2126 quis
896 2057 1105 2127 ignorat
1148 2056 1291 2127 quod
1323 2056 1619 2128 baptizatus
1649 2057 1922 2128 parvulus,
1969 2058 2017 2114 si
2045 2058 2113 2114 ad

519 2144 809 2201 rationales
837 2161 1009 2203 annos
1048 2148 1273 2203 veniens
1307 2163 1416 2203 non
1460 2147 1771 2216 crediderit,
1820 2163 1922 2205 nec
1961 2164 2021 2205 se
2047 2149 2116 2205 ab

518 2233 719 2291 illicitis
760 2237 1209 2307 concupiscentiis
1252 2237 1592 2305 abstinuerit,
1641 2238 1775 2293 nihil
1800 2237 1851 2294 ei
1875 2236 2115 2309 proderit

518 2326 663 2401 quod
703 2343 898 2398 parvus
935 2330 1187 2401 accepit?
1222 2329 1607 2388 Verumtamen
1647 2331 1693 2387 si
1721 2339 1979 2403 percepto
2006 2332 2114 2387 Ba-

517 2420 769 2491 ptismate
815 2421 884 2478 de
913 2423 1014 2478 hac
1058 2423 1167 2480 vita
1207 2424 1570 2495 emigraverit,
1615 2424 1792 2481 soluto
1838 2433 1993 2481 reatu
2028 2424 2112 2481 cui

518 2510 852 2582 originaliter
874 2523 989 2568 erat
1028 2512 1311 2580 obnoxius,
1350 2514 1658 2585 perﬁcietur
1680 2516 1736 2572 in
1778 2516 1872 2572 illo
1912 2516 2115 2572 lumine

517 2602 780 2670 veritatis,
805 2603 944 2674 quod
972 2604 1479 2663 incommutabiliter
1500 2622 1726 2665 manens
1744 2608 1798 2665 in
1824 2617 2111 2678 aeternum,

511 2690 832 2762 justiﬁcatos
896 2695 1179 2765 praesentia
1229 2694 1503 2753 Creatoris
1545 2697 1829 2756 illuminat.
1887 2699 2113 2757 Peccata

516 2784 663 2840 enim
691 2785 804 2842 sola
829 2794 1079 2858 separant
1102 2787 1243 2844 inter
1266 2787 1510 2847 homines
1538 2797 1592 2846 et
1616 2790 1809 2861 Deum,
1851 2807 1973 2863 quae
1998 2792 2113 2848 sol-

515 2886 716 2933 vuntur
738 2876 934 2934 Christi
960 2880 1153 2951 gratia,
1182 2895 1280 2951 per
1306 2896 1467 2952 quem
1491 2882 1840 2941 mediamrem
1864 2884 2113 2942 reconci-

515 2967 731 3036 liamur,
762 2985 884 3025 cum
909 2970 1167 3042 justiﬁcat
1193 2972 1435 3044 impium.

597 3061 822 3118 CAPUT
858 3062 981 3118 XX.
1008 3094 1082 3105 —
1120 3063 1212 3121 26.
1253 3064 1335 3120 Ad
1359 3083 1585 3123 mensam
1611 3066 1823 3125 Domini
1846 3086 1991 3126 nemo
2018 3071 2115 3127 rite

522 3151 623 3206 nisi
648 3151 930 3225 baptizatus
961 3156 1172 3211 accedit.
1205 3155 1499 3214 Terrentur
1526 3167 1703 3216 autem
1733 3160 1821 3216 isti
1848 3162 2112 3219 sententia

520 3244 729 3301 Domini
743 3245 989 3316 dicentis,
1009 3246 1129 3304 Nisi
1147 3250 1259 3322 quis
1275 3259 1423 3307 natus
1438 3252 1591 3322 fuerit
1605 3251 1793 3319 denuo,
1818 3270 1920 3309 non
1932 3254 2114 3311 videbit

518 3352 730 3408 regnum
752 3338 870 3394 Dei.
911 3340 1063 3409 Quod
1082 3356 1201 3398 cum
1226 3352 1539 3413 exponeret,
1568 3346 1662 3412 ait,
1695 3345 1814 3403 Nisi
1835 3349 1946 3418 quis
1966 3366 2115 3405 rena-

506 3422 600 3483 tus
647 3431 800 3501 fuerit
826 3448 890 3488 ea:
914 3449 1047 3505 aqua
1091 3443 1138 3489 et
1166 3434 1385 3507 Spiritu,
1430 3455 1532 3493 non
1576 3438 1783 3495 intrabit
1807 3440 1862 3496 in
1904 3459 2115 3516 regnum

518 3520 758 3577 caelorum
785 3521 966 3594 (Joan.
998 3540 1077 3592 Ill,
1100 3526 1154 3593 3,
1187 3527 1266 3597 5).
1308 3529 1374 3584 Et
1401 3538 1681 3600 pr0pterea
1702 3540 1966 3589 conantur
1988 3549 2113 3606 par-

516 3612 656 3668 vulis
698 3629 804 3670 non
855 3615 1131 3687 baptizatis
1174 3618 1493 3677 innocentia:
1535 3623 1728 3679 merito
1779 3625 2006 3683 salutem
2048 3643 2113 3685 ac

518 3705 681 3760 vitam
706 3715 961 3763 aeternam
988 3709 1251 3779 tribuere;
1283 3713 1379 3770 sed
1408 3715 1530 3786 quia
1555 3715 1804 3787 baptizati
1837 3734 1945 3775 non
1964 3730 2108 3791 sunt,

516 3809 614 3851 eos
637 3810 669 3850 a
699 3811 866 3868 regno
892 3798 1150 3855 caelorum
1198 3799 1379 3859 facere
1424 3805 1629 3861 alienos
1661 3822 1677 3861 :
1703 3822 1839 3863 nova
1882 3809 2112 3879 quadam

516 3897 574 3943 et
597 3888 823 3945 mirabili
851 3893 1289 3965 praesumptione,
1333 3896 1485 3965 quasi
1514 3897 1659 3954 salus
1682 3914 1747 3956 ac
1773 3909 1974 3957 aeterna
2004 3903 2111 3959 vita

520 3982 691 4053 possit
725 3997 845 4040 esse
889 3994 1084 4056 praeter
1116 3986 1312 4043 Christi
1359 3989 1744 4059 haereditatem,
1783 4002 1981 4063 printer
2021 4011 2111 4052 re-

520 4088 686 4145 gnum
731 4075 1011 4131 caelorum.
1052 4077 1262 4134 Habent
1287 4080 1432 4135 enim
1478 4080 1727 4138 videlicet
1771 4099 1879 4154 quo
1924 4085 2114 4141 confu-

516 4164 685 4235 giant,
713 4175 873 4237 atque
908 4167 999 4224 ubi
1037 4167 1373 4238 delitescant,
1416 4171 1537 4242 quia
1582 4187 1688 4228 non
1717 4173 1793 4230 ait
1820 4175 2107 4246 Dominus,

521 4256 585 4311 Si
607 4258 719 4329 quis
750 4276 853 4315 non
878 4270 1083 4316 renatus
1106 4263 1262 4337 fuerit
1288 4280 1352 4318 ea:
1388 4280 1522 4335 aqua
1545 4274 1593 4321 et
1622 4265 1842 4339 Spiritu,
1879 4285 1986 4325 non
2012 4271 2110 4326 ha-

518 4348 668 4406 bebit
692 4351 894 4419 vitam;
946 4352 1042 4410 sed
1070 4355 1165 4423 ait,
1213 4372 1316 4411 non
1358 4357 1565 4413 intrabit
1604 4360 1659 4416 in
1701 4377 1912 4433 regnum
1939 4363 2038 4420 Dei
2066 4365 2108 4421 ³.

517 4439 650 4498 Nam
682 4442 728 4499 si
753 4443 885 4500 illud
912 4442 1156 4514 dixisset,
1186 4446 1330 4503 nulla
1355 4447 1481 4505 hinc
1506 4449 1766 4507 dubitatio
1791 4464 1972 4524 posset
2009 4456 2110 4512 ob—

516 4536 671 4592 oriri.
710 4536 997 4595 Auieratur
1036 4554 1165 4610 ergo
1207 4540 1466 4597 dubitatio
1506 4542 1657 4614 :jam
1706 4545 1991 4603 Dominum
2015 4564 2112 4606 au-

516 4626 748 4695 diamus,
783 4643 889 4685 non
927 4629 1260 4699 suspiciones
1295 4631 1734 4705 conjecturasque
1764 4638 2104 4708 mortalium;

519 4717 803 4773 Dominum
850 4718 1147 4786 audiamus,
1195 4720 1433 4792 inquam,
1480 4737 1587 4779 non
1637 4724 1852 4794 quidem
1899 4727 2003 4784 hoc
2040 4730 2108 4787 de

519 4806 868 4865 Sacramento
917 4808 1160 4865 lavacri‘
1195 4809 1483 4880 dicentem,
1529 4815 1624 4870 sed
1651 4814 1719 4870 dc
1760 4815 2109 4878 Sacramenta

519 4907 721 4956 sancta:
746 4901 768 4933 ⁵
793 4915 995 4956 mensae
1037 4916 1169 4971 suae,
1216 4918 1321 4973 quo
1348 4919 1506 4960 nemo
1542 4905 1644 4962 rite
1672 4907 1776 4963 nisi
1812 4908 2108 4980 baptizatus

516 4990 724 5047 accedit
754 5007 768 5045 :
802 4990 923 5046 Nisi
945 4992 1365 5050 manducaveritis
1385 5011 1584 5050 carnem
1610 5014 1795 5069 meam,
1822 5010 1869 5055 et
1889 5002 2108 5060 biberitis

515 5083 814 5156 sanguinem
839 5100 1026 5151 meum,
1057 5103 1159 5141 non
1205 5086 1446 5142 habebitis
1482 5089 1634 5144 vitam
1675 5092 1729 5145 in
1770 5091 1924 5148 vobis.
1968 5095 2103 5163 Quid

520 5172 658 5229 ultra
686 5174 1022 5245 quaerimus?
1057 5176 1195 5246 Quid
1221 5176 1289 5233 ad
1316 5177 1417 5234 hoc
1443 5180 1759 5251 responderi
1780 5193 1976 5254 potest,
2002 5187 2104 5243 nisi

514 5264 809 5338 pertinacia
863 5282 1133 5338 pugnaces
1191 5285 1386 5326 nervos
1444 5271 1701 5330 adversus
1750 5277 2101 5334 constantiam

513 5361 811 5432 perspicua:
839 5362 1078 5419 veritatis
1118 5364 1391 5422 intendat?

577 5507 596 5578 ξ
720 5509 971 5578 Yaucanus
990 5509 1167 5578 codex.
1196 5509 1279 5563 Alii
1305 5525 1422 5563 vero
1443 5526 1553 5563 cum
1573 5516 1784 5578 excusis,
1808 5515 2036 5569 tantillus.

575 5572 601 5652 ξ
631 5570 765 5652 ξόίιὶ,
789 5571 1001 5643 nondum
1016 5570 1206 5652 habent.
1233 5580 1435 5652 aitgatssq
1455 5589 1550 5626 non
1912 5647 1917 5652 ἠ
1955 5642 1966 5652 ⁸

582 5632 602 5663 ³
629 5637 769 5701 _Lov.,_
787 5631 840 5701 in
864 5646 1065 5701 regnum
1087 5634 1336 5685 cartorum.
1359 5631 1462 5701 μὴ.
1492 5652 1626 5701 vero,
1648 5646 1723 5689 Er.
1746 5647 1799 5691 et
1818 5642 1967 5691 nostri
1992 5649 2095 5695 MSS.

510 5691 604 5772 hoc
629 5692 735 5772 loco
752 5691 1031 5772 ’habeninin
1049 5710 1262 5772 regnum.
1283 5697 1385 5772 get“.
1613 5691 1624 5701 '
1685 5762 1713 5772 ﬂ

579 5758 601 5786 δ
634 5762 765 5815 ιον..
789 5758 943 5825 sancti
966 5758 1183 5821 lavacri;
1207 5760 1365 5821 addita
1390 5774 1536 5821 voce,
1560 5762 1729 5825 sancti,
1759 5776 1819 5814 ex
1855 5778 1952 5815 uno
1991 5774 2096 5818 tan-

510 5824 616 5883 tum
638 5822 973 5883 manuscriptn.
1718 5822 1725 5825 ⁷
1932 5834 1935 5837 ’

574 5881 596 5947 ξ
629 5881 995 5945 Lygirannensis
1013 5884 1169 5935 codex
1196 5884 1387 5947 omittit,
1413 5891 1604 5937 summa

1166 380 1254 435 DE
1285 374 1747 435 PECCATORUM
1775 372 2056 431 MERITIS
2093 372 2182 428 ET
2225 372 2654 446 REMISSIONE,
2696 377 2753 435 S.
2793 378 3163 437 AUGUSTINI

3703 392 3808 450 126

2292 486 2387 540 27.
2428 488 2512 543 An
2545 504 2674 546 vero
2714 492 2992 564 quisquam
3018 494 3178 550 etiam
3210 494 3314 551 hoc
3339 496 3515 556 dicere
3557 503 3818 575 audebit,

2220 577 2361 649 quod
2385 579 2453 635 ad
2481 581 2732 651 parvulos
2776 583 2892 640 haec
2918 586 3186 642 sententia
3214 602 3323 644 non
3360 593 3644 662 pertineat,
3696 613 3821 669 pos-

2220 674 2434 747 sintque
2474 677 2593 734 sine
2631 680 3036 751 participatione
3060 686 3304 756 corporis
3331 687 3494 761 hujus
3517 702 3573 747 et
3601 697 3820 766 sangui-

2222 765 2305 821 nis
2347 768 2400 820 in
2426 781 2486 823 se
2532 766 2732 826 habere
2773 771 2936 828 vitam
2967 771 3043 846 (α)
3077 793 3091 829 :
3122 776 3247 846 quia
3287 793 3393 835 non
3422 781 3517 849 ait,
3565 782 3665 852 Qui
3705 765 3817 842 non

2222 856 2638 925 manducaverit,
2682 860 2825 918 sicut
2865 862 2935 919 de
2978 864 3271 936 Baptismo,
3319 869 3419 936 Qui
3462 888 3568 927 non
3609 885 3821 931 renatus

2221 951 2374 1021 fuerit
2397 967 2418 1018 ;
2445 950 2542 1008 sed
2582 953 2675 1021 ait,
2700 953 2764 1010 Si
2788 972 2891 1011 non
2916 957 3356 1030 manducaveritis,
3384 964 3534 1020 velut
3560 980 3655 1022 eos
3681 967 3821 1024 allo-

2221 1055 2391 1113 quens
2412 1043 2505 1114 qui
2541 1044 2727 1101 audire
2763 1054 2818 1102 et
2845 1048 3144 1122 intelligere
3166 1060 3431 1123 poterant,
3462 1056 3603 1127 quod
3628 1058 3819 1131 utique

2220 1149 2328 1191 non
2356 1137 2539 1193 valent
2565 1140 2812 1210 parvuli?
2852 1141 2960 1201 Sed
2988 1145 3080 1215 qui
3121 1145 3227 1203 hoc
3252 1146 3401 1216 dicit,
3446 1164 3555 1206 non
3582 1153 3820 1211 attendit

2220 1227 2344 1298 quia
2359 1228 2462 1284 nisi
2476 1243 2665 1288 omnes
2681 1230 2782 1289 ista
2797 1238 3062 1294 sententia
3077 1246 3275 1305 teneat,
3300 1249 3358 1297 ut
3375 1242 3492 1299 sine
3503 1259 3731 1316 corpore
3758 1258 3820 1305 et

2220 1319 2477 1390 sanguine
2517 1320 2640 1379 Filii
2675 1323 2910 1382 hominis
2948 1327 3114 1384 vitam
3162 1329 3366 1390 habere
3405 1349 3516 1392 non
3559 1339 3772 1409 possint
3798 1382 3817 1408 ,

2220 1406 2415 1466 frustra
2443 1412 2603 1470 etiam
2641 1424 2773 1472 tetas
2812 1418 2990 1490 major
3033 1419 3087 1477 id
3130 1433 3304 1479 curat.
3343 1425 3528 1485 Potest
3559 1406 3735 1500 enim,
3771 1406 3823 1490 si

2221 1515 2328 1557 non
2376 1502 2720 1575 voluntatem,
2768 1508 2866 1565 sed
2908 1511 3069 1568 verba
3109 1513 3381 1584 loquentis
3423 1521 3690 1591 attendas,
3733 1524 3821 1582 eis

2220 1592 2350 1649 solis
2376 1594 2550 1652 videri
2575 1597 2796 1665 dictum,
2818 1602 3012 1672 quibus
3036 1612 3163 1661 tunc
3188 1606 3447 1667 Dominus
3467 1611 3811 1683 loquebatur:

2220 1683 2343 1754 quia
2384 1699 2493 1742 non
2539 1687 2633 1755 ait,
2687 1691 2789 1755 Qui
2834 1707 2943 1748 non
2978 1695 3417 1768 manducaverit;
3461 1702 3578 1772 sed,
3625 1705 3690 1762 Si
3715 1724 3824 1764 non

2219 1776 2659 1835 manducaveritis.
2700 1780 2771 1838 Et
2813 1783 2904 1840 ubi
2944 1794 3028 1842 est
3059 1788 3203 1859 quod
3228 1790 3420 1847 eodem
3451 1793 3570 1851 loco
3610 1796 3678 1854 de
3714 1805 3824 1855 hac

2220 1869 2332 1939 ipsa
2360 1885 2421 1927 re
2457 1872 2551 1940 ait,
2583 1871 2746 1930 Panis
2779 1892 2928 1959 quem
2962 1894 3053 1951 ego
3096 1879 3305 1950 dedero,
3335 1900 3455 1941 caro
3487 1902 3599 1942 mea
3625 1898 3698 1945 est
3720 1909 3823 1963 pro

2223 1959 2397 2015 saeculi
2434 1961 2536 2016 vita
2575 1961 2753 2036 (Joan.
2789 1958 2869 2036 vt,
2894 1968 2984 2036 54,
3018 1968 3156 2043 52)?
3193 1970 3501 2030 Secundum
3526 1976 3630 2035 hoc
3669 1958 3821 2037 enim

2220 2048 2384 2105 etiam
2423 2050 2491 2107 ad
2518 2068 2617 2109 nos
2654 2056 2920 2125 pertinere
2957 2059 3090 2116 illud
3117 2060 3527 2123 Sacramentum
3558 2069 3820 2144 intelligi-

2219 2155 2361 2210 mus,
2405 2143 2498 2214 qui
2526 2152 2653 2203 tunc
2679 2148 2917 2206 nondum
2958 2149 3159 2211 fuimus
3186 2157 3404 2227 quando
3434 2159 3534 2217 ista
3561 2143 3815 2230 dicebat;

2219 2233 2342 2307 quia
2368 2234 2387 2267 ⁸
2417 2249 2522 2291 non
2549 2252 2832 2308 possumus
2858 2241 3043 2301 dicere
3067 2246 3136 2302 ad
3155 2250 3411 2307 saeculum
3437 2268 3535 2309 nos
3559 2269 3666 2311 non
3688 2272 3818 2327 per-

2222 2326 2410 2394 tinere,
2449 2342 2546 2399 pro
2586 2329 2739 2401 cujus
2780 2332 2890 2389 vita
2928 2334 3175 2393 Christus
3202 2355 3355 2397 suam
3396 2357 3614 2401 carnem
3641 2326 3815 2404 dedit.

2219 2417 2349 2487 Quis
2392 2429 2572 2477 autem
2601 2423 2836 2496 ambigat
2862 2430 3045 2484 seaculi
3074 2432 3292 2489 nomine
3321 2433 3567 2494 homines
3604 2438 3818 2511 signiﬁ-

2218 2518 2368 2566 eatos
2393 2525 2535 2581 esse,
2565 2514 2654 2585 qui
2698 2518 2970 2573 nascendo
3011 2520 3065 2576 in
3105 2521 3208 2580 hoc
3252 2527 3507 2583 smculum
3554 2532 3821 2588 veniunt?

2217 2601 2373 2672 Nam,
2411 2603 2551 2661 sicut
2593 2607 2719 2664 alibi
2760 2609 2856 2678 ait,
2904 2610 3033 2668 Filii
3075 2616 3249 2672 muli
3300 2619 3456 2690 hujus
3499 2633 3739 2694 generant
3766 2636 3819 2681 et

2218 2704 2523 2766 generantur
2549 2695 2699 2771 (Luc.
2738 2716 2829 2769 xx,
2858 2701 2977 2775 '54).
3014 2704 3093 2761 Ac
3118 2722 3215 2778 per
3243 2708 3345 2764 hoc
3372 2712 3535 2767 etiam
3567 2729 3664 2785 pro
3687 2730 3819 2786 par-

2218 2786 2461 2844 vulorum
2503 2790 2612 2847 vita
2640 2806 2765 2848 caro
2793 2793 2916 2851 data
2942 2805 3046 2864 est,
3076 2814 3196 2871 qua:
3221 2800 3343 2857 data
3373 2812 3458 2860 est
3503 2822 3601 2876 pro
3625 2811 3816 2865 seculi

2220 2877 2324 2934 vita
2348 2890 2377 2947 ;‘
2395 2887 2450 2936 et
2473 2880 2520 2937 si
2547 2896 2653 2938 non
2683 2885 3121 2947 manducaverint
3148 2906 3366 2950 carnem
3394 2894 3518 2952 Filii
3548 2896 3811 2971 hominis,

2218 2987 2318 3029 nec
2343 2972 2443 3045 ipsi
2471 2973 2742 3033 habebunt
2765 2979 2949 3037 vitam.

2287 3062 2379 3119 28.
2403 3064 2538 3121 Hinc
2557 3076 2640 3123 est
2681 3069 2842 3126 etiam
2884 3071 3034 3139 illud,
3082 3074 3241 3132 Pater
3288 3078 3455 3152 diligit
3500 3080 3715 3148 Filium,
3748 3095 3806 3140 et

2218 3153 2390 3210 omnia
2412 3154 2550 3211 dedit
2572 3158 2626 3212 in
2646 3176 2800 3215 manu
2822 3163 2843 3194 ³
2870 3163 3002 3234 ejus.
3039 3164 3141 3233 Qui
3166 3169 3325 3224 credit
3346 3171 3398 3225 in
3424 3170 3475 3225 F
3474 3172 3633 3240 ilium,
3661 3175 3819 3231 habet

2217 3247 2370 3302 vitam
2391 3257 2630 3305 aeternam
2654 3270 2668 3307 :
2698 3255 2786 3324 qui
2797 3264 2964 3311 autem
2992 3257 3283 3316 incredulus
3301 3272 3375 3318 est
3401 3262 3562 3332 Filio,
3584 3282 3687 3321 non
3714 3267 3819 3323 Ita-

2219 3338 2537 3410 bebitvitam,
2567 3342 2658 3397 sed
2688 3344 2768 3400 ira
2808 3346 2906 3402 Dei
2945 3359 3112 3404 manet
3155 3368 3310 3423 super
3352 3370 3465 3409 eum
3491 3356 3509 3427 (
3539 3355 3695 3412 Joau.
3721 3374 3813 3429 ιιι,

2217 3430 2307 3498 35,
2338 3431 2408 3489 56
2432 3430 2477 3505 ).
2498 3433 2555 3489 ln
2584 3450 2690 3506 quo
2715 3436 2875 3509 igitur
2900 3439 3090 3497 horum
3116 3457 3315 3514 genere
3346 3461 3605 3517 ponemus
3626 3448 3814 3507 infan—

2219 3526 2345 3581 tes?
2373 3525 2426 3581 in
2450 3541 2637 3583 eorum
2676 3530 2767 3600 qui
2796 3531 3024 3589 credunt
3066 3534 3119 3590 in
3148 3535 3366 3605 Filium,
3392 3554 3462 3595 an
3515 3541 3568 3596 in
3617 3556 3815 3600 eorum

2216 3616 2306 3687 qui
2332 3625 2458 3672 sunt
2484 3618 2744 3677 increduli
2772 3622 2950 3679 Filio?
2971 3623 3030 3680 In
3061 3636 3273 3697 neutro,
3320 3630 3398 3685 ait
3422 3632 3647 3704 aliquis;
3670 3634 3805 3705 quia

2217 3721 2337 3763 cum
2363 3707 2539 3765 adhuc
2567 3710 2789 3768 credere
2813 3728 2918 3769 non
2948 3726 3188 3785 possunt,
3214 3734 3313 3775 nec
3334 3720 3592 3779 increduli
3618 3723 3806 3794 depu-

2219 3799 2363 3855 tandi
2397 3810 2540 3856 sunt.
2566 3800 2683 3858 Non
2741 3803 2844 3861 hoc
2893 3806 3092 3862 indicat
3120 3807 3142 3839 ³
3189 3810 3547 3869 ecclesiastica
3578 3815 3796 3884 regula,

2173 3888 2189 3905 ⁹
2217 3903 2337 3959 quae
2379 3887 2679 3962 baptizatos
2724 3892 2954 3953 infantes
2998 3897 3234 3955 ﬁdelium
3288 3918 3512 3958 numero
3541 3903 3818 3975 adjungit.

2216 3980 2387 4036 Porro
2414 3982 2460 4036 si
2499 3982 2585 4038 isti
2622 3984 2711 4056 qui
2735 3985 3093 4057 baptizantur,
3146 4000 3367 4062 propter
3393 3994 3641 4051 virtutem
3666 3997 3825 4055 cele-

2217 4072 2620 4147 brationemque
2668 4080 2800 4134 tanti
2846 4080 3196 4151 Sacramenti,
3237 4088 3482 4156 quamvis
3511 4103 3609 4146 suo
3630 4092 3828 4150 corde

2216 4174 2374 4237 atque
2397 4182 2492 4223 ore
2525 4183 2632 4225 non
2664 4180 2824 4243 agant
2867 4174 3010 4245 quod
3054 4175 3121 4232 ad
3165 4178 3494 4237 credendum
3545 4183 3828 4243 conﬁten-

2280 4342 2632 4422 12.99109?“
2651 4349 2912 4422 Mss-HW-
3141 4417 3152 4422 -
3210 4418 3221 4422 -
3288 4418 3299 4422 -
3529 4421 3535 4422 ,
3818 4412 3829 4422 .

2277 4405 2471 4488 ἔρδω,
2511 4406 2565 4459 in
2595 4405 2783 4461 manus.
2822 4405 2881 4463 λι
2917 4417 3250 4480 manuscriptl,
3280 4418 3421 4483 juxta
3453 4421 3718 4488 Vulgatam,
3770 4412 3831 4479 iri

2278 4530 2299 4598 ξ
2330 4530 2403 4598 sic
2425 4538 2529 4580 Mss.
2557 4531 2676 4583 Editi
2701 4546 2838 4598 vero,
2852 4533 3072 4598 judicat.

2276 4589 2361 4666 7(a)?
2379 4598 2510 4666 lianc
2542 4589 2940 4666 sententiamiab
2978 4600 3241 4666 Apostolica
3282 4603 3405 4655 Sede
3424 4641 3439 4663 .
3472 4620 3582 4657 cum
3614 4609 3679 4659 de
3723 4611 3835 4666 hac

2217 4652 2671 4732 ite-ageretur,
3149 4652 3439 4732 Pelagianos,
3452 4652 3835 4732 fuisseisvcriiii‘i

2218 4715 2525 4788 Augustinus,
2535 4717 2678 4788 epist.
2685 4719 2705 4766 1
2712 4717 2853 4788 86,3d
2868 4722 3129 4788 Paulinum,
3146 4739 3210 4788 nn
3217 4715 3293 4776 ,ἓξ
3303 4715 3440 4781 et
3452 4715 3667 4783 λδὖῖιῖιῖἱῖ
3674 4715 3835 4788 ὧδέ-ἶ

2213 4787 2321 4851 rum
2338 4780 2649 4851 innocentius
2669 4792 2793 4851 papa
2825 4783 2874 4851 in
2890 4784 3089 4847 epistola
3110 4780 3358 4851 adAPatrcs
3377 4780 3834 4851 Milevitanic—dn—Ei-

2215 4835 2281 4921 lii,
2302 4850 2412 4901 quae
2447 4838 2576 4921 inter
2592 4835 2964 4921 angustinianas
3110 4835 3214 4921 183.
3228 4835 3833 4921 ‘iki-iiih‘ﬁéi‘éitimii;
3880 4880 3885 4903 γ

2214 4898 2566 4975 ρυρξδρεοῑξιιῃ,
2592 4898 2837 4974 transtulit
2857 4910 3148 4975 Augustinus
3171 4898 3219 4961 in
3252 4898 3833 4975 ttiir’nin'"2"66itit§tiu}i§

2215 4922 2307 4949 ιιιιυ
2327 4922 2566 4962 spectant,
2594 4922 2837 4957 transtulit
2857 4922 3148 5019 su7gusunus
3171 4926 3219 4961 Ill
3252 4922 3428 4964 librum
3456 4922 3487 4967 2
3507 4926 3672 4969 contra
3687 4922 3833 4975 duas

2211 4962 3439 5053 Et:i’:§2'?§.£ﬁ!i¥‘3,“,?rﬁ"b_";-fratersacstasius
3456 4993 3573 5053 nata
3593 4989 3799 5053 possm
3868 4982 3878 5053 ἰ

2210 5025 2588 5107 gustiniobitupi
2602 5026 2786 5107 eadem,
2794 5025 2855 5079 ex
2880 5036 3125 5107 sententia
3144 5025 3441 5107 Pelagianos,
3456 5025 3701 5104 episcopis

2213 5086 2682 5167 Izicenuancribeus,
2699 5091 2971 5167 redarguit,
2978 5109 3142 5167 eaque
3153 5086 3831 5167 ⁸ιιθιῄἷιιειὶίέεὶιῖσῇἶίᾙέιῖιέέξξε

2410 5146 2706 5237 ingenti}?
2729 5146 2884 5237 porri:
2898 5168 2934 5231 a.
2952 5146 3443 5237 ite‘rrandqi‘diaeon‘o'
3452 5146 3831 5237 Hygini;
3869 5210 3872 5224 λ

2213 5210 2588 5289 existimandum
2625 5213 2691 5262 de
2728 5210 2887 5289 salute
2918 5220 3114 5280 juvenis
3156 5210 3827 5289 (Ethiopig‘qu‘i—inwstaii-t-E
3866 5210 3873 5261 ί

2211 5278 2368 5343 morte
2390 5273 2672 5353 baptizatus,
2692 5278 2824 5353 prius
2844 5273 3145 5353 decesserat,
3170 5273 3832 5353 (ιιιειωίιῖίίςιιῦἰειῖἇιῖἶῦέτῖ

2208 5333 2751 5415 ειξρὲδεθιίοδιθηύίξῐέι
2769 5352 2838 5415 ex
2865 5342 3028 5392 multis
3048 5333 3301 5406 suam
3328 5333 3831 5415 ιοέείτεζῑεῖεξῖλεῑξ..

2207 5395 2321 5444 stini
2351 5409 2583 5470 sermone
2619 5398 2679 5474 at!
2717 5399 2943 5474 infantes,
2975 5422 3008 5474 α.
3022 5412 3137 5474 tunc
3150 5395 3557 5474 unumquemque
3569 5395 3829 5469 'iid'tlﬁﬁ'r}.

2216 5472 2236 5499 ι
2260 5459 2480 5543 corporis
2510 5461 2856 5543 sanguinisque
2880 5459 3104 5517 Dominiei
3144 5459 3427 5543 participem
3449 5459 3575 5543 fieri,
3594 5459 3828 5537 ﬁliani;

2202 5534 2239 5563 μα
2264 5518 2319 5598 ξιξ.
2347 5518 2640 5598 Βορμίψῶ
2677 5518 2949 5598 membrum
2979 5518 3193 5589 corporis
3227 5518 3409 5598 christi
3414 5518 3644 5585 'éitiéiiui‘
3650 5518 3828 5598 $133.",

2216 5596 2238 5625 ι
2260 5580 2458 5630 alienari
2482 5583 2544 5663 all.)
2562 5595 2624 5632 eo
2645 5586 2783 5647 panis
2794 5580 3323 5663 calicisque'tsonsortio,
3340 5580 3826 5663 etiamwsia'ntéqu-a‘r’r;

2215 5659 2236 5685 «
2260 5654 2437 5717 panem
2471 5642 2617 5717 illum
2645 5642 2881 5717 'cotnedat
2914 5642 2985 5717 et'
3002 5651 3202 5717 calicem
3238 5642 3824 5717 ὺίιὶθὶξᾶἶξᾞᾶξ

2215 5705 2308 5777 _«nin
2325 5705 2520 5777 lini-tate
2542 5710 2756 5777 corporis
2777 5708 2945 5777 Christi
2968 5715 3271 5777 _constitutus
3308 5705 3603 5769 abscedat;
3622 5705 3824 5777 litami-

2206 5764 2292 5873 ljib.
2325 5766 2358 5814 5
2391 5767 2455 5817 de
2479 5764 2784 5821 Peecaiorum
2829 5774 3023 5835 Meritis,
3060 5787 3110 5824 n.
3145 5764 3263 5839 7-D,
3291 5764 3821 5839 et“-iizic't3't'uin"éé"i.3

2231 5841 2335 5873 (ΗΠ).

2231 5841 2335 5875 Oili].
