4016 6478
176 407 277 463 ης

173 524 410 590 dumque
461 518 772 589 pertineat,
825 526 999 572 tamen
1067 515 1120 570 in
1165 528 1387 568 numero
1448 509 1775 566 credentium

173 619 595 682 computantur:
626 608 873 678 profecto
907 607 979 662 illi
1006 607 1198 678 quibus
1245 605 1647 660 Saeramentum
1678 601 1777 656 de-

175 705 348 767 fuerit,
383 702 438 756 in
468 702 553 756 eis
579 699 816 756 habendi
873 708 994 755 sunt
1043 697 1131 768 qui
1177 712 1283 751 non
1328 699 1555 751 credunt
1602 693 1772 756 Filio;

179 806 332 866 atque
355 793 481 849 ideo
511 794 558 847 si
582 793 746 863 hujus
770 792 957 847 inanes
981 791 1165 861 gratiae
1181 789 1250 844 de
1266 803 1490 858 corpore
1519 787 1770 853 exierint,

177 897 426 958 sequetur
445 900 546 940 eos
577 884 722 955 quod
753 883 955 939 dictum
981 891 1085 948 est,
1114 881 1230 936 Non
1252 880 1524 934 habebunt.
1553 878 1772 942 vitam’,

173 980 255 1035 sed
281 980 358 1032 ira
391 977 493 1032 Dei
528 985 718 1031 manet
744 992 906 1045 super
925 989 1036 1029 eos.
1073 972 1222 1030 Unde
1251 972 1353 1026 hoc
1373 973 1416 1038 ³,
1438 969 1652 1041 quando
1681 984 1774 1025 eos

173 1073 362 1127 clarum
394 1081 487 1126 est
527 1078 753 1140 peccata
795 1068 1008 1138 pr0pria
1029 1082 1138 1121 non
1166 1065 1382 1131 habere,
1424 1064 1468 1119 si
1494 1077 1593 1118 nec
1608 1062 1770 1133 origi-

175 1163 263 1217 nali
283 1170 518 1231 peccato
549 1169 842 1216 teneantur
864 1159 1124 1214 obnoxii?

148 1276 150 1278 ν
233 1253 469 1310 CAPUT
509 1252 752 1308 XXI.—
775 1252 865 1307 ‘29.
897 1249 1254 1314 Inscrutabile,
1284 1264 1375 1301 cur
1412 1247 1633 1317 infantes
1681 1245 1772 1298 alii

175 1346 424 1400 discedant
447 1345 692 1416 frustrati
715 1341 1000 1414 Baptismo,
1020 1341 1110 1394 alii
1132 1356 1254 1394 non.
1287 1339 1430 1393 Bene
1457 1344 1634 1391 autem
1661 1349 1767 1389 non

175 1443 251 1506 ait,
281 1442 358 1494 ira
386 1437 498 1493 Dei
525 1438 708 1493 veniet
737 1451 898 1506 super
925 1450 1045 1490 eum
1070 1451 1085 1499 ;
1111 1432 1226 1500 sed,
1256 1439 1423 1484 manet
1457 1445 1611 1500 super
1632 1443 1765 1481 eum.

179 1534 242 1588 Ab
264 1534 363 1588 hac
387 1531 604 1603 quippe
648 1531 728 1584 ira
748 1571 763 1596 ,
790 1543 893 1598 qua
921 1542 1109 1582 omnes
1135 1527 1236 1580 sub
1280 1532 1502 1594 peccato
1526 1530 1672 1585 sunt,
1699 1520 1767 1575 de

179 1642 259 1698 qua
280 1625 416 1680 dicit
444 1621 766 1693 Apostolus,
788 1619 1000 1674 Fuimus
1030 1618 1162 1672 enim
1188 1626 1235 1670 et
1261 1631 1351 1669 nos
1371 1612 1646 1682 aliquando
1667 1627 1765 1665 na-

185 1716 397 1770 turaliter
418 1715 528 1784 filii
549 1714 664 1777 iraa,
687 1713 820 1766 sicut
863 1720 908 1764 et
937 1709 1100 1764 caeteri
1130 1707 1149 1779 (
1178 1705 1371 1777 Ephes.
1402 1721 1460 1772 It,
1488 1705 1522 1760 5
1551 1703 1592 1775 ),
1621 1702 1764 1756 nulla

185 1824 254 1864 res
277 1808 500 1870 liberat,
534 1806 639 1860 nisi
664 1805 836 1875 gratia
871 1803 981 1866 Dei,
1002 1817 1096 1872 per
1136 1800 1317 1855 Iesum
1357 1798 1626 1853 Christum
1659 1797 1765 1850 Do-

181 1906 354 1959 minum
370 1911 654 1957 nostrum.
686 1899 814 1954 [late
837 1897 1004 1968 gratia
1032 1911 1128 1950 cur
1178 1894 1246 1949 ad
1272 1894 1416 1948 illum
1464 1891 1663 1958 veniat,
1689 1889 1756 1945 ad

179 1996 302 2052 illum
319 2011 437 2050 non
479 1994 687 2058 veniat,
726 1989 934 2046 occulta
971 2003 1092 2044 esse
1139 2001 1303 2042 causa
1341 1994 1538 2056 potest,
1566 1983 1760 2054 injusta

176 2103 266 2143 non
309 2094 516 2158 potest.
571 2081 840 2150 Numquid
883 2080 1026 2136 enim
1080 2079 1322 2148 iniquitas
1359 2075 1500 2148 apud
1550 2073 1760 2129 Deum!

176 2179 297 2234 Absit
321 2177 529 2250 (Rom.
554 2191 638 2239 rx,
669 2175 738 2230 il
767 2172 808 2242 ).
831 2171 937 2228 Sed
959 2171 1101 2242 prius
1122 2179 1426 2225 sanctarum
1455 2167 1758 2237 Scriptura-

174 2287 276 2326 rum
316 2267 735 2324 auctoritatibus
760 2265 897 2320 colla
943 2259 1216 2318 subdenda
1257 2268 1400 2325 sunt,
1426 2269 1487 2314 ut
1511 2259 1578 2314 ad
1604 2257 1761 2313 intel-

175 2364 351 2419 lectum
372 2378 476 2432 per
496 2360 660 2416 ﬁdem
691 2358 917 2429 quisque
947 2355 1242 2427 perveniat.
1271 2353 1456 2423 Neque
1476 2351 1618 2408 enim
1647 2350 1760 2407 fru-

171 2465 266 2510 stra
305 2454 515 2510 dictum
574 2459 658 2506 est
689 2468 702 2503 :
738 2449 948 2504 Iudicia
996 2456 1085 2501 tua
1145 2447 1275 2502 sicut
1321 2443 1534 2516 abyssus
1597 2442 1758 2498 multa

173 2546 347 2620 (Psal.
376 2561 554 2612 xxxv,
585 2545 658 2615 7)
684 2583 698 2597 .
719 2541 886 2613 Cujus
915 2539 1092 2611 abyssi
1134 2538 1464 2594 altitudinem
1483 2535 1642 2592 veluti
1665 2551 1760 2591 ex-

169 2654 496 2712 pavescens,
544 2637 809 2693 exclamat
859 2632 1189 2703 Apostolus:
1226 2629 1272 2684 0
1295 2626 1515 2684 altitudo
1557 2627 1757 2682 divitia-

167 2750 275 2786 rum
293 2731 568 2802 sapientia:
588 2738 630 2783 et
655 2729 879 2782 scientia:
894 2724 1029 2780 Dei!
1047 2723 1387 2781 Prmmiserat
1421 2721 1616 2794 quippe
1635 2736 1758 2777 sen-

165 2824 395 2878 tentiam
447 2822 599 2876 mirae
636 2818 1026 2890 profunditatis,
1085 2812 1593 2872 dicens:Conclusit
1621 2813 1757 2868 enim

172 2913 298 2968 Deus
344 2930 530 2968 omnes
565 2913 615 2966 in
639 2909 995 2966 incredulitate
1015 2949 1032 2976 ,
1073 2916 1128 2962 ut
1174 2907 1404 2962 omnibus
1440 2905 1753 2961 misereatur.

175 3006 318 3075 Cujus
345 3003 732 3075 profunditatis
759 3002 922 3057 veluti
962 3001 1185 3056 horrore
1205 3013 1494 3069 percussus
1520 3015 1534 3053 :
1561 2995 1605 3052 0
1625 2997 1752 3052 alti-

176 3099 302 3162 tudo,
320 3097 518 3166 inquit,
542 3095 834 3149 divitiarum
853 3092 1115 3163 sapientia
1129 3100 1175 3146 et
1199 3091 1422 3145 scientiae
1445 3089 1582 3144 Dei!
1606 3106 1758 3160 quam

173 3188 512 3242 inmutabilia
546 3187 754 3257 judicia
801 3186 934 3256 ejus,
977 3193 1022 3238 et
1068 3182 1436 3254 investigabiles
1462 3181 1556 3236 vite
1599 3179 1759 3252 ejus!

176 3278 283 3344 Quis
296 3281 429 3334 enim
460 3279 696 3350 cognovit
719 3293 920 3332 sensum
957 3275 1212 3330 Domini?
1253 3274 1356 3328 Aut
1381 3273 1492 3345 quis
1519 3273 1758 3327 consilia-

174 3375 264 3427 rius
282 3375 421 3427 illius
437 3369 706 3442 fuit?Aut
746 3370 859 3440 quis
897 3369 1038 3440 prior
1086 3366 1223 3421 dedit
1248 3367 1346 3433 illi,
1374 3375 1423 3420 et
1445 3365 1745 3420 retribuetur

174 3464 276 3516 a"?
297 3464 559 3531 Quoniam
584 3477 646 3515 ea:
690 3462 824 3530 ipso,
848 3468 893 3514 et
938 3475 1026 3526 per
1075 3458 1263 3529 ipsum,
1305 3466 1352 3512 et
1388 3457 1442 3510 in
1489 3457 1602 3527 ipso
1641 3466 1758 3511 sunt

175 3557 351 3618 omnia;
373 3555 482 3626 ipsi
506 3553 676 3625 gloria
705 3553 759 3606 in
794 3550 983 3607 uacula
1008 3548 1329 3604 saeculorum.
1372 3549 1532 3605 Amen
1562 3547 1753 3620 (Rom.

174 3664 234 3714 xi,
266 3649 439 3704 52-56
467 3648 510 3719 ).
541 3645 849 3715 Valdeergo
888 3659 1110 3715 parvum
1152 3657 1367 3698 sensum
1412 3642 1669 3698 habemus
1689 3642 1756 3697 ad

177 3741 552 3796 discutiendam
577 3738 836 3809 justitiam
859 3736 1179 3808 judiciorum
1210 3736 1303 3791 Dei
1327 3751 1342 3801 ;
1372 3735 1440 3790 ad
1465 3736 1755 3792 discutien-

178 3833 274 3888 dam
299 3835 537 3904 gratiam
577 3831 882 3902 gratuitam,
914 3830 1072 3884 nullis
1103 3829 1306 3884 meritis
1334 3829 1758 3898 praecedentibus

177 3926 542 3997 noniniquam,
563 3939 684 3994 quas
728 3939 832 3978 non
883 3931 992 3977 tam
1024 3931 1200 3976 movet
1225 3936 1346 3975 cum
1379 3921 1756 3991 praestaturin-

175 4018 349 4088 dignis,
373 4034 540 4087 quam
572 4032 692 4072 cum
718 4031 870 4086 atque
897 4015 1127 4086 indignis
1154 4014 1270 4069 aliis
1297 4014 1610 4085 denegatur.

231 4111 317 4166 30.
348 4109 491 4164 Nam
511 4117 566 4163 et
615 4108 667 4162 hi
697 4108 888 4178 quibus
929 4107 1138 4162 videtur
1172 4106 1424 4175 injustum
1473 4116 1530 4161 ut
1554 4107 1757 4179 parvuli

173 4203 273 4257 sine
299 4203 475 4272 gratia
498 4199 700 4255 Christi
744 4198 813 4252 de
860 4213 1088 4268 corpore
1117 4206 1394 4262 exeuntes,
1431 4213 1536 4252 non
1585 4198 1756 4252 solum

174 4311 327 4364 regno
361 4292 488 4358 Dei,
530 4306 638 4362 quo
666 4301 717 4346 et
771 4290 870 4360 ipsi
894 4289 1128 4345 fatentur
1168 4290 1267 4343 nisi
1307 4304 1402 4358 per
1427 4290 1755 4359 Baptismum

172 4386 608 4440 miatosintrare
633 4399 738 4437 non
775 4397 934 4453 posse
961 4399 974 4446 ;
1017 4397 1201 4436 verum
1229 4381 1389 4436 etiam
1419 4381 1520 4436 vita
1553 4389 1753 4437 :cterna

172 4490 213 4532 et
249 4479 426 4533 salute
476 4477 749 4547 priventur
773 4492 785 4540 ;
813 4484 1108 4545 quaerentes
1147 4474 1413 4544 quomodo
1459 4475 1658 4543 justum
1691 4477 1758 4531 sit

171 4573 217 4617 ut
239 4562 467 4617 aliusab
507 4561 748 4632 originali
782 4561 1050 4630 impietate
1093 4559 1348 4625 solvatur,
1371 4559 1506 4614 alius
1531 4574 1638 4614 non
1655 4561 1761 4615 sol-

170 4665 342 4715 ratur,
374 4668 499 4708 cum
539 4653 722 4708 eadem
768 4652 837 4706 sit
883 4653 1155 4722 utriusque
1201 4643 1479 4707 conditio:
1520 4653 1616 4721 ipsi
1665 4668 1754 4708 rc-

166 4747 473 4820 spondeant
520 4746 814 4801 secnndum
863 4760 1011 4799 suam
1080 4747 1405 4800 sententiam
1439 4786 1452 4810 ,
1493 4747 1761 4814 quomodo

165 4839 463 4896 identidem
515 4839 712 4908 justum
754 4838 904 4891 situt
949 4838 1069 4891 huic
1119 4847 1404 4907 praestetur
1437 4837 1757 4908 Baptismus,

161 4951 267 5005 quo
298 4935 470 4989 intret
496 4933 546 4987 in
565 4948 783 5003 regnum
831 4931 942 4996 Dei,
978 4931 1052 4986 illi
1074 4946 1176 4985 non
1207 4939 1506 5001 prmstetur,
1543 4947 1660 4985 cum
1693 4931 1762 4984 sit

164 5029 447 5098 utriusque
477 5043 571 5097 par
598 5043 779 5082 causa.
811 5025 865 5079 Si
888 5026 1027 5080 enim
1059 5032 1260 5090 movet,
1301 5040 1397 5078 cur
1424 5039 1491 5079 ex
1519 5024 1601 5078 his
1630 5025 1762 5080 duo-

162 5124 284 5186 bus,
315 5137 442 5176 cum
487 5136 552 5175 ex
579 5135 734 5190 aequo
751 5119 908 5174 ambo
940 5119 1045 5173 siut
1070 5117 1402 5189 originaliter
1431 5126 1761 5186 peccatores,

158 5215 298 5268 alius
327 5214 402 5268 ab
438 5213 545 5267 hec
573 5212 786 5267 vinculo
816 5211 1064 5276 solvitur,
1099 5211 1182 5265 cui
1213 5209 1526 5264 conceditur
1555 5209 1765 5278 Baptis-

160 5321 317 5370 mus;
350 5305 493 5358 alius
528 5320 630 5358 non
658 5303 903 5365 solvitur,
930 5303 1014 5356 cui
1049 5302 1166 5356 talis
1194 5301 1361 5371 gratia
1392 5317 1495 5354 non
1515 5301 1762 5355 concedi-

163 5408 283 5450 tur:
317 5411 420 5448 cur
441 5409 543 5448 non
589 5395 788 5463 pariter
823 5402 1001 5447 movet
1024 5391 1067 5459 ⁸,
1091 5391 1234 5461 quod
1263 5407 1326 5445 ex
1369 5391 1576 5444 duobus
1602 5389 1764 5460 origi-

160 5490 366 5542 naliter
391 5485 784 5549 innocentibus,
803 5484 938 5536 alius
967 5483 1158 5552 accipit
1182 5483 1529 5551 Baptismum,
1560 5495 1665 5550 quo
1695 5481 1745 5534 in

161 5597 392 5652 regnum
423 5580 513 5634 Dei
544 5579 715 5650 possit
757 5578 996 5641 intrare;
1032 5577 1167 5632 alius
1199 5591 1311 5631 non.
1348 5576 1559 5644 accipit,
1587 5591 1652 5631 ne
1695 5575 1759 5629 ad

232 5713 248 5744 ³
288 5720 338 5760 In
369 5719 492 5770 555.,
519 5724 611 5760 non
639 5707 869 5758 lidebant
894 5706 1051 5755 ritum.

229 5775 249 5805 ¹
283 5774 424 5830 aditi,
443 5780 488 5822 et
510 5773 639 5822 unde
663 5770 774 5819 hoc.
803 5770 964 5821 Aliost,
991 5778 1052 5828 at,
1078 5783 1103 5818 a
1122 5777 1227 5819 Mss.

230 5839 249 5868 ³
283 5844 336 5884 In
364 5836 609 5898 plerisque
632 5842 765 5886 Mss,
795 5839 846 5899 ttt
873 5838 939 5878 rt't
969 5830 1208 5881 ilmet't’tttr
1231 5831 1289 5882 ι’ἰ.

230 5905 247 5924 ⁸
285 5905 333 5946 tu
361 5893 486 5958 3155,,
504 5893 592 5947 cur
613 5909 710 5946 non
727 5893 897 5942 'tttlitcr
922 5902 1081 5943 merit.

1568 395 1767 452 LIBER
1805 396 2078 454 PRIMUS.

3367 405 3471 462 130

1889 527 2108 584 regnum
2149 513 2244 568 Dei
2271 513 2434 584 possit
2462 516 2750 573 accedere?
2781 517 2980 588 Nempe
3010 519 3062 574 in
3085 527 3308 592 utraque
3332 537 3458 576 cau-

1885 619 1943 660 sa
1985 605 2050 660 ad
2075 605 2216 660 illam
2238 607 2674 664 exclamationem
2700 609 2922 678 reditur,
2958 611 3002 665 0
3023 611 3240 666 altitudo
3269 612 3468 666 divitia-

1883 698 2046 752 rum!
2083 697 2164 754 Ex
2202 699 2332 769 ipsis
2369 700 2564 757 deinde
2609 702 2890 774 baptizatis
2926 705 3197 774 parvulis,
3244 705 3454 761 dicatur

1882 789 2034 856 mihi,
2062 805 2158 845 cur
2181 791 2316 846 alius
2332 793 2550 862 rapitur,
2583 809 2652 850 ne
2683 795 2880 850 malitia
2930 806 3099 852 mutet
3127 798 3458 854 intellectum

1881 880 2038 956 ejus(
2065 883 2197 953 Sap.
2242 899 2314 952 Iv,
2344 887 2404 940 11
2435 887 2489 957 );
2520 896 2575 942 et
2612 889 2748 943 alius
2775 890 2922 956 vivit,
2967 891 3160 962 impius
3208 891 3462 947 futurus?

1880 973 2069 1031 Nonne
2118 977 2164 1031 si
2190 977 2350 1034 ambo
2387 988 2722 1048 raperentur,
2753 981 2911 1036 ambo
2950 982 3000 1036 in
3033 998 3253 1052 regnum
3282 983 3456 1038 cceloo

1878 1083 1998 1122 rum
2021 1069 2460 1140 ingrederentur?
2487 1073 2554 1127 Et
2579 1081 2754 1127 tamen
2795 1089 2900 1128 non
2927 1083 3008 1129 est
3035 1074 3285 1144 iniquitas
3318 1075 3458 1145 apud

1879 1157 2066 1214 Deum.
2098 1161 2268 1228 Quid?
2293 1162 2423 1217 illud
2475 1177 2633 1232 quem
2662 1178 2769 1218 non
2798 1174 3029 1230 moveat,
3075 1179 3234 1235 quem
3262 1180 3368 1220 non
3405 1169 3460 1220 in

1879 1259 2023 1306 tanta
2065 1253 2346 1308 altitudine
2372 1255 2676 1310 exclamare
2701 1256 3006 1328 compellat,
3039 1256 3181 1326 quod
3205 1257 3294 1312 alii
3334 1273 3461 1327 par-

1875 1344 1982 1398 vuli
2008 1345 2196 1414 spiritu
2217 1345 2492 1401 immundo
2521 1356 2802 1414 vexantur,
2830 1348 2919 1402 alii
2949 1347 3080 1402 nihil
3112 1349 3218 1404 tale
3249 1349 3460 1418 patiun-

1876 1442 1979 1501 tur,
2000 1435 2090 1490 alii
2131 1438 2291 1492 etiam
2318 1437 2368 1491 in
2397 1438 2560 1493 uteris
2587 1447 2841 1505 matrum,
2870 1439 3006 1494 sicut
3023 1439 3304 1508 Jeremias,
3335 1454 3460 1494 san-

1873 1527 2388 1602 ctilicanturUerem.
2417 1545 2456 1596 ι,
2489 1527 2562 1604 5)
2587 1547 2601 1596 ;
2633 1545 2754 1586 cum
2781 1546 2988 1597 omnes,
3011 1533 3055 1586 si
3075 1541 3160 1588 est
3201 1533 3460 1604 originale

1871 1631 2165 1691 peccatum,
2222 1622 2422 1692 pariter
2447 1624 2525 1679 rei
2579 1623 2686 1680 sint
2713 1641 2727 1690 ;
2751 1625 2796 1679 si
2821 1638 2928 1679 non
2960 1634 3068 1689 est,
3092 1625 3292 1695 pariter
3306 1623 3461 1679 iuno-

1869 1719 2053 1767 centes
2095 1712 2243 1768 sint?
2271 1712 2421 1769 Unde
2479 1716 2580 1769 ista
2625 1722 2769 1769 tanta
2819 1715 3134 1779 diversitas,
3185 1715 3288 1769 nisi
3334 1716 3455 1784 quia

1870 1801 2229 1859 inscrutabilia
2261 1813 2386 1860 sunt
2424 1805 2623 1876 judicia
2667 1806 2803 1877 ejus,
2839 1816 2892 1862 et
2920 1807 3316 1878 investigabiles
3355 1809 3453 1863 via:

1867 1893 2024 1965 ejus?
2683 1891 2688 1894 ’

1937 1984 2165 2043 CAPUT
2204 1987 2367 2043 XXII.
2394 2019 2468 2028 —
2495 1989 2584 2045 5i.
2609 1989 2817 2061 Refellit
2837 2005 2920 2044 eos
2947 1991 3037 2062 qui
3057 1999 3237 2060 putant
3257 1990 3455 2045 animas

1865 2076 1930 2130 ob
1949 2075 2132 2131 delicta
2157 2077 2280 2132 alibi
2304 2079 2591 2146 commissa,
2620 2080 2675 2134 in
2718 2095 2933 2150 corpora
2975 2081 3166 2135 meritis
3195 2081 3300 2136 suis
3327 2097 3453 2135 con-

1863 2168 2112 2224 uenientia
2149 2169 2370 2234 detrudi,
2399 2171 2452 2224 in
2493 2171 2653 2241 iisque
2700 2176 2861 2242 magis
2905 2173 3130 2226 minusve
3164 2173 3337 2243 affligi.
3369 2173 3450 2227 An

1862 2258 2003 2316 forte
2046 2259 2174 2315 illud
2196 2261 2306 2331 jam
2328 2262 2605 2332 explosum
2641 2262 3080 2334 repudiatumque
3113 2264 3448 2320 sentiendum

1862 2362 1963 2418 est,
1992 2353 2133 2424 quod
2158 2353 2349 2409 anima:
2374 2354 2524 2424 prius
2553 2355 2607 2410 in
2642 2356 2848 2411 caelesti
2879 2355 3202 2413 habitatione
3222 2371 3446 2427 peccan-

1865 2452 1964 2510 tes,
1993 2444 2252 2516 gradatim
2291 2455 2450 2517 atque
2492 2448 2744 2518 paulatim
2773 2448 2840 2502 ad
2895 2462 3111 2504 suorum
3139 2451 3448 2506 meritorum

1860 2548 2086 2604 corpora
2115 2535 2347 2602 veniant,
2375 2552 2438 2592 ac
2465 2552 2563 2607 pro
2588 2547 2714 2594 ante
2736 2548 2883 2609 gesta
2910 2540 3016 2594 vita
3049 2542 3217 2611 magis
3245 2542 3451 2597 minus—

1860 2641 1928 2683 ve
1951 2628 2225 2697 corporeis
2244 2628 2480 2698 pestibus
2499 2628 2836 2700 afﬂigantur?
2864 2629 2960 2685 Cui
2983 2631 3220 2700 opinioni
3244 2649 3404 2702 quam
3419 2662 3440 2673 -

1859 2718 1942 2775 vis
1983 2727 2167 2775 sancta
2216 2719 2489 2790 Scriptura
2547 2722 2882 2791 apertissime
2930 2723 3280 2790 contradicat,
3326 2740 3447 2795 qua:

1859 2825 1983 2867 cum
2020 2811 2246 2883 gratiam
2297 2811 2726 2880 commendaret,
2775 2811 3040 2881 Nondum,
3080 2813 3269 2885 inquit,
3293 2816 3444 2881 natis,

1860 2894 1951 2956 ἢκ
1996 2902 2082 2972 qui
2109 2900 2304 2975 aliquid
2351 2910 2553 2973 egerant
2582 2903 2601 2934 ⁸
2631 2902 2747 2956 boni
2771 2912 2858 2957 aut
2894 2903 3040 2971 mali,
3064 2912 3120 2958 ut
3169 2905 3447 2960 secundum

1859 2992 2150 3048 electionem
2176 2994 2487 3064 propositum
2511 2993 2606 3049 Dei
2634 3004 2880 3063 maneret,
2927 3013 3029 3051 non
3075 3013 3138 3051 ea:
3183 2997 3437 3068 operibus,

1858 3085 1949 3142 sed
1975 3095 2256 3141 ezvocante
2275 3087 2465 3141 dictum
2507 3097 2582 3142 est
2623 3089 2760 3159 quod
2805 3090 2974 3161 major
3000 3090 3176 3144 serviet
3211 3092 3396 3146 minori
3427 3108 3446 3147 :

1861 3191 1962 3233 nec
1990 3177 2090 3248 ipsi
2116 3185 2294 3233 tamen
2321 3180 2410 3248 qui
2435 3178 2538 3233 hoc
2557 3179 2815 3244 sentiunt,
2849 3180 3084 3235 evadunt
3113 3181 3270 3251 hujus
3295 3199 3445 3252 qua:-

1860 3269 2048 3324 stionis
2074 3270 2364 3340 angustias,
2389 3268 2480 3324 sed
2519 3270 2573 3324 in
2601 3269 2682 3325 eis
2709 3271 2963 3326 coarctati
2985 3281 3040 3326 et
3065 3272 3331 3328 luerentes
3361 3275 3442 3328 si-

1859 3359 2076 3426 militet,
2098 3359 2144 3414 0
2168 3359 2429 3414 altitudo!
2453 3360 2757 3416 exclamare
2793 3371 3077 3432 coguntur.
3110 3363 3263 3418 Unde
3293 3365 3440 3420 enim

1861 3451 1922 3506 llt
1936 3461 1994 3507 ut
2019 3451 2178 3508 homo
2193 3452 2260 3508 ab
2284 3452 2484 3508 ineunti
2496 3452 2721 3523 pueritia
2742 3453 3060 3520 modestior,
3086 3455 3438 3525 ingeniosior,

1863 3543 2262 3612 temperantior,
2292 3558 2359 3599 ex
2401 3558 2590 3614 magna
2623 3553 2774 3614 parte
2819 3544 3096 3600 libidinum
3122 3547 3311 3613 victor,
3349 3548 3449 3617 qui

1861 3634 2038 3692 oderit
2062 3636 2359 3701 avaritiam,
2392 3635 2655 3692 luxuriam
2683 3637 2999 3706 detestetur,
3043 3648 3202 3707 atque
3227 3638 3293 3693 ad
3323 3639 3438 3694 vir-

1862 3735 2002 3784 tutes
2025 3737 2248 3783 caeteras
2298 3729 2598 3799 provectior
2625 3729 2903 3801 aptiorque
2931 3740 3235 3802 consurgat,
3284 3742 3338 3787 et
3360 3741 3446 3788 ta-

1861 3835 1984 3876 men
2011 3833 2078 3875 eo
2102 3819 2222 3875 loco
2255 3821 2345 3883 sit,
2381 3820 2472 3876 ubi
2515 3821 2564 3876 ei
2612 3821 2888 3891 praedicari
2945 3824 3113 3894 gratia
3154 3824 3450 3880 christiana

1862 3925 1970 3966 non
1993 3910 2202 3980 possit?
2234 3910 2500 3976 Quomodo
2550 3912 2694 3968 enim
2747 3913 3047 3968 invocabunt
3086 3915 3140 3969 in
3176 3932 3323 3988 quem
3350 3933 3456 3972 non

1861 4004 2179 4060 crediderunt
2203 4005 2345 4060 ?Aut
2374 4005 2624 4076 quomodo
2653 4006 2853 4061 credent
2883 4008 2930 4062 ei
2956 4023 3099 4078 quem
3125 4026 3224 4063 non
3270 4011 3448 4064 audie-

1861 4096 2023 4151 runt?
2055 4096 2322 4161 Quomodo
2349 4107 2516 4151 autem
2545 4097 2753 4152 audient
2780 4100 2888 4153 sine
2914 4099 3221 4170 prazdicante
3247 4100 3265 4172 (
3299 4100 3451 4155 llam.

1867 4205 1924 4256 ι,
1953 4187 2100 4260 il)?
2145 4189 2294 4244 Alius
2317 4197 2496 4244 autem
2544 4189 2728 4246 tardus
2758 4189 2992 4260 ingenio,
3025 4191 3332 4247 libidinibus
3357 4192 3447 4248 dc-

1863 4282 2028 4346 ditus,
2061 4282 2270 4352 ﬂagitiis
2299 4290 2354 4337 et
2377 4281 2698 4338 facinoribus
2727 4292 3030 4353 coopertus,
3063 4285 3134 4338 ita
3181 4285 3445 4353 guberne-

1866 4380 1972 4440 tur,
2017 4382 2075 4426 ut
2121 4372 2321 4434 audiat,
2366 4372 2572 4439 credat,
2613 4374 2929 4443 baptithur,
2982 4376 3238 4444 rapiatur,
3285 4385 3376 4429 aut
3403 4378 3452 4430 si

1865 4463 2114 4520 detentus
2150 4463 2238 4518 hic
2279 4463 2476 4530 fuerit,
2509 4465 2848 4520 laudabiliter
2889 4465 2976 4520 hic
3000 4467 3184 4521 vivat?
3212 4467 3307 4522 Ubi
3336 4467 3450 4522 duo

1867 4559 1950 4614 isti
1999 4568 2106 4614 tam
2146 4558 2357 4614 diversa
2404 4558 2595 4614 merita
2637 4568 3049 4626 contraxerunt,
3086 4576 3191 4616 non
3224 4561 3367 4628 dico,
3398 4570 3456 4616 ut

1866 4650 1967 4705 iste
1985 4650 2188 4717 credat,
2220 4650 2308 4705 ille
2335 4663 2440 4704 non
2467 4650 2670 4711 credat,
2703 4649 2842 4720 quod
2893 4660 2976 4706 est
3003 4652 3230 4722 proprim
3258 4653 3448 4706 volun-

1869 4745 2026 4810 tatis;
2053 4744 2148 4800 sed
2173 4753 2228 4798 ut
2254 4744 2355 4799 iste
2384 4743 2563 4798 audiat
2590 4743 2731 4814 quod
2754 4744 2961 4805 credat.
2986 4745 3075 4800 ille
3101 4761 3206 4799 non
3231 4744 3452 4809 audiat;

1871 4837 1969 4892 hoc
1993 4837 2136 4892 enim
2165 4851 2271 4891 non
2293 4845 2375 4891 est
2405 4835 2458 4890 in
2477 4835 2704 4891 hominis
2746 4845 3010 4907 potestate
3041 4855 3054 4891 :
3084 4837 3191 4904 ubi,
3214 4837 3458 4909 inquam,

1870 4929 1984 4984 lucc
2033 4941 2138 4984 tam
2178 4929 2388 4985 diversa
2446 4930 2632 4984 merita
2669 4930 3169 4986 contraxerunt?Si
3219 4931 3269 4984 in
3319 4931 3461 4985 C(l‘lo

1868 5030 2088 5090 egerunt
2113 5020 2342 5090 aliquam
2371 5020 2555 5086 vitam,
2583 5030 2639 5074 ut
2669 5035 2765 5090 pro
2790 5021 2902 5076 suis
2947 5021 3150 5076 actibus
3185 5023 3454 5092 propelle-

1869 5120 2050 5169 rentur
2102 5111 2187 5164 vel
2237 5111 2544 5165 laberentur
2569 5113 2588 5143 ²
2620 5112 2672 5165 in
2695 5119 2885 5178 terras,
2917 5112 3272 5182 congruisque
3323 5127 3436 5166 aute

1868 5215 1992 5260 ante
2039 5214 2172 5259 acta:
2219 5204 2342 5258 vita:
2379 5206 2653 5272 corporeis
2697 5204 3046 5272 receptaculis
3093 5211 3452 5260 tenerentur:

1870 5298 1956 5352 ille
1978 5296 2158 5365 utique
2183 5294 2373 5349 melius
2390 5304 2512 5349 ante
2543 5294 2644 5349 hoc
2660 5295 2884 5350 mortale
2910 5309 3104 5364 corpus
3127 5295 3319 5349 vixisse
3335 5309 3456 5348 ere-

1867 5389 2071 5444 dendus
2099 5397 2200 5453 est,
2231 5389 2318 5459 qui
2363 5403 2428 5443 eo
2457 5403 2560 5441 nou
2592 5389 2816 5442 multum
2867 5388 3060 5443 meruit
3099 5385 3450 5457 prmgravari,

1871 5491 2005 5538 utet
2056 5481 2254 5538 bonum
2302 5479 2528 5536 haberet
2575 5479 2868 5551 ingenium,
2910 5492 2962 5535 et
3008 5477 3455 5548 concupiscentiis

1935 5643 1950 5674 ι
1987 5643 2136 5692 Ρλιὶιὶο
2179 5649 2324 5700 l.ov.,
2370 5653 2525 5707 neque
2570 5638 2758 5707 aliquid
2792 5645 3015 5707 egerant.
3057 5635 3346 5707 timendatur
3392 5634 3458 5684 ad

1872 5707 2235 5764 manuscriptos.
2283 5696 2346 5751 Ex
2387 5696 2462 5751 his
2481 5696 2694 5752 nonnulli
2729 5696 2945 5757 habe-nt,
2992 5696 3292 5764 quiuliq‘ttitl
3341 5710 3453 5759 ege-

1872 5765 1999 5832 rint;
2021 5757 2213 5832 omisso,
2232 5778 2338 5814 nec.
2357 5767 2565 5832 Vaticani
2592 5779 2725 5832 vero,
2750 5757 3014 5832 nequequi'
3027 5757 3210 5832 aliquid
3233 5757 3453 5823 egerunt.

1871 5829 2236 5887 ttt‘uirannensis
2253 5835 2352 5878 Μς..
2380 5839 2466 5875 nec
2495 5827 2611 5875 dttm
2630 5824 2815 5887 aliquid
2839 5824 3057 5884 egissent.

1940 5892 1956 5919 ²
1995 5892 2161 5945 Abest,
2183 5888 2252 5937 »τι
2279 5888 2562 5946 (altsroﬁnktr,
2588 5902 2615 5935 a
2642 5884 2885 5938 nonnullis
2914 5884 3264 5945 llllltlllSl‘l‘lHlS.
