4016 6480
121 319 253 395 ἰεθ

156 442 260 482 tam
292 433 528 494 vocant,
563 426 662 483 nisi
693 426 838 499 quod
866 428 1066 484 dictum
1097 438 1199 496 est,
1235 430 1345 502 Ego
1374 445 1485 484 sum
1508 433 1653 500 panis
1685 434 1758 485 vi-

159 536 266 586 rus,
295 519 400 588 qui
427 520 494 572 de
521 519 648 574 caelo
673 519 943 587 descendi;
965 530 1037 587 et,
1071 520 1231 578 Panis
1257 539 1405 592 quem
1433 540 1524 594 ego
1550 524 1757 592 dedero,

159 628 274 663 raro
307 627 430 663 mea
451 619 530 664 est
560 626 656 678 pro
683 611 864 665 seculi
888 613 1026 677 vita;
1055 621 1125 676 et,
1159 612 1222 667 Si
1251 629 1354 667 non
1375 613 1760 668 manducaueri-

159 703 218 753 tis
260 715 484 753 carnem
527 698 660 754 Filii
698 701 921 756 hominis
947 711 996 756 et
1021 703 1319 772 sanguinem
1359 703 1612 770 biberilis,
1659 719 1760 758 non

164 791 408 844 habebitis
433 793 596 845 vitam
625 793 680 845 in
707 793 847 847 nobis
862 793 1041 863 (Joan.
1066 807 1138 857 vr,
1164 795 1254 860 5t,
1277 792 1367 860 52,
1398 793 1489 864 54)
1507 796 1529 848 ?
1549 794 1605 850 Si
1632 809 1760 864 ergo

168 891 218 934 ut
245 891 323 935 tot
355 891 416 937 et
451 891 602 938 tanta
629 882 812 939 divina
839 887 1142 942 testimonia
1169 887 1478 955 concinunt,
1503 901 1599 943 nec
1619 887 1761 944 salus

168 986 256 1025 nec
283 973 394 1024 vita
427 981 641 1028 aeterna
665 975 788 1030 sine
812 975 1083 1044 Daptismo
1101 985 1157 1031 et
1182 991 1408 1045 corpore
1431 986 1486 1033 et
1505 976 1761 1047 sanguine

161 1068 359 1123 Domini
391 1067 658 1136 cuiquam
685 1064 951 1135 speranda
999 1073 1099 1129 est,
1128 1063 1325 1118 frustra
1363 1065 1481 1118 sine
1511 1065 1594 1118 his
1638 1079 1763 1134 pro-

163 1161 376 1214 mittitur
427 1159 700 1229 parvulis.
745 1158 917 1212 Porro
959 1157 1004 1212 si
1047 1171 1078 1210 a
1125 1156 1296 1212 salute
1338 1171 1402 1212 ac
1431 1161 1538 1210 vlta
1565 1164 1762 1210 :eterna

163 1253 422 1307 hominem
452 1251 565 1311 nisi
599 1257 815 1320 peccata
847 1264 952 1304 non
990 1255 1272 1317 separant,
1305 1261 1400 1317 per
1429 1247 1546 1301 haec
1569 1246 1762 1302 Sacra-

165 1354 323 1399 menta
353 1343 590 1396 nonnisi
624 1341 828 1410 peccati
858 1347 1036 1394 reatus
1062 1339 1113 1392 in
1146 1338 1378 1408 parvulis
1406 1337 1629 1393 solvitur
1655 1355 1667 1390 :
1695 1337 1764 1393 de

165 1452 253 1507 quo
279 1444 438 1490 reatu
469 1433 740 1502 scriptum
773 1440 878 1497 est,
909 1430 1180 1485 neminem
1211 1443 1330 1484 esse
1359 1429 1637 1495 mundum,
1671 1445 1763 1482 nec

169 1530 199 1581 si
229 1527 374 1581 unius
407 1526 519 1578 diei
551 1524 711 1596 fuerit
736 1523 838 1575 vita
863 1523 974 1594 ejus
1003 1519 1141 1592 (Job
1169 1535 1258 1574 XlV
1277 1561 1292 1587 ,
1321 1519 1385 1586 4,
1414 1535 1514 1574 sec.
1547 1519 1691 1573 LXX
1715 1524 1758 1589 ).

173 1619 297 1676 [nde
331 1627 423 1674 est
457 1625 517 1673 et
548 1615 687 1670 illud
719 1615 769 1668 in
799 1613 1022 1670 Psalmis
1055 1631 1068 1668 :
1097 1611 1208 1683 Ego
1235 1612 1368 1666 enim
1404 1614 1458 1665 in
1486 1611 1762 1680 iniquitati-

173 1715 242 1765 bus
257 1719 542 1780 conceptus
570 1725 708 1772 sunt,
731 1717 777 1762 et
799 1707 851 1760 in
875 1705 1089 1776 peccatis
1113 1713 1274 1758 mater
1293 1721 1403 1758 mea
1431 1720 1510 1758 me
1535 1705 1589 1757 in
1619 1713 1761 1758 utero

93 1795 102 1808 ’
172 1807 270 1858 aluit
302 1803 485 1873 (Psal.
519 1817 574 1867 L,
607 1801 688 1867 7).
711 1800 818 1853 Aut
836 1798 981 1853 enim
1003 1813 1068 1852 ex
1093 1811 1320 1866 persona
1341 1795 1575 1866 generali
1595 1795 1760 1865 ipsius

173 1902 378 1955 hominis
404 1899 658 1963 dicitur,
689 1903 782 1951 aut
804 1895 849 1949 si
877 1892 1091 1964 proprie
1115 1891 1183 1947 de
1207 1907 1266 1946 se
1291 1890 1454 1945 David
1486 1890 1586 1945 hoc
1611 1890 1755 1957 dicit,

171 2009 257 2045 non
282 1993 469 2060 utique
499 1988 574 2044 de
603 1985 988 2050 fornicatione,
1020 1981 1115 2038 sed
1139 1981 1208 2037 de
1237 1981 1473 2052 legitimo
1495 1980 1759 2036 connubio

170 2095 302 2137 natus
323 2083 446 2137 fuit.
482 2080 608 2135 Non
635 2080 815 2148 itaque
840 2075 1143 2131 dubitemus
1162 2073 1322 2129 etiam
1347 2088 1444 2143 pro
1473 2071 1760 2129 infantibus

169 2173 494 2246 baptizandis
518 2170 843 2240 sanguinem
872 2164 1046 2222 fusum
1069 2207 1085 2233 ,
1117 2165 1207 2235 qui
1235 2165 1544 2235 priusquam
1570 2162 1761 2218 funde-

168 2279 330 2333 retur,
363 2268 448 2321 sic
478 2266 537 2319 in
569 2263 924 2318 Sacrameuto
950 2259 1105 2313 datus
1133 2266 1218 2312 est
1248 2266 1301 2312 et
1327 2255 1756 2323 commendatus,

169 2372 216 2412 ut
241 2361 556 2422 diceretur,
599 2353 700 2408 Hic
748 2361 821 2407 est
866 2349 1072 2421 sanguis
1115 2364 1290 2416 meus,
1326 2348 1412 2418 qui
1455 2363 1546 2416 pro
1588 2346 1760 2400 multis

167 2450 447 2516 effundatur
459 2450 513 2502 in
526 2446 879 2500 remissionem
903 2451 1224 2513 peccatorum
1243 2439 1459 2511 (Matth.
1479 2455 1626 2504 xxvn,
1642 2439 1756 2510 28).

166 2543 354 2614 Negant
379 2542 536 2597 enim
580 2539 704 2594 illos
729 2535 986 2602 liberari,
1015 2534 1107 2604 qui
1133 2533 1233 2588 sub
1263 2542 1480 2603 peccato
1505 2547 1624 2588 esse
1659 2547 1758 2587 no-

164 2636 478 2692 luutiatcri.
507 2633 641 2688 Nam
668 2630 811 2686 unde
852 2630 1180 2694 liberantur,
1227 2627 1271 2682 si
1317 2627 1462 2682 nulla
1503 2627 1760 2683 servitute

162 2728 370 2798 peccati
400 2731 652 2780 tEnentur
673 2721 955 2777 obstricti?

232 2819 326 2872 55.
373 2816 511 2886 Ego,
544 2815 720 2884 inquit,
751 2813 846 2867 tua:
867 2812 921 2865 in
949 2809 1196 2866 sarculum
1219 2809 1330 2864 veni
1351 2850 1364 2874 ,
1394 2818 1449 2862 ut
1490 2809 1652 2864 omnis
1675 2810 1760 2880 qui

171 2907 446 2963 credith
465 2906 521 2959 in
541 2920 634 2971 me,
663 2921 765 2958 non
790 2911 993 2956 maneat
1015 2903 1069 2955 in
1092 2899 1304 2954 tenebris
1326 2899 1501 2972 (Joun.
1526 2916 1620 2968 xu,
1644 2899 1758 2971 46).

175 3000 276 3054 lloc
298 2998 447 3052 dicto
473 2996 603 3067 quid
633 2993 900 3060 ostendit,
929 2992 1029 3046 nisi
1054 2993 1108 3046 in
1134 2991 1368 3046 tenebris
1401 3005 1520 3046 esse
1545 3005 1760 3046 onmem

176 3093 258 3162 qui
281 3107 384 3146 nou
414 3088 594 3145 credit
615 3089 668 3142 in
693 3102 840 3153 eum,
859 3095 916 3141 ει
936 3082 1204 3140 credendo
1229 3082 1444 3138 eflicere
1460 3097 1528 3137 ne
1548 3090 1762 3137 maneat

175 3187 222 3239 in
247 3181 521 3240 tenebris?
552 3181 663 3236 Has
704 3179 955 3235 tenebras
989 3177 1117 3248 quid
1145 3176 1245 3232 nisi
1273 3184 1486 3245 peccata
1514 3174 1761 3246 intelligi-

175 3275 444 3333 mus?Sed
474 3272 758 3344 quodlibet
798 3269 943 3325 aliud
981 3269 1344 3340 intelligantur
1383 3270 1465 3323 ha:
1503 3268 1757 3336 tenebrae,

174 3368 397 3438 profecto
422 3367 518 3438 qui
548 3381 660 3421 non
690 3361 862 3419 credit
887 3363 940 3416 in
964 3360 1260 3427 Christum,
1290 3359 1525 3415 manebit
1554 3360 1607 3414 in
1637 3360 1715 3416 eis
1742 3377 1756 3415 :

176 3471 222 3514 et
239 3461 410 3530 utique
425 3457 680 3529 ptenales
696 3463 841 3520 sunt,
867 3469 971 3509 non
983 3453 1134 3524 quasi
1155 3461 1429 3507 nocturnae
1443 3451 1509 3506 ad
1526 3451 1760 3522 quietem

178 3552 515 3606 animantium
557 3546 908 3604 necessariae.

236 3641 458 3699 CAPUT
485 3639 659 3695 XXV.
684 3668 754 3679 -—
776 3635 1030 3691 Parvulos
1051 3650 1171 3690 mox
1196 3644 1342 3689 natos
1357 3633 1636 3689 illuminari
1655 3634 1764 3704 qui-

180 3739 279 3788 dam
295 3749 565 3805 perperam
581 3730 886 3801 colligebant
903 3745 964 3783 ea:
981 3727 1274 3799 Evangelia.
1290 3727 1518 3782 Proinde
1536 3726 1760 3796 parvuli,

181 3832 214 3880 si
234 3843 322 3897 per
350 3828 768 3882 Sacramentum
793 3821 936 3893 quod
960 3821 1027 3877 ad
1055 3821 1155 3877 hoc
1187 3820 1438 3876 divinitus
1466 3821 1762 3875 institutum

183 3929 267 3986 est,
298 3920 352 3973 in
377 3918 720 3974 credentium
751 3929 1031 3970 numerum
1069 3929 1175 3969 non
1207 3922 1494 3980 transeant,
1527 3912 1764 3984 profecto

184 4013 227 4064 in
247 4013 328 4066 bis
350 4010 594 4066 tenebris
619 4008 992 4065 remanebunt.

239 4108 325 4160 ω.
367 4106 629 4174 Quamvis
681 4119 776 4158 eos
825 4101 1067 4156 nonnulli
1109 4115 1232 4156 mox
1281 4109 1437 4156 natos
1477 4100 1764 4156 illuminari

180 4198 406 4263 credant,
435 4198 518 4252 sic
547 4195 910 4265 intelligentes
937 4191 1082 4264 quod
1108 4193 1364 4263 scriptum
1393 4199 1496 4258 est,
1527 4191 1654 4246 Erat
1679 4191 1762 4246 lu-

180 4306 277 4342 men
304 4305 502 4354 verum,
525 4286 662 4359 quod
690 4285 944 4340 illuminat
982 4299 1180 4338 onmem
1209 4284 1461 4337 hominem
1489 4284 1766 4338 venientem

178 4384 220 4435 in
247 4383 386 4435 hanc
411 4379 668 4434 mundum
716 4376 829 4449 (Id.
861 4392 898 4444 ι,
925 4377 1002 4446 9).
1027 4375 1177 4444 Quod
1205 4376 1249 4430 si
1278 4376 1348 4430 ita
1389 4385 1490 4441 est,
1538 4376 1764 4432 multum

178 4471 478 4528 mirandum
523 4478 609 4525 est
649 4467 919 4539 quomodo
966 4467 1248 4521 illuminati
1295 4465 1363 4520 ab
1413 4466 1570 4520 unico
1608 4466 1763 4534 Filio,

177 4565 308 4636 quod
334 4570 456 4618 erat
486 4561 539 4615 in
567 4559 828 4630 principio
851 4558 1079 4613 Verbum
1108 4559 1246 4612 Deus
1275 4556 1414 4629 apud
1447 4556 1633 4624 Deum,
1659 4573 1765 4612 nou

175 4657 526 4710 admittantur
572 4649 640 4706 ad
683 4665 903 4721 regnum
945 4649 1060 4714 Dei,
1094 4663 1191 4704 nec
1223 4649 1343 4730 .sint
1381 4648 1623 4704 hatredes
1647 4649 1762 4718 Dei,

172 4749 490 4805 cellar-edes
516 4757 693 4802 autem
730 4743 948 4800 Christi.
979 4744 1089 4799 l‘loc
1119 4745 1259 4798 enim
1299 4745 1376 4799 eis
1410 4743 1509 4798 nisi
1538 4759 1632 4813 per
1662 4743 1764 4797 Ba-

173 4844 429 4910 ptismum
454 4853 563 4894 non
591 4837 853 4908 praestari,
880 4837 1039 4891 etiam
1073 4834 1163 4906 qui
1193 4835 1293 4890 hoc
1324 4836 1576 4901 sentiunt,
1600 4835 1765 4889 conli-

173 4942 376 4987 tentur.
410 4931 619 4986 Deinde
659 4930 769 5000 jam
811 4927 1112 4992 illuminati,
1149 4926 1194 4981 si
1229 4927 1295 4981 ad
1333 4925 1766 4997 consequendum

170 5039 399 5095 regnum
432 5023 529 5076 Dei
557 5021 792 5076 nondum
833 5029 956 5074 sunt
995 5019 1208 5084 idonei;
1239 5019 1424 5073 saltem
1465 5018 1637 5088 ipsum
1669 5021 1768 5073 Ba-

170 5120 453 5188 ptismum,
483 5112 686 5186 quoad
725 5113 828 5168 hoc
853 5112 1024 5166 idonei
1056 5111 1206 5176 fiunt,
1239 5111 1344 5164 lzeti
1371 5111 1642 5181 suscipere
1671 5111 1765 5166 de—

168 5213 444 5268 buerunt:
473 5209 559 5263 cui
593 5217 769 5262 tamen
799 5221 891 5259 eos
915 5204 1157 5259 videmus
1177 5219 1298 5259 cum
1328 5203 1533 5274 magnis
1558 5203 1770 5260 ﬂetibus

168 5304 449 5370 reluctari,
479 5315 710 5372 eamque
738 5297 1089 5369 ignorantiam
1113 5297 1164 5351 in
1193 5297 1278 5351 illa
1299 5303 1454 5350 :etate
1473 5297 1771 5351 contemni-

169 5413 311 5464 mus,
345 5405 407 5450 ut
442 5395 794 5451 Sacramenta
825 5406 942 5460 qua:
987 5391 1087 5444 illis
1114 5388 1368 5460 prodesse
1407 5389 1684 5452 novimus,
1717 5390 1768 5442 in

165 5491 245 5543 eis
293 5488 461 5543 etiam
509 5483 902 5542 reluctantibus
942 5482 1324 5551 compleamus.
1374 5479 1480 5534 Cur
1523 5481 1664 5535 enim
1716 5490 1771 5534 et

169 5581 465 5651 Apostolus
494 5579 655 5642 dicit,
686 5573 864 5628 Nolite
887 5576 1028 5644 pueri
1058 5591 1164 5628 esse
1186 5573 1432 5627 mentibus
1452 5571 1634 5642 (lCor.
1653 5586 1768 5638 xiv,

166 5672 294 5744 20);
337 5673 380 5728 si
409 5675 521 5742 jam
569 5667 783 5724 lumine
816 5665 906 5718 illo
934 5680 1059 5720 vero
1084 5665 1222 5732 quod
1265 5663 1496 5719 Verbum
1540 5664 1627 5719 Dei
1666 5673 1766 5729 est,

171 5781 355 5820 eorum
385 5774 598 5822 mentes
633 5757 951 5816 illuruiuata:
981 5760 1144 5813 sunt?

1484 337 1488 342 ‘
1559 317 1756 374 ιιιιειι
1806 311 2074 368 PRIMUS.

3363 327 3466 386 £30

1952 427 2038 480 37.
2081 427 2259 497 Itaque
2289 427 2417 485 illud
2456 434 2599 503 quod
2645 438 2697 490 in
2747 437 3035 508 Evangelia
3079 440 3308 509 positum
3354 450 3459 505 est,

1873 518 2002 572 Erat
2031 519 2198 573 lumen
2216 537 2404 589 verum,
2423 525 2557 594 quod
2585 526 2844 583 illuminat
2869 546 3068 584 omnem
3097 532 3350 588 hominem
3376 549 3461 588 ve-

1871 609 2087 663 nientem
2111 614 2165 665 in
2195 611 2328 666 hunc
2348 616 2610 684 mundum,
2637 617 2754 673 ideo
2779 620 2978 676 dictum
3003 631 3106 688 est,
3135 624 3258 693 quia
3284 623 3460 682 nullus

1873 698 2148 756 hominum
2176 702 2504 761 illuminatur
2542 709 2644 762 nisi
2674 710 2766 764 illo
2792 711 2990 768 lumine
3018 715 3280 780 veritatis,
3314 717 3456 786 quod

1873 789 2018 847 Deus
2042 800 2124 848 est
2150 812 2162 847 :
2191 810 2258 849 ne
2277 797 2557 867 quisquam
2589 810 2797 869 putaret
2820 804 2888 858 ab
2915 819 2982 860 eo
3006 819 3065 860 se
3091 806 3404 875 illuminari,
3429 824 3458 862 a

1870 896 1978 952 quo
1999 883 2147 938 audit
2170 885 2184 915 ¹
2212 893 2268 938 ut
2288 885 2477 954 discat,
2506 904 2611 944 non
2636 889 2777 956 dico,
2800 892 2845 946 si
2865 908 3180 965 quemquam
3206 912 3456 968 magnum

1870 973 2172 1044 hominem,
2207 977 2300 1032 sed
2328 980 2348 1009 ’
2379 995 2480 1034 nec
2517 980 2562 1034 si
2590 983 2834 1052 angelum
2865 985 2915 1039 ei
2957 987 3230 1057 contingat
3257 988 3456 1046 habere

1869 1063 2162 1121 doctorem.
2188 1068 2485 1126 Adhibetur
2505 1073 2646 1126 enim
2669 1087 2846 1129 sermo
2864 1076 3102 1131 veritatis
3125 1080 3459 1135 extrinsecus

1867 1157 2016 1210 vocis
2041 1159 2337 1215 ministerio
2374 1164 2702 1232 corporalis,
2753 1176 3117 1222 verumtamen
3165 1185 3322 1240 neque
3367 1172 3458 1242 qui

1867 1246 2066 1315 plantat
2093 1261 2166 1303 est
2187 1253 2399 1322 aliquid,
2419 1270 2575 1325 neque
2601 1257 2686 1324 qui
2712 1257 2863 1327 rigat,
2888 1259 2976 1313 sed
2994 1261 3082 1329 qui
3100 1261 3458 1316 incrementum

1867 1335 1954 1390 dat
1998 1337 2136 1394 Deus
2163 1339 2342 1413 (lCor.
2377 1359 2450 1408 ιιι,
2484 1343 2560 1412 7).
2590 1345 2749 1401 Audit
2774 1347 2968 1418 quippe
2997 1349 3158 1404 homo
3186 1352 3455 1408 dicentem

1866 1431 1949 1485 vel
1971 1430 2239 1488 hominem
2263 1435 2345 1489 vel
2365 1436 2642 1506 angelum;
2671 1440 2764 1494 sed
2793 1451 2848 1495 ut
2873 1443 3067 1498 sentiat
3087 1452 3142 1498 et
3167 1454 3455 1516 cognoscat

1866 1537 2053 1578 verum
2074 1539 2194 1581 esse
2219 1527 2360 1596 quod
2387 1528 2600 1595 dicitur,
2635 1531 2724 1585 illo
2753 1531 2952 1588 lumine
2980 1534 3121 1589 intus
3151 1551 3302 1592 mens
3333 1537 3455 1607 ejus

1866 1615 2182 1685 aspergitur,
2214 1617 2358 1687 quod
2386 1628 2644 1674 :eternum
2668 1632 2848 1677 manet
2873 1623 2915 1691 ³,
2937 1623 3081 1693 quod
3109 1625 3269 1680 etiam
3294 1626 3347 1681 in
3377 1638 3457 1683 te-

1865 1705 2046 1761 nebris
2073 1707 2231 1763 lucet.
2262 1708 2369 1763 Sed
2396 1709 2535 1764 sicut
2557 1711 2638 1765 sol
2669 1712 2767 1766 iste
2795 1727 2825 1766 a
2853 1713 3010 1768 caecis
3032 1755 3048 1780 ,
3095 1717 3338 1785 quamvis
3361 1732 3455 1772 eos

1865 1797 1978 1852 suis
2006 1798 2168 1854 radiis
2195 1799 2423 1868 quodam
2455 1801 2615 1856 modo
2640 1803 2864 1871 vestiat,
2894 1804 2974 1860 sic
3005 1805 3073 1860 ab
3097 1807 3335 1863 stultitia:
3371 1817 3452 1865 te-

1866 1887 2049 1942 nebris
2075 1904 2181 1944 non
2209 1891 2699 1961 comprehenditur.

1936 1979 2026 2034 38.
2066 1979 2173 2034 Cur
2191 1991 2386 2048 autem,
2412 1998 2533 2038 cum
2554 1983 2796 2052 dixisset,
2818 1987 2954 2058 quod
2973 1988 3232 2042 illuminat
3251 2005 3452 2045 omnem

1866 2071 2153 2139 hominem;
2179 2074 2459 2143 addiderit,
2489 2077 2766 2132 venientem
2788 2079 2840 2132 in
2860 2079 2994 2134 hunc
3015 2081 3292 2150 mundum;
3314 2083 3455 2140 unde

1866 2161 1982 2218 haec
2007 2164 2188 2233 opinio
2209 2174 2328 2220 nata
2351 2175 2452 2233 est,
2477 2167 2620 2237 quod
2641 2169 2693 2222 in
2719 2178 2908 2224 exortu
2929 2173 3193 2241 corporali
3211 2173 3279 2228 ab
3301 2184 3455 2231 utero

1865 2255 2056 2311 matris
2081 2259 2448 2314 recentissimo
2470 2259 2730 2314 illuminet
2749 2270 2956 2316 mentes
2977 2263 3307 2318 nasccntium
3329 2279 3457 2333 par-

1863 2346 2111 2402 vulorum
2139 2367 2152 2402 :
2181 2349 2422 2418 quamvis
2466 2349 2518 2404 iu
2559 2365 2736 2420 graeco
2778 2353 2849 2406 ita
2878 2353 2948 2406 sit
2990 2354 3220 2424 positum
3263 2353 3362 2428 (a),
3396 2365 3455 2411 ut

1864 2438 2033 2506 possit
2072 2439 2232 2493 etiam
2263 2439 2482 2510 intelligi
2520 2440 2697 2496 lumen
2739 2442 2912 2512 ipsum
2950 2445 3169 2502 veniens
3214 2447 3268 2502 in
3313 2447 3454 2504 hunc

1864 2527 2169 2583 mundum:
2217 2539 2392 2585 tamen
2441 2532 2487 2586 si
2532 2530 2802 2587 hominem
2854 2536 3156 2591 venientem
3211 2539 3262 2592 in
3310 2540 3453 2595 hunc

1864 2618 2118 2673 mundum
2142 2659 2156 2683 ,
2189 2634 2410 2675 necesse
2446 2629 2529 2674 est
2554 2623 2760 2692 accipi,
2789 2632 2882 2677 aut
2908 2625 3225 2695 simpliciter
3248 2629 3450 2684 dictum

1863 2709 2114 2778 arbitror,
2138 2710 2274 2765 sicut
2299 2712 2462 2766 multa
2486 2713 2537 2766 in
2565 2713 2853 2782 Scripturis
2876 2717 3234 2785 reperiuntur,
3258 2720 3452 2790 quibus

1864 2801 2025 2856 etiam
2054 2801 2306 2858 detractis
2334 2802 2464 2857 nihil
2492 2804 2774 2860 sententia:
2799 2806 3102 2874 minuatur;
3134 2818 3226 2863 aut
3254 2809 3299 2864 si
3331 2827 3453 2881 pro-

1864 2903 1984 2965 pter
2007 2895 2239 2966 aliquam
2276 2894 2672 2952 distinctionem
2702 2897 2937 2952 additum
2982 2913 3103 2954 esse
3127 2899 3451 2958 credendum

1866 2997 1968 3053 est,
1993 2987 2222 3043 fortasse
2251 2986 2352 3043 hoc
2381 2987 2580 3043 dictum
2607 2997 2727 3055 est,
2757 2990 2824 3045 ad
2851 2989 3259 3048 discernendam
3287 2995 3451 3064 spiri-

1867 3078 2063 3134 tualem
2085 3079 2526 3137 illuminatiouem
2552 3082 2620 3136 ab
2645 3083 2744 3136 ista
2767 3084 3053 3153 corporali,
3076 3101 3196 3156 quae
3220 3088 3331 3143 sive
3358 3103 3454 3159 per

1865 3171 1989 3226 celi
2009 3170 2310 3238 luminaria,
2330 3171 2442 3227 sive
2457 3173 2753 3243 quibusque
2769 3173 2791 3205 ⁸
2814 3174 3021 3244 ignibus
3042 3176 3305 3233 illuminat
3328 3194 3457 3234 ocu-

1865 3263 1946 3319 los
1971 3263 2180 3329 carnis;
2203 3273 2260 3317 ut
2285 3263 2555 3319 hominem
2582 3265 2890 3320 interiorem
2918 3267 3119 3323 dixerit
3147 3272 3452 3328 venientem

1866 3353 1922 3408 in
1952 3353 2094 3408 hunc
2122 3352 2396 3418 mundum,
2447 3354 2569 3423 quia
2597 3357 2833 3410 exterior
2860 3371 3153 3426 corporeus
3178 3370 3280 3426 est,
3320 3362 3456 3417 sicut

1866 3443 1955 3501 hic
1983 3444 2252 3511 mundus;
2286 3454 2533 3516 tanquam
2561 3445 2786 3513 diceret,
2828 3447 3094 3504 llluminat
3117 3465 3332 3506 omnem
3359 3452 3457 3508 ho-

1866 3538 2067 3595 minem
2096 3539 2395 3594 venientem
2442 3538 2496 3592 in
2536 3553 2766 3610 corpus,
2798 3541 3089 3597 secundum
3133 3543 3267 3598 illud
3311 3544 3456 3614 quod

1867 3630 2123 3702 scriptum
2149 3639 2269 3686 est:
2299 3629 2524 3686 Sortitus
2551 3647 2664 3686 sum
2689 3632 2912 3686 animam
2937 3631 3119 3687 bonam
3142 3675 3158 3700 ,
3189 3641 3234 3690 et
3259 3635 3371 3689 aeui
3401 3635 3458 3691 in

1868 3738 2052 3794 corpus
2090 3722 2520 3792 incoinquinalum
2559 3721 2728 3794 (Sap.
2757 3739 2852 3779 vui
2874 3765 2891 3792 ,
2921 3724 2988 3780 l9
3008 3766 3024 3793 ,
3067 3725 3138 3780 ΞΟ
3163 3726 3202 3796 ).
3230 3727 3338 3782 Aut
3365 3742 3456 3784 er-

1868 3828 1937 3885 go
1985 3813 2064 3868 sic
2114 3813 2312 3868 dictum
2360 3822 2472 3878 est,
2519 3814 2567 3868 si
2613 3813 2972 3870 distinctionis
3009 3817 3234 3888 alicujus
3279 3819 3452 3890 gratia

1869 3905 2067 3961 dictum
2119 3913 2249 3970 est;
2303 3903 2570 3958 llluminat
2618 3921 2815 3960 omnem
2867 3907 3120 3961 hominem
3175 3910 3454 3965 venientem

1869 3996 1923 4050 in
1941 3995 2074 4050 hunc
2117 3994 2394 4061 mundum,-
2439 4004 2689 4066 tanquam
2731 3996 2932 4053 dictum
2971 4008 3147 4066 esset,
3193 4000 3459 4056 llluminat

1870 4102 2086 4144 omnem
2153 4088 2460 4144 interiorem
2506 4088 2813 4156 hominem,
2861 4092 2982 4161 quia
3027 4091 3186 4147 homo
3235 4093 3459 4149 interior

1870 4194 1992 4235 cum
2042 4179 2299 4234 veraciter
2336 4178 2394 4234 lit
2439 4179 2652 4250 sapiens
2686 4219 2703 4245 ,
2758 4181 2969 4236 nonnisi
3018 4182 3086 4238 ab
3120 4182 3213 4239 illo
3262 4183 3460 4240 illumi-

1871 4281 2028 4327 natur
2052 4273 2140 4342 qui
2163 4271 2184 4303 ⁵
2210 4280 2293 4328 est
2312 4272 2488 4326 lumen
2519 4287 2702 4326 verum
2729 4289 2741 4326 :
2765 4281 2859 4328 aut
2881 4273 2926 4327 si
2955 4274 3215 4330 rationem
3250 4276 3419 4346 ipsam
3441 4316 3456 4344 ,

1871 4381 1974 4438 qua
2011 4366 2242 4420 humana
2281 4365 2456 4418 anima
2494 4365 2767 4420 rationalis
2810 4367 3128 4436 appellatur,
3171 4383 3291 4437 qua:
3322 4370 3459 4424 ratio

1870 4457 2044 4512 adhuc
2086 4457 2231 4511 velut
2276 4455 2451 4525 quieta
2488 4463 2544 4509 et
2579 4456 2728 4525 quasi
2765 4457 2956 4525 s0pitn,
3006 4465 3180 4512 tamen
3222 4458 3378 4512 insita
3403 4469 3460 4515 et

1872 4547 2102 4619 quodam
2141 4545 2300 4600 modo
2329 4544 2643 4600 inseminata
2671 4544 2723 4599 in
2750 4546 2982 4614 parvulis
3007 4545 3154 4613 latet,
3183 4547 3456 4604 illumina-

1873 4639 2072 4696 tionem
2130 4638 2297 4693 voluit
2341 4636 2639 4706 appellare,
2699 4645 2949 4707 tanquam
3000 4637 3271 4694 interioris
3315 4641 3458 4698 oculi

1872 4733 2198 4790 creationem
2215 4748 2228 4796 ;
2246 4745 2350 4785 non
2367 4729 2720 4785 resistendum
2747 4738 2848 4796 est,
2869 4739 2994 4786 tunc
3017 4745 3135 4786 eam
3163 4732 3276 4787 fieri
3297 4749 3314 4798 ;
3335 4747 3459 4789 cum

1873 4825 2051 4879 anima
2099 4831 2330 4889 creatur,
2383 4828 2438 4877 et
2479 4835 2586 4876 non
2635 4820 2860 4876 absurde
2907 4821 3011 4878 hoc
3053 4823 3292 4895 intelligi,
3337 4840 3458 4881 cum

1877 4916 2038 4970 homo
2074 4914 2221 4968 venit
2266 4913 2319 4967 in
2363 4912 2641 4967 mundum.
2688 4911 3066 4970 Verumtamen
3110 4916 3270 4969 etiam
3320 4915 3456 4986 ipse,

1874 5005 2116 5078 quamvis
2137 5007 2247 5075 jam
2277 5012 2484 5059 creatus
2521 5004 2706 5058 oculus
2733 5045 2748 5069 ,
2790 5018 3012 5060 necesse
3036 5005 3195 5060 estin
3227 5006 3460 5063 tenebris

1877 5105 2106 5162 maneat,
2134 5095 2180 5150 si
2207 5109 2312 5150 non
2353 5093 2536 5150 credat
2563 5093 2617 5148 in
2665 5108 2787 5148 eum
2831 5095 2920 5164 qui
2955 5094 3108 5160 dixit,
3147 5095 3258 5167 Ego
3283 5097 3375 5152 tua:
3400 5099 3455 5153 in

1940 5211 1967 5282 t_
1991 5207 2106 5282 editi
2125 5240 2140 5267 ,
2182 5220 2214 5256 a
2238 5218 2330 5269 quo
2351 5203 2533 5270 aliquid
2557 5203 2714 5254 audit.
2754 5205 2939 5268 Abest,
2975 5204 3190 5271 aliquid,
3239 5220 3268 5257 a
3291 5220 3460 5258 manu-

1877 5277 2249 5390 “militum,
2289 5329 2399 5387 sed,
2424 5334 2537 5376 ante
2561 5327 2730 5394 verba,
2755 5339 2842 5378 nec
2867 5328 2912 5379 si
2933 5328 3155 5394 tntgelum
3175 5369 3187 5391 ,
3217 5332 3461 5394 prmteriri

1875 5400 2067 5464 potest;
2109 5401 2162 5443 et
2191 5404 2370 5464 revera
2391 5391 2668 5464 praeteritur
2693 5390 2741 5464 in
2767 5390 3136 5464 ιιιειιιιιςξειδῖμιὶες.⁸
3176 5390 3180 5391 ⁷
3218 5390 3230 5394 “
3259 5453 3272 5464 ¹

1941 5456 1960 5486 ³
1995 5461 2104 5504 ων.
2132 5492 2145 5514 ,
2188 5455 2314 5516 quod
2347 5453 2398 5502 in
2435 5457 2668 5501 aeternum
2690 5459 2870 5502 mmet.
2915 5452 3081 5514 Abest,
3117 5453 3188 5516 in,
3231 5453 3292 5501 ab
3315 5452 3461 5502 editis

1875 5515 1980 5584 aliis
2005 5525 2107 5584 et_a_
2128 5515 2479 5584 matmscriptis.
2745 5581 2762 5584 _
2817 5575 2831 5584 _
2975 5577 2986 5584 ,
3172 5515 3202 5584 ν,
3254 5582 3259 5584 _
3406 5575 3436 5584 ..

1940 5582 1962 5610 δ
1995 5579 2142 5627 εᾱιιὶο
2163 5585 2290 5637 lov.,
2315 5575 2703 5640 quibuscumque.
2740 5575 2832 5624 sed
2864 5577 3039 5638 passim
3081 5575 3206 5640 apud
3241 5575 3462 5636 Augusti-

1878 5653 1992 5688 num
2009 5673 2024 5697 ,
2046 5634 2337 5701 quibusque;
2363 5651 2468 5700 pro,
2491 5634 2883 5701 quibuscumque.

1941 5702 1961 5733 ⁵
1993 5695 2170 5748 omnes
2193 5695 2298 5749 MSS.
2319 5695 2435 5750 cum
2454 5695 2578 5759 mn,
2599 5695 2745 5760 quod.

1941 5763 2012 5824 (η)
2049 5769 2386 5814 εντιιοηιιίιοιι.
