4016 6506
567 367 663 424 I31

563 478 806 535 siccatum
829 475 941 532 veni
963 517 979 543 ,
1003 480 1056 528 ut
1082 471 1246 527 omnis
1266 469 1353 541 qui
1374 468 1532 523 credit
1559 469 1610 521 in
1646 481 1723 520 me
1748 481 1846 518 non
1876 470 2074 517 maneat
2102 460 2154 515 in

566 569 799 625 tenebris.
822 564 977 636 Quod
1014 580 1109 635 per
1132 570 1522 618 sacramentum
1551 556 1892 628 Baptismatis
1916 556 1930 587 ¹
1956 553 2009 608 in
2032 566 2155 624 par-

565 660 702 716 vulis
732 658 847 714 ﬁeri
876 671 981 712 non
1008 654 1214 709 dubitat
1240 660 1413 706 mater
1438 649 1700 710 Ecclesia,
1723 662 1842 717 quae
1858 660 1953 699 cor
1971 652 2027 698 et
2044 657 2107 697 os
2132 643 2154 674 ⁸

567 761 864 806 maternum
892 748 971 803 eis
993 753 1228 817 praestat,
1252 754 1309 798 ut
1330 743 1500 800 sacris
1517 739 1786 815 mysteriis
1815 738 2152 801 imbuantur;

563 842 685 911 quia
718 839 950 893 nondum
984 846 1207 906 possunt
1234 834 1397 891 corde
1426 833 1644 904 proprio
1668 830 1887 886 credere
1908 828 1973 884 ad
1999 828 2157 899 justi-

564 934 712 996 tiam,
743 944 843 985 nec
864 943 960 983 ore
990 919 1206 997 proprio
1233 925 1476 981 conﬁteri
1516 922 1582 978 ad
1624 922 1853 977 salutem
1877 921 2057 991 (Rom.
2090 935 2150 986 ι,

565 1021 694 1091 10).
734 1019 846 1076 Nec
894 1018 1015 1074 ideo
1057 1026 1233 1072 tamen
1261 1030 1356 1071 eos
1383 1015 1661 1085 quisquam
1702 1012 1938 1067 ﬁdelium
1969 1010 2156 1065 ﬁdeles

563 1111 835 1181 appellare
876 1118 1176 1175 cunctatur,
1206 1107 1347 1179 quod
1386 1121 1415 1160 a
1445 1104 1714 1161 credendo
1745 1103 1929 1174 utique
1957 1115 2156 1157 nomen

562 1215 646 1258 est
677 1222 690 1258 :
718 1204 961 1273 quamvis
988 1203 1089 1257 hoc
1119 1217 1224 1256 non
1268 1199 1403 1270 ipsi,
1433 1198 1528 1254 sed
1558 1198 1646 1253 alii
1673 1212 1771 1269 pro
1795 1196 1876 1252 eis
1898 1195 2037 1252 inter
2064 1208 2155 1250 sa-

566 1305 844 1353 cramenta
872 1292 1268 1365 responderint.

634 1385 863 1444 CAPUT
899 1385 1090 1441 XXVI.
1122 1412 1185 1426 --
1232 1381 1322 1438 59.
1371 1378 1638 1436 Concludit
1688 1385 1893 1450 peccato
1947 1374 2157 1448 originis

563 1495 738 1533 omnes
765 1479 1026 1533 obnoxios.
1055 1475 1224 1531 Nimis
1244 1475 1459 1543 longum
1487 1473 1597 1537 ﬁet,
1630 1471 1676 1524 si
1706 1469 1772 1524 ad
1816 1468 2027 1540 singula
2077 1474 2157 1523 te-

566 1570 815 1625 stimonia
850 1568 1100 1625 similiter
1118 1567 1469 1637 disputemus.
1500 1563 1654 1620 Unde
1680 1562 2013 1618 commodius
2036 1574 2159 1618 esse

564 1661 818 1725 arbitror,
844 1659 1134 1715 acervatim
1165 1672 1375 1729 cogere,
1416 1671 1537 1727 qua:
1564 1669 1849 1711 occurrere
1865 1652 2153 1724 potuerint,

565 1751 651 1806 vel
670 1767 789 1822 quae
815 1749 1066 1807 sufﬁcere
1106 1749 1444 1815 videbuntur,
1476 1747 1670 1818 quibus
1697 1753 1952 1817 appareat
1978 1744 2160 1800 Domi-

566 1857 693 1898 num
724 1841 908 1897 Iesum
936 1840 1207 1896 Christum
1245 1853 1355 1895 non
1385 1838 1541 1894 aliam
1571 1840 1642 1892 ob
1667 1851 1882 1892 causam
1915 1837 1968 1891 in
1995 1848 2158 1892 carne

566 1934 800 2000 venisse,
842 1948 906 1988 ac
948 1932 1119 1987 forma
1160 1931 1301 1987 servi
1334 1938 1549 2003 accepta
1582 1929 1781 1985 factum
1818 1929 2156 1986 obedientem

564 2041 730 2096 usque
757 2024 826 2080 ad
850 2033 1076 2079 mortem
1105 2024 1280 2079 crucis
1308 2020 1566 2094 (Philipp.
1588 2037 1646 2087 tt,
1665 2022 1718 2086 7,
1740 2019 1819 2095 8),
1846 2020 1947 2076 nisi
1981 2029 2037 2075 ut
2058 2019 2157 2076 hac

565 2118 963 2188 dispensatione
987 2115 1501 2172 misericordissima:
1521 2115 1707 2186 gratiae
1733 2128 1940 2181 omnes,
1963 2111 2157 2184 quibus

565 2219 816 2281 tanquam
866 2208 1123 2264 membris
1174 2207 1228 2262 in
1283 2222 1381 2262 suo
1416 2220 1645 2279 corpore
1669 2205 1970 2261 constitutis
1999 2211 2159 2275 caput

563 2314 648 2358 est
689 2302 755 2358 ad
811 2300 1197 2381 capessendum
1249 2316 1471 2373 regnum
1513 2300 1794 2368 celerum,
1838 2298 2153 2365 viviﬁcarct,

562 2394 741 2448 salvos
771 2392 988 2457 faceret,
1019 2393 1295 2462 liberaret,
1326 2392 1638 2459 redimeret,
1682 2390 2027 2457 illuminaret,
2064 2389 2156 2461 qui

564 2483 713 2552 prius
740 2482 964 2538 fuissent
989 2482 1041 2536 in
1071 2489 1411 2553 peccatorum
1432 2489 1625 2547 morte,
1655 2479 2018 2551 languoribus,
2041 2493 2157 2535 ser-

563 2577 751 2642 vitute,
783 2575 1110 2646 captivitate,
1150 2575 1382 2629 tenebris
1422 2572 1717 2638 constituti,
1767 2571 1869 2627 sub
1893 2578 2156 2643 potestate

560 2671 759 2725 diaboli
792 2669 1043 2740 principis
1080 2677 1458 2739 peccatorum:
1486 2681 1549 2721 ac
1573 2666 1652 2721 sic
1700 2664 1852 2721 ﬁeret
1894 2664 2156 2725 mediator

566 2763 657 2817 Dei
688 2770 740 2815 ct
772 2762 1069 2827 hominum,
1097 2775 1195 2830 per
1212 2773 1369 2829 quem
1392 2766 1512 2829 post
1537 2756 1842 2825 inimicitias
1864 2755 2155 2827 impietatis

560 2861 796 2918 nostras,
843 2851 986 2907 illius
1024 2851 1213 2922 gratiae
1256 2864 1386 2920 pace
1426 2847 1633 2915 ﬁnitas,
1682 2846 2155 2902 reconciliarcmur

563 2946 672 3000 Deo
698 2944 749 2999 in
776 2953 1033 2998 :eternam
1060 2942 1244 3008 vitam,
1273 2940 1341 2994 ab
1369 2948 1571 2996 aeterna
1607 2948 1787 2995 morte
1811 2954 1933 3010 qua:
1961 2938 2153 2995 talibus

563 3034 906 3106 impendebat
926 3034 1118 3105 erepti.
1146 3033 1259 3089 lloc
1287 3032 1427 3088 enim
1457 3047 1577 3087 cum
1601 3030 1955 3086 abundantius
1983 3042 2151 3101 appa-

561 3127 750 3193 ruerit,
781 3139 1116 3196 conscqucns
1138 3124 1243 3180 erit
1273 3130 1327 3178 ut
1364 3121 1433 3178 ad
1458 3124 1616 3178 istam
1642 3121 1839 3177 Christi
1869 3121 2150 3193 dispensao

561 3220 784 3285 tionem,
812 3233 930 3289 quae
951 3231 1049 3288 per
1070 3217 1186 3288 ejus
1208 3215 1561 3271 humilitatem
1585 3212 1722 3270 facta
1746 3224 1849 3278 est,
1882 3214 2152 3285 pertinere

558 3329 665 3366 non
684 3311 907 3382 possint,
926 3312 1016 3382 qui
1033 3311 1156 3377 vita,
1182 3310 1374 3374 salute,
1403 3307 1739 3374 liberatione,
1759 3305 2144 3376 redemptione,

561 3404 947 3460 illuminatione
960 3417 1065 3457 non
1079 3400 1334 3473 indigent.
1352 3398 1418 3455 Et
1431 3399 1682 3470 quoniam
1693 3398 1758 3453 ad
1773 3397 1909 3452 hanc
1921 3398 2151 3469 pertinet

558 3497 880 3568 Baptismns,
895 3494 1227 3566 quoChristo
1250 3491 1777 3562 consepcliuntur,ut
1799 3491 2150 3561 incorporea-

558 3599 645 3645 tur
661 3588 734 3644 illi
760 3587 997 3643 membra
1025 3586 1162 3656 ejus,
1184 3586 1284 3640 hoc
1297 3594 1380 3640 est
1409 3583 1593 3639 ﬁdeles
1620 3583 1774 3654 ejus:
1798 3582 2036 3654 profecto
2051 3597 2149 3639 nec

558 3680 864 3751 Baptismus
892 3687 977 3734 est
1015 3677 1349 3733 necessarius
1380 3677 1463 3732 eis
1491 3677 1578 3747 qui
1609 3676 1701 3731 illo
1735 3676 2066 3732 remissionis
2093 3686 2150 3733 ct

558 3770 1013 3827 reconciliationis
1049 3767 1331 3833 beneﬁcio,
1367 3783 1486 3839 quae
1535 3769 1593 3822 lit
1638 3782 1733 3839 per
1773 3767 2146 3833 mediatorem,

559 3880 666 3918 non
710 3877 843 3933 opus
886 3861 1104 3917 habent.
1155 3861 1321 3916 Porro
1356 3862 1479 3933 quia
1522 3861 1770 3931 parvulos
1806 3860 2150 3932 baptizandus

555 3970 681 4011 esse
708 3953 1028 4021 concedunt,
1053 3954 1142 4024 qui
1162 3961 1345 4007 contra
1367 3954 1740 4009 auctoritatem
1764 3953 2025 4009 universa:
2046 3951 2151 4008 Ec-

558 4047 759 4112 clesia),
794 4046 974 4117 procul
1000 4045 1162 4101 dubio
1186 4060 1282 4117 per
1311 4045 1594 4100 Dominum
1624 4054 1679 4100 et
1714 4045 2000 4116 Apostolos
2044 4053 2151 4099 tra-

556 4137 749 4206 ditam,
791 4138 973 4194 venire
1020 4154 1125 4193 non
1173 4146 1437 4209 possunt:
1466 4136 1763 4193 concedant
1806 4145 2020 4208 oportet
2054 4150 2149 4193 eos

557 4246 720 4301 cgere
748 4231 853 4286 illis
881 4230 1154 4286 beneﬁciis
1181 4229 1507 4295 mediatoris,
1530 4239 1591 4284 ut
1615 4229 1813 4284 abluti‘
1842 4246 1934 4302 per
1958 4230 2151 4285 Sacra-

561 4331 800 4380 mentum
843 4323 1264 4393 cbaritatemque
1303 4322 1557 4389 ﬁdelium,
1612 4338 1676 4378 ac
1722 4324 1799 4379 sic
1824 4322 2146 4394 incorporati

560 4415 760 4471 Christi
780 4416 1012 4487 corpori,
1031 4415 1171 4487 quod
1192 4427 1275 4471 cst
1300 4415 1557 4481 Ecclesia,
1579 4416 1995 4472 reconcilientur
2014 4416 2147 4484 Deo,

559 4517 619 4562 ut
648 4508 699 4562 in
731 4506 823 4562 illo
838 4506 964 4575 vivi,
994 4517 1052 4561 ut
1077 4506 1231 4572 salvi,
1265 4513 1321 4561 ut
1339 4506 1571 4571 liberati,
1597 4515 1656 4561 ut
1676 4507 1959 4578 redempti,
1989 4516 2048 4563 ut
2077 4509 2144 4564 il-

560 4600 802 4655 luminati
832 4601 960 4656 ﬁant
988 4618 1001 4654 :
1030 4600 1191 4667 unde,
1220 4601 1321 4655 nisi
1343 4616 1371 4654 a
1400 4612 1589 4665 morte,
1624 4601 1783 4663 vitiis,
1813 4610 1985 4665 reatu,
2013 4601 2141 4657 sub-

558 4689 811 4760 jcctione,
839 4691 1073 4747 tenebris
1099 4691 1475 4761 peccatorum?
1498 4702 1616 4762 qua:
1643 4692 1893 4762 quoniam
1926 4693 2067 4748 nulla
2093 4693 2150 4748 in

558 4797 625 4836 ea
646 4790 802 4838 aetate
831 4798 925 4852 per
950 4797 1100 4837 suam
1131 4783 1294 4837 vitam
1326 4782 1593 4855 propriam
1623 4783 2027 4850 commiserunt,
2056 4800 2147 4840 rc-

560 4882 669 4929 stat
687 4874 945 4943 originale
971 4883 1269 4942 peccatum.
1600 4874 1627 4893 "

632 4962 863 5021 CAPUT
895 4963 1110 5020 XXVII.
1132 4996 1202 5005 —
1226 4965 1319 5022 I0.
1358 4965 1590 5038 Congerit
1611 4966 1890 5022 testimonia
1912 4966 2150 5042 Scriptu-

563 5074 760 5113 rarum.
790 5059 914 5114 Haec
938 5060 1270 5116 ratiocinatio
1300 5068 1425 5116 tunc
1453 5062 1554 5116 erit
1572 5059 1760 5118 fortior
1789 5078 1908 5118 cum
1940 5080 2002 5120 ea
2030 5081 2148 5135 qua:

567 5152 789 5223 promisi
817 5153 1114 5209 testimonia
1142 5154 1306 5208 multa
1343 5168 1685 5225 congessero.
1727 5154 1842 5210 Jam
1872 5172 2028 5227 supra
2058 5173 2152 5227 po-

560 5244 772 5300 suimus
796 5263 810 5300 :
845 5244 966 5301 Non
992 5246 1103 5300 veni
1140 5262 1320 5301 uocare
1343 5247 1529 5319 justas,
1559 5246 1647 5302 sed
1674 5259 1957 5320 peccatores
1979 5248 2149 5324 (Luc.

563 5354 621 5405 v,
644 5337 772 5406 32).
805 5337 933 5393 Item
960 5353 1081 5393 cum
1107 5337 1171 5392 ad
1195 5338 1507 5395 Zacchteutn
1538 5351 1683 5396 esset
1710 5341 2012 5412 ingressus:
2040 5339 2152 5395 Ho-

625 5480 640 5510 ι
678 5485 777 5528 Vox
793 5514 809 5537 ,
824 5473 1165 5542 __Baptismatis,
1188 5476 1330 5527 abest
1351 5477 1415 5527 ab
1436 5477 1620 5542 aliquot
1637 5481 1992 5542 manuscriptis.

624 5544 644 5572 ²
680 5548 728 5589 In
775 5539 918 5590 editis
939 5540 1167 5589 omissum
1185 5574 1201 5601 ,
1245 5546 1290 5601 et
1312 5551 1381 5591 os.
1408 5539 1570 5592 Exstat
1597 5542 1661 5590 lrr
1676 5539 1960 5592 melioribus
1973 5549 2080 5594 Mss.
2100 5550 2151 5594 In

562 5603 757 5676 cancris
778 5608 943 5671 autem
965 5610 1194 5676 corrupte
1215 5602 1415 5676 legitur,
1435 5609 1708 5676 correctos;
1731 5612 1833 5662 aut,
1846 5602 2001 5676 corde
2023 5614 2152 5676 recta

564 5670 834 5773 attulerunt?
853 5664 922 5735 eis
944 5664 1143 5727 prestat
1169 5676 1189 5716 .’
1214 5664 1381 5728 ibique
1403 5666 1453 5715 in
1476 5664 1762 5728 quibusdam
1798 5664 2004 5729 additur,
2032 5669 2151 5732 am:-

564 5738 588 5772 c
614 5737 722 5773 unt:
748 5738 807 5773 ve
830 5761 846 5773 .
870 5738 1048 5773 sutum.

563 5737 722 5775 aunt:
748 5737 846 5775 ναι.
870 5738 1048 5775 διηιυη.

629 5761 1053 5854 ῖᾘὶξιῖὂῖιὲἓᾚτῖ
1080 5794 1231 5854 Er._t~_:t
1260 5796 1391 5854 tom,
1426 5795 1478 5841 ut
1498 5786 1660 5841 oblati.
1688 5789 1993 5854 Antimum-es
2028 5805 2149 5847 vero

488 5892 495 5898 .
565 5858 620 5896 se
646 5846 871 5913 (Ierique
893 5857 1019 5915 Mss,
1045 5857 1097 5901 ut
1118 5850 1287 5904 abluti.

1193 355 1285 414 DE
1319 351 1781 413 PECCATORUII
1821 347 2098 405 MERI'I'IS
2135 345 2225 404 ET
2267 344 2696 413 REilISSIONE,
2737 346 2796 404 S.
2837 346 3207 406 AUGUSTINI

3735 355 3835 412 152

2264 459 2359 521 die,
2388 459 2573 530 inquit,
2616 459 2756 515 satus
2797 460 2972 515 domui
2996 462 3114 516 huic
3140 467 3279 535 facta
3300 471 3396 531 est,
3419 465 3659 536 quoniam
3681 478 3731 523 et
3754 469 3848 526 iste

2260 551 2398 619 [ilius
2422 559 2496 604 est
2522 549 2760 604 Abrahae.
2804 550 2949 606 Venit
2972 554 3104 606 enim
3125 552 3291 608 Filius
3317 555 3536 612 hominis
3561 572 3785 626 querere
3802 572 3851 617 α

2259 642 2455 697 salvere
2480 642 2618 715 quod
2648 644 2863 714 perierat
2880 644 3028 716 (Luc.
3058 662 3174 713 χιι,
3202 646 3256 714 9,
3291 648 3401 720 10)ι
3435 650 3547 707 Iloc
3566 652 3710 711 etde
3753 670 3853 713 ove

2260 734 2465 804 perdita
2479 744 2533 789 et
2549 734 2750 791 relictis
2778 736 3061 806 nonaginta
3091 752 3281 794 novem
3301 742 3521 810 quaesita
3542 752 3598 799 et
3615 744 3849 814 inventa;

2259 825 2362 880 hoc
2376 836 2430 881 et
2447 826 2514 882 de
2529 826 2783 882 drachma
2798 844 2917 899 qua:
2932 828 3239 900 pericratex
3250 830 3434 887 decem
3453 832 3565 901 (Id.
3580 851 3666 903 xv,
3682 837 3849 909 5-10).

2260 916 2413 973 Unde
2439 918 2719 988 oportebat,
2752 927 2811 974 ut
2840 918 2991 988 dicit,
3020 921 3288 992 pnedicari
3309 923 3360 977 in
3386 926 3590 979 nomine
3608 929 3719 998 ejus
3747 945 3845 998 po:-

2258 1010 2519 1063 nitentiam
2541 1019 2588 1064 et
2609 1011 2951 1065 remissionem
2992 1022 3310 1082 peccatorum
3352 1016 3406 1070 in
3444 1033 3616 1075 omnes
3658 1030 3849 1091 gentes,

2258 1099 2612 1170 incipientibus
2636 1102 2700 1165 ab
2724 1101 3011 1159 Jerusalem
3039 1104 3152 1175 (Id.
3183 1121 3329 1175 XXIV,
3359 1108 3450 1176 46,
3488 1108 3615 1183 47).
3645 1111 3852 1169 Marcus

2255 1193 2421 1247 etiam
2449 1192 2502 1247 in
2521 1192 2627 1249 ﬁne
2642 1194 2912 1265 Evangelii
2931 1196 3012 1250 sui
3037 1196 3322 1253 Dominum
3351 1198 3553 1257 dixisse
3583 1210 3807 1258 testatur
3832 1222 3848 1261 :

2196 1336 2199 1339 λ
2259 1280 2452 1336 Euntes
2489 1283 2544 1337 in
2586 1284 2832 1338 mundum
2875 1286 3162 1341 uniuersum
3203 1290 3478 1359 prsedicate
3514 1290 3848 1365 Evangeliuns

2258 1372 2397 1424 ωηιιὶ
2424 1382 2687 1428 creature.
2724 1374 2825 1442 Qui
2857 1376 3125 1431 crediderit
3151 1387 3197 1433 et
3234 1379 3518 1451 baptizatus
3546 1385 3718 1455 fuerit,
3741 1385 3847 1439 sal-

2258 1479 2349 1518 vus
2373 1465 2502 1519 erit:
2527 1467 2613 1537 qui
2630 1483 2746 1522 vero
2767 1484 2871 1523 non
2892 1468 3181 1538 crediderit,
3215 1473 3629 1530 condemnabitur
3658 1477 3846 1550 (Marc.
3888 1504 3909 1519 κ

2261 1572 2370 1625 xvn,
2400 1558 2490 1625 15,
2522 1558 2632 1632 16).
2656 1559 2787 1627 Quis
2808 1570 2991 1618 autem
3014 1564 3238 1633 nesciat,
3273 1566 3496 1623 credere
3517 1584 3636 1626 esse
3675 1570 3846 1626 infan-

2260 1648 2404 1704 tibus
2426 1649 2704 1722 baptizari,
2732 1668 2841 1709 non
2885 1654 3110 1712 credere
3157 1664 3367 1726 autem,
3412 1674 3520 1715 non
3557 1660 3848 1732 baptizari!

2262 1741 2339 1796 Ex
2368 1742 2588 1799 Ioannis
2625 1753 2804 1801 autem
2856 1747 3144 1820 Evangelio
3178 1752 3423 1821 quamvis
3456 1753 3568 1824 jam
3598 1757 3847 1811 nonnulla

2262 1835 2616 1905 posuerimus,
2657 1837 2873 1894 attende
2905 1840 3068 1895 etiam
3105 1840 3227 1896 ista.
3259 1841 3495 1900 Joannes
3515 1845 3755 1916 Baptista
3782 1847 3848 1904 de

2262 1926 2388 1982 illo:
2424 1926 2559 1983 Ecce
2598 1929 2775 2002 Agnus
2811 1929 2927 1997 Dei,
2973 1948 3085 1987 ecce
3126 1935 3215 2004 qui
3256 1935 3386 1990 tollit
3422 1948 3627 2007 peccata
3670 1941 3849 1995 mundi

2259 2016 2441 2085 (Joan.
2474 2034 2511 2086 ι,
2541 2019 2658 2091 29).
2707 2021 2777 2076 Et
2804 2022 2917 2092 ipse
2942 2022 3012 2079 de
3035 2038 3094 2080 se
3119 2025 3235 2095 ipso
3262 2042 3277 2079 :
3307 2026 3410 2095 Qui
3430 2028 3496 2082 de
3520 2029 3691 2084 ovibus
3720 2032 3842 2086 meis

2260 2119 2397 2177 sunt,
2425 2126 2592 2166 oocem
2618 2129 2781 2168 meant
2800 2115 3051 2185 audiunt;
3082 2127 3128 2171 et
3144 2134 3241 2191 ego
3264 2120 3379 2174 novi
3405 2120 3544 2191 illas,
3566 2131 3613 2177 et
3633 2139 3847 2195 sequun-

2260 2210 2343 2256 tur
2367 2220 2483 2271 me;
2508 2213 2557 2259 et
2572 2221 2666 2277 ego
2689 2208 2845 2262 vitam
2870 2218 3115 2264 aeternam
3152 2210 3219 2265 do
3246 2212 3369 2280 illis,
3415 2222 3463 2268 ct
3492 2230 3592 2268 non
3618 2217 3847 2286 peribunt

2259 2292 2313 2347 in
2336 2302 2579 2349 cateruam
2603 2295 2717 2367 (td.
2743 2313 2800 2367 ι,
2826 2297 2920 2366 27,
2947 2298 3066 2372 28).
3094 2300 3228 2370 Quia
3261 2317 3389 2375 ergo
3424 2303 3494 2361 de
3515 2305 3708 2362 ovibus
3728 2306 3845 2378 ejus

2261 2403 2369 2444 non
2395 2400 2518 2446 esse
2545 2378 2798 2462 incipiunt
2823 2394 3048 2464 parvuli,
3091 2395 3190 2451 nisi
3219 2411 3315 2467 per
3339 2397 3693 2469 Baptismmn;
3722 2416 3846 2471 pro-

2259 2478 2401 2537 fecto
2446 2482 2490 2537 si
2540 2482 2644 2538 hoc
2686 2498 2794 2540 non
2830 2487 3120 2558 accipiunt,
3165 2488 3448 2558 peribunt:
3497 2492 3658 2547 vitam
3699 2493 3842 2549 enim

2260 2580 2535 2642 :ctcrnam,
2573 2590 2735 2646 quam
2780 2578 2892 2633 suis
2947 2578 3094 2635 dabit
3141 2581 3366 2647 ovibus,
3401 2598 3507 2638 non
3555 2583 3839 2641 habebunt.

2259 2665 2390 2721 Item
2416 2667 2523 2723 alio
2563 2667 2683 2724 Ioco
2712 2687 2727 2724 :
2753 2668 2865 2742 Ego
2908 2687 3021 2726 sunt
3045 2673 3158 2739 eia,
3200 2675 3384 2729 veritas
3423 2685 3474 2730 et
3515 2677 3634 2731 vita.
3675 2675 3840 2733 Nemo

2256 2758 2390 2813 uenit
2413 2759 2482 2814 ad
2510 2758 2720 2816 Patrem
2747 2763 2845 2818 nisi
2869 2781 2961 2834 per
2983 2781 3063 2820 me
3086 2763 3198 2837 (Id.
3224 2783 3331 2834 xw,
3358 2767 3439 2840 6).
3572 2760 3586 2772 ’

2326 2851 2418 2905 ll.
2477 2851 2625 2907 Hanc
2669 2852 2968 2911 doctrinam
3016 2857 3371 2929 suscipientes
3418 2861 3679 2932 Apostoli,
3718 2863 3841 2920 vide

2256 2951 2453 3013 quanta
2489 2946 2877 3005 contestatione
2905 2948 3194 3007 declarent.
3231 2952 3422 3009 Petrus
3443 2953 3494 3009 in
3520 2956 3683 3026 prima
3710 2956 3842 3028 Epi-

2252 3040 2390 3091 Slola
2423 3054 2439 3093 :
2470 3036 2791 3110 Benedictus,
2838 3044 3031 3114 inquit,
3060 3042 3199 3100 Deus
3233 3057 3281 3100 et
3329 3044 3488 3102 Pater
3515 3047 3716 3103 Domini
3753 3066 3843 3104 no-

2253 3128 2348 3183 stri
2369 3126 2494 3184 Iesu
2521 3129 2728 3197 Christi,
2760 3134 3035 3188 secundum
3079 3136 3448 3193 multitudinem
3488 3139 3843 3195 misericordia

2252 3234 2377 3288 suc,
2402 3223 2493 3295 qui
2527 3225 2832 3296 regenerarit
2857 3242 2951 3281 nos
2973 3227 2988 3259 ¹
3019 3227 3073 3282 in
3098 3244 3237 3299 spent
3260 3229 3375 3284 vim:
3398 3242 3617 3297 clerate,
3650 3248 3742 3302 per
3765 3249 3841 3287 re

2253 3314 2610 3370 surrectionem
2634 3314 2760 3371 Jesu
2789 3316 2996 3387 Christi,
3038 3319 3091 3374 in
3130 3320 3468 3377 luercrlitatem
3511 3323 3839 3378 inmortalem

2250 3415 2298 3460 et
2342 3405 2788 3463 incontaminatam
2822 3412 2866 3477 ',
2896 3412 3178 3482 ﬂorentem,
3206 3424 3452 3468 servatam
3481 3416 3531 3469 in
3560 3417 3719 3481 caelis,
3754 3432 3840 3471 ro-

2250 3496 2327 3553 bis
2352 3500 2439 3569 qui
2464 3500 2518 3555 in
2536 3501 2714 3557 virtute
2730 3502 2752 3534 ³
2770 3501 2864 3557 Dei
2880 3505 3247 3561 conservamini
3263 3523 3353 3578 per
3367 3506 3519 3577 [idem
3547 3507 3599 3560 in
3626 3508 3839 3562 salutent

2250 3602 2484 3662 paratam
2529 3594 2701 3665 palam
2745 3595 2859 3665 ﬁeri
2899 3596 2952 3650 in
2990 3606 3213 3668 tempore
3258 3598 3545 3653 novissimo.
3575 3597 3641 3652 Et
3684 3599 3840 3669 paulo

2252 3694 2412 3754 post:
2447 3683 2803 3756 Inveniamiui,
2832 3688 3021 3760 inquit,
3050 3691 3101 3745 in
3128 3691 3328 3745 laudem
3362 3703 3411 3746 et
3432 3691 3673 3748 honorem
3719 3691 3841 3747 Iesu

2252 3777 2459 3845 Christi,
2489 3796 2637 3850 quem
2675 3781 3017 3853 ignorabatis;
3045 3784 3097 3838 in
3120 3801 3269 3857 quem
3298 3784 3448 3839 modo
3487 3802 3587 3840 non
3622 3787 3844 3842 videntes

2250 3872 2476 3940 creditis,
2501 3889 2646 3944 quem
2677 3890 2790 3929 cum
2815 3875 3057 3943 videritis,
3083 3877 3397 3931 exsultabitis
3433 3877 3619 3949 gaudio
3638 3879 3846 3933 inenar-

2251 3965 2403 4019 rabili
2420 4006 2436 4032 ,
2471 3977 2518 4020 et
2559 3967 2804 4022 honorato
2841 3970 3030 4040 gaudio
3052 3969 3094 4036 ⁸,
3137 3970 3459 4042 percipientcs
3495 3980 3844 4026 testamentum

2252 4057 2391 4127 fidei,
2436 4059 2652 4113 salutem
2700 4060 2988 4115 animarum
3031 4071 3309 4116 vestrarum
3350 4060 3405 4135 (I
3439 4061 3574 4117 Pctr.
3608 4079 3644 4126 l,
3685 4064 3843 4134 3-9).

2254 4146 2382 4202 Item
2411 4148 2517 4203 alio
2534 4151 2655 4205 loco
2688 4168 2702 4204 :
2740 4150 2840 4205 Vos
2868 4161 3056 4218 autem,
3085 4152 3271 4222 inquit,
3309 4170 3464 4224 genus
3504 4154 3737 4220 electum,
3770 4173 3849 4210 re-

2252 4242 2365 4312 gale
2389 4241 2744 4310 sacerdotium,
2772 4261 2894 4315 gens
2920 4254 3112 4310 sancta,
3141 4248 3360 4318 populus
3388 4247 3439 4301 in
3465 4245 3764 4316 adeptione,
3794 4257 3847 4301 ut

2251 4336 2457 4391 virtutes
2477 4337 2743 4392 enuntietis
2772 4339 2901 4408 ejus,
2930 4337 3015 4410 qui
3034 4355 3118 4393 vos
3141 4338 3203 4392 de
3225 4340 3434 4394 tenebris
3453 4339 3645 4393 vacavit
3676 4339 3732 4394 in
3757 4338 3850 4393 ad-

2251 4431 2480 4487 mirabile
2500 4434 2669 4487 lumen
2688 4449 2835 4487 suum
2876 4432 2985 4505 (Id.
3028 4449 3086 4500 tt,
3126 4432 3208 4504 9).
3236 4433 3300 4488 Et
3326 4435 3511 4489 iterum
3542 4451 3555 4487 :
3590 4431 3846 4495 Christus,

2254 4526 2445 4596 inquit,
2476 4541 2568 4596 pro
2591 4526 2807 4595 peccatis
2842 4527 3025 4579 nostris
3051 4544 3231 4597 passus
3257 4537 3350 4593 est,
3384 4529 3559 4599 justus
3585 4543 3681 4597 pro
3711 4528 3849 4599 inju-

2252 4620 2363 4683 stis,
2394 4627 2562 4671 ulnas
2590 4617 2811 4673 adducat
2834 4619 2903 4672 ad
2946 4617 3131 4672 Deum.
3175 4619 3304 4674 Item
3346 4635 3471 4674 eum
3516 4634 3852 4674 commemo-

2255 4719 2426 4765 rasset
2455 4711 2506 4765 in
2533 4726 2654 4765 arca
2680 4710 2812 4780 Noe,
2840 4723 2963 4767 octo
2999 4712 3241 4767 homines
3287 4715 3463 4768 salvos
3506 4712 3679 4767 factos
3712 4731 3726 4767 :
3755 4713 3849 4769 Sic

2250 4812 2300 4857 et
2343 4819 2456 4866 vos,
2516 4803 2719 4874 inquit,
2772 4806 2928 4860 simili
2975 4810 3140 4879 forma
3198 4806 3459 4879 Baptisma
3509 4808 3678 4862 salvos
3727 4809 3851 4877 facit

2256 4895 2366 4970 (Id.
2411 4914 2501 4965 tu,
2540 4898 2723 4969 lii-2|)
2767 4899 2851 4955 Ab
2887 4901 2986 4956 hac
3008 4917 3135 4972 ergo
3162 4901 3333 4956 salute
3366 4908 3419 4956 et
3454 4900 3658 4955 lumine
3685 4901 3849 4956 alieni

2254 5002 2376 5047 sunt
2403 4993 2625 5063 parvuli,
2645 5003 2697 5047 et
2722 4994 2773 5048 in
2801 4993 3098 5065 perditione
3127 5009 3189 5048 ac
3206 4993 3443 5049 tenebris
3468 4995 3849 5058 remanebunt,

2255 5086 2356 5140 nisi
2382 5101 2476 5156 per
2502 5086 2841 5157 adoptionem
2863 5087 3057 5158 papulo
3077 5086 3171 5142 Dei
3206 5085 3399 5142 fuerint
3419 5086 3627 5150 sociati,
3653 5095 3856 5142 tenen—

2256 5186 2334 5232 tes
2359 5176 2626 5234 Christum
2658 5193 2874 5249 passum
2895 5178 3096 5249 justum
3139 5194 3236 5249 pro
3272 5178 3505 5250 injustis,
3534 5187 3593 5234 ut
3628 5194 3728 5236 eos
3760 5179 3855 5234 ad—

2254 5267 2411 5323 ducat
2436 5268 2502 5323 ad
2526 5268 2715 5324 Deum.

2325 5358 2414 5414 49..
2457 5359 2535 5415 Ex
2567 5360 2797 5429 Epistola
2826 5361 2985 5415 etiam
3024 5359 3244 5416 Joannis
3271 5359 3388 5415 haec
3430 5360 3561 5415 mihi
3586 5374 3847 5416 occurre—

2256 5462 2397 5519 runt,
2426 5468 2544 5523 quae
2568 5450 2692 5506 huic
2723 5451 3002 5522 qutestioni
3037 5451 3339 5508 necessaria
3367 5450 3479 5506 visa
3510 5459 3653 5506 sunt.
3694 5452 3851 5520 Quod

2318 5613 2345 5674 ιν
2369 5611 2738 5674 Cygirannensis
2756 5609 2912 5659 codex
2929 5644 2953 5674 ,_
2988 5606 3073 5670 qui
3093 5607 3357 5659 secundum
3378 5606 3741 5660 multitudinem
3762 5622 3857 5661 ms—

2251 5671 2654 5735 ser'igordia'_sute
2678 5671 2974 5735 regeneratit
2997 5684 3099 5722 nos.

2316 5737 2334 5766 ¹
2350 5728 2473 5783 'Mss.
2491 5772 2503 5791 ,
2532 5728 2880 5784 inluminatam.

2316 5797 2336 5828 ³
2372 5796 2593 5857 Plerique
2618 5803 2745 5851 Mss,
2767 5794 3060 5857 infueritate.

2315 5859 2335 5887 ⁸
2369 5866 2461 5908 tloc
2486 5856 2587 5908 luco
2609 5870 2635 5906 a
2661 5856 2904 5907 nonnullis
2920 5866 3024 5908 Mss.
3051 5859 3209 5921 abest,
3235 5858 3432 5923 gaudia.
