4016 6478
189 299 290 354 I53

181 417 222 468 si
247 417 304 466 in
333 413 556 474 lumine,
591 409 786 478 inquit,
813 405 1252 472 ambulat-erimus,
1281 405 1410 459 sicut
1433 413 1479 458 et
1505 405 1613 474 ipse
1651 415 1720 457 est
1747 403 1798 456 in

187 504 414 568 tantine,
443 501 734 555 societatem
759 499 1002 552 habemus
1029 499 1082 554 in
1119 497 1350 561 invicem,
1379 505 1425 550 et
1448 495 1654 566 sanguis
1675 494 1710 547 .I
1715 511 1802 548 esu

183 595 380 652 Christi
407 594 508 660 ﬁlii
531 593 644 663 ejus
674 591 912 662 purgabit
953 607 1046 644 nos
1089 589 1149 642 ab
1175 589 1314 642 omni
1353 587 1534 642 delicto
1560 587 1612 660 (ι
1640 586 1799 640 Joan.

183 707 220 757 ι,
255 691 348 758 7).
379 687 522 741 Item
551 685 656 740 alio
677 683 800 738 loco
821 702 834 737 :
855 684 918 738 Si
938 681 1294 748 testimonium,
1325 681 1514 752 inquit,
1543 680 1802 734 hominum

183 779 494 849 accipimus,
525 775 869 830 testimonium
897 772 994 826 Dei
1021 773 1186 842 majus
1215 781 1288 826 est
1305 789 1324 838 ;
1359 773 1480 841 quia
1509 771 1604 824 hoc
1627 779 1700 824 est
1729 777 1804 822 ιε-

185 870 488 928 stimonium
513 867 629 932 Dei,
673 865 812 938 quod
833 865 1000 934 majus
1024 873 1094 916 est
1113 863 1154 926 ¹,
1181 863 1302 932 quia
1323 861 1618 930 testificatus
1647 867 1720 914 est
1737 859 1803 912 de

189 961 318 1016 Filio
343 975 474 1014 suo.
509 956 612 1022 Qui
637 955 913 1012 crediderit
947 955 1000 1008 in
1026 951 1220 1008 Filium
1245 952 1360 1016 Dei,
1393 951 1538 1006 habet
1577 950 1801 1004 testimo-

187 1055 318 1108 nium
335 1055 358 1084 ²
385 1053 450 1106 in
482 1051 774 1122 semetipso.
802 1051 902 1116 Qui
925 1065 1026 1104 non
1047 1046 1318 1102 crediderit
1353 1045 1481 1112 Deo,
1509 1044 1801 1100 mendacem

187 1145 300 1212 facit
325 1159 456 1198 eum
479 1160 498 1208 ;
529 1142 652 1212 quia
678 1157 782 1194 non
809 1139 1056 1194 credidit'
1077 1140 1130 1194 in
1147 1137 1488 1193 testimonium
1506 1135 1642 1206 quod
1663 1135 1800 1190 testi-

189 1237 362 1304 ficatus
393 1245 480 1288 est
519 1234 588 1287 de
617 1231 758 1287 Filio
783 1249 898 1288 suo.
931 1232 999 1286 Et
1039 1233 1134 1286 hoc
1170 1240 1244 1286 est
1279 1230 1638 1298 testimonium,
1677 1229 1799 1302 quia

187 1327 324 1378 sitam
351 1335 614 1378 (sternam
643 1324 780 1378 dedit
815 1324 958 1378 nobis
997 1323 1172 1388 Deus;
1215 1331 1263 1378 et
1291 1323 1400 1376 haec
1427 1323 1530 1376 vita
1566 1323 1620 1376 in
1655 1319 1798 1376 Filio

187 1418 287 1486 ejus
313 1423 418 1470 est.
453 1414 564 1481 Qui
592 1414 740 1468 habet
763 1413 980 1480 Filium,
1011 1413 1156 1468 habet
1185 1415 1338 1468 vitam
1369 1429 1388 1468 :
1413 1413 1498 1485 qui
1524 1429 1626 1468 non
1650 1412 1798 1468 habet

193 1507 396 1570 Filium,
433 1522 548 1560 non
577 1503 728 1560 habet
757 1506 912 1559 vitam
934 1503 1044 1578 (Id.
1073 1521 1130 1572 γ,
1160 1504 1328 1576 9-12).
1357 1503 1474 1560 Non
1500 1505 1672 1558 solum
1699 1503 1796 1576 igi—

193 1611 263 1656 tur
301 1614 550 1669 regnum
599 1598 886 1664 crulorum,
930 1596 1025 1652 sed
1063 1611 1165 1652 nec
1203 1597 1365 1652 vitam
1406 1595 1608 1665 parvuli
1633 1594 1798 1650 habe-

193 1693 324 1756 bunt,
365 1691 418 1746 si
459 1689 664 1744 Filium
707 1704 814 1742 non
845 1687 1132 1754 habebunt,
1160 1701 1318 1758 quem
1355 1685 1460 1742 nisi
1497 1699 1592 1755 per
1617 1685 1795 1755 Bapti-

193 1797 346 1836 smum
386 1781 520 1850 ejus
557 1779 764 1834 habere
795 1793 904 1833 non
945 1787 1188 1848 possunt.
1217 1775 1352 1832 Item
1393 1777 1500 1832 alio
1529 1777 1649 1832 loco
1680 1794 1696 1832 :
1725 1775 1794 1832 In

195 1877 288 1939 hoc,
309 1875 520 1944 inquit,
551 1872 908 1942 manifestatus
935 1880 1009 1925 est
1039 1869 1207 1924 Filius
1231 1869 1350 1936 Dei,
1374 1878 1428 1922 ut
1453 1869 1616 1924 solvat
1639 1885 1792 1940 opera

193 1966 360 2020 diaboli
389 1963 516 2035 (Id.
547 1978 632 2030 ιιι,
660 1963 740 2036 8).
781 1962 899 2018 Non
939 1976 1068 2034 ergo
1097 1961 1443 2032 pertinebunt
1478 1961 1686 2032 parvuli
1723 1959 1791 2016 ad

199 2056 406 2125 gratiam
439 2051 900 2108 manifestationis
915 2051 1033 2108 Filii
1055 2053 1170 2120 Dei,
1202 2051 1249 2108 si
1273 2052 1452 2108 nonin
1478 2051 1557 2108 eis
1582 2050 1752 2108 solvet
1769 2049 1792 2082 ⁵

193 2161 336 2218 opera
367 2146 612 2201 diaboli.

253 2239 338 2294 4.3.
370 2237 500 2292 Iam
549 2251 699 2291 nunc
733 2233 954 2290 attende
992 2234 1049 2290 in
1076 2235 1214 2290 hanc
1243 2250 1356 2292 rem
1383 2234 1532 2292 Pauli
1559 2235 1790 2307 apostoli

195 2330 516 2394 testimonia,
544 2338 698 2382 tanto
726 2328 908 2398 utique
939 2327 1112 2397 plura,
1141 2337 1340 2396 quanto
1367 2327 1545 2398 plures
1571 2327 1788 2398 Episto-

193 2421 262 2478 las
275 2422 518 2492 scripsit,
538 2429 596 2476 et
619 2431 824 2492 quanto
844 2420 1152 2492 diligentius
1175 2407 1384 2478 curavit
1409 2421 1789 2486 commendare

191 2519 404 2586 gratiam
429 2515 528 2570 Dei
547 2515 810 2569 adversus
837 2529 932 2568 eos
961 2514 1050 2583 qui
1077 2514 1097 2544 ⁵
1123 2513 1374 2584 operibus
1399 2514 1786 2586 gloriabantur,

189 2623 342 2682 atque
371 2611 692 2681 ignorantes
712 2607 806 2662 Dei
828 2607 1112 2677 justitiam,
1135 2615 1190 2662 et
1217 2620 1368 2662 suam
1387 2607 1629 2664 volentes
1657 2623 1790 2664 con-

187 2703 438 2766 stituere,
457 2700 676 2770 iustitia:
697 2698 792 2754 Dei
833 2714 940 2752 non
967 2707 1122 2754 erant
1145 2697 1372 2768 subjecti
1396 2697 1580 2772 (Rom.
1605 2715 1660 2764 ι,
1691 2700 1785 2772 5).

187 2800 251 2855 In
275 2797 524 2870 Epistula
549 2796 612 2852 ad
637 2796 903 2852 Romanos
933 2811 947 2848 :
975 2793 1210 2862 Iustitia,
1241 2793 1434 2864 inquit,
1465 2793 1562 2850 Dei
1593 2795 1648 2848 in
1677 2811 1787 2850 om-

188 2910 270 2948 nes
289 2892 389 2962 qui
403 2891 616 2944 credunt
643 2905 664 2946 :
707 2906 811 2944 non
849 2889 984 2944 enim
1003 2897 1074 2944 est
1104 2887 1383 2942 distinctio.
1427 2885 1614 2942 Omnes
1653 2889 1786 2944 enim

195 2991 536 3054 peccaverunt,
568 2991 611 3035 et
645 2991 792 3052 egent
839 2981 1006 3052 gloria
1049 2978 1150 3036 Dei
1175 2995 1194 3034 :
1223 2980 1496 3052 justiﬁcati
1515 2982 1676 3052 gratis
1695 2997 1787 3052 per

193 3075 394 3144 gratiam
425 3073 612 3142 ipsius,
643 3089 734 3142 per
775 3071 1170 3140 redemptionem
1216 3085 1330 3142 quas
1362 3080 1436 3128 est
1489 3073 1542 3128 in
1585 3073 1786 3130 Christo

195 3167 336 3223 Iesu:
375 3184 530 3238 quem
563 3165 826 3236 proposuit
849 3153 998 3218 Deus
1036 3165 1484 3236 propitiatorium‘
1517 3183 1608 3238 per
1629 3167 1786 3238 ﬁdem

195 3264 240 3316 in
262 3263 514 3332 sanguine
539 3260 726 3330 ipsius,
748 3259 817 3312 ad
833 3258 1168 3312 ostensionem
1187 3258 1406 3330 justitite
1439 3259 1552 3331 ejus
1579 3269 1786 3330 propter

193 3355 490 3424 propositum
503 3354 524 3378 ⁷
545 3349 936 3422 ρνωεεάεηιὶιιηι
957 3359 1276 3421 peccatorum
1295 3350 1350 3404 in
1371 3349 1468 3404 Dei
1483 3351 1726 3422 patientia
1739 3353 1781 3416 ⁸,

195 3445 632 3500 adestendendam
650 3442 908 3514 justitiam
935 3442 1096 3511 ipsius
1123 3441 1176 3494 in
1207 3441 1302 3496 hoc
1329 3451 1573 3514 tempore,
1619 3453 1676 3498 ut
1719 3445 1785 3498 sit

189 3543 334 3610 justas
359 3548 408 3592 et
441 3537 752 3608 justificans
781 3551 896 3588 eum
923 3535 1009 3605 qui
1033 3551 1096 3588 ea:
1132 3534 1236 3604 fide
1272 3545 1345 3590 est
1385 3534 1512 3590 Iesu
1547 3535 1656 3605 (Id.
1703 3551 1782 3606 ut,

195 3630 384 3700 iii-2(1).
409 3631 550 3686 Item
573 3630 686 3684 alio
709 3629 828 3683 loco
853 3645 867 3680 :
898 3626 961 3680 Ei
989 3628 1077 3697 qui
1101 3635 1358 3698 operatur,
1385 3627 1574 3698 inquit,
1597 3645 1785 3685 merces

193 3742 278 3778 seu
307 3727 602 3795 imputatur
643 3721 924 3777 secundum
965 3720 1202 3791 gratiam,
1243 3719 1336 3776 sed
1369 3722 1644 3776 secundum
1687 3721 1781 3776 de-

193 3817 352 3869 bitum.
401 3815 474 3870 Ei
499 3831 618 3868 vero
663 3813 750 3883 qui
781 3829 884 3867 non
921 3821 1189 3883 cperatur,
1219 3812 1380 3868 credit
1399 3821 1568 3867 autem
1589 3815 1640 3868 in
1667 3829 1783 3867 eum

191 3910 262 3974 qui
275 3909 532 3977 justiﬁcat
555 3906 770 3976 impium
789 3945 804 3970 ,
827 3905 1096 3974 deputatur
1123 3904 1249 3974 fides
1275 3906 1385 3978 ejus
1417 3905 1488 3960 ad
1503 3905 1779 3978 justitiam.

195 3999 322 4052 Sicut
347 4009 394 4052 et
421 3998 597 4052 David
621 3997 746 4050 dicit
775 3996 1132 4052 beatitudinem
1161 3997 1406 4064 hominis,
1431 3997 1513 4050 cui
1543 3995 1680 4052 Deus
1699 4013 1783 4050 ac-

193 4105 320 4160 cepto
343 4097 440 4162 fert
454 4091 718 4162 justitiam
737 4090 848 4144 sine
873 4089 1106 4160 operibus
1119 4105 1138 4144 :
1155 4088 1298 4144 Beati
1321 4105 1536 4158 quorum
1561 4089 1784 4144 remissa

191 4197 288 4238 sunt
305 4187 624 4254 iniquitates,
643 4193 688 4236 et
715 4198 928 4252 quorum
953 4191 1080 4236 tecta
1093 4191 1210 4236 sunt
1237 4192 1461 4252 peccata.
1493 4182 1679 4238 Beatus
1705 4183 1782 4238 vir

191 4280 258 4330 cui
287 4296 384 4332 non
407 4277 681 4346 imputavit
701 4273 950 4328 Dominus
968 4283 1248 4344 peccatum.
1269 4273 1398 4329 Item
1429 4275 1585 4344 paulo
1611 4284 1730 4346 post
1760 4295 1774 4330 :

191 4370 302 4426 ian
345 4379 416 4424 est
437 4379 612 4423 autem
637 4369 904 4439 scriptum,
937 4367 1124 4438 inquit,
1159 4377 1364 4440 propter
1390 4367 1538 4422 illum
1559 4377 1776 4436 tantum,

271 4637 288 4668 ι
341 4631 481 4693 (mod
539 4630 696 4687 maius
739 4635 842 4690 est,
885 4643 1003 4693 non
1039 4629 1252 4678 habetur
1301 4628 1382 4693 hic
1441 4629 1490 4678 in
1527 4627 1778 4693 Gallicanis

185 4705 281 4745 uss.
343 4690 514 4743 Exstat
549 4693 842 4756 quidemqin
883 4690 1032 4741 latino
1075 4699 1222 4756 textu
1265 4690 1772 4756 V’ulgatznieditim'tis,

183 4771 262 4806 seu
281 4771 310 4806 a
331 4753 692 4819 grmiiabest.
725 4754 893 4819 Plures
907 4767 968 4803 ex
999 4753 1172 4819 iisdem
1195 4753 1533 4819 manuscriptis
1569 4761 1775 4816 printer-

183 4828 298 4870 eunt
323 4813 380 4868 ἐι
403 4817 544 4872 illud,
564 4813 984 4880 quietestificatus
1003 4821 1072 4880 est
1097 4817 1157 4864 de
1183 4813 1306 4880 Filio
1325 4827 1430 4864 suo.

241 4885 260 4913 ³
295 4889 434 4938 tom,
467 4875 784 4928 testiinonium
813 4875 934 4926 'Dei.
963 4879 1077 4926 llinc
1101 4889 1220 4924 vero
1251 4875 1392 4925 abest
1416 4889 1509 4926 vox
1563 4875 1660 4934 'Tei,
1686 4889 1776 4926 n0-

179 4945 295 4991 stris
323 4945 378 4992 in
415 4941 756 5001 [nanuscriptis
781 4946 834 4988 et
871 4940 920 4988 in
945 4939 1090 4988 editis
1109 4947 1212 4987 Am.
1253 4944 1304 4987 et
1343 4943 1438 4998 En,
1473 4951 1569 4988 nec
1603 4945 1682 4988 est
1725 4939 1776 4989 in

179 5011 510 5071 ιεξμι
531 5003 740 5071 marinis-
1223 5068 1242 5071 _
1462 5067 1471 5071 _
1737 5059 1750 5071 .

241 5065 391 5177 iam
431 5065 512 5114 hic
535 5063 683 5114 editio
707 5070 838 5125 I.ov.,
877 5073 970 5112 non
1014 5063 1187 5114 credit.
1213 5068 1375 5110 Griece
1401 5067 1505 5122 est,
1533 5074 1596 5111 ou
1637 5063 1788 5128 pepi-l

241 5141 282 5176 “ti
349 5141 399 5176 η.

181 5135 399 5176 stamen.

243 5191 264 5220 δ
299 5197 444 5238 Juxta
477 5194 552 5236 Er.
571 5186 718 5250 Lugd.
745 5194 866 5250 ten.
891 5193 1022 5244 t.ov.,
1045 5183 1229 5250 solvat._
1249 5191 1336 5250 __M.

240 5253 262 5283 ³
297 5253 384 5300 ttic
403 5253 452 5299 in
472 5245 664 5299 excusis
687 5247 818 5296 nulla
859 5251 1150 5298 necessitate
1174 5245 1402 5305 additum,
1429 5245 1507 5296 de.

241 5313 264 5344 ⁸
297 5319 434 5370 μοι,
457 5311 842 5375 propitiatorem.
879 5310 996 5359 Editi
1021 5309 1102 5375 alii
1126 5307 1726 5375 ct_t_otss.,_propitiatorium
1754 5321 1772 5360 :

179 5383 234 5424 ut
253 5387 436 5424 omnes
455 5369 648 5424 rursum
681 5371 792 5420 libri
815 5384 926 5434 cum
952 5379 1066 5434 tnv.
1093 5372 1140 5420 in
1165 5369 1289 5420 libro
1311 5370 1374 5420 de
1406 5369 1580 5434 Spiritu
1605 5379 1658 5420 et
1681 5373 1774 5422 Lit-

179 5447 304 5504 tera,
337 5449 390 5504 rt.
406 5435 492 5504 ﬁt.
517 5441 682 5504 Grmce
707 5441 808 5504 est,
825 5430 1086 5504 ilasterion.

239 5501 260 5531 '
297 5498 438 5556 mliti,
463 5503 660 5560 propter
681 5495 1025 5560 remissionem.
1069 5495 1465 5560 AI.__matttlsttl‘Ipl.i
1495 5501 1773 5560 constanter

181 5561 364 5618 feﬁuit,
381 5553 577 5622 propter
601 5553 900 5622 propositum
927 5567 948 5622 :_
969 5569 1062 5622 nec
1082 5555 1222 5622 aliter
1241 5557 1328 5618 ipsi
1355 5553 1470 5604 editi
1485 5556 1773 5622 _Iocu_quem

175 5637 306 5671 nunc
331 5617 646 5671 indicavimus
661 5617 772 5666 libri
795 5617 859 5664 de
876 5617 1048 5678 Spiritu
1065 5625 1115 5667 ct
1139 5617 1328 5666 Littera.
1357 5618 1579 5667 tiamdetn
1606 5617 1772 5666 lectio-

177 5697 292 5733 δραι
317 5685 538 5746 Sequitur
553 5681 852 5746 Ambrosias!
863 5691 932 5726 cr.
1617 5687 1660 5730 ο

239 5747 264 5776 ⁸
295 5743 423 5806 λιςςῖ,
459 5743 759 5808 ιπειίιηιιὶίηη.

1559 289 1756 344 LIBER
1799 289 2068 346 PRIMUS.

3393 307 3497 362 I55

1911 404 2030 472 quia
2064 403 2358 474 deputatum
2381 417 2450 460 est
2485 408 2560 462 illi
2581 411 2620 474 ¹;
2655 412 2746 466 sed
2763 421 2809 466 et
2833 422 3039 484 propter
3065 431 3176 486 nos,
3200 417 3380 490 quibus
3407 435 3500 474 ao-

1910 497 2162 566 putabitur
2177 497 2488 555 credentibus
2507 502 2558 556 in
2579 519 2691 558 eum
2709 505 2794 576 qui
2807 508 3035 562 excitavit
3049 508 3228 564 Iesum
3243 511 3498 568 Clu-istum

1909 583 2183 640 Dominum
2207 598 2434 642 nostrum
2447 608 2480 644 a
2495 595 2722 660 mortuis,
2749 597 2833 666 qui
2859 598 3076 652 traditus
3092 611 3164 656 est
3185 615 3392 672 prapter
3409 604 3492 658 de-

1909 676 2028 730 licta
2050 687 2240 743 nostra,
2259 689 2305 733 et
2327 684 2594 736 resurrexit
2623 697 2824 754 propter
2833 689 3250 758 justiﬁcationem
3269 703 3493 750 nostram

1912 768 2164 840 (Rova,
2181 773 2584 846 4-8,25-25).Ει
2597 780 2752 848 paulo
2769 791 2884 850 post
2903 800 2916 836 :
2938 781 2998 838 Si
3010 785 3140 838 enim
3153 784 3402 852 Christus,
3423 788 3496 842 in-

1907 861 2040 930 quit,
2060 878 2174 914 cum
2195 863 2386 932 inﬁrmi
2401 883 2618 922 essemus
2633 869 2798 924 adhuc
2809 872 2962 942 juxta
2983 883 3196 944 tempus,
3211 894 3304 948 pro
3317 879 3489 950 impiis

1907 963 2132 1006 mortuus
2160 963 2230 1008 εει
2254 953 2382 1028 (Id.
2413 972 2468 1038 ν,
2491 957 2570 1031 6).
2603 959 2812 1016 Etalibi
2843 979 2854 1013 :
2895 963 3118 1034 Scimus,
3151 967 3340 1038 inquit,
3365 971 3486 1039 quia

1905 1043 1988 1098 lea:
2013 1043 2296 1114 spiritualis
2321 1056 2430 1114 est;
2457 1066 2550 1120 ego
2568 1063 2734 1106 autem
2753 1053 2974 1110 carnalis
2993 1073 3126 1122 sum,
3153 1059 3488 1114 venumdatus

1902 1136 1994 1190 sub
2029 1147 2251 1208 peccato.
2286 1139 2434 1208 Quod
2459 1144 2594 1198 enim
2619 1161 2799 1216 apcror
2826 1147 3004 1218 ignoro
3025 1165 3044 1204 :
3072 1166 3172 1204 non
3200 1153 3330 1208 enim
3355 1157 3494 1224 quod

1901 1226 2036 1294 volo,
2059 1229 2153 1284 hoc
2177 1248 2272 1302 ago
2294 1250 2313 1298 ;
2338 1235 2428 1288 sed
2451 1237 2586 1305 quod
2613 1237 2717 1301 odi,
2747 1239 2875 1294 illud
2893 1242 3048 1312 facio.
3081 1243 3143 1296 Si
3170 1253 3335 1300 autent
3353 1247 3492 1318 quod

1901 1319 2020 1374 nolo
2047 1319 2142 1376 hoc
2169 1321 2322 1392 facio,
2346 1328 2600 1381 consentio
2627 1329 2744 1399 legi,
2799 1333 3036 1400 quoniam
3092 1334 3222 1389 bona
3259 1338 3302 1394 ².
3331 1337 3491 1394 Nunc

1901 1421 2069 1466 autem
2089 1429 2192 1467 non
2199 1415 2316 1480 jam
2357 1433 2446 1488 ego
2475 1435 2654 1490 operor
2673 1420 2824 1490 illud,
2844 1423 2934 1476 sed
2961 1424 3016 1477 id
3031 1425 3170 1495 quod
3197 1427 3248 1481 in
3269 1445 3348 1483 me
3391 1429 3492 1484 ha-

1901 1503 2022 1558 bitat
2047 1515 2322 1576 peccatum.
2351 1507 2474 1562 Scio
2497 1510 2630 1564 enim
2645 1511 2764 1584 quia
2785 1529 2887 1568 non
2898 1514 3089 1569 habitat
3114 1517 3168 1572 in
3185 1534 3282 1586 me,
3313 1519 3368 1573 id
3391 1530 3487 1586 est,

1899 1595 1954 1648 in
1979 1612 2130 1650 carne
2153 1613 2265 1652 mea
2291 1599 2475 1654 bonum
2503 1615 2522 1654 :
2548 1618 2666 1654 nam
2689 1601 2850 1658 velle'
2877 1605 3075 1677 adjacet
3095 1607 3240 1676 mihi,
3275 1609 3491 1678 perﬁce-

1897 1701 1953 1740 re
1971 1697 2140 1742 autem
2165 1687 2350 1743 bonum
2373 1705 2474 1744 non
2503 1691 2720 1746 invenio.
2752 1692 2876 1748 Non
2903 1696 3038 1750 enim
3063 1697 3198 1766 quod
3216 1697 3330 1754 volo
3354 1701 3490 1773 facio

1898 1777 2084 1834 bonum
2099 1796 2122 1846 ;
2145 1781 2236 1836 sed
2263 1782 2400 1851 quod
2429 1783 2546 1838 nolo
2574 1783 2784 1852 malum,
2813 1786 2909 1842 hoc
2933 1805 3049 1860 ago.
3070 1789 3131 1846 Si
3155 1799 3322 1846 autem
3353 1795 3490 1864 quod

1897 1871 2038 1938 nolo,
2069 1887 2160 1942 ego
2185 1871 2280 1926 hoc
2305 1873 2474 1944 facio;
2491 1875 2604 1946 jam
2623 1891 2726 1930 non
2749 1891 2840 1946 ego
2866 1894 3047 1948 operor
3068 1879 3218 1948 illud,
3245 1882 3334 1935 sed
3354 1883 3491 1952 quod

1897 1963 2092 2018 habitat
2115 1964 2170 2020 in
2199 1981 2278 2020 me
2305 1975 2584 2038 peccatum.
2615 1965 2827 2022 Invenio
2863 1969 3019 2040 igitur
3057 1970 3212 2042 legem
3243 1972 3367 2026 mihi
3403 1990 3494 2028 vo-

1897 2051 2021 2108 lenti
2049 2055 2216 2124 facere
2244 2056 2445 2124 bonum,
2474 2058 2712 2128 quoniam
2739 2059 2862 2113 mihi
2881 2061 3072 2114 malum
3109 2062 3332 2133 adjacet.
3356 2061 3491 2120 Con-

1896 2145 2114 2202 delector
2141 2148 2274 2202 enim
2295 2149 2392 2220 legi
2423 2148 2520 2202 Dei
2555 2152 2830 2206 secundum
2871 2153 3158 2208 interiorem
3185 2156 3440 2212 hominem
3467 2175 3488 2214 :

1895 2237 2038 2292 video
2066 2249 2236 2294 autem
2265 2241 2421 2296 aliam
2449 2241 2612 2314 legem
2641 2245 2692 2298 in
2743 2245 2977 2300 membris
3029 2248 3151 2302 meis
3195 2265 3487 2321 repugnan-

1895 2340 1994 2386 tem
2019 2332 2114 2404 Iegi
2135 2333 2317 2388 mentis
2345 2349 2488 2402 ntere,
2511 2345 2558 2390 et
2586 2337 2921 2406 captivantem
2945 2351 3024 2392 me
3049 2337 3104 2393 in
3135 2340 3243 2411 lege
3267 2343 3482 2412 peccati,

1891 2439 2008 2494 qua:
2025 2432 2096 2478 est
2133 2425 2184 2478 in
2207 2424 2440 2480 membris
2465 2427 2606 2482 meis.
2633 2427 2791 2484 Miser
2814 2446 2905 2500 ego
2933 2431 3106 2498 homo,
3129 2433 3240 2501 quis
3269 2451 3348 2488 me
3365 2435 3490 2488 libe-

1891 2517 2022 2570 rabit
2049 2516 2113 2570 de
2149 2534 2360 2588 corpore
2401 2520 2576 2574 mortis
2601 2521 2798 2592 hujus?
2851 2521 3029 2576 Gratia
3057 2522 3152 2578 Dei
3173 2541 3264 2594 per
3307 2524 3488 2580 Iesum

1891 2607 2148 2664 Christum
2190 2608 2466 2664 Dominum
2491 2621 2716 2666 nostrum
2749 2611 2859 2682 (Id.
2913 2628 3002 2678 vn,
3053 2615 3267 2684 14-25).
3301 2615 3487 2672 Dicant

1891 2699 1982 2769 qui
2014 2708 2240 2770 possunt
2259 2701 2502 2756 homines
2523 2703 2670 2756 nasci
2695 2717 2804 2758 non
2832 2704 2884 2758 in
2915 2717 3140 2774 corpore
3163 2707 3350 2762 mortis
3379 2707 3484 2762 hu-

1886 2789 1994 2861 jus,
2025 2799 2082 2846 ut
2108 2785 2313 2862 pos'sint
2339 2792 2504 2848 etiam
2525 2793 2724 2858 dicere,
2747 2807 2852 2849 non
2879 2795 2958 2852 eis
2981 2797 3338 2852 necessariam
3363 2813 3484 2870 gra-

1893 2883 2022 2938 tiam
2054 2883 2146 2938 Dei
2171 2899 2267 2954 per
2291 2883 2473 2940 Jesum
2507 2883 2795 2951 Christum,
2827 2901 2932 2956 qua
2961 2887 3252 2944 liberentur
3269 2888 3338 2944 de
3365 2905 3486 2948 oon-

1889 2991 2022 3046 pore
2043 2977 2231 3032 mortis
2261 2976 2436 3047 hujus.
2485 2977 2618 3033 Item
2645 2979 2803 3048 paulo
2829 2987 2949 3048 post
2992 2998 3006 3036 :
3053 2979 3200 3048 Quod
3229 2985 3362 3038 enim
3385 2984 3485 3040 int-

1891 3067 2128 3140 possibile
2168 3078 2276 3122 erat
2306 3069 2430 3139 legis
2449 3067 2492 3136 ⁸,
2519 3070 2572 3122 in
2595 3087 2696 3140 quo
2743 3071 3096 3139 inﬁrmabatur
3131 3090 3220 3144 per
3256 3085 3480 3142 carnem,

1889 3160 2029 3216 Deus
2061 3161 2258 3216 Filium
2303 3178 2450 3216 suum
2474 3162 2608 3216 misit
2635 3165 2686 3216 in
2713 3163 3044 3218 similitudine
3076 3166 3244 3220 carnis
3270 3169 3480 3236 peccati,

1887 3261 1936 3308 et
1955 3253 2019 3307 de
2047 3263 2252 3322 peccato
2281 3253 2538 3306 damnavit
2567 3263 2825 3322 peccatum
2850 3253 2902 3308 in
2921 3270 3074 3308 carne
3097 3253 3206 3324 (Id.
3245 3273 3358 3324 Vill,
3400 3258 3481 3325 3).

1889 3345 2079 3402 Dicant
2103 3345 2194 3416 qui
2221 3344 2440 3412 audent,
2469 3346 2770 3414 oportuisse
2795 3346 2939 3400 nasci
2961 3345 3226 3402 Christum
3251 3349 3302 3402 in
3326 3349 3482 3404 simi-

1887 3437 2112 3494 litudine
2137 3437 2314 3494 carnis
2341 3435 2566 3508 peccati,
2595 3437 2699 3492 nisi
2727 3451 2824 3492 nos
2851 3438 2962 3492 nati
2981 3453 3221 3494 essemus
3239 3440 3290 3494 in
3317 3455 3481 3496 carne

1887 3531 2116 3602 peccati.

1959 3625 2050 3680 44.
2083 3625 2212 3680 Item
2243 3623 2310 3680 ad
2339 3621 2646 3680 Corinthios
2676 3640 2688 3676 :
2727 3623 2939 3678 Tradidi
2965 3625 3100 3678 enim
3127 3624 3262 3680 vobis
3290 3625 3342 3682 in
3369 3627 3478 3698 pri~

1895 3715 2010 3780 mis,
2043 3715 2232 3786 inquit,
2265 3713 2402 3784 quod
2431 3724 2477 3768 et
2505 3715 2708 3784 accepi,
2741 3715 2862 3782 quia
2887 3715 3114 3770 Christus
3143 3727 3368 3774 mortuus
3405 3729 3484 3774 est

1889 3825 1984 3879 pro
2009 3807 2226 3879 peccatis
2255 3807 2446 3862 nostris
2475 3807 2752 3862 secundum
2771 3809 3064 3878 Scripturas
3089 3807 3260 3882 (lCor.
3281 3828 3370 3880 xv,
3395 3811 3473 3886 5).

1889 3900 2018 3956 Item
2063 3900 2130 3956 ad
2178 3899 2399 3956 eosdem
2447 3899 2760 3958 Corinthios.
2803 3901 2856 3956 in
2906 3903 3138 3956 secunda
3187 3921 3200 3956 :
3244 3903 3478 3960 Charitas

1883 3993 2022 4048 enim
2045 3991 2234 4046 Christi
2277 3991 2532 4060 compellit
2577 4009 2704 4056 nos;
2741 3993 3034 4062 judicanles
3073 3995 3188 4060 hoc,
3234 3998 3474 4067 quoniam

1885 4085 1932 4140 si
1959 4085 1980 4116 ⁵
2009 4099 2142 4138 unus
2169 4099 2263 4155 pro
2291 4083 2522 4138 omnibus
2551 4092 2780 4138 mortuus
2807 4094 2880 4138 est
2899 4126 2916 4152 ,
2945 4101 3064 4155 ergo
3092 4103 3262 4142 omnes
3291 4092 3477 4144 mortui

1885 4187 2022 4234 sunt.
2073 4177 2139 4232 Et
2185 4193 2277 4246 pro
2324 4175 2555 4232 omnibus
2602 4185 2827 4231 mortuus
2869 4187 2942 4232 est
2983 4178 3232 4245 Christus,
3287 4190 3340 4234 ut
3387 4184 3476 4252 qui

1885 4273 2074 4337 vivunt,
2099 4271 2212 4343 jam
2242 4285 2342 4322 non
2369 4269 2463 4324 sibi
2501 4268 2688 4334 vivant,
2715 4268 2805 4322 sed
2837 4269 2885 4322 ei
2925 4271 3012 4338 qui
3042 4287 3134 4340 pro
3177 4272 3301 4340 ipsis
3339 4290 3476 4328 mor-

1885 4377 2002 4420 tuus
2029 4375 2102 4418 est
2127 4373 2174 4418 et
2201 4363 2491 4416 resurrexit.
2521 4361 2705 4432 Itaque
2731 4377 2822 4416 nos
2846 4362 3031 4416 amodo
3061 4365 3308 4418 neminem
3333 4367 3476 4420 novi-

1885 4476 1998 4514 mus
2045 4457 2324 4512 sccundnm
2369 4471 2574 4508 carnem
2613 4470 2631 4508 :
2674 4463 2722 4508 et
2765 4455 2810 4508 si
2855 4471 3150 4510 noveramus
3195 4457 3470 4510 secundum

1881 4568 2086 4606 carnem
2113 4549 2404 4616 Christum,
2435 4548 2525 4601 sed
2553 4563 2685 4600 nunc
2719 4548 2834 4618 jam
2863 4564 2964 4602 non
2991 4547 3240 4604 novimus.
3275 4549 3338 4604 Si
3369 4567 3472 4621 qua

1883 4646 2038 4717 igitur
2065 4645 2116 4698 in
2143 4643 2346 4697 Christo
2371 4657 2500 4696 nova
2529 4649 2780 4704 creatura,
2809 4649 2972 4694 vetera
3001 4644 3334 4708 transierunt,
3363 4659 3474 4696 ecce

1883 4741 2022 4808 facta
2069 4745 2182 4790 sunt
2231 4734 2401 4788 omnia
2427 4733 2448 4764 ⁸
2475 4749 2622 4786 nova.
2681 4731 2866 4786 Onmia
2908 4741 3076 4788 autem
3121 4751 3182 4790 ex
3209 4732 3340 4801 Deo,
3387 4735 3473 4805 qui

1881 4826 2218 4884 reconciliavit
2249 4841 2342 4880 nos
2369 4825 2461 4878 sibi
2493 4841 2580 4892 per
2607 4823 2883 4888 Christum,
2913 4834 2959 4878 et
2981 4825 3118 4878 dedit
3147 4825 3292 4879 nobis
3317 4829 3469 4882 mini-

1879 4923 2088 4976 sterium
2133 4917 2574 4974 reconciliationis.
2625 4915 3107 4983 Quemadmodum?
3153 4917 3287 4982 Quia
3327 4917 3468 4974 Deus

1943 5059 1960 5090 ί
1995 5057 2077 5105 llic
2091 5056 2139 5103 in
2153 5053 2296 5103 editis
2317 5053 2546 5112 additum,
2559 5053 2624 5102 ad
2638 5051 2893 5120 justitiam.
2909 5055 3054 5102 Abest
3066 5067 3094 5103 a
3111 5057 3466 5120 manuscriptis,

1879 5131 2072 5170 necnon
2092 5130 2119 5166 a
2143 5128 2306 5179 ἕτερου
2319 5123 2470 5179 textu
2489 5115 2697 5179 _Apostoli
2709 5151 2720 5162 .

1941 5185 1962 5214 ί
1996 5177 2238 5244 Adjecfum
2264 5177 2423 5244 etiam
2451 5177 2541 5224 hic
2563 5179 2795 5238 verbum,
2833 5183 2939 5240 est;
2963 5177 3092 5242 quod
3127 5180 3176 5228 in
3199 5181 3466 5230 manuscri.

1879 5245 1974 5308 ptis
1999 5239 2118 5308 etin
2139 5251 2302 5308 graeco
2330 5239 2604 5308 reticente”

1943 5307 1964 5338 ³
1997 5299 2264 5362 ξιάἰιὶἠιωη
2285 5305 2458 5349 bonum
2479 5299 2614 5350 velle.
2633 5308 2728 5349 Non
2747 5300 2988 5362 repetitur
3011 5301 3106 5350 hoc
3118 5301 3242 5362 loco,
3269 5302 3460 5362 bonum,

1878 5370 1928 5418 in
1951 5365 2303 5426 mattuscrijnizs,
2329 5375 2422 5426 nec
2443 5363 2731 5426 apudApost
2764 5363 2879 5426 lum.

1941 5429 1963 5461 ⁸
1997 5433 2043 5475 ιη
2069 5421 2213 5475 editis
2229 5421 2370 5496 dandi
2393 5421 2532 5496 casu,
2557 5421 2668 5496 legi.
2699 5433 2750 5496 At
2773 5425 2820 5473 in
2847 5431 2972 5483 Mss.,
2997 5423 3160 5496 legis“;
3177 5427 3317 5487 juxta
3341 5437 3468 5486 εγω-

1877 5505 1988 5542 cum
2011 5497 2088 5540 tou
2108 5499 2294 5537 nomon.
2325 5487 2398 5534 sic
2417 5487 2707 5549 Augustinus
2724 5487 2771 5534 in
2794 5499 3024 5549 sermone
3050 5487 3154 5535 13:2.

1941 5555 1962 5586 ⁵
1998 5551 2218 5612 Plerique
2243 5545 2816 5612 manuscriptiomitlunt,
2839 5546 2914 5608 si;
2931 5561 3056 5612 quin
3075 5545 3302 5610 particula
3319 5545 3467 5596 etiam

1879 5615 2004 5678 apud
2025 5607 2211 5678 Grauios
2235 5623 2332 5660 non
2355 5609 2402 5656 in
2419 5607 2644 5678 omnibus
2662 5610 2907 5678 codicibus
2929 5607 3126 5672 legitur.

1943 5679 1962 5706 ⁶
1997 5683 2091 5724 Hoc
2115 5672 2217 5720 loco
2239 5679 2344 5720 Mss.
2372 5683 2468 5718 non
2491 5670 2689 5726 habent.
2709 5669 2903 5728 omnia;
2927 5663 3017 5718 nec
3038 5677 3112 5718 est
3135 5669 3180 5717 in
3193 5667 3368 5730 graecis
3389 5663 3464 5713 Iti-

1883 5740 1991 5788 liiis
2013 5750 2104 5786 nec
2131 5738 2176 5782 in
2197 5733 2356 5782 latinis
2377 5733 2764 5782 Corhcicnsilms.
