4016 6488
546 284 647 342 155

545 397 726 452 eratin
755 394 955 453 Christo
980 393 1227 450 mundum
1251 392 1588 447 reconcilians
1612 390 1739 458 sibi,
1767 407 1869 444 non
1892 395 2136 458 reputans

545 489 650 542 illis
687 488 870 541 delicta
909 501 1116 551 eorum,
1146 493 1194 537 et
1223 499 1415 556 ponens
1456 483 1510 536 in
1539 483 1682 536 nobts
1729 481 1930 535 verbum
1959 494 2138 533 recon-

549 579 840 634 ciliationis.
877 577 982 631 Pro
1009 576 1205 631 Christo
1250 591 1366 642 crqo
1411 574 1660 645 legatione
1700 575 1990 644 fungimur,
2021 579 2137 623 tan-

547 688 700 736 quam
727 670 836 723 Deo
861 669 1157 723 exhortante
1185 683 1274 738 per
1309 683 1402 721 nos
1428 681 1445 720 :
1471 667 1792 720 obsecramus
1818 681 1909 735 pro
1937 662 2138 718 Christo

548 761 863 816 reconciliari
893 760 1022 814 Deo.
1057 759 1189 814 Eum
1217 761 1302 828 qui
1344 776 1444 813 non
1485 767 1689 813 noverat
1717 767 1976 828 peccatunt
1997 797 2012 823 ,
2046 772 2138 826 pro

550 854 692 908 nobis
719 861 978 924 peccatum
1005 852 1142 924 fecit,
1175 861 1228 906 ut
1261 867 1352 906 nos
1380 850 1536 905 simus
1555 850 1762 920 justitia
1793 847 1887 902 Dei
1912 848 1964 901 in
2004 847 2135 917 ipso.

550 945 887 1014 Cooperantes
925 953 1093 998 autent
1117 953 1162 998 et
1192 959 1449 1014 rogamus,
1492 959 1553 996 ne
1593 942 1646 995 in
1684 956 1895 994 vacuum
1925 940 2140 1011 gratiam

547 1037 646 1091 Dei
672 1037 979 1108 suscipiatis.
1014 1037 1150 1090 Dicit
1175 1037 1305 1089 enim
1331 1051 1348 1089 :
1375 1033 1626 1105 Tempore
1650 1033 1948 1103 acceptabili
1982 1048 2141 1086 exau-

546 1132 649 1184 divi
678 1139 760 1197 te,
793 1140 840 1184 et
879 1131 934 1184 in
963 1129 1045 1182 die
1079 1129 1256 1183 salutis
1286 1127 1459 1198 adjuvi
1504 1136 1569 1179 te.
1601 1124 1736 1179 Ecce
1775 1140 1907 1177 nunc
1945 1132 2140 1193 tempus

547 1223 872 1292 acceptabile,
901 1239 1013 1276 ecce
1038 1238 1170 1275 nunc
1198 1221 1302 1274 dies
1330 1220 1511 1274 salutis
1547 1217 1623 1286 (Il
1645 1218 1759 1272 Cor.
1780 1233 1836 1284 γ,
1863 1215 2032 1282 14-νι,
2055 1215 2137 1283 2).

548 1313 630 1367 Ad
661 1315 797 1368 hanc
828 1312 1316 1367 reconciliationem
1361 1319 1415 1364 et
1460 1309 1684 1363 salutem
1731 1308 1777 1362 si
1819 1321 1926 1361 non
1972 1305 2139 1374 perti-

551 1413 680 1458 nent
724 1402 954 1472 parvuli,
989 1403 1107 1471 quis
1137 1417 1230 1456 eos
1260 1399 1449 1469 quierit.
1480 1400 1496 1430 ί
1528 1399 1595 1453 ad
1624 1397 1949 1468 Baptismum
1981 1396 2138 1450 Chri-

551 1495 671 1550 sti?
730 1493 785 1549 Si
833 1501 1010 1548 autem
1064 1493 1363 1562 pet-tinent,
1417 1490 1556 1544 inter
1611 1489 1853 1544 homines
1904 1495 2140 1542 mortuos

553 1593 678 1639 sunt
698 1586 740 1650 ²,
771 1599 868 1655 pro
897 1583 1087 1653 quibus
1118 1583 1203 1637 ille
1228 1593 1468 1636 mortuus
1493 1590 1608 1646 est;
1643 1595 1741 1635 nec
1767 1579 1834 1634 ab
1858 1595 1923 1634 eo
1949 1593 2139 1634 recon-

550 1676 718 1730 ciliari
762 1686 816 1730 et
858 1675 1050 1729 salvari
1095 1682 1336 1743 possunt,
1373 1673 1474 1728 nisi
1517 1671 1738 1726 dimissa
1784 1686 1893 1726 non
1931 1677 2142 1740 reputet

470 1814 477 1819 .
553 1767 746 1820 delicta
779 1781 985 1820 eorum.

622 1861 709 1914 45.
748 1859 877 1914 Item
905 1859 969 1913 ad
993 1858 1209 1914 Galatas
1237 1875 1251 1910 :
1285 1856 1461 1911 Cratia
1487 1855 1622 1909 vobis
1651 1862 1698 1908 et
1731 1871 1833 1924 pax
1858 1851 2017 1907 aDeo
2034 1851 2141 1905 Pa-

553 1962 646 2016 tre,
675 1961 720 2003 et
746 1950 961 2003 Dontino
990 1947 1117 2003 Iesu
1141 1948 1372 2014 Christo,
1397 1949 1483 2019 qui
1521 1945 1659 2000 dedit
1701 1946 2018 2016 semetipsum
2047 1961 2138 2015 pro

554 2043 769 2111 peccatis
813 2042 1030 2107 nostris,
1066 2050 1120 2094 ut
1162 2041 1396 2095 eximeret
1441 2055 1532 2093 nos
1574 2037 1638 2092 de
1680 2037 1913 2108 praesenti
1953 2035 2140 2092 sazculo

554 2133 775 2202 maligno
805 2130 999 2202 (Calat.
1034 2145 1072 2194 ι,
1103 2131 1156 2196 5,
1183 2130 1264 2201 4).
1298 2130 1361 2183 Et
1388 2130 1492 2182 alio
1523 2128 1640 2182 loco
1671 2144 1684 2180 :
1714 2126 1822 2181 Lex
1860 2134 2142 2196 transgres-

551 2226 704 2276 sionis
744 2223 908 2293 gratia
956 2222 1214 2293 preposita
1244 2231 1316 2275 est
1343 2221 1386 2287 ³,
1423 2222 1580 2274 donec
1623 2220 1808 2273 veniret
1853 2234 2020 2273 semen
2059 2219 2140 2271 cui

554 2315 858 2382 promissum
887 2324 979 2377 est,
1009 2313 1313 2381 dispositum
1344 2328 1431 2382 per
1455 2309 1672 2381 Angelos
1699 2311 1751 2362 in
1779 2326 1932 2362 ntanu
1956 2308 2140 2362 media-

558 2417 698 2458 tam.
733 2403 986 2458 Illediator
1010 2412 1179 2457 autent
1222 2404 1372 2456 unius
1413 2419 1512 2455 non
1551 2411 1623 2455 est
1647 2416 1665 2454 :
1692 2399 1830 2453 Deus
1870 2415 1984 2453 vero
2012 2415 2140 2452 unus

553 2505 646 2549 est.
681 2496 786 2549 Lex
815 2513 934 2567 ergo
967 2497 1204 2550 adversus
1251 2494 1498 2566 promissa
1529 2492 1664 2547 Dei?
1699 2492 1862 2546 Absit.
1908 2492 1969 2547 Si
2007 2493 2140 2546 enim

553 2586 673 2638 data
716 2596 841 2640 esset
886 2587 986 2650 lex,
1026 2601 1140 2655 qua:
1182 2594 1347 2656 posset
1391 2585 1664 2653 vivi/icare,
1711 2585 1915 2638 omnino
1943 2601 2006 2638 ex
2034 2585 2140 2655 lege

553 2684 680 2729 esset
698 2676 918 2746 justitia.
952 2675 1060 2730 Sed
1088 2676 1335 2729 conclusit
1366 2675 1636 2745 Scriptura
1679 2676 1851 2762 omnig
1891 2677 1985 2730 sub
2025 2692 2142 2746 pec-

551 2777 662 2820 cato
679 2808 692 2834 ,
723 2777 774 2820 ut
813 2767 1074 2836 promissio
1103 2783 1167 2820 ex
1206 2766 1306 2836 ﬁde
1333 2764 1458 2820 Iesu
1486 2765 1675 2820 Christi
1702 2767 1908 2822 daretur
1935 2768 2141 2822 creden-

552 2860 682 2912 tibus
713 2858 827 2929 (Id.
861 2875 937 2922 Ill,
972 2858 1188 2929 19-22).

620 2952 708 3005 40.
742 2950 822 3004 Ad
854 2950 1117 3019 Ephesios
1145 2949 1306 3004 etiam
1339 2969 1351 3006 :
1382 2949 1451 3004 Et
1479 2966 1566 3005 vos
1601 2966 1716 3004 cum
1753 2950 1924 3005 essetis
1953 2950 2141 3004 mortui

551 3045 745 3098 delictis
774 3053 820 3096 et
849 3043 1066 3112 peccatis
1091 3043 1285 3108 vestris,
1318 3042 1372 3096 in
1400 3041 1580 3112 quibus
1608 3041 1884 3112 aliquando
1910 3042 2142 3096 ambula-

553 3141 643 3191 stis
685 3137 960 3190 secundum
995 3136 1238 3191 saeculum
1273 3135 1451 3190 mundi
1486 3136 1659 3205 hujus,
1688 3135 1964 3190 secundum
1994 3136 2139 3205 prin-

552 3229 711 3298 cipent
743 3227 1001 3298 potestatis
1027 3227 1160 3282 aeris
1181 3267 1196 3293 ,
1229 3228 1438 3297 spiritus
1476 3228 1586 3298 ejus
1626 3227 1711 3298 qui
1739 3243 1873 3281 nunc
1900 3236 2140 3299 aperatur

555 3320 608 3373 in
635 3321 756 3388 filiis
781 3320 1103 3390 diffidentiw,
1142 3321 1197 3373 in
1237 3319 1412 3390 quibus
1442 3329 1488 3373 et
1526 3336 1618 3373 nos
1657 3336 1829 3374 omnes
1862 3320 2140 3390 aliquando

551 3414 828 3466 conversati
866 3429 1037 3467 suntus
1073 3413 1126 3466 in
1169 3413 1431 3466 desideriis
1473 3413 1641 3467 carnis
1680 3423 1866 3468 nostra?
1899 3414 2141 3484 facientes

563 3503 868 3556 voluntatem
892 3503 1082 3571 carnis,
1113 3512 1161 3556 et
1186 3501 1528 3570 aﬁectienum,
1551 3513 1597 3556 et
1618 3520 1818 3558 eramus
1842 3503 2142 3559 naturaliter

553 3596 651 3664 filii
692 3597 804 3660 irae,
845 3596 975 3649 sicut
1013 3606 1060 3649 et
1098 3596 1287 3650 caueri.
1318 3594 1457 3650 Deus
1483 3605 1652 3650 autent
1694 3597 1779 3667 qui
1809 3597 1943 3651 dives
1983 3606 2056 3651 est
2088 3598 2142 3650 in

555 3689 924 3753 misericordia,
972 3697 1178 3759 propter
1210 3689 1424 3742 multam
1462 3689 1779 3743 dilectionem
1820 3706 1919 3759 qua
1966 3689 2141 3744 dilexit

556 3797 668 3844 nos,
703 3791 747 3833 el
777 3797 889 3834 cum
917 3797 1131 3835 essemus
1160 3781 1345 3834 mortui
1373 3781 1615 3852 peccatis,
1648 3781 2011 3849 convivi/icavit
2051 3797 2142 3835 nos

561 3871 760 3925 (.‘hristo
783 3914 797 3936 ,
826 3873 971 3942 cujus
999 3872 1162 3942 gratia
1189 3887 1362 3926 sumus
1391 3872 1518 3925 salvi
1543 3871 1686 3941 facti.
1715 3872 1779 3925 Et
1805 3872 1961 3941 paulo
1989 3880 2138 3941 post:

562 3963 758 4028 Cratia,
793 3965 980 4034 inquit,
1020 3964 1146 4018 salvi
1184 3965 1309 4035 facti
1349 3965 1465 4018 estis
1494 3981 1582 4034 per
1623 3964 1813 4033 ﬁdem;
1852 3974 1896 4018 et
1923 3967 2017 4018 hoc
2043 3981 2143 4018 non

563 4072 628 4110 ex
650 4056 804 4121 vobis,
834 4056 922 4111 sed
944 4055 1036 4110 Dei
1071 4057 1261 4110 donum
1287 4066 1358 4110 est
1385 4073 1402 4110 :
1429 4074 1528 4110 non
1554 4073 1617 4110 ex
1650 4057 1900 4126 operibus,
1926 4076 1988 4112 ne
2015 4059 2145 4128 forte

565 4148 677 4215 quis
702 4147 993 4201 extollatur.
1025 4146 1195 4218 Ipsius
1219 4148 1349 4201 enim
1377 4164 1550 4202 sumus
1575 4149 1887 4218 ﬁgmentum,
1914 4151 2069 4204 creati
2091 4150 2144 4204 in

565 4237 765 4293 Christo
793 4238 918 4292 Iesu
959 4239 1010 4292 in
1051 4239 1282 4308 operibus
1311 4238 1474 4304 bonis,
1518 4255 1633 4308 qua:
1677 4241 1976 4310 prtvparavit
2006 4239 2144 4296 Deus

564 4339 618 4384 ut
648 4333 698 4383 in
737 4331 840 4384 illis
867 4330 1198 4384 ambulemus.
1229 4330 1296 4384 Et
1340 4331 1497 4399 paulo
1529 4339 1648 4398 post
1674 4349 1687 4385 :
1722 4331 1819 4397 Qui
1845 4332 2033 4398 eratis,
2067 4332 2147 4386 in-

564 4424 706 4494 quit,
757 4423 846 4477 illo
888 4433 1111 4493 tempore
1153 4423 1260 4476 sine
1301 4422 1531 4490 Christo,
1580 4424 1787 4477 alienati
1829 4440 1862 4477 a
1910 4425 2144 4480 societate

563 4515 748 4581 Israel,
770 4525 816 4569 et
841 4516 1087 4585 peregrini
1114 4523 1520 4568 testamentorum
1542 4524 1587 4568 et
1610 4516 1978 4584 promissionis,
2005 4533 2145 4586 spem

561 4625 663 4661 non
693 4607 960 4671 habentes,
993 4614 1039 4658 et
1069 4605 1176 4658 sine
1205 4604 1312 4658 Deo
1339 4605 1392 4658 in
1424 4605 1517 4658 hoc
1556 4605 1745 4658 ntundo
1770 4622 1788 4659 :
1817 4622 1950 4659 nunc
1977 4616 2145 4660 autem

564 4701 617 4753 in
638 4698 836 4754 Christo
859 4698 1012 4762 Iesu,
1044 4698 1129 4767 qui
1153 4697 1427 4766 aliquando
1465 4698 1617 4751 eratis
1647 4699 1811 4768 longe,
1839 4699 1961 4768 facti
1982 4697 2003 4728 ‘
2029 4700 2145 4754 estis

562 4807 719 4862 prope
759 4791 812 4843 in
856 4789 1104 4860 sanguine
1129 4788 1336 4843 Christi.
1383 4787 1507 4858 Ipse
1528 4798 1600 4842 est
1637 4790 1770 4842 enim
1809 4805 1912 4858 pax
1953 4799 2143 4856 nostra,

561 4885 646 4955 qui
681 4884 797 4953 fecit
828 4892 1037 4952 utraque
1074 4898 1252 4946 unum,
1295 4890 1342 4935 et
1380 4881 1602 4934 medium
1641 4883 1880 4952 parietem
1917 4884 2148 4938 maceria:

561 4978 756 5032 solvens
802 4976 1114 5042 inimicitias,
1161 4977 1212 5029 in
1260 4991 1412 5028 carne
1456 4991 1550 5028 sua
1593 4976 1751 5047 legem
1795 4976 2147 5030 mandatorum

565 5069 790 5132 decretis,
823 5083 1069 5121 evacuans
1094 5109 1110 5134 ,
1153 5075 1208 5121 ut
1257 5067 1384 5121 duos
1429 5067 1662 5122 conderet
1704 5069 1757 5122 iu
1799 5085 1852 5122 se
1894 5069 1949 5122 in
1991 5085 2146 5122 unum

563 5175 744 5214 nouunt
780 5158 1053 5222 hominem,
1097 5157 1288 5228 faciens
1320 5175 1492 5227 pacem
1511 5201 1526 5225 ,
1557 5168 1602 5213 et
1631 5169 1956 5213 commutaret
1985 5170 2147 5214 utros.

560 5268 656 5322 que
683 5252 738 5305 in
776 5267 878 5306 uno
901 5267 1112 5318 corpore
1135 5249 1242 5305 Deo
1260 5293 1274 5316 ,
1303 5267 1392 5322 per
1420 5267 1616 5306 crucem
1642 5252 1948 5320 interﬁciens
1973 5253 2148 5306 inimi-

563 5345 710 5397 citias
753 5344 806 5396 in
852 5341 1139 5409 semetipso.
1198 5341 1264 5395 Et
1316 5343 1515 5408 veniens
1571 5344 1926 5415 evangelisavit
1974 5361 2148 5413 pacem

1182 279 1272 336 DE
1309 273 1766 335 PECCATORUM
1805 267 2081 327 MERITIS
2118 265 2205 323 ET
2246 267 2675 338 REMISSIONE,
2714 270 2774 328 S.
2815 271 3184 330 AUGUSTlNl

3735 277 3832 333 136

2244 384 2382 440 vobis
2408 386 2495 456 qui
2515 388 2667 442 eratis
2689 388 2855 460 longe,
2885 399 2932 444 et
2958 407 3133 461 pacem
3161 390 3239 445 his
3263 391 3349 461 qui
3375 407 3554 462 prope,
3591 395 3711 463 quia
3738 413 3828 465 per

2242 475 2408 544 ipsum
2443 477 2680 533 habemus
2713 496 2967 534 accessum
3002 481 3148 535 ambo
3179 483 3232 536 in
3269 499 3371 537 uno
3409 484 3594 555 spiritu
3629 486 3697 539 ad
3726 485 3829 540 Pa-

2242 575 2366 619 trem
2393 565 2609 639 (Ephes.
2637 585 2714 633 ιι,
2744 569 2928 640 1-18).
2975 570 3106 626 ltetn
3150 573 3274 627 alibi
3306 590 3319 624 :
3353 573 3502 628 Sicut
3541 578 3723 632 veritas
3755 589 3829 632 est

2243 659 2296 712 in
2312 657 2460 724 Iesu,
2484 661 2735 730 deponere
2763 678 2847 716 vos
2868 663 3141 717 secundum
3162 665 3380 734 priorem
3405 670 3830 726 conversationem

2245 759 2458 805 veterem
2485 751 2760 818 hominem,
2788 769 2901 807 eum
2924 754 3011 822 qui
3042 755 3384 824 corrumpitur
3405 757 3678 812 secundum
3703 776 3830 813 con-

2243 842 2580 911 cupiscentias
2636 843 2964 914 deceptionis.
3028 846 3362 900 Renovamini
3422 857 3591 903 autem
3647 851 3832 920 spiritu

2243 935 2423 988 utentis
2462 944 2666 1002 vestrae,
2707 946 2754 990 et
2790 937 2983 992 induite
3019 935 3202 992 novum
3255 939 3542 1009 hominem,
3584 957 3697 996 eum
3746 945 3834 1014 qui

2245 1025 2520 1078 secundum
2569 1025 2730 1080 Deum
2771 1038 2967 1082 creatus
3005 1038 3079 1083 est
3124 1030 3178 1083 in
3219 1032 3423 1101 justitia
3467 1041 3516 1085 et
3562 1035 3829 1089 sanctitate

2244 1118 2487 1170 veritatis.
2533 1119 2599 1172 Et
2640 1119 2766 1174 alibi
2807 1137 2820 1173 :
2857 1117 3029 1175 Nolite
3072 1123 3369 1176 contristare
3417 1124 3668 1195 Spiritum
3709 1143 3829 1180 san-

2243 1217 2376 1260 ctum
2408 1208 2522 1273 Dei,
2572 1212 2624 1264 in
2672 1227 2772 1280 quo
2821 1212 3006 1282 signati
3046 1213 3162 1267 estis
3204 1215 3256 1267 in
3296 1215 3428 1268 diem
3470 1215 3831 1286 redemptionis

2246 1297 2355 1371 (Id.
2387 1316 2460 1366 tv,
2491 1300 2684 1367 21-21,
2711 1302 2822 1371 50).

2315 1393 2405 1446 47.
2440 1393 2518 1446 Ad
2565 1392 2911 1450 Colossenses
2959 1396 3119 1450 etiam
3166 1396 3236 1450 ita
3289 1398 3523 1467 loquitur
3566 1415 3580 1453 :
3627 1397 3831 1454 Gratias

2244 1492 2447 1553 agentes
2473 1482 2616 1537 Patri
2643 1485 2852 1539 idoneos
2878 1487 3082 1557 facienti
3111 1504 3200 1542 nos
3233 1489 3284 1541 in
3312 1499 3508 1558 purtent
3534 1491 3682 1544 sortis
3709 1508 3831 1545 sano

2244 1582 2440 1628 ctorum
2468 1574 2520 1626 in
2547 1574 2736 1629 lumine
2753 1619 2767 1641 ,
2797 1576 2882 1642 qui
2910 1577 3092 1645 eripuit
3119 1595 3208 1632 nos
3234 1580 3296 1633 de
3332 1589 3576 1650 potestate
3601 1582 3832 1638 tenebra-

2245 1682 2358 1719 rum
2404 1674 2450 1719 et
2494 1669 2750 1723 transtulit
2796 1670 2848 1723 in
2890 1688 3099 1742 regnum
3127 1669 3257 1725 Filii
3297 1673 3556 1728 cltaritatis
3601 1691 3726 1744 suae,
3778 1677 3832 1730 in

2243 1773 2341 1825 quo
2389 1755 2631 1813 habemus
2674 1761 3068 1831 redemptionem
3093 1763 3145 1816 in
3173 1763 3465 1818 remissione
3509 1776 3829 1836 peccatorum

2246 1846 2462 1914 (Coloss.
2493 1864 2546 1911 ι,
2580 1848 2793 1919 12-14).
2824 1851 2894 1905 Ει
2935 1852 3039 1907 alio
3082 1853 3197 1907 loco
3227 1870 3240 1906 :
3273 1853 3338 1907 Et
3363 1855 3508 1921 estis,
3542 1856 3749 1926 inquit,
3779 1860 3832 1912 in

2243 1937 2334 1990 illo
2359 1939 2558 2008 repleti,
2591 1941 2678 2010 qui
2712 1951 2782 1995 est
2818 1954 2972 2012 caput
2997 1945 3159 1997 omnis
3183 1945 3497 2017 principatus
3525 1957 3572 2001 et
3609 1958 3833 2019 potesta-

2244 2028 2308 2081 tis
2335 2044 2353 2081 :
2383 2029 2435 2082 in
2472 2046 2571 2099 quo
2611 2033 2764 2086 etiam
2810 2034 3092 2089 circumcisi
3140 2037 3255 2090 estis
3307 2037 3688 2094 circumcisione
3728 2057 3829 2096 non

2244 2125 2558 2193 manufacta,
2590 2123 2644 2176 in
2672 2125 3037 2195 exspoliatione
3063 2129 3289 2197 corporis
3317 2130 3504 2196 carnis,
3536 2131 3588 2184 in
3615 2132 3832 2187 circum-

2244 2211 2433 2266 cisione
2462 2211 2687 2281 Christi,
2721 2216 3003 2286 consepulti
3049 2220 3094 2271 ei
3133 2223 3186 2272 in
3220 2218 3501 2290 Baptisnto,
3549 2223 3603 2276 in
3639 2239 3740 2295 quo
3786 2235 3833 2278 et

2244 2305 2630 2358 consurrexistis
2660 2323 2749 2376 per
2779 2308 2932 2375 ﬁdem
2962 2310 3268 2379 operationis
3296 2309 3392 2364 Dei
3411 2354 3425 2378 ,
3453 2314 3540 2383 qui
3572 2315 3830 2370 suscitavit

2243 2392 2388 2446 illum
2413 2411 2446 2446 a
2470 2395 2699 2450 mortuis.
2735 2395 2803 2450 Et
2829 2413 2944 2464 vos,
2977 2415 3092 2451 cum
3127 2401 3299 2454 essetis
3334 2404 3520 2456 mortui
3548 2403 3743 2459 delictis
3783 2416 3831 2461 et

2246 2485 2496 2553 praeputio
2533 2488 2702 2540 carnis
2747 2499 2954 2554 vestrm,
2985 2491 3346 2561 convivi/ienuit
3391 2511 3506 2548 cum
3549 2495 3640 2550 illo
3668 2499 3706 2562 ί,
3739 2498 3832 2552 do-

2245 2593 2376 2632 nans
2423 2579 2564 2634 nobis
2613 2583 2782 2635 omnia
2825 2583 3031 2651 delicta,
3064 2584 3235 2640 delens
3278 2588 3414 2656 quod
3454 2589 3694 2646 adversus
3736 2609 3828 2647 nos

2249 2679 2358 2722 erat
2383 2669 2778 2742 chirographum
2799 2674 3003 2742 decreti,
3034 2677 3169 2747 quod
3197 2688 3302 2732 erat
3330 2682 3639 2738 contrarium
3664 2684 3826 2752 nobis,

2247 2759 2428 2815 tollens
2456 2762 2585 2815 illud
2612 2763 2676 2817 de
2698 2765 2895 2832 medio,
2929 2777 2975 2820 et
3017 2769 3222 2839 afﬁgens
3264 2771 3393 2824 illud
3436 2774 3596 2838 cruci,
3643 2791 3830 2831 exuens

2245 2867 2300 2907 se
2325 2869 2547 2922 carnem,
2578 2857 2889 2928 principatus
2919 2869 2966 2913 et
2991 2871 3258 2931 potestates
3285 2867 3582 2934 exemplavit
3609 2869 3832 2936 ﬁducia-

2246 2943 2359 2998 liter
2399 2947 2716 3018 triumphans
2742 2966 2826 3004 eos
2867 2950 2918 3004 in
2947 2954 3211 3023 semetipso
3237 2956 3350 3025 (Id.
3379 2974 3436 3025 tt,
3471 2959 3684 3030 10-15).

2315 3037 2407 3092 48.
2447 3038 2515 3093 Et
2559 3040 2626 3094 ad
2668 3040 3008 3098 Timotheum
3048 3062 3061 3098 :
3092 3043 3364 3119 Humanus
3387 3089 3402 3114 ,
3435 3049 3638 3120 inquit,
3665 3069 3830 3107 sermo

2244 3137 2293 3181 et
2317 3129 2455 3183 omni
2479 3132 2769 3198 acceptione
2793 3135 2976 3205 dignus
2997 3178 3011 3203 ,
3039 3137 3156 3206 quia
3182 3136 3412 3194 Christus
3433 3140 3585 3196 Iesus
3616 3143 3750 3197 venit
3778 3145 3832 3198 in

2245 3221 2492 3275 mundum
2519 3234 2804 3294 peccatores
2828 3226 2994 3280 salvos
3038 3231 3236 3299 facere,
3273 3247 3486 3301 quorum
3513 3233 3712 3303 printus
3739 3250 3831 3306 ego

2245 3329 2377 3366 sum.
2408 3313 2515 3369 Sed
2542 3315 2654 3369 ideo
2681 3318 3079 3373 misericordiam
3103 3333 3398 3378 consecutus
3427 3341 3561 3391 sum,
3590 3336 3644 3379 ut
3673 3327 3728 3380 in
3755 3342 3836 3381 me

2245 3404 2525 3458 ostenderet
2546 3408 2708 3475 primo
2725 3406 2956 3464 Christus
2972 3409 3124 3466 Iesus
3150 3429 3348 3467 omnem
3373 3415 3832 3487 longanimitatem,

2245 3495 2312 3548 ad
2337 3495 2745 3566 informationem
2776 3516 2951 3554 eorum
2975 3505 3063 3573 qui
3092 3505 3330 3560 credituri
3355 3519 3470 3562 sunt
3495 3508 3573 3563 illi
3597 3511 3649 3564 in
3677 3513 3836 3567 vitam

2245 3596 2484 3642 aeternam
2513 3588 2569 3661 (Ι
2601 3589 2732 3644 Tim.
2761 3607 2812 3657 ι,
2843 3594 2911 3650 15
2931 3635 2947 3661 ,
2981 3595 3104 3667 16).
3155 3597 3286 3653 Item
3317 3599 3445 3654 dicit
3477 3618 3490 3654 :
3526 3600 3671 3658 Unus
3702 3606 3836 3659 enim

2249 3676 2409 3745 Deus,
2441 3696 2570 3734 unus
2594 3690 2640 3735 et
2670 3683 2917 3738 mediator
2945 3683 3042 3738 Dei
3064 3696 3110 3739 et
3140 3688 3401 3744 hominum
3428 3691 3576 3745 homo
3601 3691 3838 3749 Christus

2245 3772 2418 3841 Iesus,
2444 3777 2529 3845 qui
2553 3777 2692 3830 dedit
2715 3781 3039 3849 semetipsum
3069 3781 3461 3853 redemptionem
3487 3803 3581 3855 pro
3599 3789 3838 3843 omnibus

2252 3865 2362 3937 (Id.
2392 3883 2449 3934 ιι,
2480 3869 2532 3934 5,
2565 3869 2645 3939 6).
2681 3869 2736 3923 In
2786 3872 3018 3927 secunda
3065 3874 3226 3928 etiam
3273 3875 3340 3930 ad
3380 3877 3626 3932 eumdem
3657 3895 3672 3932 :
3705 3878 3841 3934 Noli

2247 3973 2386 4028 ergo,
2434 3959 2624 4030 inquit,
2673 3962 2960 4018 erubescere
3008 3965 3346 4020 testimonium
3391 3965 3603 4022 Domini
3645 3971 3839 4038 nostri,

2248 4067 2406 4120 neque
2434 4069 2513 4105 me
2540 4053 2761 4107 vinctum
2786 4055 2894 4120 eius
2924 4071 2942 4110 :
2970 4055 3057 4110 sed
3083 4057 3338 4112 collabora
3359 4057 3637 4132 Evangelia
3665 4079 3844 4117 semit-

2248 4141 2372 4195 dunt
2399 4143 2630 4196 virtutem
2649 4143 2743 4198 Dei
2770 4146 2934 4199 salvos
2963 4162 3054 4198 nos
3083 4148 3333 4217 facientis,
3362 4158 3410 4203 et
3435 4151 3658 4204 vocantis
3689 4167 3846 4205 voca-

2249 4232 2383 4286 tione
2427 4249 2522 4286 sua
2564 4245 2786 4299 sancta;
2825 4253 2923 4290 non
2973 4238 3247 4292 secundum
3294 4257 3448 4311 Opera
3492 4251 3666 4295 nostra
3693 4285 3709 4307 ,
3753 4248 3846 4299 sed

2248 4324 2524 4379 secundum
2567 4343 2718 4381 suum
2747 4329 3062 4397 propositum
3089 4339 3135 4382 et
3171 4332 3420 4400 gratiam,
3461 4347 3572 4402 qua:
3600 4331 3730 4387 data
3770 4347 3847 4390 est

2250 4417 2392 4472 nobis
2429 4419 2482 4472 in
2513 4417 2712 4473 Christo
2745 4419 2870 4474 Iesu
2899 4433 3015 4476 ante
3055 4423 3242 4476 stvcula
3269 4435 3478 4491 aeterna,
3514 4427 3848 4497 manifestata

2249 4518 2418 4561 autent
2452 4526 2584 4563 nunc
2627 4528 2716 4579 per
2759 4511 3029 4566 adventum
3057 4512 3264 4568 Domini
3291 4516 3449 4569 nostri
3472 4515 3597 4570 Iesu
3624 4517 3849 4588 Christi,

2249 4601 2545 4657 evacuantis
2583 4603 2787 4673 quidem
2830 4617 3039 4660 mortem
3063 4650 3076 4674 ,
3110 4596 3446 4663 illuminantis
3475 4620 3643 4664 autem
3683 4612 3851 4666 vitam

2249 4704 2295 4748 et
2323 4695 2754 4766 incorruptionem
2792 4717 2880 4769 per
2918 4700 3252 4772 Evangelium
3297 4702 3367 4776 (ll
3395 4703 3529 4758 Tim.
3559 4720 3612 4770 ι,
3645 4705 3788 4762 8-10
3806 4706 3850 4777 ).

2319 4788 2410 4844 49.
2452 4787 2533 4842 Ad
2576 4788 2754 4844 Titum
2795 4792 2954 4846 etiam
2987 4808 2999 4845 :
3035 4792 3430 4864 Exspectantes,
3461 4795 3660 4866 inquit,
3699 4797 3854 4852 illam

2251 4878 2448 4933 beatant
2479 4896 2618 4951 spent
2657 4891 2704 4935 et
2735 4883 3187 4953 manifestationem
3215 4886 3394 4956 gloritz
3432 4887 3604 4957 magni
3632 4885 3776 4956 Dei,
3807 4900 3857 4944 et

2250 4971 2518 5026 salvatoris
2547 4974 2708 5028 nostri
2730 4973 2856 5029 Iesu
2883 4974 3091 5044 Christi,
3121 4977 3209 5048 qui
3233 4977 3373 5031 dedit
3394 4979 3724 5049 semetipsum
3759 4998 3859 5052 pro

2253 5063 2415 5127 nobis,
2447 5074 2502 5117 ut
2531 5081 2622 5119 nos
2650 5065 2913 5121 redimeret
2940 5066 3001 5120 ab
3029 5068 3168 5121 omni
3194 5069 3478 5140 iniquitate,
3501 5080 3548 5124 et
3573 5072 3860 5127 mandaret

2253 5172 2344 5211 uos
2389 5157 2482 5211 sibi
2527 5159 2771 5229 populum
2814 5159 3182 5226 abundantem,
3213 5162 3558 5217 aemulatorem
3596 5163 3858 5219 bonorum

2253 5267 2461 5320 operum
2491 5250 2618 5320 (Tit.
2645 5267 2681 5306 ιι
2703 5293 2718 5317 ,
2753 5253 2853 5315 15,
2886 5253 2998 5322 14).
3051 5253 3116 5307 Et
3164 5253 3271 5309 alio
3315 5254 3434 5309 loco
3463 5274 3478 5310 :
3506 5253 3632 5309 Cum
3675 5268 3864 5311 autem

2254 5340 2534 5413 benignitas
2567 5353 2612 5396 et
2662 5344 2947 5397 humanitas
2993 5343 3164 5398 illuxit
3206 5345 3489 5401 Saluatoris
3527 5345 3624 5400 Dei
3659 5351 3862 5416 nostri,

2256 5449 2354 5486 non
2381 5450 2443 5487 ex
2468 5433 2702 5502 operibus
2728 5435 2944 5504 justitiae
2962 5477 2977 5502 ,
3007 5453 3118 5505 qua:
3155 5453 3246 5491 nos
3286 5437 3515 5506 fecimus,
3547 5437 3636 5491 sed
3661 5456 3866 5495 secun-

630 5479 651 5548 ξ
680 5485 782 5528 Duo
799 5474 1070 5548 slsswquid
1092 5488 1170 5527 eos
1185 5475 1376 5548 quwrit.

631 5540 652 5571 ³
684 5549 782 5589 Am.
806 5546 881 5588 Er.
903 5545 954 5588 et.
976 5545 1105 5597 Mss,
1129 5540 1304 5589 mortui
1326 5543 1452 5588 sunt.
1804 5562 1806 5564 τ

629 5602 650 5633 ³
680 5603 752 5667 sic
785 5609 889 5667 Mss.
929 5601 1048 5649 ιῖόίιὶ
1070 5613 1219 5667 vero,
1241 5599 1397 5667 posita
1417 5605 1502 5667 est.
1541 5600 1746 5667 Etinlra
1765 5637 1779 5660 ,
1805 5601 2035 5666 disposita
2066 5617 2152 5667 per

565 5675 655 5725 ,4ης
665 5661 779 5713 elos.
806 5663 921 5712 vide
944 5661 1299 5725 Expositionem
1322 5663 1540 5725 Epistolze
1564 5664 1621 5712 ad
1641 5663 1840 5713 Cabttas.

625 5723 644 5757 ‘
682 5733 731 5775 tu
755 5725 915 5786 editis,
933 5723 1047 5787 facti
1070 5731 1243 5775 (auem.
1273 5723 1434 5785 Abest,
1458 5732 1632 5784 autem,
1653 5740 1678 5773 a
1697 5727 2047 5776 manuscriotis.

2257 5525 2378 5578 dum
2405 5541 2552 5578 suam
2582 5525 2974 5578 misericordiam
3002 5528 3166 5580 salvos
3202 5543 3292 5581 nos
3321 5528 3439 5597 fecit
3469 5545 3560 5599 per
3587 5530 3869 5588 lavacrum

2258 5617 2648 5690 rcggerationis
2695 5626 2741 5669 et
2789 5617 3124 5671 renovationis
3174 5618 3398 5690 Spiritus
3448 5622 3609 5676 sancti
3636 5663 3652 5691 ,
3709 5641 3872 5694 quem

2329 5733 2342 5753 ‘
2378 5735 2424 5776 tn
2450 5736 2535 5777 ηδε
2560 5763 2574 5788 ,
2599 5727 2845 5792 ririﬁcszrit
2870 5741 2976 5777 cum
3000 5727 3098 5779 illo.
