4016 6496
183 406 276 464 I37
1570 403 1770 460 LIBER

1904 405 1972 460 ill
1981 407 2084 464 US.

185 517 418 574 ditissime
445 513 636 584 eﬂ'udit
661 531 822 588 super
851 533 942 574 nos
967 534 1054 589 per
1080 515 1257 573 Iesum
1281 517 1535 573 Christum
1559 520 1778 574 salvato-

183 629 276 667 rem
303 621 558 676 nostrum,
599 619 658 664 ut
693 613 972 683 justiﬁcati
1005 613 1164 682 ipsius
1203 615 1370 684 gratia
1407 614 1630 668 heredes
1671 615 1780 686 efﬂ-

183 705 366 758 ciamur
393 701 686 756 secundum
715 720 861 774 spem
889 705 1000 759 uitta
1023 713 1226 760 clerate
1253 705 1378 778 (Tit.
1407 723 1483 774 Ill,
1515 708 1592 776 4).

245 796 330 850 50.
361 793 452 848 Ad
487 794 758 852 Hebraeos
787 812 998 867 quoque
1027 797 1284 868 Epistola,
1314 815 1616 871 quanquam
1643 817 1780 856 non~

187 887 334 943 nullis
369 887 584 942 incerta
613 887 686 942 sit
727 887 828 961 (a),
875 899 1046 945 tamen
1077 894 1328 961 quoniam
1373 893 1475 963 legi
1524 894 1780 964 quosdam

187 978 296 1034 huic
323 989 540 1034 nostra:
569 978 640 1034 de
671 980 949 1050 Baptismo
977 983 1316 1053 parvulorum
1345 986 1628 1042 sententia:
1652 1003 1780 1042 con-

185 1071 328 1124 traria
379 1071 725 1140 sentientes,
769 1089 892 1128 eam
939 1075 1254 1145 quibusdam
1295 1077 1634 1146 opinionibus
1669 1080 1780 1135 suis

187 1173 358 1219 testem
389 1164 664 1220 adhibere
693 1167 948 1236 voluisse,
977 1169 1250 1240 magisque
1279 1185 1365 1226 me
1394 1181 1574 1226 movet
1601 1183 1788 1228 aucto-

189 1259 300 1313 ritas
344 1258 729 1314 Ecclesiarum
781 1262 1138 1330 orientalium,
1191 1281 1310 1333 qum
1351 1265 1488 1320 hanc
1525 1266 1686 1322 etiam
1730 1267 1784 1322 in

191 1349 462 1405 canonicis
495 1350 722 1420 habent,
751 1363 946 1422 quanta
992 1371 1088 1424 pro
1119 1357 1272 1412 nobis
1313 1359 1613 1412 testimonia
1653 1374 1784 1414 con-

193 1443 362 1509 liueat,
389 1443 798 1499 advertendum
827 1455 926 1500 est.
957 1445 1012 1500 ln
1037 1448 1150 1518 ipso
1175 1451 1291 1518 ejus
1311 1449 1536 1506 exordio
1561 1452 1782 1522 legitur:

193 1537 352 1592 Ilultis
387 1541 664 1610 partibus,
697 1553 746 1594 et
771 1543 942 1597 multis
969 1541 1128 1598 modis
1157 1545 1275 1598 olim
1309 1544 1444 1600 Deus
1489 1548 1686 1602 locutus
1711 1556 1784 1602 est

195 1633 408 1702 patribus
457 1635 514 1686 in
553 1633 870 1704 Prophetis;
911 1647 1158 1706 postremo
1189 1638 1242 1690 in
1271 1638 1350 1692 his
1380 1637 1552 1693 diebus
1595 1639 1788 1696 locutus

197 1735 250 1778 est
282 1725 436 1779 nobis
477 1726 534 1779 in
571 1724 729 1790 Filio,
768 1744 916 1800 quem
955 1731 1208 1782 constituit
1245 1731 1492 1786 Itecredem
1525 1735 1788 1788 universo-

197 1832 304 1878 rum.
335 1834 434 1888 per
465 1834 622 1888 quem
662 1818 782 1888 fecit
830 1828 876 1872 et
917 1821 1122 1874 sarcula.
1157 1821 1258 1887 Qui
1299 1839 1414 1876 cum
1452 1824 1516 1877 sit
1551 1825 1791 1894 splendor

199 1912 354 1980 gloria:
385 1923 434 1965 et
467 1913 646 1982 ﬁgura
685 1911 982 1966 substantia:
1010 1914 1118 1984 ejus
1143 1956 1156 1980 ,
1187 1931 1362 1986 gerens
1390 1932 1586 1987 quoque
1621 1917 1790 1972 omnia

201 2006 322 2057 verba
351 2005 568 2058 uirtutis
597 2019 725 2069 sua,
775 2007 1074 2077 purgatione
1098 2017 1418 2078 peccatorum
1461 2027 1492 2062 a
1533 2027 1588 2064 se
1633 2015 1785 2080 facta,

201 2096 314 2150 sedet
339 2098 410 2149 ad
441 2097 716 2150 dexteram
747 2099 1022 2168 majestatis
1049 2099 1102 2152 in
1127 2101 1336 2154 excelsis
1360 2100 1544 2170 (Hebr.
1573 2119 1610 2168 ι,
1643 2103 1787 2174 1-3).

201 2189 258 2244 Et
293 2199 416 2260 post
460 2205 644 2261 pauca
677 2208 690 2244 :
723 2191 783 2246 Si
829 2193 960 2246 enim
1001 2194 1088 2257 qui
1132 2210 1220 2263 per
1247 2193 1466 2264 Angelos
1515 2195 1678 2250 dictus
1721 2205 1792 2250 est

203 2298 376 2346 sermo,
407 2285 586 2354 factus
615 2291 690 2336 est
718 2283 929 2352 ﬁrmus,
961 2293 1007 2338 et
1043 2286 1204 2338 omnis
1235 2289 1582 2356 praevaricatio
1625 2296 1668 2341 et
1707 2289 1788 2342 in-

203 2369 474 2428 obedientia
491 2377 702 2445 justam
726 2377 921 2444 accepit
957 2379 1196 2432 mercedis
1227 2381 1636 2446 retributionem;
1661 2399 1791 2452 quo-

203 2469 336 2521 modo
363 2484 460 2522 nos
487 2466 814 2538 effugiemus,
845 2468 890 2520 si
917 2479 1108 2522 tantam
1135 2471 1499 2540 neglexerimus
1535 2474 1746 2527 salutem
1770 2475 1794 2528 ἶ)

207 2557 264 2612 Et
285 2559 392 2613 alio
421 2560 547 2614 loco
578 2577 592 2612 :
627 2557 912 2629 Propterea
939 2577 1056 2632 ergo
1079 2561 1196 2632 quia
1225 2563 1240 2592 ¹
1273 2563 1416 2632 pueri
1454 2565 1794 2617 communica—

201 2663 368 2706 uerunt
416 2653 658 2724 sanguini
685 2663 734 2706 et
765 2653 928 2718 carni,
974 2663 1020 2708 et
1063 2655 1172 2724 ipse
1213 2657 1578 2725 propemodum
1622 2673 1794 2710 eorum

203 2745 554 2817 participanit,
575 2753 628 2796 ut
661 2761 746 2808 per
781 2755 992 2799 mortem
1027 2755 1286 2800 evacuaret
1315 2749 1540 2818 eumqui
1571 2757 1794 2817 potesta-

207 2845 306 2890 tem
335 2835 556 2889 habebat
583 2837 768 2902 mortis,
811 2837 868 2890 id
895 2849 988 2904 est,
1030 2837 1307 2903 diabolum,
1353 2849 1400 2892 et
1440 2837 1670 2892 liberaret
1712 2855 1796 2894 eos

205 2930 288 2998 qui
311 2930 504 2982 timore
539 2930 710 2982 mortis
748 2946 840 3000 per
871 2939 1024 2984 totam
1049 2931 1203 2984 vitam
1238 2931 1312 2984 rei
1349 2939 1490 2985 erant
1523 2932 1792 2986 seruitutis.

209 3021 270 3074 Et
295 3021 456 3090 paulo
483 3029 606 3090 post
637 3038 652 3074 :
683 3020 836 3075 Unde
859 3021 1051 3090 debuit,
1085 3023 1276 3092 inquit,
1317 3023 1592 3077 secundum
1627 3025 1798 3078 omnia

212 3113 440 3181 fratribus
483 3107 670 3168 similis
709 3129 820 3166 esse
843 3153 858 3178 ,
899 3123 956 3167 ut
997 3114 1280 3168 misericors
1333 3115 1473 3185 ﬁeret
1492 3155 1507 3181 ,
1545 3123 1592 3168 et
1629 3114 1796 3184 fidelis

213 3205 428 3274 princeps
454 3204 782 3258 sacerdotum
811 3222 1004 3272 eorum,
1037 3223 1150 3279 quae
1188 3216 1304 3262 sunt
1329 3209 1396 3260 ad
1421 3206 1586 3261 Deum
1621 3210 1798 3280 prapi-

215 3298 424 3351 tiandurn
457 3313 556 3368 pro
583 3297 782 3352 delictis
810 3301 985 3370 populi
1017 3298 1126 3370 (Id.
1157 3316 1228 3366 ll,
1258 3299 1294 3354 2
1315 3343 1330 3367 ,
1364 3301 1432 3368 5,
1468 3299 1682 3374 14-17).
1731 3303 1798 3358 Ει

213 3389 320 3444 alibi
367 3407 382 3442 :
431 3389 757 3455 Teneamus,
806 3392 1006 3462 inquit,
1055 3393 1422 3464 confessionem
1468 3410 1486 3447 :
1526 3411 1627 3448 non
1665 3395 1799 3449 enim

215 3481 438 3536 habemus
465 3481 786 3536 sacerdotem
816 3484 836 3513 ³
861 3483 948 3553 qui
993 3499 1094 3536 non
1133 3485 1290 3556 possit
1325 3487 1546 3554 compati
1581 3486 1800 3555 infirmi-

217 3575 380 3629 tatibus
425 3576 664 3638 nostris;
711 3576 892 3629 etenim
931 3587 1164 3646 expertus
1203 3587 1278 3632 est
1317 3577 1486 3632 omnia
1524 3580 1800 3634 secundum

215 3667 590 3720 similitudinem
615 3667 726 3720 sine
749 3677 954 3737 peccato
986 3666 1093 3738 (Id.
1125 3685 1196 3736 1v,
1223 3669 1336 3738 15).
1385 3670 1448 3723 Et
1487 3671 1592 3724 alio
1635 3671 1752 3726 loco
1783 3689 1795 3726 :

217 3757 686 3829 Intrsnsgressibile
705 3801 721 3826 ,
749 3760 955 3829 inquit,
988 3759 1132 3812 habet
1173 3761 1508 3814 sacerdotium
1537 3777 1556 3816 :
1581 3763 1716 3816 unde
1753 3771 1800 3816 et

215 3851 361 3904 sulcos
393 3851 646 3920 perficere
677 3859 836 3920 potest
875 3867 958 3904 eos
990 3851 1076 3922 qui
1105 3851 1376 3906 adveniunt
1405 3867 1494 3922 per
1521 3853 1688 3924 ipsum
1731 3853 1799 3907 ad

215 3939 386 4008 Betim,
439 3957 646 4011 semper
702 3942 870 3995 uiuens
915 3943 980 3994 ad
1033 3941 1460 4012 interpellandum
1514 3961 1605 4014 pro
1653 3945 1798 4016 ipsis.

219 4030 378 4086 Talem
411 4033 552 4086 enim
589 4031 794 4086 decebat
820 4033 1002 4086 habere
1031 4050 1122 4086 nos
1153 4034 1432 4104 principem
1461 4035 1798 4102 sacerdotum,

214 4123 388 4192 justum
407 4165 424 4190 ,
455 4123 568 4178 sine
609 4123 806 4178 malitia
833 4124 854 4155 ³
875 4167 888 4191 ,
921 4126 1376 4182 incontaminatum
1399 4169 1413 4194 ,
1443 4139 1732 4198 separatum
1771 4147 1803 4184 a

217 4215 578 4285 peccatoribus,
612 4217 844 4278 altiorem
889 4236 920 4272 a
945 4221 1082 4275 ccelis
1130 4226 1340 4292 factum,
1393 4240 1492 4278 non
1537 4223 1800 4280 habentem

217 4309 562 4372 quotidianam
607 4312 981 4380 necessitatem,
1011 4315 1138 4370 sicut
1168 4317 1422 4386 principes
1461 4320 1798 4389 sacerdotum,

215 4403 427 4470 primum
443 4419 540 4474 pro
561 4403 668 4457 suis
696 4405 912 4474 peccatis
941 4407 1249 4475 sacriﬁcium
1275 4407 1480 4476 offerre,
1501 4411 1682 4466 dehinc
1707 4429 1802 4482 pro

215 4495 384 4562 populi
435 4511 457 4548 :
517 4495 616 4548 hoc
659 4495 792 4550 enim
833 4499 988 4552 semel
1031 4499 1150 4568 fecit
1198 4497 1415 4568 offerens
1453 4518 1506 4556 se
1544 4501 1655 4572 (Id.
1711 4519 1803 4572 vu,

269 4652 288 4726 ξ
322 4654 532 4726 simiam
550 4657 612 4726 ret
633 4658 767 4726 Mss,
777 4658 1039 4726 propterea
1051 4667 1174 4726 _ergo
1195 4656 1362 4726 pueri,
1376 4661 1592 4726 _omisso,_
1609 4659 1740 4726 quia.

269 4713 288 4742 ³
323 4713 482 4778 editio
505 4719 635 4770 ων..
656 4713 946 4778 pontificem.
982 4713 1233 4769 Habebunt
1271 4713 1515 4771 editiones
1551 4713 1658 4772 alia:
1697 4739 1808 4774 cum

213 4774 390 4846 nstris
425 4782 556 4835 Mss,
581 4774 896 4846 sacerdotem.
935 4785 984 4846 In
1007 4792 1168 4846 grch
1194 4782 1338 4846 idem
1377 4791 1453 4833 est
1475 4785 1552 4834 bic
1576 4787 1806 4846 verbum,

213 4835 514 4904 metueretis,
535 4839 662 4900 quod
695 4837 812 4888 locis
830 4835 1051 4948 (.roxim'e
1074 4844 1232 4893 citatis
1247 4858 1312 4894 ex
1330 4847 1476 4894 Hebr.
1497 4863 1528 4896 ιι
1547 4835 1598 4896 et
1619 4835 1698 4910 vn,
1723 4835 1807 4899 ubi

213 4909 484 4949 Minoem
507 4899 810 4949 sacerdotum
853 4903 1060 4949 euitnus.

213 4909 484 4958 prrit-spem
498 4905 810 4970 .sacerdotum
835 4905 1060 4974 legimus.
1685 4905 1693 4910 '

271 4959 294 5030 ξ
327 4966 440 5018 Pro,
461 4972 566 5030 sine
589 4961 792 5022 malum,
815 4961 996 5030 legitur
1018 4973 1296 5017 constanter
1335 4970 1384 5018 in
1407 4975 1536 5030 Mss,
1574 4969 1677 5022 sine
1711 4985 1810 5023 ma-

213 5019 320 5096 cula
337 5032 367 5096 ;A
405 5034 506 5096 non
527 5023 620 5072 hoc
639 5019 828 5074 tantum
867 5019 994 5090 loco,
1017 5031 1108 5077 sed
1123 5031 1271 5080 etiam
1293 5035 1414 5080 intra
1432 5067 1447 5093 ,
1471 5019 1558 5082 lib.
1575 5019 1698 5096 1..
1711 5019 1804 5084 illi.

210 5088 377 5132 (inme
404 5091 500 5142 est,
524 5097 709 5136 acacos.

271 5145 817 5226 (tusicnlﬂtltisaftate
839 5161 926 5226 sua
941 5153 1182 5226 incertam
1203 5161 1409 5226 testatur
1426 5170 1558 5226 sepe
1583 5159 1812 5226 Hierony-

209 5218 324 5284 mus:
355 5213 417 5284 in
432 5213 913 5284 fgntnentamsad
939 5216 1069 5284 lsa_i:e
1091 5229 1196 5279 cap.
1223 5219 1254 5284 β
1277 5227 1330 5268 et
1357 5221 1406 5278 8,
1441 5213 1510 5268 ad'
1533 5233 1638 5284 cap.
1673 5221 1704 5269 8
1727 5213 1810 5274 ΖΞ-

209 5267 368 5342 cum,
395 5269 456 5317 ad
477 5267 720 5342 itinuattb.
749 5281 801 5342 et
821 5275 869 5322 in
890 5277 1114 5340 catalogo
1141 5267 1812 5342 ἐρήμισνιιὲιιίὸξοίὲῒείεέιίῖο-

209 5331 578 5408 [εἱπέξυςέδν
599 5335 658 5408 “Si
683 5333 899 5408 mltum,
918 5345 970 5387 ει
989 5331 1095 5401 αὖ·
1120 5341 1197 5400 ⁷ου
1217 5331 1274 5408 ait
1297 5345 1478 5408 Gaium,
1497 5331 1612 5402 etes
1637 5331 1812 5408 res.

209 5397 728 5470 gs‘vjeroisusceptam
751 5397 1114 5470 olitn_tanqu:im
1147 5397 1294 5470 Pauli,
1327 5407 1374 5470 in
1411 5397 1554 5470 Epist.
1599 5397 1704 5470 129,
1751 5397 1808 5461 ad

207 5454 486 5526 Dardanum
509 5454 703 5508 scribit;
733 5459 940 5526 tilica,»
962 5454 1046 5526 ait,
1071 5454 1558 5518 «nostris'diceuilum
1583 5454 1676 5526 ea;
1690 5454 1813 5523 inin

217 5533 240 5559 ι
265 5513 530 5589 epistolam
551 5532 662 5589 quia
683 5513 908 5589 scribitur
930 5525 988 5570 ad
1012 5513 1558 5589 nebrasds,'n‘d&'iliﬁiii
1581 5513 1814 5584 5131:6511;

217 5593 240 5622 ι
453 5583 683 5656 orientis,
704 5583 792 5632 sed
813 5585 874 5632 ab
895 5587 1118 5656 omnibus
1139 5583 1272 5639 retro
1291 5591 1518 5656 _tjlcclt-sia:
1542 5596 1686 5656 grteci
1704 5583 1812 5645 ser-

216 5645 430 5716 ultionis
450 5645 782 5716 scriptoribus,
805 5647 944 5716 quasi
969 5647 1320 5716 Pauliapostoli
1352 5669 1436 5704 sus
1463 5645 1592 5716 ipif'»
1625 5657 1706 5706 ttic
1727 5673 1813 5710 ve-

585 5703 894 5782 porbeliensis
934 5703 1220 5782 auctoritate
1246 5703 1539 5782 corrigimhs
1554 5703 1811 5782 editiones,

209 5775 324 5824 quae
363 5762 601 5834 hactenus
625 5767 866 5834 terebant,
903 5773 1028 5834 used
1054 5777 1114 5821 ab
1152 5762 1814 5834 omni:.tis"]~eiéo'EEéi£§ii§

219 5843 238 5868 ι
700 5831 1030 5916 scriptoribus,
1051 5851 1072 5879 ιθ
1100 5836 1174 5885 vel
1201 5839 1463 5916 anclesiis
1479 5849 1529 5892 et
1548 5851 1692 5916 graeci
1711 5829 1816 5895 ser:

215 5891 778 5974 linnﬁiisnitxri(vigintiiis;
799 5894 986 5974 invide
1019 5901 1350 5974 augustinum,
1379 5905 1450 5974 tle
1471 5891 1670 5974 civitate
1709 5891 1812 5974 hci,

210 5949 296 6002 tib.
321 5951 402 6010 16,
425 5949 648 6013 capiﬂ;
675 5960 726 6002 et
747 5954 812 6002 de
831 5957 1052 6006 Doctrina
1074 5949 1353 6026 ﬁttriStiana,
1379 5949 1462 6016 lib.
1479 5949 1714 6030 ξέὶῖἶ

502 6037 730 6110 SANC‘I'.
778 6040 1054 6110 Avovsr.
1103 6045 1187 6114 Χ.

3361 419 3465 478 138

1887 525 2110 600 21-27).
2157 527 2226 582 Et
2257 527 2364 584 alio
2406 529 2526 593 loco
2564 547 2576 586 :
2613 529 2736 586 Non
2774 532 2906 587 enim
2943 532 2998 586 in
3038 547 3191 586 manu
3221 532 3466 602 fabricata

1885 628 2060 675 sancta
2089 621 2308 675 introivit
2336 619 2582 689 Christus,
2605 639 2718 694 quin
2741 635 2856 679 sunt
2882 624 3070 680 similia
3097 639 3348 692 verorum,
3379 626 3469 680 sed

1779 745 1784 748 -
1883 713 1938 766 in
1961 713 2128 784 ipsum
2159 715 2338 768 cwlum
2356 755 2371 780 ,
2405 731 2650 786 apparere
2687 725 2804 770 ante
2831 719 3010 788 faciem
3035 719 3136 776 Dei
3165 735 3258 792 pro
3285 721 3470 785 nobis;

1887 821 1987 860 non
2013 815 2068 859 ut
2093 807 2278 876 scepius
2308 805 2490 874 offerat
2513 808 2852 879 semetipsum,
2881 811 3010 865 sicut
3037 812 3272 882 princeps
3295 827 3470 866 sacer-

1887 896 2058 952 dotum
2099 899 2250 952 intrat
2297 899 2349 952 in
2391 907 2584 966 sancta,
2615 901 2670 954 in
2709 917 2842 955 anno
2879 904 3032 956 semel
3073 919 3186 957 cum
3224 903 3472 974 sanguine

1887 987 2071 1042 alieno.
2115 985 2364 1043 Craterum
2401 989 2656 1060 oportebat
2700 1007 2814 1044 eum
2859 993 3044 1063 saepius
3073 993 3179 1062 pati
3219 1008 3252 1046 a
3293 991 3473 1047 mundi

1888 1081 2244 1134 constitutione
2265 1098 2284 1136 :
2313 1097 2447 1135 nunc
2473 1091 2642 1136 autem
2665 1081 2819 1136 semel
2847 1085 2900 1136 in
2925 1083 3236 1137 extremitate
3258 1081 3473 1140 saculo-

1887 1187 2000 1224 rum
2030 1171 2098 1224 ad
2129 1172 2473 1226 remissionem
2501 1183 2820 1244 peccatorum
2853 1189 2942 1244 per
2981 1175 3286 1244 sacriﬁcium
3325 1191 3474 1230 suum

1888 1263 2238 1334 manifestatus
2283 1273 2373 1317 est.
2429 1262 2498 1318 Et
2547 1265 2676 1319 sicut
2719 1267 3044 1320 constitutum
3087 1275 3159 1320 est
3193 1266 3478 1320 hominibus

1889 1355 2039 1410 semel
2062 1365 2254 1409 tantum
2284 1357 2434 1424 mori,
2465 1366 2512 1412 et
2540 1367 2652 1430 post
2687 1357 2780 1412 hoc
2813 1357 3071 1428 judicium
3097 1375 3114 1413 :
3138 1358 3212 1414 sic
3247 1367 3296 1412 et
3319 1354 3477 1413 Chri-

1889 1457 1996 1501 stus
2019 1447 2172 1502 semel
2211 1447 2407 1502 oblatus
2435 1458 2538 1516 est,
2569 1459 2624 1502 ut
2665 1449 2938 1504 multorum
2979 1459 3186 1521 peccata
3215 1458 3480 1520 portaret;

1889 1539 2110 1592 secundo
2137 1539 2245 1593 sine
2275 1540 2492 1608 peccatis
2535 1541 2797 1609 apparebit
2827 1540 2918 1608 eis,
2950 1540 3036 1611 qui
3065 1557 3180 1594 eum
3207 1541 3478 1608 sustinent,

1891 1632 1958 1684 ad
1981 1633 2195 1686 salutem
2219 1630 2406 1702 (Hebr.
2438 1647 2510 1696 Ix,
2547 1631 2766 1703 24-28).

1964 1724 2052 1779 51.
2085 1724 2436 1795 Apocalypsis
2476 1725 2635 1778 etiam
2665 1723 2887 1779 Joannis
2932 1723 3030 1780 has
3058 1723 3242 1780 laudes
3267 1723 3483 1780 Christo

1891 1829 1988 1886 per
2015 1817 2284 1871 canticum
2314 1831 2511 1870 novum
2539 1825 2766 1872 testatur
2794 1815 2975 1872 oll‘erri
3006 1815 3240 1888 :Dignus
3266 1833 3317 1870 es
3343 1817 3482 1870 acci-

1893 1923 2010 1976 pere
2036 1907 2239 1972 librum,
2263 1917 2311 1961 et
2339 1909 2540 1978 aperire
2563 1908 2830 1979 signacula
2859 1909 3002 1979 ejus;
3031 1909 3270 1980 quoniam
3291 1908 3486 1962 occisus

1893 2017 1964 2066 es,
1987 2009 2036 2056 et
2059 2001 2312 2054 redemisti
2341 2017 2432 2055 nos
2453 2001 2562 2056 Deo
2587 2002 2640 2054 in
2661 2003 2908 2074 sanguine
2931 2011 3037 2067 tuo,
3067 2001 3132 2056 de
3155 2001 3292 2056 omni
3315 2008 3482 2072 gente,

1893 2105 1940 2147 et
1970 2093 2164 2166 lingua,
2197 2105 2244 2148 et
2273 2097 2482 2164 populo,
2515 2103 2562 2149 et
2587 2095 2792 2150 natione
2819 2094 3002 2169 (Apoc.
3033 2113 3094 2162 ν,
3127 2097 3207 2166 9).

1966 2187 2054 2242 52.
2080 2187 2208 2242 Item
2241 2188 2290 2242 in
2327 2189 2550 2244 Actibus
2579 2189 2958 2260 Apostolorum
2981 2231 2996 2256 ,
3033 2191 3362 2260 inceptorem
3407 2191 3489 2246 vi-

1896 2289 1962 2336 tae
1989 2281 2180 2336 Petrus
2209 2282 2481 2352 apostolus
2512 2281 2648 2336 dixit
2689 2297 2810 2338 esse
2848 2283 3130 2338 Dominum
3159 2282 3365 2351 Jesum,
3407 2283 3490 2338 in-

1895 2387 2120 2442 crepans
2149 2372 2362 2428 Judmos
2402 2373 2544 2444 quod
2573 2373 2892 2430 occidissent
2919 2390 3040 2430 eum
3064 2415 3078 2440 ,
3117 2375 3188 2430 ita
3221 2376 3441 2444 IOquens
3471 2391 3486 2430 :

1905 2461 2006 2517 Vos
2025 2473 2190 2518 autem
2215 2473 2446 2518 sanctum
2471 2473 2518 2519 et
2531 2465 2730 2536 justum
2755 2465 3100 2520 inhonorastis
3121 2509 3136 2534 ,
3178 2475 3222 2520 et
3247 2467 3485 2536 negastis,

1895 2567 1944 2612 et
1973 2559 2266 2628 postulastis
2297 2559 2550 2614 hominem
2579 2559 2882 2614 homicidam
2909 2562 3072 2614 vivere
3109 2569 3156 2615 et
3185 2560 3372 2615 donari
3398 2577 3490 2614 uo-

1895 2647 1970 2702 bis
1997 2665 2016 2704 :
2043 2667 2161 2703 nam
2181 2651 2484 2722 inceptorem
2529 2652 2644 2706 vita:
2679 2651 2932 2706 occidistis
2971 2653 3110 2720 (Act.
3143 2667 3220 2718 ιιι,
3255 2653 3344 2718 14,
3375 2652 3488 2724 15).

1897 2737 1965 2793 Et
1993 2741 2098 2794 alio
2127 2741 2246 2810 loco
2276 2759 2288 2796 :
2319 2740 2367 2794 II
2377 2743 2420 2794 ic
2449 2751 2522 2796 est
2548 2741 2680 2813 lapis
2703 2741 3000 2813 reprobatus
3022 2759 3052 2794 a
3069 2741 3203 2796 vobis
3225 2742 3490 2812 cedi/icon-

1899 2832 2046 2898 tibns,
2074 2821 2159 2902 qui
2189 2833 2353 2902 factus
2375 2843 2444 2888 est
2473 2835 2526 2887 in
2543 2845 2696 2906 caput
2723 2833 2920 2904 anguli.
2952 2831 3074 2888 Non
3098 2843 3170 2888 est
3193 2835 3328 2888 enim
3353 2833 3494 2889 aliud

1898 2941 2076 2979 nomen
2097 2925 2187 2980 sub
2214 2926 2336 2980 creto
2358 2925 2532 2979 datum
2569 2926 2855 2980 hominibus
2875 2969 2889 2994 ,
2918 2927 2970 2980 in
3001 2943 3101 2999 quo
3129 2935 3358 2998 aperteat
3383 2927 3494 2982 sal-

1897 3033 1984 3072 vos
2029 3017 2142 3088 fieri
2183 3033 2275 3072 nos
2318 3015 2425 3090 (Id.
2453 3033 2526 3084 tv,
2561 3017 2648 3084 11,
2685 3018 2797 3090 12).
2831 3019 2897 3072 Ει
2921 3017 3047 3074 alibi
3076 3016 3252 3072 :Deus
3293 3027 3494 3090 patrum

1897 3112 2152 3166 suscitavit
2188 3111 2384 3176 Jcsnm,
2413 3127 2560 3182 quem
2585 3129 2672 3166 vos
2695 3111 3028 3184 interfecistis
3055 3111 3414 3182 suspendentes
3441 3111 3497 3165 in

1900 3204 2055 3277 ligno.
2087 3201 2240 3258 Hunc
2266 3201 2407 3258 Deus
2435 3205 2716 3274 principem
2745 3213 2793 3258 et
2817 3205 3121 3260 salvatorem
3140 3205 3375 3260 multauit
3394 3205 3498 3276 glo-

1899 3295 1975 3349 ria
2002 3313 2094 3350 sua
2115 3337 2129 3361 ,
2159 3296 2283 3350 dare
2304 3297 2646 3368 paenitentiam
2673 3294 2840 3350 Israel
2879 3305 2925 3350 et
2951 3295 3295 3351 remissionem
3321 3311 3498 3366 pecca-

1901 3397 2064 3444 torum
2089 3390 2142 3444 in
2167 3387 2260 3444 illo
2309 3387 2423 3460 (Id.
2467 3404 2524 3454 ν,
2564 3389 2654 3456 50,
2705 3390 2822 3462 51).
2851 3389 2981 3445 Item
3035 3391 3139 3444 alio
3169 3389 3326 3445 loco:
3361 3388 3496 3442 Huic

1901 3499 2071 3540 omnes
2109 3483 2384 3554 Prophette
2428 3483 2768 3538 testimonium
2813 3483 3109 3554 perhibent,
3147 3481 3496 3536 remissionem

1901 3585 2220 3648 peccatorum
2244 3575 2472 3646 accipere
2494 3591 2584 3645 per
2611 3591 2822 3628 manum
2869 3574 3007 3628 illius
3057 3589 3255 3627 omnem
3293 3571 3498 3628 creden-

1901 3677 1999 3724 tem
2020 3672 2072 3722 in
2101 3685 2216 3722 eum
2241 3665 2354 3738 (Id.
2403 3683 2457 3733 x,
2489 3665 2602 3740 4'5).
2635 3667 2767 3722 Item
2815 3667 2866 3722 in
2898 3665 3085 3721 eodem
3115 3665 3251 3719 libro
3275 3671 3498 3734 aposto~

1901 3761 1986 3816 lus
2013 3760 2210 3815 Paulus
2241 3775 2255 3812 :
2291 3756 2486 3813 Notum
2512 3775 2630 3830 ergo
2651 3747 2715 3812 sit
2745 3757 2882 3812 vobis
2906 3800 2920 3824 ,
2955 3757 3143 3827 inquit,
3170 3757 3264 3810 uiri
3289 3760 3494 3828 fratres,

1901 3851 2139 3923 quoniam
2165 3866 2252 3920 per
2275 3849 2408 3902 hunc
2433 3849 2570 3903 vobis
2613 3849 2842 3902 remissio
2869 3857 3189 3919 peccatorum
3215 3849 3494 3902 annuntia-

1903 3951 1986 3997 tur
2012 3943 2076 3996 ab
2105 3941 2334 3996 omnibus
2351 3983 2364 4008 ,
2385 3941 2562 4013 quibus
2587 3957 2689 3994 non
2724 3940 2958 4012 potuistis
2980 3940 3033 3993 in
3062 3939 3170 4010 lege
3193 3939 3363 4012 Moysi
3397 3941 3495 4010 jn-

1903 4038 2146 4108 stiﬁcari,
2193 4037 2246 4091 in
2290 4036 2384 4090 hoc
2433 4036 2598 4092 omnis
2644 4035 2851 4089 credens
2879 4033 3198 4106 justiﬁcatur
3241 4031 3351 4106 (Id.
3381 4047 3498 4102 xm,

1904 4130 2142 4201 suun

1976 4225 2064 4280 5'5.
2097 4224 2208 4280 Hoc
2233 4231 2381 4279 tanto
2407 4239 2602 4296 aggere
2641 4223 3090 4290 testimoniorum,
3122 4221 3274 4294 cujus
3305 4221 3501 4278 adver-

1906 4333 1998 4374 sus
2044 4318 2324 4372 veritatem
2371 4317 2465 4372 Dei
2514 4315 2676 4372 elatio
2726 4333 2832 4371 non
2879 4315 3196 4386 prematur?
3225 4317 3292 4370 Et
3331 4316 3498 4370 multa

1907 4407 2121 4479 quidem
2159 4407 2262 4460 alia
2309 4407 2531 4476 reperiri
2561 4415 2824 4476 possunt,
2869 4406 2961 4461 sed
3007 4414 3060 4460 et
3091 4404 3309 4459 finiendi
3339 4403 3500 4472 hujus

1907 4499 2085 4570 Operis
2109 4513 2234 4553 cura
2285 4513 2396 4553 ntn
2441 4497 2774 4568 negligenter
2805 4496 3048 4551 habenda
3098 4503 3201 4550 est.
3235 4494 3497 4550 De'libris

1907 4607 2117 4662 quoque
2147 4587 2352 4644 Veteris
2382 4587 2710 4644 Testamenti
2745 4588 2942 4642 multas
2969 4586 3387 4642 contestationcs
3415 4584 3498 4640 di-

1909 4683 2152 4738 vinorum
2181 4681 2509 4752 eloquiorum
2541 4679 2795 4736 adhibere
2821 4680 2874 4734 in
2908 4679 3046 4734 hanc
3065 4679 3384 4734 sententiam
3406 4691 3500 4734 su-

1909 4789 2297 4847 pervacaneum
2331 4772 2537 4844 putavi,
2567 4771 3000 4843 quandoquidem
3023 4770 3078 4826 in
3109 4771 3212 4825 illis
3237 4769 3380 4842 quod
3405 4783 3498 4825 oc-

1909 4867 2142 4921 cultatur
2167 4865 2266 4920 sub
2295 4863 2598 4919 velamento
2641 4863 2787 4918 velut
2821 4871 3154 4918 terrenarum
3185 4861 3504 4932 promissio-

1909 4975 2059 5024 num,
2089 4957 2192 5011 hoc
2225 4957 2278 5012 in
2305 4955 2438 5012 Novi
2467 4956 2795 5012 Testamenti
2815 4955 3192 5026 prmdicationc
3211 4956 3504 5010 revelatur.

1911 5049 1980 5104 Et
2009 5050 2122 5119 ipse
2155 5049 2410 5104 Dominus
2441 5049 2718 5104 Librorum
2771 5059 3014 5104 veterum
3045 5048 3330 5105 utilitatem
3369 5049 3496 5104 bre-

1911 5141 2048 5195 viter
2076 5139 2462 5195 demonstravit
2487 5150 2540 5196 et
2565 5141 2804 5196 deﬁnivit
2830 5141 3013 5196 dicens
3038 5181 3053 5208 ,
3077 5141 3380 5212 oportuisse
3403 5141 3504 5194 im-

1911 5229 2046 5302 pleri
2077 5245 2196 5301 qua:
2239 5229 2306 5285 de
2335 5231 2426 5286 illo
2449 5232 2646 5302 scripta
2671 5242 2852 5287 essent
2878 5233 2928 5287 in
2967 5233 3109 5303 Lege
3136 5243 3186 5288 et
3216 5231 3500 5304 Prophetis

1913 5335 1965 5378 et
1998 5323 2258 5389 Psalmis;
2291 5333 2346 5379 et
2387 5325 2499 5380 lucc
2528 5325 2641 5396 ipsa
2669 5341 2788 5382 esse
2810 5368 2822 5392 ,
2853 5326 2994 5395 quod
3024 5327 3304 5397 oportebat
3347 5324 3504 5379 Chri-

1913 5423 2052 5470 stum
2086 5415 2212 5484 pati,
2241 5423 2294 5470 ct
2321 5430 2602 5488 resurgere
2623 5432 2650 5470 a
2679 5418 2904 5472 mortuis
2928 5417 3084 5473 tertia
3116 5417 3205 5473 die
3224 5459 3238 5482 ,
3279 5425 3332 5472 et
3360 5431 3501 5484 prai-

1913 5506 2080 5560 dicari
2125 5507 2177 5560 in
2210 5508 2424 5562 nomine
2471 5509 2586 5578 ejus
2634 5509 3004 5580 paenitentiam
3035 5519 3089 5564 et
3133 5508 3502 5564 remissionem

1913 5609 2252 5668 peccatorum
2287 5615 2378 5669 per
2419 5615 2606 5656 omnes
2647 5613 2867 5670 gentes,
2917 5600 3292 5671 incipientibus
3318 5597 3386 5651 ab
3411 5597 3503 5652 Je—

1917 5690 2144 5744 rusalem
2175 5691 2323 5763 (Luc.
2362 5709 2488 5748 xxw
2513 5735 2527 5758 ,
2572 5693 2785 5763 44-47).
2831 5694 2895 5747 Et
2937 5693 3126 5747 Petrus
3165 5691 3328 5756 dicit,
3361 5689 3506 5762 quod

1915 5782 2073 5851 paulo
2100 5793 2223 5838 ante
2252 5787 2698 5853 commemoravi,
2729 5786 2853 5840 huic
2879 5799 3066 5839 omnes
3093 5782 3391 5852 Prophetas
3423 5793 3500 5838 te-

1917 5873 2219 5929 stimonium
2255 5877 2567 5946 perhibere,
2617 5877 2985 5934 remissionem
3019 5885 3360 5948 peccatorum
3411 5889 3502 5930 ac-

1917 5965 2094 6042 cipere
2123 5983 2219 6042 per
2245 5983 2456 6024 manum
2487 5971 2601 6044 cjus
2623 5983 2836 6026 omnem
2867 5969 3174 6026 credentem
3209 5970 3259 6024 in
3286 5984 3429 6025 eum.

2947 6065 3267 6160 (omit
