4016 6476
543 366 664 392 ’λ’-ἰδ
695 395 700 400 .
866 385 896 400 δι

181 441 276 500 ιιι

177 561 368 610 lantur
389 547 610 621 quidam
631 547 876 620 parvulis
925 560 1030 604 non
1073 543 1354 616 baptizatis
1397 542 1656 610 tribuere,
1715 549 1772 596 ut

177 644 320 718 quasi
347 641 546 698 rnerito
569 641 902 698 innocentia)
925 639 1036 696 sint
1059 639 1114 696 in
1137 639 1248 692 vita
1273 645 1496 702 aeterna,
1522 633 1618 690 sed
1647 633 1772 704 quia

178 754 274 794 non
295 743 424 792 sunt
437 734 720 804 inplicati,
739 749 852 790 non
871 732 981 790 sint
995 746 1118 787 cum
1133 729 1354 786 Christo
1369 728 1424 786 in
1441 742 1616 800 regno
1634 725 1770 798 ejus,

179 829 498 888 deﬁrﬁtivam
523 827 748 899 protulit
759 826 832 882 ad
847 828 964 882 haec
975 841 1070 882 ora
1083 824 1411 884 obstruenda
1427 822 1770 890 sententiam,

181 923 256 978 ubi
271 921 342 976 ait
361 938 376 976 :
401 919 508 988 Qui
519 935 720 974 mecum
737 933 842 974 non
855 927 948 986 est,
971 916 1236 972 adverwm
1257 931 1336 970 me
1355 923 1428 970 est
1443 913 1658 986 (Matth.
1675 929 1772 980 xu,

181 1012 280 1082 '50).
309 1011 610 1066 Constitue
627 1009 792 1081 igitur
810 1009 1104 1080 quemlibet
1123 1008 1402 1078 parvulum
1423 1025 1436 1061 :
1455 1006 1502 1062 si
1523 1006 1634 1076 jam
1649 1020 1774 1060 cum

399 1112 514 1171 est,
545 1103 736 1175 utquid
763 1103 1098 1174 baptizatur?
1127 1103 1184 1160 Si
1207 1109 1408 1170 autem,
1447 1100 1590 1172 quod
1615 1099 1776 1156 habet

183 1201 384 1264 mites,
423 1198 556 1256 ideo
595 1195 920 1268 baptizatur,
943 1203 1004 1252 ut
1027 1195 1098 1252 sit
1123 1211 1244 1250 cum
1270 1193 1502 1262 Christo,
1533 1191 1774 1264 profecto

183 1309 272 1348 non
309 1291 634 1361 baptizatus
655 1305 766 1346 non
795 1297 886 1344 est
911 1303 1030 1344 cum
1057 1287 1274 1342 Christo
1290 1327 1306 1354 ,
1341 1295 1394 1340 et
1417 1285 1540 1356 quia
1561 1299 1666 1340 non
1693 1292 1776 1340 est

182 1401 284 1442 cum
295 1384 558 1450 Christo,
585 1381 844 1440 adversus
859 1380 1128 1438 Christum
1149 1387 1260 1446 est;
1283 1391 1458 1448 neque
1484 1379 1626 1432 enim
1657 1375 1774 1446 ejus

187 1487 270 1531 tam
294 1473 656 1532 aniles-tam
677 1473 942 1530 debemus
959 1479 1052 1528 aut
1075 1483 1359 1542 possumus
1385 1467 1660 1524 inﬁrmare
1689 1467 1774 1522 vel

188 1568 462 1624 inmutare
509 1566 862 1626 sententiam.
917 1562 1072 1620 Unde
1115 1563 1278 1634 igitur
1303 1560 1560 1616 adversus
1607 1557 1772 1614 Chri-

189 1669 324 1726 stum.
347 1661 398 1716 si
427 1674 548 1716 non
577 1675 646 1716 ex
669 1665 890 1728 peccato
910 1655 972 1712 ‘i
1001 1669 1174 1726 neque
1203 1653 1346 1708 enim
1374 1667 1440 1706 ex
1465 1665 1696 1720 corpore
1716 1659 1774 1706 et

189 1755 366 1820 uitua,
393 1766 532 1822 quae
583 1759 813 1820 utraque
857 1748 954 1804 Dei
983 1755 1228 1802 creatura
1261 1753 1362 1800 est.
1405 1743 1574 1800 Porro
1613 1743 1658 1796 si
1707 1757 1774 1796 ex

195 1853 408 1914 meatu,
435 1840 594 1912 quod
611 1842 672 1896 in
691 1840 784 1896 illa
801 1847 982 1906 nitate,
1001 1837 1104 1894 nisi
1129 1836 1382 1906 originale
1399 1843 1452 1890 et
1471 1833 1774 1904 antiquum?

195 1933 286 1990 Una
309 1943 396 1990 est
423 1934 638 2004 quippe
661 1945 792 1988 caro
817 1929 1042 2002 peccati,
1085 1929 1139 1984 in
1170 1943 1272 2000 qua
1311 1941 1502 1982 omnes
1531 1925 1598 1980 ad
1627 1925 1776 1979 dam-

192 2026 446 2084 nationem
474 2033 817 2089 nascuntur;
842 2029 896 2078 et
937 2035 1040 2076 una
1065 2027 1149 2076 est
1172 2033 1298 2074 caro
1342 2018 1396 2074 in
1431 2015 1776 2072 similitudine

194 2117 348 2172 carnis
371 2114 620 2186 peccati,
651 2129 749 2184 per
792 2127 954 2183 quam
997 2125 1188 2166 omnes
1213 2125 1246 2164 a
1273 2108 1615 2164 damnatione
1645 2108 1776 2164 libe-

192 2217 373 2264 rantur.
407 2205 530 2262 Nec
559 2205 634 2259 ita
681 2204 884 2260 dictum
913 2209 996 2258 est
1019 2215 1232 2266 omnes,
1281 2199 1428 2256 velut
1455 2199 1776 2270 quicumque

193 2309 466 2360 nascuntur
495 2300 560 2360 in
587 2313 754 2354 carne
777 2297 1012 2368 peccati,
1043 2293 1206 2352 iidem
1251 2293 1352 2364 ipsi
1397 2307 1588 2348 omnes
1615 2308 1774 2346 mun-

311 2393 694 2463 intelligantur
729 2405 828 2462 per
855 2404 1072 2446 carnem
1119 2388 1352 2444 similem
1379 2387 1556 2444 carnis
1587 2400 1778 2456 pecca-

193 2487 258 2554 ti;
295 2501 402 2538 non
429 2484 574 2540 enim
611 2483 844 2540 omnium
877 2488 952 2536 est
989 2479 1122 2550 ﬁdes
1149 2477 1216 2552 (11
1243 2477 1418 2534 Thess.
1445 2493 1526 2542 ιιι,
1553 2474 1609 2550 2)
1641 2495 1654 2531 :
1683 2475 1778 2532 scd

192 2591 374 2634 mnes
399 2577 736 2646 pertinentes
761 2573 834 2630 ad
871 2572 1276 2646 generationem
1307 2569 1562 2626 connubii
1592 2584 1780 2624 carna-

190 2667 288 2734 liS,
317 2683 434 2724 non
465 2675 756 2724 nascuntur
795 2665 902 2720 nisi
947 2665 1004 2720 in
1031 2677 1194 2720 carne
1221 2663 1462 2736 peccati;
1510 2669 1566 2716 et
1589 2674 1779 2716 omnes

191 2762 540 2832 pertinentes
583 2759 648 2814 ad
683 2757 1090 2830 generationem
1139 2753 1392 2814 connubii
1444 2753 1732 2824 spiritualis
1757 2793 1775 2820 ,

193 2869 300 2910 non
319 2851 648 2914 mandantur
669 2851 774 2906 nisi
803 2867 898 2922 per
925 2865 1142 2908 carnem
1183 2849 1414 2904 similem
1439 2846 1620 2904 carnis
1647 2859 1778 2916 pec-

195 2947 334 3002 cati:
367 2945 478 3002 hoc
505 2953 620 3012 est,
670 2944 748 3000 illi
799 2958 898 3016 per
949 2942 1118 2998 Adam
1145 2941 1214 2996 ad
1255 2939 1778 3004 condemnationem,

199 3039 274 3095 isti
297 3053 396 3110 per
423 3037 699 3096 Christum
723 3035 794 3092 ad
813 3034 1278 3106 justiticationem.
1309 3033 1584 3103 'l'anquam
1625 3029 1670 3086 si
1700 3029 1782 3084 di-

199 3147 388 3198 camus,
417 3131 576 3186 verbi
604 3129 776 3202 gratia
797 3170 814 3195 ,
844 3127 960 3184 Una
989 3137 1072 3184 est
1103 3127 1364 3183 obstetrix
1411 3126 1465 3181 in
1509 3125 1610 3182 hac
1648 3123 1782 3178 civi-

203 3235 310 3290 tate,
356 3239 484 3296 quae
511 3237 708 3280 omnes
737 3221 968 3291 excipit;
996 3229 1052 3276 et
1081 3235 1216 3275 unus
1244 3227 1327 3274 est
1370 3217 1457 3274 hic
1481 3217 1780 3272 litterarum

203 3319 462 3388 mgister,
486 3316 584 3387 qui
603 3329 794 3370 omnes
813 3313 998 3368 docet:
1020 3327 1194 3384 neque
1217 3311 1290 3366 ibi
1311 3308 1530 3379 intelligi
1559 3313 1784 3378 possunt

201 3423 389 3478 omnes,
421 3408 532 3464 nisi
559 3407 654 3478 qui
681 3414 1002 3471 nascuntur;
1023 3419 1198 3474 neque
1223 3403 1311 3460 hic
1330 3417 1538 3468 omnes,
1563 3399 1666 3455 nisi
1693 3401 1784 3470 qui

199 3501 392 3558 discunt
421 3518 440 3558 :
467 3517 580 3556 non
611 3509 792 3556 tamen
845 3513 1032 3554 omnes
1075 3498 1164 3568 qui
1213 3504 1526 3561 nascuntur,
1577 3494 1784 3550 litteras

201 3595 416 3652 discunt.
447 3592 560 3650 Sed
586 3591 756 3650 cuivis
781 3591 966 3658 claret,
997 3589 1141 3662 quod
1168 3596 1222 3644 et
1251 3587 1360 3644 illic
1407 3595 1555 3642 recte
1581 3583 1782 3640 dictum

203 3689 288 3754 est,
309 3686 518 3744 Omnes
543 3685 764 3756 excipit,
797 3693 994 3754 praeter
1021 3682 1171 3754 cujus
1196 3695 1384 3738 manus
1411 3694 1570 3736 nemo
1609 3677 1785 3734 nasci-

203 3789 304 3848 tur;
333 3789 388 3836 et
417 3778 510 3834 hic
535 3785 686 3834 recte
711 3776 913 3832 dictum
959 3783 1074 3842 est,
1117 3773 1316 3830 Omnes
1357 3771 1542 3838 docet,
1590 3778 1787 3842 praeter

201 3873 338 3942 cujus
359 3869 736 3942 magisterium
760 3881 922 3924 nemo
945 3865 1122 3924 discit.

259 3964 346 4020 56.
383 3959 765 4019 Consideratis
783 3967 960 4016 autem
983 3955 1228 4014 omnibus
1247 3953 1446 4010 divinis
1469 3952 1787 4010 testimoniis

201 4071 306 4128 quae
342 4051 802 4120 commemoravi,
853 4050 966 4107 sive
1012 4049 1318 4120 singillatim
1361 4047 1429 4104 de
1470 4060 1788 4118 unoquoque

203 4148 489 4218 disputans,
523 4147 638 4204 sive
663 4145 954 4204 acervatim
983 4143 1146 4198 multa
1167 4151 1506 4214 congestans,
1538 4141 1618 4196 vel
1639 4155 1788 4210 qua:—

201 4252 418 4312 cutnque
455 4237 654 4294 similia
693 4251 800 4292 non
849 4234 1298 4300 commemoravi;
1343 4233 1476 4288 nihil
1520 4231 1788 4287 invenitur

199 4329 296 4388 nisi
339 4329 492 4402 quod
541 4329 792 4384 universa
843 4327 1083 4384 Ecclesia
1132 4335 1308 4390 tenet,
1358 4341 1480 4396 quae
1531 4323 1787 4379 adversus

203 4438 382 4480 omnes
413 4421 666 4494 profanas
691 4421 952 4478 novitates
977 4419 1198 4491 vigilare
1224 4417 1418 4482 debet,
1446 4431 1658 4471 omnem
1685 4415 1785 4470 ho-

201 4516 394 4572 minem
419 4513 664 4586 separari
691 4530 721 4567 a
749 4513 880 4574 Deo,
907 4513 1010 4568 nisi
1036 4512 1126 4582 qui
1155 4526 1246 4580 per
1269 4509 1613 4564 mediatorem
1635 4507 1792 4563 Chri-

197 4617 336 4666 smm
359 4603 742 4664 reconciliatur
773 4604 883 4660 Deo
903 4643 916 4668 ,
949 4617 1050 4658 nec
1077 4599 1313 4672 separari
1340 4615 1658 4670 quemquam
1689 4599 1788 4652 nisi

199 4699 432 4772 peccatis
457 4695 936 4754 intercludentibus
957 4709 1134 4766 posse.
1163 4693 1278 4750 Non
1305 4709 1432 4764 ergo
1457 4693 1788 4748 reconciliari

199 4791 298 4846 nisi
329 4799 674 4864 peccatorum
705 4790 1040 4856 remissione,
1075 4803 1168 4858 per
1194 4803 1352 4842 unam
1380 4787 1602 4858 gratiam
1631 4785 1791 4840 misc-

199 4883 552 4942 ricordissimi
577 4883 890 4950 Salvator-is,
923 4898 1018 4952 per
1039 4896 1198 4938 unam
1227 4879 1494 4934 victimam
1524 4877 1786 4934 verissimi

199 4979 508 5038 Sacerdotis
531 4998 544 5034 :
572 4994 636 5034 ac
656 4979 735 5034 sic
754 4991 943 5032 omnes
965 4975 1102 5030 filios
1125 4973 1384 5038 mulieris,
1414 4987 1532 5044 qua:
1554 4972 1788 5042 serpenti

199 5071 462 5138 credidit,
495 5081 556 5130 ut
589 5069 808 5126 libidine
833 5075 1264 5138 corrumperetur
1309 5063 1460 5138 (Gen.
1503 5081 1588 5132 nr,
1645 5061 1789 5134 1-6),

199 5179 308 5220 non
337 5163 554 5220 liberari
581 5179 610 5216 a
639 5175 866 5230 corpore
895 5160 1080 5214 mortis
1121 5157 1276 5228 hujus
1299 5199 1314 5226 ,
1345 5157 1444 5212 nisi
1475 5171 1568 5226 per
1599 5155 1788 5210 Filium

200 5255 460 5324 Virginis,
487 5270 604 5326 qua:
627 5252 818 5324 angelo
843 5250 1101 5318 credidit,
1131 5261 1190 5304 ut
1213 5249 1327 5304 sine
1355 5249 1572 5304 libidine
1597 5247 1791 5304 fetarc-

203 5356 284 5402 tur
317 5345 468 5418 (Luc.
501 5361 550 5410 ι,
589 5344 800 5416 9-6ο58).

267 5437 500 5494 CAPUT
539 5437 730 5492 XX-IX.
756 5435 936 5492 -—57.
975 5433 1177 5489 Bonum
1210 5435 1430 5506 conjugii
1474 5433 1614 5504 quid.
1661 5433 1790 5488 Boni

203 5541 248 5585 et
275 5531 402 5584 ntali
427 5547 544 5584 usus
572 5539 790 5600 quatuor
819 5525 1132 5594 differantur.
1169 5526 1371 5582 Bonum
1401 5539 1532 5592 ergo
1561 5525 1789 5594 conjugii

199 5642 314 5680 non
337 5635 424 5680 est
447 5623 622 5680 fervor
659 5622 1104 5692 concupiscentia:
1124 5661 1138 5686 ,
1171 5619 1262 5674 sed
1294 5621 1504 5689 quidam
1535 5619 1710 5672 licitas
1738 5627 1792 5673 et

203 5717 458 5774 honestus
479 5719 566 5773 illo
587 5717 802 5772 fervore
823 5713 1002 5768 utendi
1025 5712 1232 5776 modus,
1259 5711 1610 5781 propagandae
1635 5709 1786 5780 proli,

201 5831 309 5868 non
337 5813 604 5882 etpluidae
629 5807 842 5868 libidini
869 5805 1314 5862 aCCOItllthtldlllS.
1349 5803 1626 5876 [Voluntas
1661 5804 1755 5858 ista
1773 5845 1787 5868 ,

263 5941 278 5970 ι
317 5937 448 6000 mliti,
491 5937 587 5994 nisi
609 5949 676 5989 ea:
699 5939 914 6000 peccato.
943 5938 997 5983 At
1019 5933 1340 5995 manuscripti,
1370 5929 1538 5982 sinon.

1539 425 1738 484 LIBER
1780 423 2047 484 PRIMUS.

3363 442 3462 501 ΗΞ

1882 556 1988 596 non
2015 543 2254 616 voluptas
2275 545 2380 612 illa,
2403 549 2654 620 nuptialis
2673 559 2753 608 est
2772 551 2835 624 ⁸.]
2858 553 3008 624 Quod
3029 554 3188 627 igitur
3213 559 3266 614 in
3287 575 3464 618 mem.

1874 633 1988 690 bris
2019 638 2258 707 corporis
2283 641 2468 696 mortis
2497 641 2654 712 hujus
2695 643 3064 704 inobedienter
3093 659 3358 720 movetur,
3381 661 3458 710 to-

1875 734 2094 802 tumque
2119 732 2356 790 animum
2385 735 2438 790 in
2461 749 2522 792 se
2545 735 2810 808 dejectum
2837 749 3062 797 conatur
3090 745 3378 814 attrahere,
3405 755 3464 806 et

1875 835 2050 894 neque
2090 839 2212 880 cum
2233 841 2387 882 mens
2421 827 2648 884 voluerit
2671 833 2926 902 exsurgit,
2954 849 3128 906 neque
3151 853 3274 893 cum
3303 854 3462 898 mens

1876 913 2106 970 voluerit
2131 917 2478 988 conquiescit,
2507 920 2612 976 hoc
2634 929 2718 978 est
2743 923 2940 980 malum
2967 929 3166 996 peccati
3184 970 3198 994 ,
3225 927 3280 986 in
3309 947 3416 1002 quo
3433 933 3458 966 ³

1877 1006 2112 1062 nascitur
2149 1009 2324 1064 omnis
2347 1009 2528 1066 homo.
2560 1011 2692 1070 Cum
2725 1024 2901 1070 autem
2947 1017 3015 1072 ab
3041 1019 3233 1076 illicitis
3269 1037 3462 1080 corru-

1877 1097 2144 1166 ptionibus
2167 1101 2465 1160 refrenatur
2481 1145 2496 1169 ,
2527 1112 2582 1160 et
2608 1105 2674 1160 ad
2701 1107 2814 1162 sola
2841 1109 3052 1180 generis
3079 1109 3298 1168 humani
3325 1129 3459 1186 sup-

1877 1190 2144 1260 plementa
2183 1193 2425 1250 ordinate
2469 1197 2806 1268 prepaganda
2842 1203 3184 1272 permittitur,
3231 1205 3335 1262 hoc
3379 1219 3466 1266 est

1879 1283 2076 1340 bonum
2094 1287 2322 1358 conjugii
2343 1329 2358 1354 ,
2391 1303 2485 1358 per
2509 1291 2652 1360 quod
2670 1291 2912 1348 ordinata
2941 1297 3198 1354 societate
3227 1301 3464 1358 nascitur

1877 1373 2059 1430 homo.
2095 1377 2200 1434 Sed
2239 1394 2396 1434 nemo
2423 1382 2722 1438 renascitur
2759 1384 2816 1440 in
2850 1385 3046 1444 Christi
3086 1403 3332 1458 corpore,
3362 1391 3464 1448 nisi

1877 1468 2023 1539 prius
2043 1478 2291 1524 nascatur
2309 1471 2360 1526 in
2379 1473 2580 1546 peccati
2601 1487 2844 1544 corpore.
2865 1475 3012 1532 Sient
3027 1489 3202 1534 autem
3225 1481 3367 1538 bono
3389 1487 3466 1540 uti

1877 1559 2036 1625 male,
2067 1561 2262 1616 malum
2291 1573 2372 1618 est
2395 1580 2409 1630 ;
2431 1564 2510 1620 sic
2539 1567 2681 1620 malo
2711 1566 2848 1624 bene
2876 1569 2972 1636 uti,
2997 1570 3194 1628 bonum
3217 1584 3320 1630 est.
3347 1575 3464 1634 Duo

1877 1649 2034 1720 igitur
2063 1651 2198 1720 haec,
2231 1653 2428 1710 bonum
2456 1663 2511 1711 et
2535 1657 2754 1724 malum,
2781 1667 2836 1716 et
2859 1660 2962 1716 alia
2985 1661 3112 1731 duo,
3139 1679 3266 1722 usus
3290 1666 3464 1724 bonus

1877 1751 1932 1800 ct
1957 1759 2083 1798 usus
2107 1745 2304 1814 malus,
2343 1747 2560 1804 sibimet
2587 1749 2834 1822 adjuncta
2873 1765 3104 1824 quatuor
3137 1757 3466 1818 differentias

1877 1837 2096 1894 faciunt.
2119 1839 2263 1896 Bene
2283 1840 2447 1896 utitur
2465 1841 2628 1912 bono,
2646 1845 3028 1902 coritinentiam
3047 1849 3299 1907 dedicans
3321 1853 3462 1908 Deo:

1877 1931 2020 1986 male
2045 1930 2212 1986 utitur
2237 1933 2400 2000 bono,
2430 1935 2810 1992 continentiam
2839 1937 3093 1996 dedicans
3135 1941 3298 1998 idolo.
3329 1944 3466 2002 Male

1879 2021 2044 2076 utitur
2093 2023 2274 2092 malo,
2324 2026 2814 2098 concupiscentiam
2863 2031 3112 2090 relaxans
3159 2035 3462 2092 adulterio:

1879 2112 2019 2170 bene
2043 2113 2208 2170 utitur
2227 2117 2388 2184 malo,
2413 2121 2900 2190 concupiscentiam
2923 2125 3249 2198 restringens
3275 2142 3470 2182 connu-

1879 2201 1991 2260 bio.
2019 2203 2168 2260 Sicut
2192 2221 2318 2278 ergo
2341 2209 2534 2264 melius
2559 2223 2640 2266 est
2671 2212 2806 2268 bene
2835 2214 2910 2268 uti
2935 2214 3078 2270 bono
3097 2257 3112 2280 ,
3141 2231 3302 2288 quam
3327 2219 3468 2276 bene

1881 2296 1958 2352 uti
1983 2298 2144 2366 malo,
2171 2315 2292 2356 eum
2319 2301 2390 2356 sit
2415 2312 2700 2373 utrumque
2725 2305 2922 2360 bonum
2947 2325 2961 2362 :
2995 2306 3066 2362 ita
3089 2311 3176 2380 qui
3199 2309 3286 2364 dat
3319 2311 3470 2382 uirgi-

1881 2405 1996 2444 nem
2019 2407 2166 2445 suam
2193 2403 2440 2462 nuptum,
2471 2395 2592 2450 bene
2616 2396 2769 2466 facit;
2799 2407 2846 2452 et
2871 2399 2959 2468 qui
2987 2415 3088 2454 non
3115 2401 3201 2456 dat
3225 2413 3468 2472 nuptum,

1883 2483 2060 2537 melius
2085 2486 2226 2554 facit.
2259 2485 2332 2540 De
2358 2501 2460 2558 qua
2481 2489 2774 2558 quaestione
2799 2490 2968 2544 multo
2994 2491 3210 2550 uberius
3229 2503 3286 2548 et
3305 2495 3472 2550 multo

1883 2573 2231 2630 sufﬁcientius
2257 2575 2310 2628 in
2339 2576 2546 2632 duobus
2573 2577 2744 2646 libris,
2775 2595 2881 2634 uno
2907 2579 2974 2634 de
2999 2581 3146 2636 Bono
3172 2581 3468 2654 Cunjugali,

1883 2665 2142 2720 alterode
2167 2665 2358 2722 Sancta
2390 2667 2720 2738 Virginitate,
2748 2681 3000 2740 quantum
3027 2673 3278 2732 ltominus
3300 2676 3465 2744 dedit,

1883 2775 1982 2832 pro
2003 2775 2240 2816 mearum
2261 2762 2450 2818 virium
2473 2763 2758 2833 exiguitate
2773 2763 3022 2820 disserui.
3041 2766 3158 2822 Non
3179 2767 3358 2838 itaque
3379 2785 3470 2840 per

1881 2853 2188 2924 nuptiarum
2225 2854 2424 2910 bonum
2451 2854 2738 2912 defendant
2763 2859 3204 2928 concupiscentiae
3229 2861 3428 2916 malum
3455 2902 3471 2928 ,

1883 2945 1976 3015 qui
2023 2960 2238 3000 carnem
2295 2955 2350 3002 et
2391 2947 2700 3016 sanguinem
2751 2949 3170 3018 praevaricatoris
3219 2951 3474 3009 adversus

1885 3051 2101 3092 carnem
2143 3045 2198 3092 et
2241 3039 2554 3108 sanguinem
2599 3039 2974 3110 Redemptoris
3019 3042 3322 3098 extollunt:
3365 3059 3472 3100 non

1885 3132 2162 3200 erigantur
2199 3131 2254 3186 in
2299 3131 2601 3202 superbiam
2629 3131 2650 3164 ³
2675 3133 2874 3188 erroris
2915 3133 3106 3198 alieni,
3137 3135 3202 3192 de
3246 3153 3472 3208 quorum

1885 3223 2104 3292 parvula
2129 3229 2286 3278 aetate
2311 3223 2464 3278 nobis
2487 3223 2634 3278 dedit
2659 3225 2912 3280 Dominus
2942 3225 3252 3282 humilitatis
3288 3245 3474 3284 exem-

1887 3315 2054 3386 plum.
2081 3316 2236 3372 Solus
2265 3315 2382 3372 sine
2421 3327 2641 3388 peccato
2669 3326 2822 3372 natus
2849 3327 2960 3386 est,
2988 3335 3144 3390 quem
3181 3323 3298 3376 sine
3341 3323 3474 3378 virili

1887 3407 2188 3478 complexu,
2219 3423 2326 3464 non
2358 3409 2784 3478 concupiscentia
2805 3411 2982 3466 carnis
3007 3454 3020 3478 ,
3051 3411 3144 3466 sed
3174 3413 3474 3468 obedientia

1887 3503 2086 3558 mentis
2107 3503 2254 3572 virgo
2279 3503 2540 3573 concepit.
2571 3503 2695 3558 Sola
2719 3515 2902 3560 nostro
2927 3504 3130 3560 vulneri
3158 3507 3474 3564 medicinam

1889 3608 2080 3662 parere
2127 3593 2338 3665 potuit,
2367 3611 2486 3666 qua:
2527 3611 2634 3652 non
2671 3611 2738 3654 ex
2773 3597 2978 3668 peccati
3005 3598 3224 3656 vulnere
3257 3613 3472 3669 germen

1891 3687 1992 3758 piae
2021 3689 2183 3758 prolis
2211 3689 2412 3744 emisit.”

1959 3777 2186 3836 CAPUT
2215 3779 2384 3838 XXX.
2411 3811 2482 3822 —-
2505 3782 2592 3838 58.
2621 3781 2938 3854 Baptismum
2961 3785 3028 3838 ad
3055 3784 3177 3854 quid
3201 3785 3475 3856 infantibus

1891 3872 2228 3926 necessarium
2255 3873 2498 3928 voluerint
2525 3873 2812 3946 Pelagiani.
2847 3874 2964 3930 iam
3005 3891 3148 3932 nunc
3175 3887 3474 3934 scrutemur

1889 3953 2196 4036 diligentius
2213 4006 2230 4032 ,
2257 3975 2512 4036 quantum
2540 3965 2754 4036 adjuvat
2777 3967 3036 4022 Dominus
3054 4007 3070 4032 ,
3113 3969 3274 4026 etiam
3301 3969 3474 4039 ipsum

1891 4059 2164 4130 Evangelii
2191 4060 2480 4130 capitulum
2525 4059 2615 4116 ubi
2650 4062 2756 4128 ait,
2785 4059 2906 4114 Nisi
2931 4061 3042 4132 quis
3079 4071 3282 4116 renatus
3323 4061 3477 4132 fuerit

1889 4167 1956 4210 ea:
1991 4168 2124 4222 aqua
2151 4161 2198 4208 et
2241 4153 2452 4222 spiritu,
2487 4169 2588 4208 non
2623 4153 2829 4210 intrabit
2873 4155 2928 4208 in
2971 4171 3180 4224 regnum
3223 4154 3336 4208 Dei.
3363 4153 3478 4220 Qua

1893 4244 1980 4300 isti
2007 4253 2272 4302 sententia
2303 4245 2406 4298 nisi
2435 4255 2798 4312 moverentur,
2847 4245 3066 4300 omnino
3094 4245 3344 4316 parvulos
3375 4261 3477 4302 nec

1893 4335 2238 4406 baptizandus
2277 4349 2400 4394 esse
2447 4345 2748 4396 censerent.
2797 4335 2904 4392 Sed
2953 4339 3072 4406 quia
3112 4353 3213 4390 non
3260 4338 3352 4403 ait,
3391 4339 3479 4392 in-

1893 4428 2112 4498 quiunt,
2147 4445 2169 4479 t
2207 4425 2326 4482 Nisi
2343 4427 2456 4497 quis
2493 4437 2695 4482 renatus
2718 4428 2872 4498 fuerit
2898 4443 2960 4481 ea:
2981 4444 3115 4496 aqua
3153 4439 3199 4481 et
3221 4428 3422 4496 spiritu,
3451 4447 3471 4480 ι

1893 4535 1996 4574 non
2041 4517 2236 4574 habebit
2295 4519 2510 4576 salutem
2563 4519 2640 4572 uel
2711 4519 2864 4572 vitam
2929 4527 3204 4584 cateruam;
3255 4527 3479 4572 tantum-

1895 4613 2044 4668 modo
2081 4621 2250 4668 autem
2291 4613 2438 4678 dixit,
2500 4631 2520 4664 ι
2549 4629 2648 4668 non
2691 4611 2896 4666 intrabit
2955 4613 3008 4666 in
3049 4629 3257 4684 regnum
3279 4611 3376 4668 Dei
3403 4630 3422 4668 :
3453 4631 3472 4666 ι

1893 4705 1963 4758 ad
1983 4705 2080 4760 hoc
2101 4704 2300 4776 parvuli
2320 4703 2612 4774 baptizandi
2631 4711 2766 4772 sunt,
2795 4713 2846 4756 ut
2867 4704 2964 4758 sint
2983 4703 3134 4758 etiam
3161 4720 3276 4758 cum
3327 4703 3479 4760 Clui-

1895 4805 1972 4852 διο
1996 4797 2049 4850 in
2075 4813 2228 4868 regno
2251 4795 2366 4864 Dei,
2391 4796 2476 4850 ubi
2505 4811 2604 4850 non
2629 4803 2774 4850 erunt
2799 4796 2843 4850 si
2863 4795 3105 4866 baptizati
3123 4813 3224 4850 non
3243 4796 3432 4866 fuerint
3459 4814 3480 4853 :

1895 4890 2124 4959 quamvis
2157 4899 2210 4944 et
2235 4890 2342 4946 sine
2365 4887 2628 4958 Baptismo
2672 4888 2718 4944 si
2761 4886 2962 4958 paruuli
2989 4889 3290 4956 moriantur,
3339 4889 3486 4944 salu-

1895 4991 1994 5036 tem
2039 4975 2290 5054 vitamque
2347 4993 2586 5038 retentam
2617 4982 2835 5038 habituri
2885 4984 3004 5050 sint,
3057 4983 3292 5054 quoniam
3337 4983 3480 5038 nullo

1899 5073 2090 5144 peccati
2141 5075 2340 5130 vinculo
2383 5073 2606 5130 obstricti
2659 5081 2798 5128 sunt.
2851 5073 2978 5128 Haec
3015 5073 3274 5140 dicentes,
3307 5074 3483 5144 primo

1897 5183 2166 5238 nunquam
2192 5168 2460 5238 explicant
2511 5168 2618 5233 isti,
2647 5183 2750 5238 qua
2778 5168 2981 5238 justitia
3035 5168 3236 5222 nullum
3297 5183 3482 5238 pecca~

1897 5271 2008 5318 tum
2039 5262 2244 5320 habens
2269 5263 2446 5332 imago
2471 5261 2566 5318 Dei
2593 5271 2871 5333 separetur
2895 5277 2926 5318 a
2950 5277 3116 5332 regno
3142 5263 3258 5318 Dei.
3281 5261 3482 5318 Deinde

1897 5357 2170 5412 videamus
2204 5365 2382 5411 utrum
2427 5355 2684 5414 Dominus
2701 5356 2876 5422 Jesus,
2931 5368 3142 5424 unus,et
3176 5359 3322 5412 solus
3370 5371 3482 5410 ma-

1897 5449 2060 5518 εἰειοτ
2083 5450 2273 5514 bonus,
2291 5448 2344 5504 in
2365 5449 2462 5503 hac
2477 5449 2594 5518 ipsa
2614 5449 2922 5517 evangelica
2954 5449 3176 5504 lectione
3197 5465 3298 5502 non
3318 5447 3485 5516 signi-

1898 5543 2214 5598 tit-:ivcritet
2243 5542 2540 5596 ostenderit
2566 5543 2774 5596 nonnisi
2799 5557 2894 5612 per
2935 5543 3304 5596 remESsioncm
3357 5553 3456 5606 μοι

1897 5645 2134 5690 calorum
2159 5635 2290 5698 ﬁeri,
2323 5647 2378 5690 ut
2404 5635 2468 5688 ad
2491 5651 2710 5704 regnum
2736 5633 2826 5688 Dei
2853 5631 3163 5701 perveniant
3191 5630 3476 5698 baptizati;

1963 5741 1978 5772 ¹
2015 5748 2124 5790 meo
2146 5753 2254 5802 quur
2279 5741 2414 5790 uxzeis
2445 5739 2721 5788 continetur
2753 5737 2998 5788 sententia
3037 5735 3177 5784 abest
3221 5733 3284 5784 ab
3325 5707 3498 5790 omnii

1895 5805 1988 5854 bus
2015 5811 2114 5847 "ss.

1963 5869 1980 5896 ‘1
2017 5873 2139 5910 tinus
2165 5881 2191 5911 υ
2217 5865 2448 5914 \‘ntitﬂltis
2469 5871 2594 5920 Mss...
2623 5875 2729 5912 cum
2752 5873 2860 5923 quo.

1966 5931 1983 5960 3
2018 5939 2192 5976 omnes
2213 5935 2341 5991 Mss,
2367 5928 2414 5978 in
2439 5923 2677 5990 superbia.
