  <div class='ocr_page' id='page_1' title='image "/cluster/home/n/w/nwhite01/storage/ocr_20150623/44/hvd.32044015706336/077.png"; bbox 0 0 4016 6484; ppageno 0'>
   <div class='ocr_carea' id='block_1_1' title="bbox 539 364 643 420">
    <p class='ocr_par' dir='ltr' id='par_1_1' title="bbox 539 364 643 420">
     <span class='ocr_line' id='line_1_1' title="bbox 539 364 643 420; baseline 0 0"><span class='ocrx_word' id='word_1_1' title='bbox 539 364 643 420; x_wconf 69' lang='grc'><strong>145</strong></span> 
     </span>
    </p>
   </div>
   <div class='ocr_carea' id='block_1_2' title="bbox 533 466 2109 549">
    <p class='ocr_par' dir='ltr' id='par_1_2' title="bbox 533 466 2109 549">
     <span class='ocr_line' id='line_1_2' title="bbox 533 466 2109 549; baseline -0.006 -18"><span class='ocrx_word' id='word_1_2' title='bbox 533 476 776 549; x_wconf 82' lang='lat' dir='ltr'><strong>quamvis</strong></span> <span class='ocrx_word' id='word_1_3' title='bbox 802 484 946 533; x_wconf 90' lang='lat' dir='ltr'><strong>recte</strong></span> <span class='ocrx_word' id='word_1_4' title='bbox 971 473 1388 544; x_wconf 82' lang='lat' dir='ltr'><strong>intelligentibus</strong></span> <span class='ocrx_word' id='word_1_5' title='bbox 1412 470 1657 526; x_wconf 81' lang='lat' dir='ltr'><strong>sufﬁcere</strong></span> <span class='ocrx_word' id='word_1_6' title='bbox 1680 469 1946 536; x_wconf 77' lang='lat' dir='ltr'><strong>debuerit,</strong></span> <span class='ocrx_word' id='word_1_7' title='bbox 1967 466 2109 540; x_wconf 90' lang='lat' dir='ltr'><strong>quod</strong></span> 
     </span>
    </p>
   </div>
   <div class='ocr_carea' id='block_1_3' title="bbox 531 563 2117 636">
    <p class='ocr_par' dir='ltr' id='par_1_3' title="bbox 531 563 2117 636">
     <span class='ocr_line' id='line_1_3' title="bbox 531 563 2117 636; baseline -0.009 -9"><span class='ocrx_word' id='word_1_8' title='bbox 531 568 734 630; x_wconf 80' lang='lat' dir='ltr'><strong>dictum</strong></span> <span class='ocrx_word' id='word_1_9' title='bbox 765 579 864 632; x_wconf 89' lang='lat' dir='ltr'><strong>cst,</strong></span> <span class='ocrx_word' id='word_1_10' title='bbox 897 568 1015 622; x_wconf 86' lang='lat' dir='ltr'><strong>Nisi</strong></span> <span class='ocrx_word' id='word_1_11' title='bbox 1056 567 1165 636; x_wconf 91' lang='lat' dir='ltr'><strong>quis</strong></span> <span class='ocrx_word' id='word_1_12' title='bbox 1207 576 1354 619; x_wconf 90' lang='lat' dir='ltr'><strong>natus</strong></span> <span class='ocrx_word' id='word_1_13' title='bbox 1383 565 1532 634; x_wconf 72' lang='lat' dir='ltr'><strong>fuerit</strong></span> <span class='ocrx_word' id='word_1_14' title='bbox 1579 563 1762 629; x_wconf 86' lang='lat' dir='ltr'><strong>denuo,</strong></span> <span class='ocrx_word' id='word_1_15' title='bbox 1803 579 1904 616; x_wconf 86' lang='lat' dir='ltr'><strong>non</strong></span> <span class='ocrx_word' id='word_1_16' title='bbox 1958 568 2117 631; x_wconf 84' lang='lat' dir='ltr'><strong>potest</strong></span> 
     </span>
    </p>
   </div>
   <div class='ocr_carea' id='block_1_4' title="bbox 533 653 2117 731">
    <p class='ocr_par' dir='ltr' id='par_1_4' title="bbox 533 653 2117 731">
     <span class='ocr_line' id='line_1_4' title="bbox 533 653 2117 731; baseline -0.008 -16"><span class='ocrx_word' id='word_1_17' title='bbox 533 661 700 717; x_wconf 69' lang='lat' dir='ltr'><strong>sidere</strong></span> <span class='ocrx_word' id='word_1_18' title='bbox 721 675 932 731; x_wconf 85' lang='lat' dir='ltr'><strong>regnum</strong></span> <span class='ocrx_word' id='word_1_19' title='bbox 957 656 1088 721; x_wconf 96' lang='lat' dir='ltr'><strong>Dei;</strong></span> <span class='ocrx_word' id='word_1_20' title='bbox 1118 665 1200 717; x_wconf 89' lang='lat' dir='ltr'><strong>et,</strong></span> <span class='ocrx_word' id='word_1_21' title='bbox 1226 653 1343 710; x_wconf 86' lang='lat' dir='ltr'><strong>Nisi</strong></span> <span class='ocrx_word' id='word_1_22' title='bbox 1368 655 1477 724; x_wconf 91' lang='lat' dir='ltr'><strong>quis</strong></span> <span class='ocrx_word' id='word_1_23' title='bbox 1498 663 1702 708; x_wconf 88' lang='lat' dir='ltr'><strong>renatus</strong></span> <span class='ocrx_word' id='word_1_24' title='bbox 1723 653 1874 722; x_wconf 84' lang='lat' dir='ltr'><strong>fuerit</strong></span> <span class='ocrx_word' id='word_1_25' title='bbox 1895 668 1956 706; x_wconf 85' lang='lat' dir='ltr'><strong>ex</strong></span> <span class='ocrx_word' id='word_1_26' title='bbox 1984 666 2117 721; x_wconf 89' lang='lat' dir='ltr'><strong>aqua</strong></span> 
     </span>
    </p>
   </div>
   <div class='ocr_carea' id='block_1_5' title="bbox 531 741 2114 822">
    <p class='ocr_par' dir='ltr' id='par_1_5' title="bbox 531 741 2114 822">
     <span class='ocr_line' id='line_1_5' title="bbox 531 741 2114 822; baseline -0.009 -15"><span class='ocrx_word' id='word_1_27' title='bbox 531 760 578 808; x_wconf 78' lang='lat' dir='ltr'><strong>et</strong></span> <span class='ocrx_word' id='word_1_28' title='bbox 603 752 802 822; x_wconf 88' lang='lat' dir='ltr'><strong>spiritu,</strong></span> <span class='ocrx_word' id='word_1_29' title='bbox 835 765 935 802; x_wconf 88' lang='lat' dir='ltr'><strong>non</strong></span> <span class='ocrx_word' id='word_1_30' title='bbox 963 757 1124 816; x_wconf 89' lang='lat' dir='ltr'><strong>potest</strong></span> <span class='ocrx_word' id='word_1_31' title='bbox 1156 746 1364 799; x_wconf 91' lang='lat' dir='ltr'><strong>introire</strong></span> <span class='ocrx_word' id='word_1_32' title='bbox 1389 745 1442 798; x_wconf 90' lang='lat' dir='ltr'><strong>in</strong></span> <span class='ocrx_word' id='word_1_33' title='bbox 1463 761 1670 815; x_wconf 81' lang='lat' dir='ltr'><strong>regnum</strong></span> <span class='ocrx_word' id='word_1_34' title='bbox 1691 741 1806 796; x_wconf 92' lang='lat' dir='ltr'><strong>Dei.</strong></span> <span class='ocrx_word' id='word_1_35' title='bbox 1841 742 1948 798; x_wconf 88' lang='lat' dir='ltr'><strong>Cur</strong></span> <span class='ocrx_word' id='word_1_36' title='bbox 1971 741 2114 796; x_wconf 88' lang='lat' dir='ltr'><strong>enim</strong></span> 
     </span>
    </p>
   </div>
   <div class='ocr_carea' id='block_1_6' title="bbox 538 832 2112 905">
    <p class='ocr_par' dir='ltr' id='par_1_6' title="bbox 538 832 2112 905">
     <span class='ocr_line' id='line_1_6' title="bbox 538 832 2112 905; baseline -0.007 -9"><span class='ocrx_word' id='word_1_37' title='bbox 538 850 788 896; x_wconf 86' lang='lat' dir='ltr'><strong>nascatur</strong></span> <span class='ocrx_word' id='word_1_38' title='bbox 824 838 1020 905; x_wconf 88' lang='lat' dir='ltr'><strong>denuo,</strong></span> <span class='ocrx_word' id='word_1_39' title='bbox 1053 837 1154 892; x_wconf 88' lang='lat' dir='ltr'><strong>nisi</strong></span> <span class='ocrx_word' id='word_1_40' title='bbox 1177 835 1552 892; x_wconf 76' lang='lat' dir='ltr'><strong>renovandus?</strong></span> <span class='ocrx_word' id='word_1_41' title='bbox 1582 834 1722 889; x_wconf 90' lang='lat' dir='ltr'><strong>unde</strong></span> <span class='ocrx_word' id='word_1_42' title='bbox 1750 832 2112 898; x_wconf 89' lang='lat' dir='ltr'><strong>renovandus,</strong></span> 
     </span>
    </p>
   </div>
   <div class='ocr_carea' id='block_1_7' title="bbox 532 926 2117 1000">
    <p class='ocr_par' dir='ltr' id='par_1_7' title="bbox 532 926 2117 1000">
     <span class='ocr_line' id='line_1_7' title="bbox 532 926 2117 1000; baseline -0.005 -15"><span class='ocrx_word' id='word_1_43' title='bbox 532 931 634 985; x_wconf 89' lang='lat' dir='ltr'><strong>nisi</strong></span> <span class='ocrx_word' id='word_1_44' title='bbox 678 946 708 985; x_wconf 93' lang='lat' dir='ltr'><strong>a</strong></span> <span class='ocrx_word' id='word_1_45' title='bbox 756 930 1052 984; x_wconf 87' lang='lat' dir='ltr'><strong>vetustate?</strong></span> <span class='ocrx_word' id='word_1_46' title='bbox 1107 945 1208 1000; x_wconf 88' lang='lat' dir='ltr'><strong>qua</strong></span> <span class='ocrx_word' id='word_1_47' title='bbox 1246 937 1534 991; x_wconf 81' lang='lat' dir='ltr'><strong>vetustate,</strong></span> <span class='ocrx_word' id='word_1_48' title='bbox 1581 926 1682 980; x_wconf 90' lang='lat' dir='ltr'><strong>nisi</strong></span> <span class='ocrx_word' id='word_1_49' title='bbox 1729 926 1780 980; x_wconf 91' lang='lat' dir='ltr'><strong>in</strong></span> <span class='ocrx_word' id='word_1_50' title='bbox 1812 941 1914 996; x_wconf 92' lang='lat' dir='ltr'><strong>qua</strong></span> <span class='ocrx_word' id='word_1_51' title='bbox 1965 933 2117 979; x_wconf 88' lang='lat' dir='ltr'><strong>vetus</strong></span> 
     </span>
    </p>
   </div>
   <div class='ocr_carea' id='block_1_8' title="bbox 535 1019 2118 1084">
    <p class='ocr_par' dir='ltr' id='par_1_8' title="bbox 535 1019 2118 1084">
     <span class='ocr_line' id='line_1_8' title="bbox 535 1019 2118 1084; baseline -0.003 -7"><span class='ocrx_word' id='word_1_52' title='bbox 535 1023 699 1078; x_wconf 89' lang='lat' dir='ltr'><strong>homo</strong></span> <span class='ocrx_word' id='word_1_53' title='bbox 728 1034 912 1078; x_wconf 88' lang='lat' dir='ltr'><strong>noster</strong></span> <span class='ocrx_word' id='word_1_54' title='bbox 938 1023 1094 1077; x_wconf 86' lang='lat' dir='ltr'><strong>simul</strong></span> <span class='ocrx_word' id='word_1_55' title='bbox 1122 1022 1404 1077; x_wconf 89' lang='lat' dir='ltr'><strong>cruciﬁxus</strong></span> <span class='ocrx_word' id='word_1_56' title='bbox 1445 1029 1528 1076; x_wconf 88' lang='lat' dir='ltr'><strong>est</strong></span> <span class='ocrx_word' id='word_1_57' title='bbox 1570 1036 1688 1075; x_wconf 91' lang='lat' dir='ltr'><strong>cum</strong></span> <span class='ocrx_word' id='word_1_58' title='bbox 1739 1019 1852 1084; x_wconf 90' lang='lat' dir='ltr'><strong>illo,</strong></span> <span class='ocrx_word' id='word_1_59' title='bbox 1896 1028 1954 1073; x_wconf 94' lang='lat' dir='ltr'><strong>ut</strong></span> <span class='ocrx_word' id='word_1_60' title='bbox 1995 1034 2118 1072; x_wconf 84' lang='lat' dir='ltr'><strong>eva-</strong></span> 
     </span>
    </p>
   </div>
   <div class='ocr_carea' id='block_1_9' title="bbox 537 1106 2117 1184">
    <p class='ocr_par' dir='ltr' id='par_1_9' title="bbox 537 1106 2117 1184">
     <span class='ocr_line' id='line_1_9' title="bbox 537 1106 2117 1184; baseline -0.003 -16"><span class='ocrx_word' id='word_1_61' title='bbox 537 1124 730 1170; x_wconf 89' lang='lat' dir='ltr'><strong>cuetur</strong></span> <span class='ocrx_word' id='word_1_62' title='bbox 767 1106 963 1183; x_wconf 80' lang='lat' dir='ltr'><strong>cerpus</strong></span> <span class='ocrx_word' id='word_1_63' title='bbox 987 1115 1190 1184; x_wconf 82' lang='lat' dir='ltr'><strong>peccati</strong></span> <span class='ocrx_word' id='word_1_64' title='bbox 1220 1113 1398 1182; x_wconf 82' lang='lat' dir='ltr'><strong>(Rom.</strong></span> <span class='ocrx_word' id='word_1_65' title='bbox 1428 1127 1500 1176; x_wconf 88' lang='lat' dir='ltr'><strong>vt,</strong></span> <span class='ocrx_word' id='word_1_66' title='bbox 1530 1110 1614 1181; x_wconf 81' lang='lat'><strong>6)?</strong></span> <span class='ocrx_word' id='word_1_67' title='bbox 1643 1111 1748 1165; x_wconf 84' lang='lat' dir='ltr'><strong>Aut</strong></span> <span class='ocrx_word' id='word_1_68' title='bbox 1776 1109 1916 1164; x_wconf 90' lang='lat' dir='ltr'><strong>unde</strong></span> <span class='ocrx_word' id='word_1_69' title='bbox 1944 1110 2117 1178; x_wconf 83' lang='lat' dir='ltr'><strong>imago</strong></span> 
     </span>
    </p>
   </div>
   <div class='ocr_carea' id='block_1_10' title="bbox 539 1204 2118 1276">
    <p class='ocr_par' dir='ltr' id='par_1_10' title="bbox 539 1204 2118 1276">
     <span class='ocr_line' id='line_1_10' title="bbox 539 1204 2118 1276; baseline -0.003 -13"><span class='ocrx_word' id='word_1_70' title='bbox 539 1207 636 1263; x_wconf 89' lang='lat' dir='ltr'><strong>Dei</strong></span> <span class='ocrx_word' id='word_1_71' title='bbox 668 1224 774 1263; x_wconf 86' lang='lat' dir='ltr'><strong>non</strong></span> <span class='ocrx_word' id='word_1_72' title='bbox 829 1209 992 1262; x_wconf 85' lang='lat' dir='ltr'><strong>intrat</strong></span> <span class='ocrx_word' id='word_1_73' title='bbox 1043 1210 1095 1262; x_wconf 90' lang='lat' dir='ltr'><strong>in</strong></span> <span class='ocrx_word' id='word_1_74' title='bbox 1147 1222 1367 1276; x_wconf 75' lang='lat' dir='ltr'><strong>regnum</strong></span> <span class='ocrx_word' id='word_1_75' title='bbox 1410 1207 1524 1270; x_wconf 88' lang='lat' dir='ltr'><strong>Dei,</strong></span> <span class='ocrx_word' id='word_1_76' title='bbox 1577 1205 1680 1259; x_wconf 88' lang='lat' dir='ltr'><strong>nisi</strong></span> <span class='ocrx_word' id='word_1_77' title='bbox 1732 1204 2118 1274; x_wconf 89' lang='lat' dir='ltr'><strong>impedimento</strong></span> 
     </span>
    </p>
   </div>
   <div class='ocr_carea' id='block_1_11' title="bbox 532 1297 2114 1369">
    <p class='ocr_par' dir='ltr' id='par_1_11' title="bbox 532 1297 2114 1369">
     <span class='ocr_line' id='line_1_11' title="bbox 532 1297 2114 1369; baseline -0.003 -17"><span class='ocrx_word' id='word_1_78' title='bbox 532 1299 852 1369; x_wconf 88' lang='lat' dir='ltr'><strong>prohibente</strong></span> <span class='ocrx_word' id='word_1_79' title='bbox 875 1299 1110 1369; x_wconf 88' lang='lat' dir='ltr'><strong>peccati?</strong></span> <span class='ocrx_word' id='word_1_80' title='bbox 1158 1299 1558 1361; x_wconf 86' lang='lat' dir='ltr'><strong>Verumtamen,</strong></span> <span class='ocrx_word' id='word_1_81' title='bbox 1610 1305 1668 1351; x_wconf 92' lang='lat' dir='ltr'><strong>ut</strong></span> <span class='ocrx_word' id='word_1_82' title='bbox 1720 1297 2114 1367; x_wconf 86' lang='lat' dir='ltr'><strong>proposuimus,</strong></span> 
     </span>
    </p>
   </div>
   <div class='ocr_carea' id='block_1_12' title="bbox 535 1389 2118 1461">
    <p class='ocr_par' dir='ltr' id='par_1_12' title="bbox 535 1389 2118 1461">
     <span class='ocr_line' id='line_1_12' title="bbox 535 1389 2118 1461; baseline -0.001 -17"><span class='ocrx_word' id='word_1_83' title='bbox 535 1401 702 1446; x_wconf 87' lang='lat' dir='ltr'><strong>totam</strong></span> <span class='ocrx_word' id='word_1_84' title='bbox 733 1392 900 1461; x_wconf 87' lang='lat' dir='ltr'><strong>ipsam</strong></span> <span class='ocrx_word' id='word_1_85' title='bbox 925 1392 1377 1446; x_wconf 87' lang='lat' dir='ltr'><strong>circumstantiam</strong></span> <span class='ocrx_word' id='word_1_86' title='bbox 1400 1391 1718 1460; x_wconf 70' lang='lat' dir='ltr'><strong>evangelica:</strong></span> <span class='ocrx_word' id='word_1_87' title='bbox 1766 1389 2011 1444; x_wconf 90' lang='lat' dir='ltr'><strong>lectionis</strong></span> <span class='ocrx_word' id='word_1_88' title='bbox 2051 1389 2118 1443; x_wconf 91' lang='lat' dir='ltr'><strong>ad</strong></span> 
     </span>
    </p>
   </div>
   <div class='ocr_carea' id='block_1_13' title="bbox 531 1483 2116 1554">
    <p class='ocr_par' dir='ltr' id='par_1_13' title="bbox 531 1483 2116 1554">
     <span class='ocr_line' id='line_1_13' title="bbox 531 1483 2116 1554; baseline -0.001 -17"><span class='ocrx_word' id='word_1_89' title='bbox 531 1498 644 1537; x_wconf 91' lang='lat' dir='ltr'><strong>rem</strong></span> <span class='ocrx_word' id='word_1_90' title='bbox 676 1483 743 1538; x_wconf 90' lang='lat' dir='ltr'><strong>de</strong></span> <span class='ocrx_word' id='word_1_91' title='bbox 767 1500 867 1552; x_wconf 83' lang='lat' dir='ltr'><strong>qna</strong></span> <span class='ocrx_word' id='word_1_92' title='bbox 889 1483 1061 1554; x_wconf 84' lang='lat' dir='ltr'><strong>agitur</strong></span> <span class='ocrx_word' id='word_1_93' title='bbox 1089 1483 1464 1553; x_wconf 85' lang='lat' dir='ltr'><strong>pertinentem,</strong></span> <span class='ocrx_word' id='word_1_94' title='bbox 1490 1483 1693 1538; x_wconf 85' lang='lat' dir='ltr'><strong>intente</strong></span> <span class='ocrx_word' id='word_1_95' title='bbox 1707 1491 1959 1553; x_wconf 89' lang='lat' dir='ltr'><strong>quantum</strong></span> <span class='ocrx_word' id='word_1_96' title='bbox 1989 1496 2116 1552; x_wconf 89' lang='lat' dir='ltr'><strong>pos-</strong></span> 
     </span>
    </p>
   </div>
   <div class='ocr_carea' id='block_1_14' title="bbox 533 1574 1443 1646">
    <p class='ocr_par' dir='ltr' id='par_1_14' title="bbox 533 1574 1443 1646">
     <span class='ocr_line' id='line_1_14' title="bbox 533 1574 1443 1646; baseline 0 -18"><span class='ocrx_word' id='word_1_97' title='bbox 533 1589 720 1629; x_wconf 82' lang='lat' dir='ltr'><strong>sumus</strong></span> <span class='ocrx_word' id='word_1_98' title='bbox 745 1574 1134 1646; x_wconf 82' lang='lat' dir='ltr'><strong>diligenterque</strong></span> <span class='ocrx_word' id='word_1_99' title='bbox 1149 1575 1443 1630; x_wconf 84' lang='lat' dir='ltr'><strong>videamus.</strong></span> 
     </span>
    </p>
   </div>
   <div class='ocr_carea' id='block_1_15' title="bbox 601 1664 2115 1736">
    <p class='ocr_par' dir='ltr' id='par_1_15' title="bbox 601 1664 2115 1736">
     <span class='ocr_line' id='line_1_15' title="bbox 601 1664 2115 1736; baseline -0.001 -15"><span class='ocrx_word' id='word_1_100' title='bbox 601 1665 691 1721; x_wconf 88' lang='lat'><strong>59.</strong></span> <span class='ocrx_word' id='word_1_101' title='bbox 738 1664 860 1717; x_wconf 80' lang='lat' dir='ltr'><strong>Erat</strong></span> <span class='ocrx_word' id='word_1_102' title='bbox 889 1676 1059 1718; x_wconf 79' lang='lat' dir='ltr'><strong>autent</strong></span> <span class='ocrx_word' id='word_1_103' title='bbox 1100 1666 1248 1718; x_wconf 87' lang='lat' dir='ltr'><strong>homo</strong></span> <span class='ocrx_word' id='word_1_104' title='bbox 1271 1707 1285 1728; x_wconf 94' lang='lat'><strong>,</strong></span> <span class='ocrx_word' id='word_1_105' title='bbox 1316 1666 1514 1736; x_wconf 84' lang='lat' dir='ltr'><strong>inquit,</strong></span> <span class='ocrx_word' id='word_1_106' title='bbox 1546 1682 1610 1719; x_wconf 82' lang='lat' dir='ltr'><strong>ex</strong></span> <span class='ocrx_word' id='word_1_107' title='bbox 1637 1664 1916 1719; x_wconf 77' lang='lat' dir='ltr'><strong>Pharisceis</strong></span> <span class='ocrx_word' id='word_1_108' title='bbox 1955 1664 2115 1719; x_wconf 88' lang='lat' dir='ltr'><strong>Nico-</strong></span> 
     </span>
    </p>
   </div>
   <div class='ocr_carea' id='block_1_16' title="bbox 531 1755 2118 1827">
    <p class='ocr_par' dir='ltr' id='par_1_16' title="bbox 531 1755 2118 1827">
     <span class='ocr_line' id='line_1_16' title="bbox 531 1755 2118 1827; baseline 0.001 -18"><span class='ocrx_word' id='word_1_109' title='bbox 531 1757 705 1810; x_wconf 91' lang='lat' dir='ltr'><strong>demus</strong></span> <span class='ocrx_word' id='word_1_110' title='bbox 730 1757 948 1821; x_wconf 88' lang='lat' dir='ltr'><strong>nomine,</strong></span> <span class='ocrx_word' id='word_1_111' title='bbox 977 1757 1209 1827; x_wconf 81' lang='lat' dir='ltr'><strong>princeps</strong></span> <span class='ocrx_word' id='word_1_112' title='bbox 1233 1755 1552 1811; x_wconf 69' lang='lat' dir='ltr'><strong>Iudaeorum.</strong></span> <span class='ocrx_word' id='word_1_113' title='bbox 1584 1756 1678 1810; x_wconf 82' lang='lat' dir='ltr'><strong>Hic</strong></span> <span class='ocrx_word' id='word_1_114' title='bbox 1699 1757 1826 1810; x_wconf 91' lang='lat' dir='ltr'><strong>venit</strong></span> <span class='ocrx_word' id='word_1_115' title='bbox 1849 1757 1916 1809; x_wconf 90' lang='lat' dir='ltr'><strong>ad</strong></span> <span class='ocrx_word' id='word_1_116' title='bbox 1942 1757 2118 1811; x_wconf 86' lang='lat' dir='ltr'><strong>Jesum</strong></span> 
     </span>
    </p>
   </div>
   <div class='ocr_carea' id='block_1_17' title="bbox 532 1847 2119 1920">
    <p class='ocr_par' dir='ltr' id='par_1_17' title="bbox 532 1847 2119 1920">
     <span class='ocr_line' id='line_1_17' title="bbox 532 1847 2119 1920; baseline 0.002 -19"><span class='ocrx_word' id='word_1_117' title='bbox 532 1858 697 1914; x_wconf 86' lang='lat' dir='ltr'><strong>nocte,</strong></span> <span class='ocrx_word' id='word_1_118' title='bbox 731 1859 776 1901; x_wconf 92' lang='lat' dir='ltr'><strong>et</strong></span> <span class='ocrx_word' id='word_1_119' title='bbox 807 1849 932 1902; x_wconf 80' lang='lat' dir='ltr'><strong>dixit</strong></span> <span class='ocrx_word' id='word_1_120' title='bbox 959 1849 1004 1902; x_wconf 88' lang='lat' dir='ltr'><strong>ei</strong></span> <span class='ocrx_word' id='word_1_121' title='bbox 1020 1864 1039 1902; x_wconf 91' lang='lat'><strong><em>:</em></strong></span> <span class='ocrx_word' id='word_1_122' title='bbox 1070 1847 1252 1915; x_wconf 86' lang='lat' dir='ltr'><strong>Rabbi,</strong></span> <span class='ocrx_word' id='word_1_123' title='bbox 1276 1849 1461 1902; x_wconf 80' lang='lat' dir='ltr'><strong>scimus</strong></span> <span class='ocrx_word' id='word_1_124' title='bbox 1487 1851 1605 1920; x_wconf 85' lang='lat' dir='ltr'><strong>quia</strong></span> <span class='ocrx_word' id='word_1_125' title='bbox 1628 1866 1660 1902; x_wconf 92' lang='lat' dir='ltr'><strong>a</strong></span> <span class='ocrx_word' id='word_1_126' title='bbox 1683 1849 1787 1904; x_wconf 91' lang='lat' dir='ltr'><strong>Deo</strong></span> <span class='ocrx_word' id='word_1_127' title='bbox 1814 1851 1989 1904; x_wconf 80' lang='lat' dir='ltr'><strong>venisti</strong></span> <span class='ocrx_word' id='word_1_128' title='bbox 2011 1867 2119 1904; x_wconf 86' lang='lat' dir='ltr'><strong>ma-</strong></span> 
     </span>
    </p>
   </div>
   <div class='ocr_carea' id='block_1_18' title="bbox 532 1941 2114 2012">
    <p class='ocr_par' dir='ltr' id='par_1_18' title="bbox 532 1941 2114 2012">
     <span class='ocr_line' id='line_1_18' title="bbox 532 1941 2114 2012; baseline 0.001 -19"><span class='ocrx_word' id='word_1_129' title='bbox 532 1942 684 2011; x_wconf 79' lang='lat' dir='ltr'><strong>gister</strong></span> <span class='ocrx_word' id='word_1_130' title='bbox 705 1959 723 1994; x_wconf 88' lang='lat'><strong><em>:</em></strong></span> <span class='ocrx_word' id='word_1_131' title='bbox 755 1958 897 1994; x_wconf 85' lang='lat' dir='ltr'><strong>nemo</strong></span> <span class='ocrx_word' id='word_1_132' title='bbox 917 1941 1049 1994; x_wconf 89' lang='lat' dir='ltr'><strong>enim</strong></span> <span class='ocrx_word' id='word_1_133' title='bbox 1073 1949 1228 2012; x_wconf 81' lang='lat' dir='ltr'><strong>potest</strong></span> <span class='ocrx_word' id='word_1_134' title='bbox 1259 1941 1367 1994; x_wconf 63' lang='lat' dir='ltr'><strong>haec</strong></span> <span class='ocrx_word' id='word_1_135' title='bbox 1395 1941 1540 2011; x_wconf 87' lang='lat' dir='ltr'><strong>signa</strong></span> <span class='ocrx_word' id='word_1_136' title='bbox 1568 1941 1733 2010; x_wconf 77' lang='lat' dir='ltr'><strong>facere</strong></span> <span class='ocrx_word' id='word_1_137' title='bbox 1757 1957 1871 2010; x_wconf 70' lang='lat' dir='ltr'><strong>quis</strong></span> <span class='ocrx_word' id='word_1_138' title='bbox 1892 1950 1943 1994; x_wconf 92' lang='lat' dir='ltr'><strong>tu</strong></span> <span class='ocrx_word' id='word_1_139' title='bbox 1967 1942 2114 2011; x_wconf 79' lang='lat' dir='ltr'><strong>facis,</strong></span> 
     </span>
    </p>
   </div>
   <div class='ocr_carea' id='block_1_19' title="bbox 532 2031 2119 2104">
    <p class='ocr_par' dir='ltr' id='par_1_19' title="bbox 532 2031 2119 2104">
     <span class='ocr_line' id='line_1_19' title="bbox 532 2031 2119 2104; baseline 0.001 -20"><span class='ocrx_word' id='word_1_140' title='bbox 532 2033 628 2086; x_wconf 90' lang='lat' dir='ltr'><strong>nisi</strong></span> <span class='ocrx_word' id='word_1_141' title='bbox 655 2035 804 2104; x_wconf 73' lang='lat' dir='ltr'><strong>fuerit</strong></span> <span class='ocrx_word' id='word_1_142' title='bbox 838 2031 978 2088; x_wconf 86' lang='lat' dir='ltr'><strong>Deus</strong></span> <span class='ocrx_word' id='word_1_143' title='bbox 1007 2049 1123 2086; x_wconf 87' lang='lat' dir='ltr'><strong>cum</strong></span> <span class='ocrx_word' id='word_1_144' title='bbox 1152 2050 1228 2087; x_wconf 92' lang='lat' dir='ltr'><strong>eo.</strong></span> <span class='ocrx_word' id='word_1_145' title='bbox 1275 2033 1554 2103; x_wconf 81' lang='lat' dir='ltr'><strong>Respondit</strong></span> <span class='ocrx_word' id='word_1_146' title='bbox 1592 2031 1742 2088; x_wconf 73' lang='lat' dir='ltr'><strong>Iesus</strong></span> <span class='ocrx_word' id='word_1_147' title='bbox 1763 2075 1777 2098; x_wconf 92' lang='lat'><strong>,</strong></span> <span class='ocrx_word' id='word_1_148' title='bbox 1807 2042 1853 2086; x_wconf 90' lang='lat' dir='ltr'><strong>et</strong></span> <span class='ocrx_word' id='word_1_149' title='bbox 1881 2033 2008 2086; x_wconf 91' lang='lat' dir='ltr'><strong>dixit</strong></span> <span class='ocrx_word' id='word_1_150' title='bbox 2033 2034 2078 2086; x_wconf 87' lang='lat' dir='ltr'><strong>ei</strong></span> <span class='ocrx_word' id='word_1_151' title='bbox 2100 2048 2119 2086; x_wconf 92' lang='lat'><strong><em>:</em></strong></span> 
     </span>
    </p>
   </div>
   <div class='ocr_carea' id='block_1_20' title="bbox 534 2127 2117 2196">
    <p class='ocr_par' dir='ltr' id='par_1_20' title="bbox 534 2127 2117 2196">
     <span class='ocr_line' id='line_1_20' title="bbox 534 2127 2117 2196; baseline -0.001 -15"><span class='ocrx_word' id='word_1_152' title='bbox 534 2129 710 2193; x_wconf 80' lang='lat' dir='ltr'><strong>Amen,</strong></span> <span class='ocrx_word' id='word_1_153' title='bbox 740 2145 886 2182; x_wconf 90' lang='lat' dir='ltr'><strong>anten</strong></span> <span class='ocrx_word' id='word_1_154' title='bbox 913 2128 1025 2182; x_wconf 88' lang='lat' dir='ltr'><strong>dico</strong></span> <span class='ocrx_word' id='word_1_155' title='bbox 1054 2127 1161 2191; x_wconf 84' lang='lat' dir='ltr'><strong>tibi,</strong></span> <span class='ocrx_word' id='word_1_156' title='bbox 1193 2128 1291 2180; x_wconf 84' lang='lat' dir='ltr'><strong>nisi</strong></span> <span class='ocrx_word' id='word_1_157' title='bbox 1315 2128 1424 2196; x_wconf 87' lang='lat' dir='ltr'><strong>quis</strong></span> <span class='ocrx_word' id='word_1_158' title='bbox 1451 2137 1600 2182; x_wconf 88' lang='lat' dir='ltr'><strong>natus</strong></span> <span class='ocrx_word' id='word_1_159' title='bbox 1625 2127 1774 2196; x_wconf 84' lang='lat' dir='ltr'><strong>fuerit</strong></span> <span class='ocrx_word' id='word_1_160' title='bbox 1807 2127 1992 2192; x_wconf 87' lang='lat' dir='ltr'><strong>denuo,</strong></span> <span class='ocrx_word' id='word_1_161' title='bbox 2018 2143 2117 2179; x_wconf 87' lang='lat' dir='ltr'><strong>non</strong></span> 
     </span>
    </p>
   </div>
   <div class='ocr_carea' id='block_1_21' title="bbox 533 2217 2116 2290">
    <p class='ocr_par' dir='ltr' id='par_1_21' title="bbox 533 2217 2116 2290">
     <span class='ocr_line' id='line_1_21' title="bbox 533 2217 2116 2290; baseline -0.001 -17"><span class='ocrx_word' id='word_1_162' title='bbox 533 2229 694 2289; x_wconf 83' lang='lat' dir='ltr'><strong>potest</strong></span> <span class='ocrx_word' id='word_1_163' title='bbox 739 2218 904 2274; x_wconf 89' lang='lat' dir='ltr'><strong>videre</strong></span> <span class='ocrx_word' id='word_1_164' title='bbox 943 2236 1153 2290; x_wconf 86' lang='lat' dir='ltr'><strong>regnum</strong></span> <span class='ocrx_word' id='word_1_165' title='bbox 1195 2217 1310 2272; x_wconf 88' lang='lat' dir='ltr'><strong>Dei.</strong></span> <span class='ocrx_word' id='word_1_166' title='bbox 1354 2219 1486 2272; x_wconf 84' lang='lat' dir='ltr'><strong>Dicit</strong></span> <span class='ocrx_word' id='word_1_167' title='bbox 1513 2220 1579 2272; x_wconf 90' lang='lat' dir='ltr'><strong>ad</strong></span> <span class='ocrx_word' id='word_1_168' title='bbox 1620 2236 1731 2273; x_wconf 91' lang='lat' dir='ltr'><strong>eum</strong></span> <span class='ocrx_word' id='word_1_169' title='bbox 1769 2217 2116 2273; x_wconf 83' lang='lat' dir='ltr'><strong>Nicodemus:</strong></span> 
     </span>
    </p>
   </div>
   <div class='ocr_carea' id='block_1_22' title="bbox 536 2310 2119 2382">
    <p class='ocr_par' dir='ltr' id='par_1_22' title="bbox 536 2310 2119 2382">
     <span class='ocr_line' id='line_1_22' title="bbox 536 2310 2119 2382; baseline -0.001 -18"><span class='ocrx_word' id='word_1_170' title='bbox 536 2310 797 2376; x_wconf 87' lang='lat' dir='ltr'><strong>Quomodo</strong></span> <span class='ocrx_word' id='word_1_171' title='bbox 824 2321 981 2382; x_wconf 85' lang='lat' dir='ltr'><strong>potest</strong></span> <span class='ocrx_word' id='word_1_172' title='bbox 1016 2311 1165 2365; x_wconf 85' lang='lat' dir='ltr'><strong>homo</strong></span> <span class='ocrx_word' id='word_1_173' title='bbox 1196 2311 1337 2365; x_wconf 87' lang='lat' dir='ltr'><strong>nasci</strong></span> <span class='ocrx_word' id='word_1_174' title='bbox 1357 2353 1370 2375; x_wconf 94' lang='lat'><strong>,</strong></span> <span class='ocrx_word' id='word_1_175' title='bbox 1400 2329 1512 2364; x_wconf 86' lang='lat' dir='ltr'><strong>cum</strong></span> <span class='ocrx_word' id='word_1_176' title='bbox 1541 2313 1602 2365; x_wconf 86' lang='lat' dir='ltr'><strong>sit</strong></span> <span class='ocrx_word' id='word_1_177' title='bbox 1630 2313 1822 2366; x_wconf 85' lang='lat' dir='ltr'><strong>senex?</strong></span> <span class='ocrx_word' id='word_1_178' title='bbox 1855 2310 2119 2380; x_wconf 87' lang='lat' dir='ltr'><strong>Numquid</strong></span> 
     </span>
    </p>
   </div>
   <div class='ocr_carea' id='block_1_23' title="bbox 532 2404 2119 2476">
    <p class='ocr_par' dir='ltr' id='par_1_23' title="bbox 532 2404 2119 2476">
     <span class='ocr_line' id='line_1_23' title="bbox 532 2404 2119 2476; baseline -0.002 -16"><span class='ocrx_word' id='word_1_179' title='bbox 532 2415 692 2476; x_wconf 82' lang='lat' dir='ltr'><strong>potest</strong></span> <span class='ocrx_word' id='word_1_180' title='bbox 720 2407 773 2458; x_wconf 90' lang='lat' dir='ltr'><strong>in</strong></span> <span class='ocrx_word' id='word_1_181' title='bbox 801 2414 997 2460; x_wconf 85' lang='lat' dir='ltr'><strong>uterum</strong></span> <span class='ocrx_word' id='word_1_182' title='bbox 1031 2407 1204 2460; x_wconf 86' lang='lat' dir='ltr'><strong>matris</strong></span> <span class='ocrx_word' id='word_1_183' title='bbox 1245 2422 1350 2460; x_wconf 74' lang='lat' dir='ltr'><strong>sua:</strong></span> <span class='ocrx_word' id='word_1_184' title='bbox 1391 2407 1570 2458; x_wconf 81' lang='lat' dir='ltr'><strong>iterum</strong></span> <span class='ocrx_word' id='word_1_185' title='bbox 1599 2406 1808 2458; x_wconf 84' lang='lat' dir='ltr'><strong>introire</strong></span> <span class='ocrx_word' id='word_1_186' title='bbox 1849 2414 1896 2457; x_wconf 91' lang='lat' dir='ltr'><strong>et</strong></span> <span class='ocrx_word' id='word_1_187' title='bbox 1940 2404 2119 2458; x_wconf 83' lang='lat' dir='ltr'><strong>nasci?</strong></span> 
     </span>
    </p>
   </div>
   <div class='ocr_carea' id='block_1_24' title="bbox 534 2495 2116 2567">
    <p class='ocr_par' dir='ltr' id='par_1_24' title="bbox 534 2495 2116 2567">
     <span class='ocr_line' id='line_1_24' title="bbox 534 2495 2116 2567; baseline -0.001 -17"><span class='ocrx_word' id='word_1_188' title='bbox 534 2495 814 2567; x_wconf 84' lang='lat' dir='ltr'><strong>Respondit</strong></span> <span class='ocrx_word' id='word_1_189' title='bbox 835 2495 987 2552; x_wconf 81' lang='lat' dir='ltr'><strong>Jesus</strong></span> <span class='ocrx_word' id='word_1_190' title='bbox 1009 2515 1028 2552; x_wconf 89' lang='lat'><strong><em>:</em></strong></span> <span class='ocrx_word' id='word_1_191' title='bbox 1053 2498 1234 2563; x_wconf 78' lang='lat' dir='ltr'><strong>Amen,</strong></span> <span class='ocrx_word' id='word_1_192' title='bbox 1258 2515 1402 2550; x_wconf 89' lang='lat' dir='ltr'><strong>amen</strong></span> <span class='ocrx_word' id='word_1_193' title='bbox 1429 2497 1542 2550; x_wconf 85' lang='lat' dir='ltr'><strong>dico</strong></span> <span class='ocrx_word' id='word_1_194' title='bbox 1571 2496 1678 2559; x_wconf 88' lang='lat' dir='ltr'><strong>tibi,</strong></span> <span class='ocrx_word' id='word_1_195' title='bbox 1709 2496 1808 2549; x_wconf 89' lang='lat' dir='ltr'><strong>nisi</strong></span> <span class='ocrx_word' id='word_1_196' title='bbox 1830 2497 1942 2566; x_wconf 92' lang='lat' dir='ltr'><strong>quis</strong></span> <span class='ocrx_word' id='word_1_197' title='bbox 1967 2512 2116 2548; x_wconf 82' lang='lat' dir='ltr'><strong>rena-</strong></span> 
     </span>
    </p>
   </div>
   <div class='ocr_carea' id='block_1_25' title="bbox 537 2587 2119 2659">
    <p class='ocr_par' dir='ltr' id='par_1_25' title="bbox 537 2587 2119 2659">
     <span class='ocr_line' id='line_1_25' title="bbox 537 2587 2119 2659; baseline -0.001 -18"><span class='ocrx_word' id='word_1_198' title='bbox 537 2596 616 2642; x_wconf 88' lang='lat' dir='ltr'><strong>tus</strong></span> <span class='ocrx_word' id='word_1_199' title='bbox 641 2589 790 2659; x_wconf 81' lang='lat' dir='ltr'><strong>fuerit</strong></span> <span class='ocrx_word' id='word_1_200' title='bbox 819 2603 883 2642; x_wconf 82' lang='lat' dir='ltr'><strong>ex</strong></span> <span class='ocrx_word' id='word_1_201' title='bbox 908 2604 1041 2658; x_wconf 87' lang='lat' dir='ltr'><strong>aqua</strong></span> <span class='ocrx_word' id='word_1_202' title='bbox 1064 2598 1109 2640; x_wconf 86' lang='lat' dir='ltr'><strong>et</strong></span> <span class='ocrx_word' id='word_1_203' title='bbox 1135 2589 1316 2656; x_wconf 88' lang='lat' dir='ltr'><strong>spiritu</strong></span> <span class='ocrx_word' id='word_1_204' title='bbox 1347 2588 1387 2653; x_wconf 79' lang='grc'><strong>³,</strong></span> <span class='ocrx_word' id='word_1_205' title='bbox 1419 2605 1517 2641; x_wconf 87' lang='lat' dir='ltr'><strong>non</strong></span> <span class='ocrx_word' id='word_1_206' title='bbox 1548 2596 1708 2658; x_wconf 88' lang='lat' dir='ltr'><strong>potest</strong></span> <span class='ocrx_word' id='word_1_207' title='bbox 1734 2587 1940 2639; x_wconf 89' lang='lat' dir='ltr'><strong>introire</strong></span> <span class='ocrx_word' id='word_1_208' title='bbox 1963 2587 2014 2639; x_wconf 91' lang='lat' dir='ltr'><strong>in</strong></span> <span class='ocrx_word' id='word_1_209' title='bbox 2041 2603 2119 2640; x_wconf 88' lang='lat' dir='ltr'><strong>re-</strong></span> 
     </span>
    </p>
   </div>
   <div class='ocr_carea' id='block_1_26' title="bbox 533 2679 2119 2751">
    <p class='ocr_par' dir='ltr' id='par_1_26' title="bbox 533 2679 2119 2751">
     <span class='ocr_line' id='line_1_26' title="bbox 533 2679 2119 2751; baseline -0.001 -19"><span class='ocrx_word' id='word_1_210' title='bbox 533 2697 688 2751; x_wconf 86' lang='lat' dir='ltr'><strong>gnum</strong></span> <span class='ocrx_word' id='word_1_211' title='bbox 713 2679 826 2734; x_wconf 86' lang='lat' dir='ltr'><strong>Dei.</strong></span> <span class='ocrx_word' id='word_1_212' title='bbox 858 2681 1004 2746; x_wconf 80' lang='lat' dir='ltr'><strong>Quod</strong></span> <span class='ocrx_word' id='word_1_213' title='bbox 1030 2689 1202 2732; x_wconf 88' lang='lat' dir='ltr'><strong>natum</strong></span> <span class='ocrx_word' id='word_1_214' title='bbox 1229 2691 1298 2733; x_wconf 91' lang='lat' dir='ltr'><strong>est</strong></span> <span class='ocrx_word' id='word_1_215' title='bbox 1328 2681 1388 2734; x_wconf 88' lang='lat' dir='ltr'><strong>de</strong></span> <span class='ocrx_word' id='word_1_216' title='bbox 1413 2697 1565 2733; x_wconf 91' lang='lat' dir='ltr'><strong>carne</strong></span> <span class='ocrx_word' id='word_1_217' title='bbox 1585 2722 1598 2742; x_wconf 93' lang='lat'><strong>,</strong></span> <span class='ocrx_word' id='word_1_218' title='bbox 1627 2696 1744 2733; x_wconf 83' lang='lat' dir='ltr'><strong>curo</strong></span> <span class='ocrx_word' id='word_1_219' title='bbox 1771 2689 1840 2733; x_wconf 90' lang='lat' dir='ltr'><strong>est</strong></span> <span class='ocrx_word' id='word_1_220' title='bbox 1865 2695 1883 2743; x_wconf 91' lang='lat'><strong>;</strong></span> <span class='ocrx_word' id='word_1_221' title='bbox 1913 2688 1959 2732; x_wconf 89' lang='lat' dir='ltr'><strong>et</strong></span> <span class='ocrx_word' id='word_1_222' title='bbox 1983 2680 2119 2746; x_wconf 86' lang='lat' dir='ltr'><strong>quod</strong></span> 
     </span>
    </p>
   </div>
   <div class='ocr_carea' id='block_1_27' title="bbox 532 2769 2120 2840">
    <p class='ocr_par' dir='ltr' id='par_1_27' title="bbox 532 2769 2120 2840">
     <span class='ocr_line' id='line_1_27' title="bbox 532 2769 2120 2840; baseline -0.001 -14"><span class='ocrx_word' id='word_1_223' title='bbox 532 2781 703 2826; x_wconf 88' lang='lat' dir='ltr'><strong>natum</strong></span> <span class='ocrx_word' id='word_1_224' title='bbox 726 2783 794 2824; x_wconf 83' lang='lat' dir='ltr'><strong>est</strong></span> <span class='ocrx_word' id='word_1_225' title='bbox 829 2771 891 2823; x_wconf 91' lang='lat' dir='ltr'><strong>de</strong></span> <span class='ocrx_word' id='word_1_226' title='bbox 913 2772 1109 2840; x_wconf 85' lang='lat' dir='ltr'><strong>spiritu,</strong></span> <span class='ocrx_word' id='word_1_227' title='bbox 1141 2772 1346 2839; x_wconf 84' lang='lat' dir='ltr'><strong>spiritus</strong></span> <span class='ocrx_word' id='word_1_228' title='bbox 1366 2781 1456 2823; x_wconf 91' lang='lat' dir='ltr'><strong>est.</strong></span> <span class='ocrx_word' id='word_1_229' title='bbox 1489 2769 1609 2823; x_wconf 86' lang='lat' dir='ltr'><strong>Non</strong></span> <span class='ocrx_word' id='word_1_230' title='bbox 1632 2770 1846 2830; x_wconf 87' lang='lat' dir='ltr'><strong>mireris,</strong></span> <span class='ocrx_word' id='word_1_231' title='bbox 1875 2771 1992 2839; x_wconf 90' lang='lat' dir='ltr'><strong>quia</strong></span> <span class='ocrx_word' id='word_1_232' title='bbox 2012 2771 2120 2824; x_wconf 83' lang='lat' dir='ltr'><strong>dixi</strong></span> 
     </span>
    </p>
   </div>
   <div class='ocr_carea' id='block_1_28' title="bbox 534 2863 2120 2935">
    <p class='ocr_par' dir='ltr' id='par_1_28' title="bbox 534 2863 2120 2935">
     <span class='ocr_line' id='line_1_28' title="bbox 534 2863 2120 2935; baseline 0 -17"><span class='ocrx_word' id='word_1_233' title='bbox 534 2865 641 2929; x_wconf 89' lang='lat' dir='ltr'><strong>tibi,</strong></span> <span class='ocrx_word' id='word_1_234' title='bbox 669 2863 874 2935; x_wconf 87' lang='lat' dir='ltr'><strong>Oportet</strong></span> <span class='ocrx_word' id='word_1_235' title='bbox 901 2881 985 2918; x_wconf 80' lang='lat' dir='ltr'><strong>vos</strong></span> <span class='ocrx_word' id='word_1_236' title='bbox 1013 2864 1152 2917; x_wconf 90' lang='lat' dir='ltr'><strong>nasci</strong></span> <span class='ocrx_word' id='word_1_237' title='bbox 1176 2864 1358 2916; x_wconf 85' lang='lat' dir='ltr'><strong>denuo.</strong></span> <span class='ocrx_word' id='word_1_238' title='bbox 1391 2865 1614 2934; x_wconf 82' lang='lat' dir='ltr'><strong>Spiritus</strong></span> <span class='ocrx_word' id='word_1_239' title='bbox 1638 2866 1721 2917; x_wconf 89' lang='lat' dir='ltr'><strong>ubi</strong></span> <span class='ocrx_word' id='word_1_240' title='bbox 1742 2865 1845 2917; x_wconf 86' lang='lat' dir='ltr'><strong>vult</strong></span> <span class='ocrx_word' id='word_1_241' title='bbox 1866 2867 2040 2934; x_wconf 88' lang='lat' dir='ltr'><strong>spirat,</strong></span> <span class='ocrx_word' id='word_1_242' title='bbox 2075 2873 2120 2918; x_wconf 91' lang='lat' dir='ltr'><strong>et</strong></span> 
     </span>
    </p>
   </div>
   <div class='ocr_carea' id='block_1_29' title="bbox 530 2955 2119 3024">
    <p class='ocr_par' dir='ltr' id='par_1_29' title="bbox 530 2955 2119 3024">
     <span class='ocr_line' id='line_1_29' title="bbox 530 2955 2119 3024; baseline -0.001 -14"><span class='ocrx_word' id='word_1_243' title='bbox 530 2973 697 3010; x_wconf 84' lang='lat' dir='ltr'><strong>vocem</strong></span> <span class='ocrx_word' id='word_1_244' title='bbox 744 2958 852 3024; x_wconf 89' lang='lat' dir='ltr'><strong>ejus</strong></span> <span class='ocrx_word' id='word_1_245' title='bbox 882 2956 1069 3018; x_wconf 84' lang='lat' dir='ltr'><strong>audis;</strong></span> <span class='ocrx_word' id='word_1_246' title='bbox 1099 2955 1186 3008; x_wconf 89' lang='lat' dir='ltr'><strong>sed</strong></span> <span class='ocrx_word' id='word_1_247' title='bbox 1215 2971 1314 3008; x_wconf 86' lang='lat' dir='ltr'><strong>non</strong></span> <span class='ocrx_word' id='word_1_248' title='bbox 1355 2955 1450 3008; x_wconf 88' lang='lat' dir='ltr'><strong>scis</strong></span> <span class='ocrx_word' id='word_1_249' title='bbox 1503 2958 1637 3008; x_wconf 87' lang='lat' dir='ltr'><strong>unde</strong></span> <span class='ocrx_word' id='word_1_250' title='bbox 1663 2956 1844 3018; x_wconf 81' lang='lat' dir='ltr'><strong>veniat,</strong></span> <span class='ocrx_word' id='word_1_251' title='bbox 1887 2965 1974 3007; x_wconf 90' lang='lat' dir='ltr'><strong>aut</strong></span> <span class='ocrx_word' id='word_1_252' title='bbox 2021 2972 2119 3024; x_wconf 91' lang='lat' dir='ltr'><strong>quo</strong></span> 
     </span>
    </p>
   </div>
   <div class='ocr_carea' id='block_1_30' title="bbox 533 3045 2116 3116">
    <p class='ocr_par' dir='ltr' id='par_1_30' title="bbox 533 3045 2116 3116">
     <span class='ocr_line' id='line_1_30' title="bbox 533 3045 2116 3116; baseline 0 -16"><span class='ocrx_word' id='word_1_253' title='bbox 533 3049 706 3100; x_wconf 80' lang='lat' dir='ltr'><strong>vadat.</strong></span> <span class='ocrx_word' id='word_1_254' title='bbox 741 3047 830 3101; x_wconf 83' lang='lat' dir='ltr'><strong>Sic</strong></span> <span class='ocrx_word' id='word_1_255' title='bbox 859 3057 930 3101; x_wconf 90' lang='lat' dir='ltr'><strong>est</strong></span> <span class='ocrx_word' id='word_1_256' title='bbox 955 3046 1116 3101; x_wconf 89' lang='lat' dir='ltr'><strong>omnis</strong></span> <span class='ocrx_word' id='word_1_257' title='bbox 1139 3048 1221 3116; x_wconf 89' lang='lat' dir='ltr'><strong>qui</strong></span> <span class='ocrx_word' id='word_1_258' title='bbox 1253 3055 1401 3100; x_wconf 89' lang='lat' dir='ltr'><strong>natus</strong></span> <span class='ocrx_word' id='word_1_259' title='bbox 1427 3055 1496 3098; x_wconf 87' lang='lat' dir='ltr'><strong>est</strong></span> <span class='ocrx_word' id='word_1_260' title='bbox 1522 3062 1583 3098; x_wconf 84' lang='lat' dir='ltr'><strong>ex</strong></span> <span class='ocrx_word' id='word_1_261' title='bbox 1609 3046 1808 3112; x_wconf 89' lang='lat' dir='ltr'><strong>spiritu.</strong></span> <span class='ocrx_word' id='word_1_262' title='bbox 1836 3045 2116 3114; x_wconf 83' lang='lat' dir='ltr'><strong>Respondit</strong></span> 
     </span>
    </p>
   </div>
   <div class='ocr_carea' id='block_1_31' title="bbox 536 3137 2119 3208">
    <p class='ocr_par' dir='ltr' id='par_1_31' title="bbox 536 3137 2119 3208">
     <span class='ocr_line' id='line_1_31' title="bbox 536 3137 2119 3208; baseline -0.001 -15"><span class='ocrx_word' id='word_1_263' title='bbox 536 3139 844 3193; x_wconf 82' lang='lat' dir='ltr'><strong>Nicodemus</strong></span> <span class='ocrx_word' id='word_1_264' title='bbox 867 3180 880 3203; x_wconf 93' lang='lat'><strong>,</strong></span> <span class='ocrx_word' id='word_1_265' title='bbox 916 3149 962 3192; x_wconf 91' lang='lat' dir='ltr'><strong>et</strong></span> <span class='ocrx_word' id='word_1_266' title='bbox 991 3139 1120 3193; x_wconf 88' lang='lat' dir='ltr'><strong>dixit</strong></span> <span class='ocrx_word' id='word_1_267' title='bbox 1156 3139 1202 3192; x_wconf 90' lang='lat' dir='ltr'><strong>ei</strong></span> <span class='ocrx_word' id='word_1_268' title='bbox 1232 3155 1248 3191; x_wconf 92' lang='lat'><em>:</em></span> <span class='ocrx_word' id='word_1_269' title='bbox 1291 3137 1550 3203; x_wconf 84' lang='lat' dir='ltr'><strong>Quomodo</strong></span> <span class='ocrx_word' id='word_1_270' title='bbox 1583 3148 1789 3208; x_wconf 86' lang='lat' dir='ltr'><strong>possunt</strong></span> <span class='ocrx_word' id='word_1_271' title='bbox 1821 3137 1927 3191; x_wconf 73' lang='lat' dir='ltr'><strong>haec</strong></span> <span class='ocrx_word' id='word_1_272' title='bbox 1965 3138 2074 3206; x_wconf 87' lang='lat' dir='ltr'><strong>ﬁeri</strong></span> <span class='ocrx_word' id='word_1_273' title='bbox 2094 3139 2119 3191; x_wconf 86' lang='lat'><strong><em>?</em></strong></span> 
     </span>
    </p>
   </div>
   <div class='ocr_carea' id='block_1_32' title="bbox 536 3229 2114 3302">
    <p class='ocr_par' dir='ltr' id='par_1_32' title="bbox 536 3229 2114 3302">
     <span class='ocr_line' id='line_1_32' title="bbox 536 3229 2114 3302; baseline -0.001 -16"><span class='ocrx_word' id='word_1_274' title='bbox 536 3230 812 3299; x_wconf 86' lang='lat' dir='ltr'><strong>Respondit</strong></span> <span class='ocrx_word' id='word_1_275' title='bbox 837 3229 1010 3298; x_wconf 88' lang='lat' dir='ltr'><strong>Jesus,</strong></span> <span class='ocrx_word' id='word_1_276' title='bbox 1041 3241 1085 3284; x_wconf 91' lang='lat' dir='ltr'><strong>et</strong></span> <span class='ocrx_word' id='word_1_277' title='bbox 1113 3231 1241 3284; x_wconf 81' lang='lat' dir='ltr'><strong>dixit</strong></span> <span class='ocrx_word' id='word_1_278' title='bbox 1270 3231 1316 3285; x_wconf 88' lang='lat' dir='ltr'><strong>ei</strong></span> <span class='ocrx_word' id='word_1_279' title='bbox 1344 3247 1361 3284; x_wconf 90' lang='lat'><strong><em>:</em></strong></span> <span class='ocrx_word' id='word_1_280' title='bbox 1391 3229 1464 3284; x_wconf 87' lang='lat' dir='ltr'><strong>Tu</strong></span> <span class='ocrx_word' id='word_1_281' title='bbox 1495 3248 1545 3284; x_wconf 90' lang='lat' dir='ltr'><strong>es</strong></span> <span class='ocrx_word' id='word_1_282' title='bbox 1574 3232 1807 3302; x_wconf 87' lang='lat' dir='ltr'><strong>magister</strong></span> <span class='ocrx_word' id='word_1_283' title='bbox 1836 3233 1886 3284; x_wconf 91' lang='lat' dir='ltr'><strong>in</strong></span> <span class='ocrx_word' id='word_1_284' title='bbox 1912 3231 2076 3286; x_wconf 85' lang='lat' dir='ltr'><strong>Israel</strong></span> <span class='ocrx_word' id='word_1_285' title='bbox 2099 3275 2114 3299; x_wconf 84' lang='lat'><strong>,</strong></span> 
     </span>
    </p>
   </div>
   <div class='ocr_carea' id='block_1_33' title="bbox 531 3323 2115 3394">
    <p class='ocr_par' dir='ltr' id='par_1_33' title="bbox 531 3323 2115 3394">
     <span class='ocr_line' id='line_1_33' title="bbox 531 3323 2115 3394; baseline -0.001 -16"><span class='ocrx_word' id='word_1_286' title='bbox 531 3334 578 3378; x_wconf 85' lang='lat' dir='ltr'><strong>et</strong></span> <span class='ocrx_word' id='word_1_287' title='bbox 606 3325 708 3378; x_wconf 66' lang='lat' dir='ltr'><strong>haec</strong></span> <span class='ocrx_word' id='word_1_288' title='bbox 736 3325 980 3394; x_wconf 87' lang='lat' dir='ltr'><strong>ignoras?</strong></span> <span class='ocrx_word' id='word_1_289' title='bbox 1003 3325 1180 3388; x_wconf 75' lang='lat' dir='ltr'><strong>Amen,</strong></span> <span class='ocrx_word' id='word_1_290' title='bbox 1209 3341 1352 3378; x_wconf 85' lang='lat' dir='ltr'><strong>auten</strong></span> <span class='ocrx_word' id='word_1_291' title='bbox 1374 3325 1485 3376; x_wconf 88' lang='lat' dir='ltr'><strong>dico</strong></span> <span class='ocrx_word' id='word_1_292' title='bbox 1508 3323 1615 3386; x_wconf 88' lang='lat' dir='ltr'><strong>tibi,</strong></span> <span class='ocrx_word' id='word_1_293' title='bbox 1637 3325 1755 3393; x_wconf 88' lang='lat' dir='ltr'><strong>quia</strong></span> <span class='ocrx_word' id='word_1_294' title='bbox 1777 3323 1911 3394; x_wconf 88' lang='lat' dir='ltr'><strong>quod</strong></span> <span class='ocrx_word' id='word_1_295' title='bbox 1932 3325 2115 3378; x_wconf 86' lang='lat' dir='ltr'><strong>scimus</strong></span> 
     </span>
    </p>
   </div>
   <div class='ocr_carea' id='block_1_34' title="bbox 532 3416 2113 3486">
    <p class='ocr_par' dir='ltr' id='par_1_34' title="bbox 532 3416 2113 3486">
     <span class='ocr_line' id='line_1_34' title="bbox 532 3416 2113 3486; baseline -0.001 -16"><span class='ocrx_word' id='word_1_296' title='bbox 532 3417 802 3485; x_wconf 82' lang='lat' dir='ltr'><strong>loquimur,</strong></span> <span class='ocrx_word' id='word_1_297' title='bbox 835 3425 879 3470; x_wconf 90' lang='lat' dir='ltr'><strong>et</strong></span> <span class='ocrx_word' id='word_1_298' title='bbox 900 3416 1034 3486; x_wconf 89' lang='lat' dir='ltr'><strong>quod</strong></span> <span class='ocrx_word' id='word_1_299' title='bbox 1059 3417 1272 3470; x_wconf 87' lang='lat' dir='ltr'><strong>vidimus</strong></span> <span class='ocrx_word' id='word_1_300' title='bbox 1304 3427 1562 3481; x_wconf 86' lang='lat' dir='ltr'><strong>testamur,</strong></span> <span class='ocrx_word' id='word_1_301' title='bbox 1593 3427 1638 3470; x_wconf 90' lang='lat' dir='ltr'><strong>et</strong></span> <span class='ocrx_word' id='word_1_302' title='bbox 1667 3418 1999 3470; x_wconf 85' lang='lat' dir='ltr'><strong>testimonium</strong></span> <span class='ocrx_word' id='word_1_303' title='bbox 2026 3434 2113 3469; x_wconf 88' lang='lat' dir='ltr'><strong>no-</strong></span> 
     </span>
    </p>
   </div>
   <div class='ocr_carea' id='block_1_35' title="bbox 529 3507 2116 3580">
    <p class='ocr_par' dir='ltr' id='par_1_35' title="bbox 529 3507 2116 3580">
     <span class='ocr_line' id='line_1_35' title="bbox 529 3507 2116 3580; baseline -0.001 -20"><span class='ocrx_word' id='word_1_304' title='bbox 529 3517 689 3560; x_wconf 89' lang='lat' dir='ltr'><strong>strum</strong></span> <span class='ocrx_word' id='word_1_305' title='bbox 715 3525 816 3561; x_wconf 83' lang='lat' dir='ltr'><strong>non</strong></span> <span class='ocrx_word' id='word_1_306' title='bbox 841 3508 1090 3580; x_wconf 80' lang='lat' dir='ltr'><strong>accipitis.</strong></span> <span class='ocrx_word' id='word_1_307' title='bbox 1125 3508 1185 3562; x_wconf 89' lang='lat' dir='ltr'><strong>Si</strong></span> <span class='ocrx_word' id='word_1_308' title='bbox 1211 3516 1404 3560; x_wconf 83' lang='lat' dir='ltr'><strong>terrena</strong></span> <span class='ocrx_word' id='word_1_309' title='bbox 1434 3507 1538 3560; x_wconf 87' lang='lat' dir='ltr'><strong>dixi</strong></span> <span class='ocrx_word' id='word_1_310' title='bbox 1569 3509 1723 3572; x_wconf 87' lang='lat' dir='ltr'><strong>vobis,</strong></span> <span class='ocrx_word' id='word_1_311' title='bbox 1757 3519 1801 3561; x_wconf 88' lang='lat' dir='ltr'><strong>et</strong></span> <span class='ocrx_word' id='word_1_312' title='bbox 1827 3526 1924 3562; x_wconf 89' lang='lat' dir='ltr'><strong>non</strong></span> <span class='ocrx_word' id='word_1_313' title='bbox 1953 3509 2116 3562; x_wconf 86' lang='lat' dir='ltr'><strong>credi-</strong></span> 
     </span>
    </p>
   </div>
   <div class='ocr_carea' id='block_1_36' title="bbox 530 3600 2114 3669">
    <p class='ocr_par' dir='ltr' id='par_1_36' title="bbox 530 3600 2114 3669">
     <span class='ocr_line' id='line_1_36' title="bbox 530 3600 2114 3669; baseline 0.001 -17"><span class='ocrx_word' id='word_1_314' title='bbox 530 3601 670 3654; x_wconf 90' lang='lat' dir='ltr'><strong>distis</strong></span> <span class='ocrx_word' id='word_1_315' title='bbox 687 3602 743 3663; x_wconf 81' lang='lat'><strong>&#39;;</strong></span> <span class='ocrx_word' id='word_1_316' title='bbox 771 3602 1039 3669; x_wconf 85' lang='lat' dir='ltr'><strong>quomodo,</strong></span> <span class='ocrx_word' id='word_1_317' title='bbox 1073 3601 1116 3652; x_wconf 92' lang='lat' dir='ltr'><strong>si</strong></span> <span class='ocrx_word' id='word_1_318' title='bbox 1140 3601 1312 3653; x_wconf 78' lang='lat' dir='ltr'><strong>dixero</strong></span> <span class='ocrx_word' id='word_1_319' title='bbox 1340 3601 1471 3654; x_wconf 89' lang='lat' dir='ltr'><strong>vobis</strong></span> <span class='ocrx_word' id='word_1_320' title='bbox 1501 3601 1737 3665; x_wconf 76' lang='lat' dir='ltr'><strong>etelestia,</strong></span> <span class='ocrx_word' id='word_1_321' title='bbox 1769 3601 1974 3654; x_wconf 88' lang='lat' dir='ltr'><strong>credetis</strong></span> <span class='ocrx_word' id='word_1_322' title='bbox 1997 3602 2022 3654; x_wconf 86' lang='lat'><strong><em>?</em></strong></span> <span class='ocrx_word' id='word_1_323' title='bbox 2049 3600 2114 3653; x_wconf 82' lang='lat' dir='ltr'><strong>Et</strong></span> 
     </span>
    </p>
   </div>
   <div class='ocr_carea' id='block_1_37' title="bbox 531 3693 2110 3759">
    <p class='ocr_par' dir='ltr' id='par_1_37' title="bbox 531 3693 2110 3759">
     <span class='ocr_line' id='line_1_37' title="bbox 531 3693 2110 3759; baseline -0.002 -12"><span class='ocrx_word' id='word_1_324' title='bbox 531 3711 675 3748; x_wconf 90' lang='lat' dir='ltr'><strong>nemo</strong></span> <span class='ocrx_word' id='word_1_325' title='bbox 704 3695 922 3748; x_wconf 87' lang='lat' dir='ltr'><strong>ascendit</strong></span> <span class='ocrx_word' id='word_1_326' title='bbox 952 3695 1003 3746; x_wconf 89' lang='lat' dir='ltr'><strong>in</strong></span> <span class='ocrx_word' id='word_1_327' title='bbox 1049 3694 1255 3754; x_wconf 69' lang='lat' dir='ltr'><strong>caelum,</strong></span> <span class='ocrx_word' id='word_1_328' title='bbox 1290 3695 1386 3747; x_wconf 82' lang='lat' dir='ltr'><strong>nisi</strong></span> <span class='ocrx_word' id='word_1_329' title='bbox 1427 3695 1511 3759; x_wconf 88' lang='lat' dir='ltr'><strong>qui</strong></span> <span class='ocrx_word' id='word_1_330' title='bbox 1554 3693 1615 3746; x_wconf 88' lang='lat' dir='ltr'><strong>de</strong></span> <span class='ocrx_word' id='word_1_331' title='bbox 1653 3693 1775 3747; x_wconf 76' lang='lat' dir='ltr'><strong>caelo</strong></span> <span class='ocrx_word' id='word_1_332' title='bbox 1825 3693 2110 3759; x_wconf 83' lang='lat' dir='ltr'><strong>descendit,</strong></span> 
     </span>
    </p>
   </div>
   <div class='ocr_carea' id='block_1_38' title="bbox 534 3781 2112 3853">
    <p class='ocr_par' dir='ltr' id='par_1_38' title="bbox 534 3781 2112 3853">
     <span class='ocr_line' id='line_1_38' title="bbox 534 3781 2112 3853; baseline -0.001 -16"><span class='ocrx_word' id='word_1_333' title='bbox 534 3783 700 3838; x_wconf 77' lang='lat' dir='ltr'><strong>Filius</strong></span> <span class='ocrx_word' id='word_1_334' title='bbox 729 3784 959 3846; x_wconf 81' lang='lat' dir='ltr'><strong>hominis,</strong></span> <span class='ocrx_word' id='word_1_335' title='bbox 991 3784 1147 3852; x_wconf 88' lang='lat' dir='ltr'><strong>quiin</strong></span> <span class='ocrx_word' id='word_1_336' title='bbox 1176 3785 1299 3837; x_wconf 75' lang='lat' dir='ltr'><strong>coelo</strong></span> <span class='ocrx_word' id='word_1_337' title='bbox 1329 3792 1420 3836; x_wconf 88' lang='lat' dir='ltr'><strong>est.’</strong></span> <span class='ocrx_word' id='word_1_338' title='bbox 1446 3783 1508 3836; x_wconf 83' lang='lat' dir='ltr'><strong>Et</strong></span> <span class='ocrx_word' id='word_1_339' title='bbox 1537 3783 1664 3836; x_wconf 90' lang='lat' dir='ltr'><strong>sicut</strong></span> <span class='ocrx_word' id='word_1_340' title='bbox 1696 3781 1894 3853; x_wconf 82' lang='lat' dir='ltr'><strong>Moyses</strong></span> <span class='ocrx_word' id='word_1_341' title='bbox 1921 3785 2112 3836; x_wconf 75' lang='lat' dir='ltr'><strong>exalta-</strong></span> 
     </span>
    </p>
   </div>
   <div class='ocr_carea' id='block_1_39' title="bbox 532 3874 2112 3946">
    <p class='ocr_par' dir='ltr' id='par_1_39' title="bbox 532 3874 2112 3946">
     <span class='ocr_line' id='line_1_39' title="bbox 532 3874 2112 3946; baseline -0.001 -17"><span class='ocrx_word' id='word_1_342' title='bbox 532 3877 598 3929; x_wconf 85' lang='lat' dir='ltr'><strong>vit</strong></span> <span class='ocrx_word' id='word_1_343' title='bbox 633 3886 910 3943; x_wconf 81' lang='lat' dir='ltr'><strong>serpentem</strong></span> <span class='ocrx_word' id='word_1_344' title='bbox 955 3876 1006 3928; x_wconf 87' lang='lat' dir='ltr'><strong>in</strong></span> <span class='ocrx_word' id='word_1_345' title='bbox 1055 3875 1276 3938; x_wconf 90' lang='lat' dir='ltr'><strong>deserto,</strong></span> <span class='ocrx_word' id='word_1_346' title='bbox 1312 3876 1380 3927; x_wconf 89' lang='lat' dir='ltr'><strong>ita</strong></span> <span class='ocrx_word' id='word_1_347' title='bbox 1427 3876 1640 3928; x_wconf 81' lang='lat' dir='ltr'><strong>exaltari</strong></span> <span class='ocrx_word' id='word_1_348' title='bbox 1685 3884 1876 3946; x_wconf 82' lang='lat' dir='ltr'><strong>oportet</strong></span> <span class='ocrx_word' id='word_1_349' title='bbox 1922 3874 2112 3927; x_wconf 81' lang='lat' dir='ltr'><strong>Filium</strong></span> 
     </span>
    </p>
   </div>
   <div class='ocr_carea' id='block_1_40' title="bbox 532 3947 2111 4037">
    <p class='ocr_par' dir='ltr' id='par_1_40' title="bbox 532 3947 2111 4037">
     <span class='ocr_line' id='line_1_40' title="bbox 532 3947 2111 4037; baseline -0.002 -17"><span class='ocrx_word' id='word_1_350' title='bbox 532 3967 784 4029; x_wconf 85' lang='lat' dir='ltr'><strong>hominis;</strong></span> <span class='ocrx_word' id='word_1_351' title='bbox 814 3976 864 4019; x_wconf 92' lang='lat' dir='ltr'><strong>ut</strong></span> <span class='ocrx_word' id='word_1_352' title='bbox 895 3967 1054 4020; x_wconf 89' lang='lat' dir='ltr'><strong>omnis</strong></span> <span class='ocrx_word' id='word_1_353' title='bbox 1080 3969 1163 4037; x_wconf 89' lang='lat' dir='ltr'><strong>qui</strong></span> <span class='ocrx_word' id='word_1_354' title='bbox 1190 3967 1345 4020; x_wconf 88' lang='lat' dir='ltr'><strong>credit</strong></span> <span class='ocrx_word' id='word_1_355' title='bbox 1371 3967 1420 4018; x_wconf 91' lang='lat' dir='ltr'><strong>in</strong></span> <span class='ocrx_word' id='word_1_356' title='bbox 1442 3983 1552 4018; x_wconf 89' lang='lat' dir='ltr'><strong>eum</strong></span> <span class='ocrx_word' id='word_1_357' title='bbox 1574 3981 1672 4018; x_wconf 89' lang='lat' dir='ltr'><strong>non</strong></span> <span class='ocrx_word' id='word_1_358' title='bbox 1702 3947 1888 4035; x_wconf 74' lang='lat' dir='ltr'><strong>pereal,</strong></span> <span class='ocrx_word' id='word_1_359' title='bbox 1914 3966 2000 4018; x_wconf 89' lang='lat' dir='ltr'><strong>sed</strong></span> <span class='ocrx_word' id='word_1_360' title='bbox 2021 3966 2111 4018; x_wconf 85' lang='lat' dir='ltr'><strong>hu-</strong></span> 
     </span>
    </p>
   </div>
   <div class='ocr_carea' id='block_1_41' title="bbox 531 4057 2111 4120">
    <p class='ocr_par' dir='ltr' id='par_1_41' title="bbox 531 4057 2111 4120">
     <span class='ocr_line' id='line_1_41' title="bbox 531 4057 2111 4120; baseline 0.001 -9"><span class='ocrx_word' id='word_1_361' title='bbox 531 4059 640 4111; x_wconf 86' lang='lat' dir='ltr'><strong>beat</strong></span> <span class='ocrx_word' id='word_1_362' title='bbox 671 4060 819 4111; x_wconf 72' lang='lat' dir='ltr'><strong>vitam</strong></span> <span class='ocrx_word' id='word_1_363' title='bbox 842 4070 1097 4112; x_wconf 74' lang='lat' dir='ltr'><strong>(sternam.</strong></span> <span class='ocrx_word' id='word_1_364' title='bbox 1133 4059 1221 4112; x_wconf 87' lang='lat' dir='ltr'><strong>Sic</strong></span> <span class='ocrx_word' id='word_1_365' title='bbox 1249 4060 1378 4112; x_wconf 88' lang='lat' dir='ltr'><strong>enim</strong></span> <span class='ocrx_word' id='word_1_366' title='bbox 1400 4059 1576 4112; x_wconf 86' lang='lat' dir='ltr'><strong>dilexit</strong></span> <span class='ocrx_word' id='word_1_367' title='bbox 1605 4057 1739 4112; x_wconf 86' lang='lat' dir='ltr'><strong>Deus</strong></span> <span class='ocrx_word' id='word_1_368' title='bbox 1767 4059 2028 4120; x_wconf 87' lang='lat' dir='ltr'><strong>mundum,</strong></span> <span class='ocrx_word' id='word_1_369' title='bbox 2056 4068 2111 4112; x_wconf 87' lang='lat' dir='ltr'><strong>ut</strong></span> 
     </span>
    </p>
   </div>
   <div class='ocr_carea' id='block_1_42' title="bbox 533 4147 2111 4220">
    <p class='ocr_par' dir='ltr' id='par_1_42' title="bbox 533 4147 2111 4220">
     <span class='ocr_line' id='line_1_42' title="bbox 533 4147 2111 4220; baseline 0.001 -18"><span class='ocrx_word' id='word_1_370' title='bbox 533 4147 582 4202; x_wconf 86' lang='lat' dir='ltr'><em>F</em></span> <span class='ocrx_word' id='word_1_371' title='bbox 584 4151 726 4202; x_wconf 86' lang='lat' dir='ltr'><strong>ilium</strong></span> <span class='ocrx_word' id='word_1_372' title='bbox 759 4166 904 4202; x_wconf 85' lang='lat' dir='ltr'><strong>suum</strong></span> <span class='ocrx_word' id='word_1_373' title='bbox 931 4165 1240 4219; x_wconf 80' lang='lat' dir='ltr'><strong>unigenitum</strong></span> <span class='ocrx_word' id='word_1_374' title='bbox 1269 4149 1442 4212; x_wconf 88' lang='lat' dir='ltr'><strong>daret,</strong></span> <span class='ocrx_word' id='word_1_375' title='bbox 1474 4161 1529 4203; x_wconf 90' lang='lat' dir='ltr'><strong>ut</strong></span> <span class='ocrx_word' id='word_1_376' title='bbox 1566 4151 1727 4203; x_wconf 90' lang='lat' dir='ltr'><strong>omnis</strong></span> <span class='ocrx_word' id='word_1_377' title='bbox 1763 4150 1849 4220; x_wconf 90' lang='lat' dir='ltr'><strong>qui</strong></span> <span class='ocrx_word' id='word_1_378' title='bbox 1875 4149 2032 4202; x_wconf 87' lang='lat' dir='ltr'><strong>credit</strong></span> <span class='ocrx_word' id='word_1_379' title='bbox 2058 4151 2111 4204; x_wconf 84' lang='lat' dir='ltr'><strong>in</strong></span> 
     </span>
    </p>
   </div>
   <div class='ocr_carea' id='block_1_43' title="bbox 529 4239 2110 4309">
    <p class='ocr_par' dir='ltr' id='par_1_43' title="bbox 529 4239 2110 4309">
     <span class='ocr_line' id='line_1_43' title="bbox 529 4239 2110 4309; baseline 0 -14"><span class='ocrx_word' id='word_1_380' title='bbox 529 4257 646 4295; x_wconf 87' lang='lat' dir='ltr'><strong>eum</strong></span> <span class='ocrx_word' id='word_1_381' title='bbox 672 4257 771 4292; x_wconf 90' lang='lat' dir='ltr'><strong>non</strong></span> <span class='ocrx_word' id='word_1_382' title='bbox 801 4250 968 4309; x_wconf 84' lang='lat' dir='ltr'><strong>pereat</strong></span> <span class='ocrx_word' id='word_1_383' title='bbox 992 4283 1006 4306; x_wconf 92' lang='lat'><strong>,</strong></span> <span class='ocrx_word' id='word_1_384' title='bbox 1037 4242 1123 4295; x_wconf 87' lang='lat' dir='ltr'><strong>sed</strong></span> <span class='ocrx_word' id='word_1_385' title='bbox 1151 4240 1330 4294; x_wconf 85' lang='lat' dir='ltr'><strong>habent</strong></span> <span class='ocrx_word' id='word_1_386' title='bbox 1360 4243 1510 4294; x_wconf 84' lang='lat' dir='ltr'><strong>vitam</strong></span> <span class='ocrx_word' id='word_1_387' title='bbox 1539 4251 1793 4294; x_wconf 65' lang='lat' dir='ltr'><strong>(sternam.</strong></span> <span class='ocrx_word' id='word_1_388' title='bbox 1829 4239 1949 4294; x_wconf 89' lang='lat' dir='ltr'><strong>Non</strong></span> <span class='ocrx_word' id='word_1_389' title='bbox 1978 4241 2110 4295; x_wconf 89' lang='lat' dir='ltr'><strong>enim</strong></span> 
     </span>
    </p>
   </div>
   <div class='ocr_carea' id='block_1_44' title="bbox 529 4331 2108 4402">
    <p class='ocr_par' dir='ltr' id='par_1_44' title="bbox 529 4331 2108 4402">
     <span class='ocr_line' id='line_1_44' title="bbox 529 4331 2108 4402; baseline 0.002 -19"><span class='ocrx_word' id='word_1_390' title='bbox 529 4331 662 4384; x_wconf 90' lang='lat' dir='ltr'><strong>misit</strong></span> <span class='ocrx_word' id='word_1_391' title='bbox 704 4331 836 4384; x_wconf 86' lang='lat' dir='ltr'><strong>Deus</strong></span> <span class='ocrx_word' id='word_1_392' title='bbox 871 4331 1058 4385; x_wconf 79' lang='lat' dir='ltr'><strong>Filium</strong></span> <span class='ocrx_word' id='word_1_393' title='bbox 1087 4350 1236 4386; x_wconf 90' lang='lat' dir='ltr'><strong>suum</strong></span> <span class='ocrx_word' id='word_1_394' title='bbox 1278 4333 1329 4386; x_wconf 88' lang='lat' dir='ltr'><strong>in</strong></span> <span class='ocrx_word' id='word_1_395' title='bbox 1357 4332 1594 4386; x_wconf 89' lang='lat' dir='ltr'><strong>mundum</strong></span> <span class='ocrx_word' id='word_1_396' title='bbox 1620 4374 1634 4398; x_wconf 91' lang='lat'><strong>,</strong></span> <span class='ocrx_word' id='word_1_397' title='bbox 1663 4342 1716 4385; x_wconf 90' lang='lat' dir='ltr'><strong>ut</strong></span> <span class='ocrx_word' id='word_1_398' title='bbox 1733 4333 1930 4402; x_wconf 88' lang='lat' dir='ltr'><strong>judicet</strong></span> <span class='ocrx_word' id='word_1_399' title='bbox 1959 4350 2108 4386; x_wconf 85' lang='lat' dir='ltr'><strong>mun-</strong></span> 
     </span>
    </p>
   </div>
   <div class='ocr_carea' id='block_1_45' title="bbox 528 4425 2107 4494">
    <p class='ocr_par' dir='ltr' id='par_1_45' title="bbox 528 4425 2107 4494">
     <span class='ocr_line' id='line_1_45' title="bbox 528 4425 2107 4494; baseline 0.001 -16"><span class='ocrx_word' id='word_1_400' title='bbox 528 4425 680 4487; x_wconf 86' lang='lat' dir='ltr'><strong>dum;</strong></span> <span class='ocrx_word' id='word_1_401' title='bbox 709 4426 797 4479; x_wconf 89' lang='lat' dir='ltr'><strong>sed</strong></span> <span class='ocrx_word' id='word_1_402' title='bbox 828 4437 879 4479; x_wconf 90' lang='lat' dir='ltr'><strong>ut</strong></span> <span class='ocrx_word' id='word_1_403' title='bbox 914 4428 1128 4480; x_wconf 85' lang='lat' dir='ltr'><strong>salvetur</strong></span> <span class='ocrx_word' id='word_1_404' title='bbox 1158 4426 1374 4479; x_wconf 86' lang='lat' dir='ltr'><strong>mundus</strong></span> <span class='ocrx_word' id='word_1_405' title='bbox 1413 4442 1502 4494; x_wconf 86' lang='lat' dir='ltr'><strong>per</strong></span> <span class='ocrx_word' id='word_1_406' title='bbox 1531 4427 1714 4492; x_wconf 90' lang='lat' dir='ltr'><strong>ipsum.</strong></span> <span class='ocrx_word' id='word_1_407' title='bbox 1746 4425 1845 4492; x_wconf 87' lang='lat' dir='ltr'><strong>Qui</strong></span> <span class='ocrx_word' id='word_1_408' title='bbox 1873 4427 2028 4480; x_wconf 90' lang='lat' dir='ltr'><strong>credit</strong></span> <span class='ocrx_word' id='word_1_409' title='bbox 2055 4428 2107 4481; x_wconf 89' lang='lat' dir='ltr'><strong>in</strong></span> 
     </span>
    </p>
   </div>
   <div class='ocr_carea' id='block_1_46' title="bbox 528 4517 2104 4589">
    <p class='ocr_par' dir='ltr' id='par_1_46' title="bbox 528 4517 2104 4589">
     <span class='ocr_line' id='line_1_46' title="bbox 528 4517 2104 4589; baseline -0.001 -18"><span class='ocrx_word' id='word_1_410' title='bbox 528 4534 662 4584; x_wconf 86' lang='lat' dir='ltr'><strong>eum,</strong></span> <span class='ocrx_word' id='word_1_411' title='bbox 691 4535 788 4570; x_wconf 87' lang='lat' dir='ltr'><strong>non</strong></span> <span class='ocrx_word' id='word_1_412' title='bbox 813 4519 1074 4587; x_wconf 87' lang='lat' dir='ltr'><strong>judicatur</strong></span> <span class='ocrx_word' id='word_1_413' title='bbox 1097 4534 1114 4570; x_wconf 91' lang='lat'><em>:</em></span> <span class='ocrx_word' id='word_1_414' title='bbox 1138 4519 1220 4586; x_wconf 87' lang='lat' dir='ltr'><strong>qui</strong></span> <span class='ocrx_word' id='word_1_415' title='bbox 1248 4527 1413 4570; x_wconf 87' lang='lat' dir='ltr'><strong>autent</strong></span> <span class='ocrx_word' id='word_1_416' title='bbox 1442 4534 1541 4571; x_wconf 89' lang='lat' dir='ltr'><strong>non</strong></span> <span class='ocrx_word' id='word_1_417' title='bbox 1571 4517 1746 4581; x_wconf 89' lang='lat' dir='ltr'><strong>credit,</strong></span> <span class='ocrx_word' id='word_1_418' title='bbox 1771 4519 1882 4586; x_wconf 84' lang='lat' dir='ltr'><strong>jam</strong></span> <span class='ocrx_word' id='word_1_419' title='bbox 1894 4518 2104 4589; x_wconf 82' lang='lat' dir='ltr'><strong>judica-</strong></span> 
     </span>
    </p>
   </div>
   <div class='ocr_carea' id='block_1_47' title="bbox 525 4607 2102 4679">
    <p class='ocr_par' dir='ltr' id='par_1_47' title="bbox 525 4607 2102 4679">
     <span class='ocr_line' id='line_1_47' title="bbox 525 4607 2102 4679; baseline -0.001 -16"><span class='ocrx_word' id='word_1_420' title='bbox 525 4620 604 4663; x_wconf 85' lang='lat' dir='ltr'><strong>tus</strong></span> <span class='ocrx_word' id='word_1_421' title='bbox 630 4621 700 4662; x_wconf 87' lang='lat' dir='ltr'><strong>est</strong></span> <span class='ocrx_word' id='word_1_422' title='bbox 720 4651 734 4675; x_wconf 92' lang='lat'><strong>,</strong></span> <span class='ocrx_word' id='word_1_423' title='bbox 763 4610 881 4679; x_wconf 89' lang='lat' dir='ltr'><strong>quia</strong></span> <span class='ocrx_word' id='word_1_424' title='bbox 915 4626 1013 4662; x_wconf 89' lang='lat' dir='ltr'><strong>non</strong></span> <span class='ocrx_word' id='word_1_425' title='bbox 1052 4609 1208 4661; x_wconf 89' lang='lat' dir='ltr'><strong>credit</strong></span> <span class='ocrx_word' id='word_1_426' title='bbox 1237 4610 1286 4661; x_wconf 89' lang='lat' dir='ltr'><strong>in</strong></span> <span class='ocrx_word' id='word_1_427' title='bbox 1316 4610 1515 4661; x_wconf 86' lang='lat' dir='ltr'><strong>nomine</strong></span> <span class='ocrx_word' id='word_1_428' title='bbox 1543 4609 1782 4678; x_wconf 85' lang='lat' dir='ltr'><strong>unigeniti</strong></span> <span class='ocrx_word' id='word_1_429' title='bbox 1827 4607 1950 4660; x_wconf 77' lang='lat' dir='ltr'><strong>Filii</strong></span> <span class='ocrx_word' id='word_1_430' title='bbox 1991 4609 2102 4662; x_wconf 91' lang='lat' dir='ltr'><strong>Dei.</strong></span> 
     </span>
    </p>
   </div>
   <div class='ocr_carea' id='block_1_48' title="bbox 530 4700 2104 4771">
    <p class='ocr_par' dir='ltr' id='par_1_48' title="bbox 530 4700 2104 4771">
     <span class='ocr_line' id='line_1_48' title="bbox 530 4700 2104 4771; baseline 0.001 -17"><span class='ocrx_word' id='word_1_431' title='bbox 530 4701 640 4754; x_wconf 84' lang='lat' dir='ltr'><strong>Hoc</strong></span> <span class='ocrx_word' id='word_1_432' title='bbox 668 4711 738 4754; x_wconf 89' lang='lat' dir='ltr'><strong>est</strong></span> <span class='ocrx_word' id='word_1_433' title='bbox 767 4711 931 4753; x_wconf 91' lang='lat' dir='ltr'><strong>autem</strong></span> <span class='ocrx_word' id='word_1_434' title='bbox 951 4700 1199 4771; x_wconf 89' lang='lat' dir='ltr'><strong>judicium</strong></span> <span class='ocrx_word' id='word_1_435' title='bbox 1219 4742 1232 4767; x_wconf 91' lang='lat'><strong>,</strong></span> <span class='ocrx_word' id='word_1_436' title='bbox 1263 4703 1382 4765; x_wconf 86' lang='lat' dir='ltr'><strong>quia</strong></span> <span class='ocrx_word' id='word_1_437' title='bbox 1406 4701 1496 4754; x_wconf 87' lang='lat' dir='ltr'><strong>lux</strong></span> <span class='ocrx_word' id='word_1_438' title='bbox 1525 4702 1654 4753; x_wconf 80' lang='lat' dir='ltr'><strong>venit</strong></span> <span class='ocrx_word' id='word_1_439' title='bbox 1679 4702 1730 4754; x_wconf 88' lang='lat' dir='ltr'><strong>in</strong></span> <span class='ocrx_word' id='word_1_440' title='bbox 1762 4701 2022 4768; x_wconf 86' lang='lat' dir='ltr'><strong>mundum,</strong></span> <span class='ocrx_word' id='word_1_441' title='bbox 2059 4714 2104 4756; x_wconf 92' lang='lat' dir='ltr'><strong>et</strong></span> 
     </span>
    </p>
   </div>
   <div class='ocr_carea' id='block_1_49' title="bbox 525 4791 2104 4861">
    <p class='ocr_par' dir='ltr' id='par_1_49' title="bbox 525 4791 2104 4861">
     <span class='ocr_line' id='line_1_49' title="bbox 525 4791 2104 4861; baseline 0.003 -17"><span class='ocrx_word' id='word_1_442' title='bbox 525 4791 806 4846; x_wconf 82' lang='lat' dir='ltr'><strong>dilexerunt</strong></span> <span class='ocrx_word' id='word_1_443' title='bbox 836 4791 1058 4844; x_wconf 81' lang='lat' dir='ltr'><strong>homines</strong></span> <span class='ocrx_word' id='word_1_444' title='bbox 1086 4795 1243 4861; x_wconf 82' lang='lat' dir='ltr'><strong>magis</strong></span> <span class='ocrx_word' id='word_1_445' title='bbox 1275 4791 1516 4851; x_wconf 80' lang='lat' dir='ltr'><strong>tenebras,</strong></span> <span class='ocrx_word' id='word_1_446' title='bbox 1545 4808 1694 4861; x_wconf 87' lang='lat' dir='ltr'><strong>quam</strong></span> <span class='ocrx_word' id='word_1_447' title='bbox 1723 4793 1881 4845; x_wconf 86' lang='lat' dir='ltr'><strong>lucem</strong></span> <span class='ocrx_word' id='word_1_448' title='bbox 1910 4807 1926 4844; x_wconf 91' lang='lat'><em>:</em></span> <span class='ocrx_word' id='word_1_449' title='bbox 1964 4804 2104 4848; x_wconf 88' lang='lat' dir='ltr'><strong>erant</strong></span> 
     </span>
    </p>
   </div>
   <div class='ocr_carea' id='block_1_50' title="bbox 523 4883 2102 4956">
    <p class='ocr_par' dir='ltr' id='par_1_50' title="bbox 523 4883 2102 4956">
     <span class='ocr_line' id='line_1_50' title="bbox 523 4883 2102 4956; baseline 0.001 -17"><span class='ocrx_word' id='word_1_450' title='bbox 523 4903 656 4940; x_wconf 77' lang='lat' dir='ltr'><strong>enim</strong></span> <span class='ocrx_word' id='word_1_451' title='bbox 679 4902 851 4939; x_wconf 88' lang='lat' dir='ltr'><strong>eorum</strong></span> <span class='ocrx_word' id='word_1_452' title='bbox 877 4883 1009 4936; x_wconf 86' lang='lat' dir='ltr'><strong>mola</strong></span> <span class='ocrx_word' id='word_1_453' title='bbox 1029 4901 1200 4954; x_wconf 84' lang='lat' dir='ltr'><strong>opera.</strong></span> <span class='ocrx_word' id='word_1_454' title='bbox 1230 4884 1406 4938; x_wconf 85' lang='lat' dir='ltr'><strong>Omnis</strong></span> <span class='ocrx_word' id='word_1_455' title='bbox 1429 4886 1560 4937; x_wconf 88' lang='lat' dir='ltr'><strong>enim</strong></span> <span class='ocrx_word' id='word_1_456' title='bbox 1585 4887 1665 4953; x_wconf 88' lang='lat' dir='ltr'><strong>qui</strong></span> <span class='ocrx_word' id='word_1_457' title='bbox 1693 4885 1824 4938; x_wconf 89' lang='lat' dir='ltr'><strong>male</strong></span> <span class='ocrx_word' id='word_1_458' title='bbox 1847 4886 1967 4956; x_wconf 88' lang='lat' dir='ltr'><strong>agit,</strong></span> <span class='ocrx_word' id='word_1_459' title='bbox 1997 4888 2102 4941; x_wconf 89' lang='lat' dir='ltr'><strong>odit</strong></span> 
     </span>
    </p>
   </div>
   <div class='ocr_carea' id='block_1_51' title="bbox 523 4976 2102 5048">
    <p class='ocr_par' dir='ltr' id='par_1_51' title="bbox 523 4976 2102 5048">
     <span class='ocr_line' id='line_1_51' title="bbox 523 4976 2102 5048; baseline 0.001 -17"><span class='ocrx_word' id='word_1_460' title='bbox 523 4977 704 5044; x_wconf 88' lang='lat' dir='ltr'><strong>lucem,</strong></span> <span class='ocrx_word' id='word_1_461' title='bbox 747 4987 793 5031; x_wconf 90' lang='lat' dir='ltr'><strong>et</strong></span> <span class='ocrx_word' id='word_1_462' title='bbox 819 4994 918 5031; x_wconf 88' lang='lat' dir='ltr'><strong>non</strong></span> <span class='ocrx_word' id='word_1_463' title='bbox 947 4978 1076 5030; x_wconf 86' lang='lat' dir='ltr'><strong>venit</strong></span> <span class='ocrx_word' id='word_1_464' title='bbox 1101 4976 1168 5029; x_wconf 92' lang='lat' dir='ltr'><strong>ad</strong></span> <span class='ocrx_word' id='word_1_465' title='bbox 1197 4977 1390 5040; x_wconf 87' lang='lat' dir='ltr'><strong>lucem,</strong></span> <span class='ocrx_word' id='word_1_466' title='bbox 1427 4986 1478 5028; x_wconf 90' lang='lat' dir='ltr'><strong>ut</strong></span> <span class='ocrx_word' id='word_1_467' title='bbox 1514 4993 1614 5029; x_wconf 88' lang='lat' dir='ltr'><strong>non</strong></span> <span class='ocrx_word' id='word_1_468' title='bbox 1643 4987 1922 5047; x_wconf 85' lang='lat' dir='ltr'><strong>arguantur</strong></span> <span class='ocrx_word' id='word_1_469' title='bbox 1949 4995 2102 5048; x_wconf 89' lang='lat' dir='ltr'><strong>opera</strong></span> 
     </span>
    </p>
   </div>
   <div class='ocr_carea' id='block_1_52' title="bbox 519 5070 2098 5144">
    <p class='ocr_par' dir='ltr' id='par_1_52' title="bbox 519 5070 2098 5144">
     <span class='ocr_line' id='line_1_52' title="bbox 519 5070 2098 5144; baseline -0.001 -19"><span class='ocrx_word' id='word_1_470' title='bbox 519 5072 662 5142; x_wconf 83' lang='lat' dir='ltr'><strong>ejus:</strong></span> <span class='ocrx_word' id='word_1_471' title='bbox 686 5073 772 5144; x_wconf 90' lang='lat' dir='ltr'><strong>qui</strong></span> <span class='ocrx_word' id='word_1_472' title='bbox 797 5081 963 5124; x_wconf 88' lang='lat' dir='ltr'><strong>autem</strong></span> <span class='ocrx_word' id='word_1_473' title='bbox 993 5071 1113 5142; x_wconf 79' lang='lat' dir='ltr'><strong>facit</strong></span> <span class='ocrx_word' id='word_1_474' title='bbox 1137 5070 1412 5134; x_wconf 81' lang='lat' dir='ltr'><strong>veritatem,</strong></span> <span class='ocrx_word' id='word_1_475' title='bbox 1442 5070 1572 5122; x_wconf 84' lang='lat' dir='ltr'><strong>venit</strong></span> <span class='ocrx_word' id='word_1_476' title='bbox 1599 5071 1665 5122; x_wconf 91' lang='lat' dir='ltr'><strong>ad</strong></span> <span class='ocrx_word' id='word_1_477' title='bbox 1691 5071 1871 5135; x_wconf 88' lang='lat' dir='ltr'><strong>lucem,</strong></span> <span class='ocrx_word' id='word_1_478' title='bbox 1904 5082 1955 5124; x_wconf 90' lang='lat' dir='ltr'><strong>ut</strong></span> <span class='ocrx_word' id='word_1_479' title='bbox 1987 5090 2098 5125; x_wconf 89' lang='lat' dir='ltr'><strong>ma-</strong></span> 
     </span>
    </p>
   </div>
   <div class='ocr_carea' id='block_1_53' title="bbox 519 5160 2099 5235">
    <p class='ocr_par' dir='ltr' id='par_1_53' title="bbox 519 5160 2099 5235">
     <span class='ocr_line' id='line_1_53' title="bbox 519 5160 2099 5235; baseline 0.001 -18"><span class='ocrx_word' id='word_1_480' title='bbox 519 5166 818 5235; x_wconf 79' lang='lat' dir='ltr'><strong>nifestentur</strong></span> <span class='ocrx_word' id='word_1_481' title='bbox 861 5164 970 5234; x_wconf 87' lang='lat' dir='ltr'><strong>ejus</strong></span> <span class='ocrx_word' id='word_1_482' title='bbox 1012 5180 1183 5234; x_wconf 88' lang='lat' dir='ltr'><strong>apera,</strong></span> <span class='ocrx_word' id='word_1_483' title='bbox 1226 5162 1343 5231; x_wconf 86' lang='lat' dir='ltr'><strong>quia</strong></span> <span class='ocrx_word' id='word_1_484' title='bbox 1383 5161 1434 5214; x_wconf 92' lang='lat' dir='ltr'><strong>in</strong></span> <span class='ocrx_word' id='word_1_485' title='bbox 1489 5160 1592 5215; x_wconf 92' lang='lat' dir='ltr'><strong>Deo</strong></span> <span class='ocrx_word' id='word_1_486' title='bbox 1641 5172 1755 5214; x_wconf 85' lang='lat' dir='ltr'><strong>sunt</strong></span> <span class='ocrx_word' id='word_1_487' title='bbox 1783 5168 1937 5233; x_wconf 79' lang='lat' dir='ltr'><strong>facta.</strong></span> <span class='ocrx_word' id='word_1_488' title='bbox 1985 5165 2099 5220; x_wconf 87' lang='lat' dir='ltr'><strong>lluc</strong></span> 
     </span>
    </p>
   </div>
   <div class='ocr_carea' id='block_1_54' title="bbox 519 5253 2096 5324">
    <p class='ocr_par' dir='ltr' id='par_1_54' title="bbox 519 5253 2096 5324">
     <span class='ocr_line' id='line_1_54' title="bbox 519 5253 2096 5324; baseline 0.001 -15"><span class='ocrx_word' id='word_1_489' title='bbox 519 5271 684 5324; x_wconf 72' lang='lat' dir='ltr'><strong>Usque</strong></span> <span class='ocrx_word' id='word_1_490' title='bbox 709 5265 792 5310; x_wconf 92' lang='lat' dir='ltr'><strong>est</strong></span> <span class='ocrx_word' id='word_1_491' title='bbox 821 5255 883 5308; x_wconf 87' lang='lat' dir='ltr'><strong>ad</strong></span> <span class='ocrx_word' id='word_1_492' title='bbox 912 5269 1022 5309; x_wconf 89' lang='lat' dir='ltr'><strong>rem</strong></span> <span class='ocrx_word' id='word_1_493' title='bbox 1045 5295 1058 5318; x_wconf 93' lang='lat'><strong>,</strong></span> <span class='ocrx_word' id='word_1_494' title='bbox 1090 5253 1157 5308; x_wconf 90' lang='lat' dir='ltr'><strong>de</strong></span> <span class='ocrx_word' id='word_1_495' title='bbox 1186 5269 1286 5323; x_wconf 85' lang='lat' dir='ltr'><strong>qua</strong></span> <span class='ocrx_word' id='word_1_496' title='bbox 1315 5253 1631 5322; x_wconf 80' lang='lat' dir='ltr'><strong>quaerimus,</strong></span> <span class='ocrx_word' id='word_1_497' title='bbox 1661 5257 1931 5323; x_wconf 88' lang='lat' dir='ltr'><strong>pertinens</strong></span> <span class='ocrx_word' id='word_1_498' title='bbox 1957 5263 2096 5311; x_wconf 90' lang='lat' dir='ltr'><strong>totus</strong></span> 
     </span>
    </p>
   </div>
   <div class='ocr_carea' id='block_1_55' title="bbox 480 5338 2097 5414">
    <p class='ocr_par' dir='ltr' id='par_1_55' title="bbox 480 5338 2097 5414">
     <span class='ocr_line' id='line_1_55' title="bbox 480 5338 2097 5414; baseline 0.001 -14"><span class='ocrx_word' id='word_1_499' title='bbox 480 5338 698 5401; x_wconf 41' lang='lat' dir='ltr'><strong>&#39;scrmo</strong></span> <span class='ocrx_word' id='word_1_500' title='bbox 747 5346 838 5400; x_wconf 89' lang='lat' dir='ltr'><strong>ille</strong></span> <span class='ocrx_word' id='word_1_501' title='bbox 877 5355 1156 5400; x_wconf 63' lang='lat' dir='ltr'><strong>centextus</strong></span> <span class='ocrx_word' id='word_1_502' title='bbox 1207 5363 1221 5399; x_wconf 88' lang='lat'><strong>:</strong></span> <span class='ocrx_word' id='word_1_503' title='bbox 1262 5343 1513 5414; x_wconf 88' lang='lat' dir='ltr'><strong>deinceps</strong></span> <span class='ocrx_word' id='word_1_504' title='bbox 1566 5345 1616 5398; x_wconf 91' lang='lat' dir='ltr'><strong>in</strong></span> <span class='ocrx_word' id='word_1_505' title='bbox 1669 5345 1809 5400; x_wconf 84' lang='lat' dir='ltr'><strong>aliud</strong></span> <span class='ocrx_word' id='word_1_506' title='bbox 1859 5357 2097 5402; x_wconf 81' lang='lat' dir='ltr'><strong>narrator</strong></span> 
     </span>
    </p>
   </div>
   <div class='ocr_carea' id='block_1_56' title="bbox 516 5436 1292 5509">
    <p class='ocr_par' dir='ltr' id='par_1_56' title="bbox 516 5436 1292 5509">
     <span class='ocr_line' id='line_1_56' title="bbox 516 5436 1292 5509; baseline -0.003 -17"><span class='ocrx_word' id='word_1_507' title='bbox 516 5439 753 5494; x_wconf 65' lang='lat' dir='ltr'><strong>abscedit</strong></span> <span class='ocrx_word' id='word_1_508' title='bbox 786 5437 960 5505; x_wconf 83' lang='lat' dir='ltr'><strong>(Joan.</strong></span> <span class='ocrx_word' id='word_1_509' title='bbox 991 5455 1079 5504; x_wconf 93' lang='grc' dir='ltr'>ιιι,</span> <span class='ocrx_word' id='word_1_510' title='bbox 1116 5436 1292 5509; x_wconf 74' lang='grc'><strong>1-21).</strong></span> 
     </span>
    </p>
   </div>
   <div class='ocr_carea' id='block_1_57' title="bbox 581 5564 1726 5633">
    <p class='ocr_par' dir='ltr' id='par_1_57' title="bbox 581 5564 1726 5633">
     <span class='ocr_line' id='line_1_57' title="bbox 581 5564 1726 5633; baseline 0 -15"><span class='ocrx_word' id='word_1_511' title='bbox 581 5573 596 5602; x_wconf 75' lang='grc'>³</span> <span class='ocrx_word' id='word_1_512' title='bbox 634 5570 762 5633; x_wconf 78' lang='lat' dir='ltr'><strong>Apud</strong></span> <span class='ocrx_word' id='word_1_513' title='bbox 789 5579 886 5619; x_wconf 74' lang='lat' dir='ltr'><strong>Am.</strong></span> <span class='ocrx_word' id='word_1_514' title='bbox 913 5576 986 5618; x_wconf 79' lang='lat' dir='ltr'><strong>Er.</strong></span> <span class='ocrx_word' id='word_1_515' title='bbox 1007 5564 1058 5620; x_wconf 83' lang='lat' dir='ltr'><strong>et</strong></span> <span class='ocrx_word' id='word_1_516' title='bbox 1083 5577 1192 5619; x_wconf 76' lang='lat' dir='ltr'><strong>Mss.</strong></span> <span class='ocrx_word' id='word_1_517' title='bbox 1217 5570 1404 5633; x_wconf 85' lang='lat' dir='ltr'><strong>additur</strong></span> <span class='ocrx_word' id='word_1_518' title='bbox 1427 5571 1522 5630; x_wconf 87' lang='lat' dir='ltr'><strong>hic,</strong></span> <span class='ocrx_word' id='word_1_519' title='bbox 1548 5577 1726 5621; x_wconf 81' lang='lat' dir='ltr'><strong>sancto.</strong></span> 
     </span>
    </p>
   </div>
   <div class='ocr_carea' id='block_1_58' title="bbox 577 5631 2092 5695">
    <p class='ocr_par' dir='ltr' id='par_1_58' title="bbox 577 5631 2092 5695">
     <span class='ocr_line' id='line_1_58' title="bbox 577 5631 2092 5695; baseline 0 -13"><span class='ocrx_word' id='word_1_520' title='bbox 577 5633 603 5695; x_wconf 14' lang='grc' dir='ltr'><strong>’ί</strong></span> <span class='ocrx_word' id='word_1_521' title='bbox 630 5631 809 5682; x_wconf 83' lang='lat' dir='ltr'><strong>omnes</strong></span> <span class='ocrx_word' id='word_1_522' title='bbox 830 5642 952 5689; x_wconf 80' lang='lat' dir='ltr'><strong>\zss.,</strong></span> <span class='ocrx_word' id='word_1_523' title='bbox 975 5638 1134 5695; x_wconf 79' lang='lat' dir='ltr'><strong>etnon</strong></span> <span class='ocrx_word' id='word_1_524' title='bbox 1156 5631 1370 5695; x_wconf 75' lang='lat' dir='ltr'><strong>creditis.</strong></span> <span class='ocrx_word' id='word_1_525' title='bbox 1404 5633 1707 5695; x_wconf 61' lang='lat' dir='ltr'><strong>Augustinum</strong></span> <span class='ocrx_word' id='word_1_526' title='bbox 1730 5640 1890 5682; x_wconf 84' lang='lat' dir='ltr'><strong>tamen</strong></span> <span class='ocrx_word' id='word_1_527' title='bbox 1911 5631 2092 5694; x_wconf 75' lang='lat' dir='ltr'><strong>legisse</strong></span> 
     </span>
    </p>
   </div>
   <div class='ocr_carea' id='block_1_59' title="bbox 514 5692 2094 5756">
    <p class='ocr_par' dir='ltr' id='par_1_59' title="bbox 514 5692 2094 5756">
     <span class='ocr_line' id='line_1_59' title="bbox 514 5692 2094 5756; baseline 0 -13"><span class='ocrx_word' id='word_1_528' title='bbox 514 5699 573 5756; x_wconf 83' lang='lat' dir='ltr'><strong>ut.</strong></span> <span class='ocrx_word' id='word_1_529' title='bbox 594 5694 644 5742; x_wconf 86' lang='lat' dir='ltr'><strong>in</strong></span> <span class='ocrx_word' id='word_1_530' title='bbox 683 5695 902 5752; x_wconf 89' lang='lat' dir='ltr'><strong>excusis,</strong></span> <span class='ocrx_word' id='word_1_531' title='bbox 927 5692 1227 5752; x_wconf 86' lang='lat' dir='ltr'><strong>credidistis,</strong></span> <span class='ocrx_word' id='word_1_532' title='bbox 1267 5692 1501 5756; x_wconf 68' lang='lat' dir='ltr'><strong>oolhgun&#39;t</strong></span> <span class='ocrx_word' id='word_1_533' title='bbox 1536 5695 1858 5743; x_wconf 73' lang='lat' dir='ltr'><strong>tmanicnses</strong></span> <span class='ocrx_word' id='word_1_534' title='bbox 1892 5707 1954 5743; x_wconf 83' lang='lat' dir='ltr'><strong>ex</strong></span> <span class='ocrx_word' id='word_1_535' title='bbox 1975 5692 2094 5756; x_wconf 65' lang='lat' dir='ltr'><strong>&#39;pro-</strong></span> 
     </span>
    </p>
   </div>
   <div class='ocr_carea' id='block_1_60' title="bbox 513 5755 2092 5828">
    <p class='ocr_par' dir='ltr' id='par_1_60' title="bbox 513 5755 2092 5828">
     <span class='ocr_line' id='line_1_60' title="bbox 513 5755 2092 5828; baseline 0.001 -24"><span class='ocrx_word' id='word_1_536' title='bbox 513 5755 651 5828; x_wconf 58' lang='lat' dir='ltr'><strong>xime</strong></span> <span class='ocrx_word' id='word_1_537' title='bbox 672 5757 898 5828; x_wconf 81' lang='lat' dir='ltr'><strong>sequenti</strong></span> <span class='ocrx_word' id='word_1_538' title='bbox 913 5758 1096 5828; x_wconf 57' lang='lat' dir='ltr'><strong>capite,</strong></span> <span class='ocrx_word' id='word_1_539' title='bbox 1114 5769 1162 5804; x_wconf 89' lang='grc' dir='ltr'>ιι.</span> <span class='ocrx_word' id='word_1_540' title='bbox 1181 5755 1259 5815; x_wconf 77' lang='grc' dir='ltr'><strong>(ιο,</strong></span> <span class='ocrx_word' id='word_1_541' title='bbox 1282 5758 1365 5804; x_wconf 89' lang='lat' dir='ltr'><strong>ubi</strong></span> <span class='ocrx_word' id='word_1_542' title='bbox 1388 5755 1514 5828; x_wconf 73' lang='lat' dir='ltr'><strong>dicit</strong></span> <span class='ocrx_word' id='word_1_543' title='bbox 1539 5769 1551 5804; x_wconf 91' lang='lat'><strong>:</strong></span> <span class='ocrx_word' id='word_1_544' title='bbox 1585 5773 1606 5800; x_wconf 81' lang='grc' dir='ltr'><strong>ι</strong></span> <span class='ocrx_word' id='word_1_545' title='bbox 1628 5756 1806 5805; x_wconf 84' lang='lat' dir='ltr'><strong>addidit</strong></span> <span class='ocrx_word' id='word_1_546' title='bbox 1842 5755 2010 5818; x_wconf 75' lang='lat' dir='ltr'><strong>etiam,</strong></span> <span class='ocrx_word' id='word_1_547' title='bbox 2035 5768 2092 5806; x_wconf 88' lang='lat' dir='ltr'><strong>se</strong></span> 
     </span>
    </p>
   </div>
   <div class='ocr_carea' id='block_1_61' title="bbox 523 5814 1657 5884">
    <p class='ocr_par' dir='ltr' id='par_1_61' title="bbox 523 5814 1657 5884">
     <span class='ocr_line' id='line_1_61' title="bbox 523 5814 1657 5884; baseline -0.004 -18"><span class='ocrx_word' id='word_1_548' title='bbox 523 5831 550 5866; x_wconf 71' lang='grc' dir='ltr'><strong>ι</strong></span> <span class='ocrx_word' id='word_1_549' title='bbox 568 5814 662 5878; x_wconf 80' lang='lat' dir='ltr'><strong>illis</strong></span> <span class='ocrx_word' id='word_1_550' title='bbox 685 5814 880 5868; x_wconf 70' lang='lat' dir='ltr'><strong>terrena</strong></span> <span class='ocrx_word' id='word_1_551' title='bbox 895 5814 1095 5880; x_wconf 79' lang='lat' dir='ltr'><strong>dixisse,</strong></span> <span class='ocrx_word' id='word_1_552' title='bbox 1119 5831 1212 5884; x_wconf 85' lang='lat' dir='ltr'><strong>nec</strong></span> <span class='ocrx_word' id='word_1_553' title='bbox 1231 5830 1316 5869; x_wconf 88' lang='lat' dir='ltr'><strong>eos</strong></span> <span class='ocrx_word' id='word_1_554' title='bbox 1336 5818 1615 5869; x_wconf 77' lang='lat' dir='ltr'><strong>credidisse.</strong></span> <span class='ocrx_word' id='word_1_555' title='bbox 1636 5833 1657 5862; x_wconf 73' lang='grc'><strong>1</strong></span> 
     </span>
    </p>
   </div>
   <div class='ocr_carea' id='block_1_62' title="bbox 1173 346 3168 418">
    <p class='ocr_par' dir='ltr' id='par_1_62' title="bbox 1173 346 3168 418">
     <span class='ocr_line' id='line_1_62' title="bbox 1173 346 3168 418; baseline -0.007 -3"><span class='ocrx_word' id='word_1_556' title='bbox 1173 359 1262 415; x_wconf 88' lang='lat' dir='ltr'><strong>DE</strong></span> <span class='ocrx_word' id='word_1_557' title='bbox 1301 349 1758 414; x_wconf 74' lang='lat' dir='ltr'><strong>PECCATORUM</strong></span> <span class='ocrx_word' id='word_1_558' title='bbox 1798 351 2074 409; x_wconf 80' lang='lat' dir='ltr'><strong>MERITIS</strong></span> <span class='ocrx_word' id='word_1_559' title='bbox 2113 352 2198 410; x_wconf 82' lang='grc' dir='ltr'>ΕΤ</span> <span class='ocrx_word' id='word_1_560' title='bbox 2238 351 2662 418; x_wconf 79' lang='lat' dir='ltr'><strong>REMlSSlONE,</strong></span> <span class='ocrx_word' id='word_1_561' title='bbox 2703 351 2760 408; x_wconf 94' lang='lat' dir='ltr'><strong>S.</strong></span> <span class='ocrx_word' id='word_1_562' title='bbox 2806 346 3168 406; x_wconf 82' lang='lat' dir='ltr'><strong>AUGUSTINI</strong></span> 
     </span>
    </p>
   </div>
   <div class='ocr_carea' id='block_1_63' title="bbox 3705 354 3816 412">
    <p class='ocr_par' dir='ltr' id='par_1_63' title="bbox 3705 354 3816 412">
     <span class='ocr_line' id='line_1_63' title="bbox 3705 354 3816 412; baseline 0 0"><span class='ocrx_word' id='word_1_563' title='bbox 3705 354 3816 412; x_wconf 71' lang='lat' dir='ltr'><strong>us</strong></span> 
     </span>
    </p>
   </div>
   <div class='ocr_carea' id='block_1_64' title="bbox 2296 465 3816 537">
    <p class='ocr_par' dir='ltr' id='par_1_64' title="bbox 2296 465 3816 537">
     <span class='ocr_line' id='line_1_64' title="bbox 2296 465 3816 537; baseline 0 -15"><span class='ocrx_word' id='word_1_564' title='bbox 2296 467 2520 523; x_wconf 77' lang='lat' dir='ltr'><strong>CAPUT</strong></span> <span class='ocrx_word' id='word_1_565' title='bbox 2541 465 2735 522; x_wconf 79' lang='lat' dir='ltr'><strong>XXXI.</strong></span> <span class='ocrx_word' id='word_1_566' title='bbox 2749 495 2820 507; x_wconf 89' lang='lat'><strong>——</strong></span> <span class='ocrx_word' id='word_1_567' title='bbox 2838 466 2925 522; x_wconf 88' lang='lat'><strong>60.</strong></span> <span class='ocrx_word' id='word_1_568' title='bbox 2949 465 3176 522; x_wconf 83' lang='lat' dir='ltr'><strong>Christus</strong></span> <span class='ocrx_word' id='word_1_569' title='bbox 3195 474 3349 536; x_wconf 81' lang='lat' dir='ltr'><strong>caput</strong></span> <span class='ocrx_word' id='word_1_570' title='bbox 3368 475 3414 520; x_wconf 89' lang='lat' dir='ltr'><strong>et</strong></span> <span class='ocrx_word' id='word_1_571' title='bbox 3434 483 3635 537; x_wconf 89' lang='lat' dir='ltr'><strong>corpus.</strong></span> <span class='ocrx_word' id='word_1_572' title='bbox 3659 465 3816 524; x_wconf 85' lang='lat' dir='ltr'><strong>Chri-</strong></span> 
     </span>
    </p>
   </div>
   <div class='ocr_carea' id='block_1_65' title="bbox 2221 561 3818 632">
    <p class='ocr_par' dir='ltr' id='par_1_65' title="bbox 2221 561 3818 632">
     <span class='ocr_line' id='line_1_65' title="bbox 2221 561 3818 632; baseline 0 -16"><span class='ocrx_word' id='word_1_573' title='bbox 2221 569 2329 616; x_wconf 90' lang='lat' dir='ltr'><strong>stus</strong></span> <span class='ocrx_word' id='word_1_574' title='bbox 2348 561 2407 614; x_wconf 92' lang='lat' dir='ltr'><strong>ob</strong></span> <span class='ocrx_word' id='word_1_575' title='bbox 2433 577 2660 632; x_wconf 76' lang='lat' dir='ltr'><strong>persona:</strong></span> <span class='ocrx_word' id='word_1_576' title='bbox 2683 561 2924 614; x_wconf 88' lang='lat' dir='ltr'><strong>unitatem</strong></span> <span class='ocrx_word' id='word_1_577' title='bbox 2949 571 2995 614; x_wconf 90' lang='lat' dir='ltr'><strong>et</strong></span> <span class='ocrx_word' id='word_1_578' title='bbox 3019 563 3071 614; x_wconf 89' lang='lat' dir='ltr'><strong>in</strong></span> <span class='ocrx_word' id='word_1_579' title='bbox 3096 561 3218 615; x_wconf 63' lang='lat' dir='ltr'><strong>caelo</strong></span> <span class='ocrx_word' id='word_1_580' title='bbox 3244 561 3496 623; x_wconf 89' lang='lat' dir='ltr'><strong>manebat,</strong></span> <span class='ocrx_word' id='word_1_581' title='bbox 3527 571 3573 615; x_wconf 87' lang='lat' dir='ltr'><strong>et</strong></span> <span class='ocrx_word' id='word_1_582' title='bbox 3599 562 3650 616; x_wconf 89' lang='lat' dir='ltr'><strong>in</strong></span> <span class='ocrx_word' id='word_1_583' title='bbox 3675 572 3818 616; x_wconf 87' lang='lat' dir='ltr'><strong>terra</strong></span> 
     </span>
    </p>
   </div>
   <div class='ocr_carea' id='block_1_66' title="bbox 2222 650 3814 723">
    <p class='ocr_par' dir='ltr' id='par_1_66' title="bbox 2222 650 3814 723">
     <span class='ocr_line' id='line_1_66' title="bbox 2222 650 3814 723; baseline 0 -16"><span class='ocrx_word' id='word_1_584' title='bbox 2222 653 2592 707; x_wconf 87' lang='lat' dir='ltr'><strong>deambulabat.</strong></span> <span class='ocrx_word' id='word_1_585' title='bbox 2633 651 2776 708; x_wconf 88' lang='lat' dir='ltr'><strong>Unus</strong></span> <span class='ocrx_word' id='word_1_586' title='bbox 2813 650 3040 707; x_wconf 87' lang='lat' dir='ltr'><strong>Christus</strong></span> <span class='ocrx_word' id='word_1_587' title='bbox 3078 653 3327 723; x_wconf 89' lang='lat' dir='ltr'><strong>quomodo</strong></span> <span class='ocrx_word' id='word_1_588' title='bbox 3360 653 3600 706; x_wconf 85' lang='lat' dir='ltr'><strong>ascendat</strong></span> <span class='ocrx_word' id='word_1_589' title='bbox 3625 654 3679 707; x_wconf 88' lang='lat' dir='ltr'><strong>in</strong></span> <span class='ocrx_word' id='word_1_590' title='bbox 3705 670 3814 707; x_wconf 79' lang='lat' dir='ltr'><strong>cae-</strong></span> 
     </span>
    </p>
   </div>
   <div class='ocr_carea' id='block_1_67' title="bbox 2224 741 3817 815">
    <p class='ocr_par' dir='ltr' id='par_1_67' title="bbox 2224 741 3817 815">
     <span class='ocr_line' id='line_1_67' title="bbox 2224 741 3817 815; baseline 0.003 -19"><span class='ocrx_word' id='word_1_591' title='bbox 2224 741 2348 796; x_wconf 90' lang='lat' dir='ltr'><strong>lum.</strong></span> <span class='ocrx_word' id='word_1_592' title='bbox 2377 741 2540 814; x_wconf 89' lang='lat' dir='ltr'><strong>Caput</strong></span> <span class='ocrx_word' id='word_1_593' title='bbox 2561 755 2610 798; x_wconf 92' lang='lat' dir='ltr'><strong>et</strong></span> <span class='ocrx_word' id='word_1_594' title='bbox 2638 759 2822 814; x_wconf 89' lang='lat' dir='ltr'><strong>corpus</strong></span> <span class='ocrx_word' id='word_1_595' title='bbox 2845 760 2977 798; x_wconf 91' lang='lat' dir='ltr'><strong>unus</strong></span> <span class='ocrx_word' id='word_1_596' title='bbox 2997 743 3241 798; x_wconf 87' lang='lat' dir='ltr'><strong>Christus.</strong></span> <span class='ocrx_word' id='word_1_597' title='bbox 3274 742 3406 798; x_wconf 87' lang='lat' dir='ltr'><strong>Cum</strong></span> <span class='ocrx_word' id='word_1_598' title='bbox 3431 759 3560 815; x_wconf 76' lang='lat' dir='ltr'><strong>ergo</strong></span> <span class='ocrx_word' id='word_1_599' title='bbox 3581 744 3817 800; x_wconf 70' lang='lat' dir='ltr'><strong>Niciide-</strong></span> 
     </span>
    </p>
   </div>
   <div class='ocr_carea' id='block_1_68' title="bbox 2221 834 3815 906">
    <p class='ocr_par' dir='ltr' id='par_1_68' title="bbox 2221 834 3815 906">
     <span class='ocr_line' id='line_1_68' title="bbox 2221 834 3815 906; baseline 0.002 -17"><span class='ocrx_word' id='word_1_600' title='bbox 2221 851 2340 889; x_wconf 83' lang='lat' dir='ltr'><strong>mus</strong></span> <span class='ocrx_word' id='word_1_601' title='bbox 2377 850 2439 890; x_wconf 90' lang='lat' dir='ltr'><strong>ea</strong></span> <span class='ocrx_word' id='word_1_602' title='bbox 2477 850 2596 905; x_wconf 63' lang='lat' dir='ltr'><strong>quae</strong></span> <span class='ocrx_word' id='word_1_603' title='bbox 2630 834 2944 890; x_wconf 86' lang='lat' dir='ltr'><strong>dicebantur</strong></span> <span class='ocrx_word' id='word_1_604' title='bbox 2978 851 3083 890; x_wconf 90' lang='lat' dir='ltr'><strong>non</strong></span> <span class='ocrx_word' id='word_1_605' title='bbox 3123 835 3462 906; x_wconf 83' lang='lat' dir='ltr'><strong>intelligeret,</strong></span> <span class='ocrx_word' id='word_1_606' title='bbox 3492 837 3738 906; x_wconf 79' lang='lat' dir='ltr'><strong>quzesivit</strong></span> <span class='ocrx_word' id='word_1_607' title='bbox 3783 853 3815 892; x_wconf 87' lang='lat' dir='ltr'><strong>a</strong></span> 
     </span>
    </p>
   </div>
   <div class='ocr_carea' id='block_1_69' title="bbox 2225 927 3818 1000">
    <p class='ocr_par' dir='ltr' id='par_1_69' title="bbox 2225 927 3818 1000">
     <span class='ocr_line' id='line_1_69' title="bbox 2225 927 3818 1000; baseline 0.003 -19"><span class='ocrx_word' id='word_1_608' title='bbox 2225 927 2448 981; x_wconf 90' lang='lat' dir='ltr'><strong>Domino</strong></span> <span class='ocrx_word' id='word_1_609' title='bbox 2481 927 2750 998; x_wconf 92' lang='lat' dir='ltr'><strong>quomodo</strong></span> <span class='ocrx_word' id='word_1_610' title='bbox 2792 937 3012 998; x_wconf 85' lang='lat' dir='ltr'><strong>possent</strong></span> <span class='ocrx_word' id='word_1_611' title='bbox 3049 929 3146 984; x_wconf 88' lang='lat' dir='ltr'><strong>ista</strong></span> <span class='ocrx_word' id='word_1_612' title='bbox 3194 929 3328 984; x_wconf 89' lang='lat' dir='ltr'><strong>ﬁeri.</strong></span> <span class='ocrx_word' id='word_1_613' title='bbox 3366 929 3656 985; x_wconf 81' lang='lat' dir='ltr'><strong>Videamus</strong></span> <span class='ocrx_word' id='word_1_614' title='bbox 3681 931 3818 1000; x_wconf 88' lang='lat' dir='ltr'><strong>quid</strong></span> 
     </span>
    </p>
   </div>
   <div class='ocr_carea' id='block_1_70' title="bbox 2223 1019 3822 1091">
    <p class='ocr_par' dir='ltr' id='par_1_70' title="bbox 2223 1019 3822 1091">
     <span class='ocr_line' id='line_1_70' title="bbox 2223 1019 3822 1091; baseline 0.003 -18"><span class='ocrx_word' id='word_1_615' title='bbox 2223 1019 2478 1074; x_wconf 87' lang='lat' dir='ltr'><strong>Dominus</strong></span> <span class='ocrx_word' id='word_1_616' title='bbox 2497 1020 2562 1075; x_wconf 91' lang='lat' dir='ltr'><strong>ad</strong></span> <span class='ocrx_word' id='word_1_617' title='bbox 2585 1021 2686 1076; x_wconf 92' lang='lat' dir='ltr'><strong>hoc</strong></span> <span class='ocrx_word' id='word_1_618' title='bbox 2707 1021 3043 1091; x_wconf 87' lang='lat' dir='ltr'><strong>respondeat.</strong></span> <span class='ocrx_word' id='word_1_619' title='bbox 3071 1019 3316 1076; x_wconf 81' lang='lat' dir='ltr'><strong>Profecto</strong></span> <span class='ocrx_word' id='word_1_620' title='bbox 3336 1021 3478 1076; x_wconf 91' lang='lat' dir='ltr'><strong>enim</strong></span> <span class='ocrx_word' id='word_1_621' title='bbox 3501 1022 3544 1076; x_wconf 93' lang='lat' dir='ltr'><strong>si</strong></span> <span class='ocrx_word' id='word_1_622' title='bbox 3567 1021 3633 1076; x_wconf 88' lang='lat' dir='ltr'><strong>ad</strong></span> <span class='ocrx_word' id='word_1_623' title='bbox 3653 1024 3822 1078; x_wconf 84' lang='lat' dir='ltr'><strong>inter-</strong></span> 
     </span>
    </p>
   </div>
   <div class='ocr_carea' id='block_1_71' title="bbox 2223 1113 3821 1185">
    <p class='ocr_par' dir='ltr' id='par_1_71' title="bbox 2223 1113 3821 1185">
     <span class='ocr_line' id='line_1_71' title="bbox 2223 1113 3821 1185; baseline 0.001 -18"><span class='ocrx_word' id='word_1_624' title='bbox 2223 1123 2402 1183; x_wconf 79' lang='lat' dir='ltr'><strong>rogata</strong></span> <span class='ocrx_word' id='word_1_625' title='bbox 2433 1113 2758 1184; x_wconf 88' lang='lat' dir='ltr'><strong>respondere</strong></span> <span class='ocrx_word' id='word_1_626' title='bbox 2795 1113 3119 1185; x_wconf 79' lang='lat' dir='ltr'><strong>dignabitur,</strong></span> <span class='ocrx_word' id='word_1_627' title='bbox 3167 1114 3432 1180; x_wconf 88' lang='lat' dir='ltr'><strong>Quomodo</strong></span> <span class='ocrx_word' id='word_1_628' title='bbox 3466 1124 3675 1184; x_wconf 87' lang='lat' dir='ltr'><strong>possunt</strong></span> <span class='ocrx_word' id='word_1_629' title='bbox 3711 1115 3821 1169; x_wconf 86' lang='lat' dir='ltr'><strong>ista</strong></span> 
     </span>
    </p>
   </div>
   <div class='ocr_carea' id='block_1_72' title="bbox 2222 1205 3820 1278">
    <p class='ocr_par' dir='ltr' id='par_1_72' title="bbox 2222 1205 3820 1278">
     <span class='ocr_line' id='line_1_72' title="bbox 2222 1205 3820 1278; baseline 0.003 -20"><span class='ocrx_word' id='word_1_630' title='bbox 2222 1205 2334 1274; x_wconf 81' lang='lat' dir='ltr'><strong>ﬁeri</strong></span> <span class='ocrx_word' id='word_1_631' title='bbox 2345 1205 2367 1258; x_wconf 89' lang='lat'><strong>?</strong></span> <span class='ocrx_word' id='word_1_632' title='bbox 2380 1205 2480 1260; x_wconf 90' lang='lat' dir='ltr'><strong>hoc</strong></span> <span class='ocrx_word' id='word_1_633' title='bbox 2495 1205 2732 1261; x_wconf 90' lang='lat' dir='ltr'><strong>dicturus</strong></span> <span class='ocrx_word' id='word_1_634' title='bbox 2747 1214 2847 1271; x_wconf 88' lang='lat' dir='ltr'><strong>est,</strong></span> <span class='ocrx_word' id='word_1_635' title='bbox 2867 1205 3136 1277; x_wconf 89' lang='lat' dir='ltr'><strong>quomodo</strong></span> <span class='ocrx_word' id='word_1_636' title='bbox 3157 1207 3322 1276; x_wconf 87' lang='lat' dir='ltr'><strong>possit</strong></span> <span class='ocrx_word' id='word_1_637' title='bbox 3343 1207 3456 1261; x_wconf 88' lang='lat' dir='ltr'><strong>ﬁeri</strong></span> <span class='ocrx_word' id='word_1_638' title='bbox 3476 1207 3820 1278; x_wconf 75' lang='lat' dir='ltr'><strong>regeneratio</strong></span> 
     </span>
    </p>
   </div>
   <div class='ocr_carea' id='block_1_73' title="bbox 2224 1300 3816 1370">
    <p class='ocr_par' dir='ltr' id='par_1_73' title="bbox 2224 1300 3816 1370">
     <span class='ocr_line' id='line_1_73' title="bbox 2224 1300 3816 1370; baseline 0.001 -18"><span class='ocrx_word' id='word_1_639' title='bbox 2224 1301 2517 1368; x_wconf 89' lang='lat' dir='ltr'><strong>spiritualis</strong></span> <span class='ocrx_word' id='word_1_640' title='bbox 2545 1301 2808 1355; x_wconf 86' lang='lat' dir='ltr'><strong>venientis</strong></span> <span class='ocrx_word' id='word_1_641' title='bbox 2841 1300 3071 1354; x_wconf 85' lang='lat' dir='ltr'><strong>hominis</strong></span> <span class='ocrx_word' id='word_1_642' title='bbox 3099 1314 3164 1355; x_wconf 86' lang='lat' dir='ltr'><strong>ex</strong></span> <span class='ocrx_word' id='word_1_643' title='bbox 3197 1302 3544 1370; x_wconf 75' lang='lat' dir='ltr'><strong>generatione</strong></span> <span class='ocrx_word' id='word_1_644' title='bbox 3579 1301 3816 1355; x_wconf 77' lang='lat' dir='ltr'><strong>carnali.</strong></span> 
     </span>
    </p>
   </div>
   <div class='ocr_carea' id='block_1_74' title="bbox 2224 1390 3822 1463">
    <p class='ocr_par' dir='ltr' id='par_1_74' title="bbox 2224 1390 3822 1463">
     <span class='ocr_line' id='line_1_74' title="bbox 2224 1390 3822 1463; baseline 0.003 -19"><span class='ocrx_word' id='word_1_645' title='bbox 2224 1390 2412 1445; x_wconf 85' lang='lat' dir='ltr'><strong>Notata</strong></span> <span class='ocrx_word' id='word_1_646' title='bbox 2445 1392 2623 1461; x_wconf 83' lang='lat' dir='ltr'><strong>itaque</strong></span> <span class='ocrx_word' id='word_1_647' title='bbox 2646 1392 2914 1461; x_wconf 92' lang='lat' dir='ltr'><strong>paululum</strong></span> <span class='ocrx_word' id='word_1_648' title='bbox 2941 1391 3059 1461; x_wconf 86' lang='lat' dir='ltr'><strong>ejus</strong></span> <span class='ocrx_word' id='word_1_649' title='bbox 3095 1391 3383 1462; x_wconf 89' lang='lat' dir='ltr'><strong>imperitia,</strong></span> <span class='ocrx_word' id='word_1_650' title='bbox 3415 1393 3506 1463; x_wconf 89' lang='lat' dir='ltr'><strong>qui</strong></span> <span class='ocrx_word' id='word_1_651' title='bbox 3551 1407 3611 1448; x_wconf 90' lang='lat' dir='ltr'><strong>se</strong></span> <span class='ocrx_word' id='word_1_652' title='bbox 3648 1402 3822 1448; x_wconf 63' lang='lat' dir='ltr'><strong>cxte-</strong></span> 
     </span>
    </p>
   </div>
   <div class='ocr_carea' id='block_1_75' title="bbox 2223 1483 3821 1555">
    <p class='ocr_par' dir='ltr' id='par_1_75' title="bbox 2223 1483 3821 1555">
     <span class='ocr_line' id='line_1_75' title="bbox 2223 1483 3821 1555; baseline 0.003 -18"><span class='ocrx_word' id='word_1_653' title='bbox 2223 1483 2297 1539; x_wconf 89' lang='lat' dir='ltr'><strong>ris</strong></span> <span class='ocrx_word' id='word_1_654' title='bbox 2323 1485 2389 1540; x_wconf 81' lang='lat' dir='ltr'><strong>de</strong></span> <span class='ocrx_word' id='word_1_655' title='bbox 2412 1486 2718 1555; x_wconf 79' lang='lat' dir='ltr'><strong>magisterio</strong></span> <span class='ocrx_word' id='word_1_656' title='bbox 2772 1484 3108 1554; x_wconf 72' lang='lat' dir='ltr'><strong>przeferebat,</strong></span> <span class='ocrx_word' id='word_1_657' title='bbox 3136 1495 3190 1540; x_wconf 92' lang='lat' dir='ltr'><strong>et</strong></span> <span class='ocrx_word' id='word_1_658' title='bbox 3223 1486 3461 1540; x_wconf 90' lang='lat' dir='ltr'><strong>omnium</strong></span> <span class='ocrx_word' id='word_1_659' title='bbox 3508 1487 3692 1542; x_wconf 84' lang='lat' dir='ltr'><strong>talium</strong></span> <span class='ocrx_word' id='word_1_660' title='bbox 3731 1488 3821 1541; x_wconf 87' lang='lat' dir='ltr'><strong>in-</strong></span> 
     </span>
    </p>
   </div>
   <div class='ocr_carea' id='block_1_76' title="bbox 2223 1576 3816 1647">
    <p class='ocr_par' dir='ltr' id='par_1_76' title="bbox 2223 1576 3816 1647">
     <span class='ocr_line' id='line_1_76' title="bbox 2223 1576 3816 1647; baseline 0.001 -17"><span class='ocrx_word' id='word_1_661' title='bbox 2223 1576 2536 1630; x_wconf 82' lang='lat' dir='ltr'><strong>credulitate</strong></span> <span class='ocrx_word' id='word_1_662' title='bbox 2562 1576 2910 1646; x_wconf 89' lang='lat' dir='ltr'><strong>reprehensa,</strong></span> <span class='ocrx_word' id='word_1_663' title='bbox 2951 1576 3094 1647; x_wconf 91' lang='lat' dir='ltr'><strong>quod</strong></span> <span class='ocrx_word' id='word_1_664' title='bbox 3123 1577 3485 1632; x_wconf 91' lang='lat' dir='ltr'><strong>testimonium</strong></span> <span class='ocrx_word' id='word_1_665' title='bbox 3526 1593 3631 1632; x_wconf 91' lang='lat' dir='ltr'><strong>non</strong></span> <span class='ocrx_word' id='word_1_666' title='bbox 3661 1578 3816 1632; x_wconf 86' lang='lat' dir='ltr'><strong>acci-</strong></span> 
     </span>
    </p>
   </div>
   <div class='ocr_carea' id='block_1_77' title="bbox 2223 1670 3814 1739">
    <p class='ocr_par' dir='ltr' id='par_1_77' title="bbox 2223 1670 3814 1739">
     <span class='ocr_line' id='line_1_77' title="bbox 2223 1670 3814 1739; baseline 0.001 -15"><span class='ocrx_word' id='word_1_667' title='bbox 2223 1679 2412 1738; x_wconf 87' lang='lat' dir='ltr'><strong>perent</strong></span> <span class='ocrx_word' id='word_1_668' title='bbox 2429 1671 2697 1736; x_wconf 82' lang='lat' dir='ltr'><strong>veritatis;</strong></span> <span class='ocrx_word' id='word_1_669' title='bbox 2722 1670 2924 1724; x_wconf 90' lang='lat' dir='ltr'><strong>addidit</strong></span> <span class='ocrx_word' id='word_1_670' title='bbox 2947 1672 3128 1736; x_wconf 91' lang='lat' dir='ltr'><strong>etiam,</strong></span> <span class='ocrx_word' id='word_1_671' title='bbox 3151 1687 3207 1726; x_wconf 91' lang='lat' dir='ltr'><strong>se</strong></span> <span class='ocrx_word' id='word_1_672' title='bbox 3227 1671 3330 1725; x_wconf 88' lang='lat' dir='ltr'><strong>illis</strong></span> <span class='ocrx_word' id='word_1_673' title='bbox 3354 1680 3561 1726; x_wconf 88' lang='lat' dir='ltr'><strong>terrena</strong></span> <span class='ocrx_word' id='word_1_674' title='bbox 3583 1672 3814 1739; x_wconf 77' lang='lat' dir='ltr'><strong>dixisse,</strong></span> 
     </span>
    </p>
   </div>
   <div class='ocr_carea' id='block_1_78' title="bbox 2224 1763 3815 1838">
    <p class='ocr_par' dir='ltr' id='par_1_78' title="bbox 2224 1763 3815 1838">
     <span class='ocr_line' id='line_1_78' title="bbox 2224 1763 3815 1838; baseline 0.005 -23"><span class='ocrx_word' id='word_1_675' title='bbox 2224 1777 2322 1816; x_wconf 87' lang='lat' dir='ltr'><strong>nec</strong></span> <span class='ocrx_word' id='word_1_676' title='bbox 2351 1777 2444 1816; x_wconf 90' lang='lat' dir='ltr'><strong>eos</strong></span> <span class='ocrx_word' id='word_1_677' title='bbox 2470 1763 2782 1830; x_wconf 88' lang='lat' dir='ltr'><strong>credidisse,</strong></span> <span class='ocrx_word' id='word_1_678' title='bbox 2813 1781 3060 1835; x_wconf 70' lang='lat' dir='ltr'><strong>qumrens</strong></span> <span class='ocrx_word' id='word_1_679' title='bbox 3087 1766 3168 1820; x_wconf 91' lang='lat' dir='ltr'><strong>vel</strong></span> <span class='ocrx_word' id='word_1_680' title='bbox 3212 1765 3487 1821; x_wconf 89' lang='lat' dir='ltr'><strong>admirans</strong></span> <span class='ocrx_word' id='word_1_681' title='bbox 3536 1767 3815 1838; x_wconf 90' lang='lat' dir='ltr'><strong>quomodo</strong></span> 
     </span>
    </p>
   </div>
   <div class='ocr_carea' id='block_1_79' title="bbox 2222 1855 3818 1928">
    <p class='ocr_par' dir='ltr' id='par_1_79' title="bbox 2222 1855 3818 1928">
     <span class='ocr_line' id='line_1_79' title="bbox 2222 1855 3818 1928; baseline 0.003 -20"><span class='ocrx_word' id='word_1_682' title='bbox 2222 1863 2404 1908; x_wconf 68' lang='lat' dir='ltr'><strong>essent</strong></span> <span class='ocrx_word' id='word_1_683' title='bbox 2429 1855 2665 1908; x_wconf 73' lang='lat' dir='ltr'><strong>cmicstia</strong></span> <span class='ocrx_word' id='word_1_684' title='bbox 2697 1855 2972 1911; x_wconf 90' lang='lat' dir='ltr'><strong>credituri.</strong></span> <span class='ocrx_word' id='word_1_685' title='bbox 3005 1856 3257 1926; x_wconf 77' lang='lat' dir='ltr'><strong>Sequitur</strong></span> <span class='ocrx_word' id='word_1_686' title='bbox 3285 1866 3462 1912; x_wconf 85' lang='lat' dir='ltr'><strong>tamen</strong></span> <span class='ocrx_word' id='word_1_687' title='bbox 3486 1865 3540 1913; x_wconf 89' lang='lat' dir='ltr'><strong>et</strong></span> <span class='ocrx_word' id='word_1_688' title='bbox 3582 1873 3818 1928; x_wconf 77' lang='lat' dir='ltr'><strong>respou-</strong></span> 
     </span>
    </p>
   </div>
   <div class='ocr_carea' id='block_1_80' title="bbox 2221 1947 3816 2016">
    <p class='ocr_par' dir='ltr' id='par_1_80' title="bbox 2221 1947 3816 2016">
     <span class='ocr_line' id='line_1_80' title="bbox 2221 1947 3816 2016; baseline 0.002 -14"><span class='ocrx_word' id='word_1_689' title='bbox 2221 1947 2332 2012; x_wconf 88' lang='lat' dir='ltr'><strong>det,</strong></span> <span class='ocrx_word' id='word_1_690' title='bbox 2368 1947 2508 2016; x_wconf 89' lang='lat' dir='ltr'><strong>qnod</strong></span> <span class='ocrx_word' id='word_1_691' title='bbox 2535 1947 2624 2000; x_wconf 90' lang='lat' dir='ltr'><strong>alii</strong></span> <span class='ocrx_word' id='word_1_692' title='bbox 2655 1947 2875 2002; x_wconf 90' lang='lat' dir='ltr'><strong>credent</strong></span> <span class='ocrx_word' id='word_1_693' title='bbox 2902 1949 2941 2014; x_wconf 74' lang='grc'>⁸,</span> <span class='ocrx_word' id='word_1_694' title='bbox 2972 1948 3017 2002; x_wconf 90' lang='lat' dir='ltr'><strong>si</strong></span> <span class='ocrx_word' id='word_1_695' title='bbox 3041 1949 3112 2002; x_wconf 92' lang='lat' dir='ltr'><strong>illi</strong></span> <span class='ocrx_word' id='word_1_696' title='bbox 3143 1964 3248 2004; x_wconf 92' lang='lat' dir='ltr'><strong>non</strong></span> <span class='ocrx_word' id='word_1_697' title='bbox 3287 1949 3534 2015; x_wconf 88' lang='lat' dir='ltr'><strong>credunt,</strong></span> <span class='ocrx_word' id='word_1_698' title='bbox 3564 1950 3630 2004; x_wconf 92' lang='lat' dir='ltr'><strong>ad</strong></span> <span class='ocrx_word' id='word_1_699' title='bbox 3674 1950 3816 2006; x_wconf 90' lang='lat' dir='ltr'><strong>illud</strong></span> 
     </span>
    </p>
   </div>
   <div class='ocr_carea' id='block_1_81' title="bbox 2223 2039 3812 2110">
    <p class='ocr_par' dir='ltr' id='par_1_81' title="bbox 2223 2039 3812 2110">
     <span class='ocr_line' id='line_1_81' title="bbox 2223 2039 3812 2110; baseline 0.002 -16"><span class='ocrx_word' id='word_1_700' title='bbox 2223 2039 2363 2110; x_wconf 86' lang='lat' dir='ltr'><strong>quod</strong></span> <span class='ocrx_word' id='word_1_701' title='bbox 2387 2040 2741 2108; x_wconf 81' lang='lat' dir='ltr'><strong>interrogatus</strong></span> <span class='ocrx_word' id='word_1_702' title='bbox 2771 2049 2872 2103; x_wconf 91' lang='lat' dir='ltr'><strong>est,</strong></span> <span class='ocrx_word' id='word_1_703' title='bbox 2923 2040 3190 2110; x_wconf 79' lang='lat' dir='ltr'><strong>quomodo</strong></span> <span class='ocrx_word' id='word_1_704' title='bbox 3232 2042 3437 2110; x_wconf 91' lang='lat' dir='ltr'><strong>possint</strong></span> <span class='ocrx_word' id='word_1_705' title='bbox 3474 2043 3572 2096; x_wconf 89' lang='lat' dir='ltr'><strong>ista</strong></span> <span class='ocrx_word' id='word_1_706' title='bbox 3630 2042 3746 2097; x_wconf 87' lang='lat' dir='ltr'><strong>ﬁeri</strong></span> <span class='ocrx_word' id='word_1_707' title='bbox 3795 2060 3812 2098; x_wconf 86' lang='lat'><strong>:</strong></span> 
     </span>
    </p>
   </div>
   <div class='ocr_carea' id='block_1_82' title="bbox 2225 2130 3818 2203">
    <p class='ocr_par' dir='ltr' id='par_1_82' title="bbox 2225 2130 3818 2203">
     <span class='ocr_line' id='line_1_82' title="bbox 2225 2130 3818 2203; baseline 0.003 -19"><span class='ocrx_word' id='word_1_708' title='bbox 2225 2130 2410 2197; x_wconf 89' lang='lat' dir='ltr'><strong>Nemo,</strong></span> <span class='ocrx_word' id='word_1_709' title='bbox 2435 2132 2624 2200; x_wconf 88' lang='lat' dir='ltr'><strong>inquit,</strong></span> <span class='ocrx_word' id='word_1_710' title='bbox 2655 2133 2880 2185; x_wconf 86' lang='lat' dir='ltr'><strong>ascendit</strong></span> <span class='ocrx_word' id='word_1_711' title='bbox 2906 2133 2958 2186; x_wconf 89' lang='lat' dir='ltr'><strong>in</strong></span> <span class='ocrx_word' id='word_1_712' title='bbox 2988 2134 3168 2187; x_wconf 66' lang='lat' dir='ltr'><strong>calum</strong></span> <span class='ocrx_word' id='word_1_713' title='bbox 3188 2173 3204 2198; x_wconf 96' lang='lat'><strong>,</strong></span> <span class='ocrx_word' id='word_1_714' title='bbox 3237 2135 3334 2187; x_wconf 89' lang='lat' dir='ltr'><strong>nisi</strong></span> <span class='ocrx_word' id='word_1_715' title='bbox 3362 2135 3452 2203; x_wconf 81' lang='lat' dir='ltr'><strong>qui</strong></span> <span class='ocrx_word' id='word_1_716' title='bbox 3468 2134 3531 2188; x_wconf 86' lang='lat' dir='ltr'><strong>de</strong></span> <span class='ocrx_word' id='word_1_717' title='bbox 3549 2135 3674 2188; x_wconf 64' lang='lat' dir='ltr'><strong>caelo</strong></span> <span class='ocrx_word' id='word_1_718' title='bbox 3715 2136 3818 2188; x_wconf 81' lang='lat' dir='ltr'><strong>de-</strong></span> 
     </span>
    </p>
   </div>
   <div class='ocr_carea' id='block_1_83' title="bbox 2222 2222 3816 2296">
    <p class='ocr_par' dir='ltr' id='par_1_83' title="bbox 2222 2222 3816 2296">
     <span class='ocr_line' id='line_1_83' title="bbox 2222 2222 3816 2296; baseline 0.003 -21"><span class='ocrx_word' id='word_1_719' title='bbox 2222 2223 2432 2290; x_wconf 80' lang='lat' dir='ltr'><strong>scendit,</strong></span> <span class='ocrx_word' id='word_1_720' title='bbox 2467 2222 2634 2277; x_wconf 84' lang='lat' dir='ltr'><strong>Filius</strong></span> <span class='ocrx_word' id='word_1_721' title='bbox 2661 2223 2901 2290; x_wconf 87' lang='lat' dir='ltr'><strong>hominis,</strong></span> <span class='ocrx_word' id='word_1_722' title='bbox 2930 2225 3016 2295; x_wconf 91' lang='lat' dir='ltr'><strong>qui</strong></span> <span class='ocrx_word' id='word_1_723' title='bbox 3064 2233 3132 2278; x_wconf 86' lang='lat' dir='ltr'><strong>est</strong></span> <span class='ocrx_word' id='word_1_724' title='bbox 3171 2225 3224 2278; x_wconf 89' lang='lat' dir='ltr'><strong>in</strong></span> <span class='ocrx_word' id='word_1_725' title='bbox 3261 2224 3405 2278; x_wconf 70' lang='lat' dir='ltr'><strong>calo.</strong></span> <span class='ocrx_word' id='word_1_726' title='bbox 3453 2224 3564 2291; x_wconf 90' lang='lat' dir='ltr'><strong>Sic,</strong></span> <span class='ocrx_word' id='word_1_727' title='bbox 3616 2225 3816 2296; x_wconf 88' lang='lat' dir='ltr'><strong>inquit,</strong></span> 
     </span>
    </p>
   </div>
   <div class='ocr_carea' id='block_1_84' title="bbox 2224 2315 3818 2385">
    <p class='ocr_par' dir='ltr' id='par_1_84' title="bbox 2224 2315 3818 2385">
     <span class='ocr_line' id='line_1_84' title="bbox 2224 2315 3818 2385; baseline 0.003 -17"><span class='ocrx_word' id='word_1_728' title='bbox 2224 2315 2314 2370; x_wconf 92' lang='lat' dir='ltr'><strong>ﬁet</strong></span> <span class='ocrx_word' id='word_1_729' title='bbox 2338 2317 2610 2384; x_wconf 79' lang='lat' dir='ltr'><strong>generatio</strong></span> <span class='ocrx_word' id='word_1_730' title='bbox 2641 2315 2954 2385; x_wconf 78' lang='lat' dir='ltr'><strong>spiritualis,</strong></span> <span class='ocrx_word' id='word_1_731' title='bbox 2983 2323 3040 2370; x_wconf 94' lang='lat' dir='ltr'><strong>ut</strong></span> <span class='ocrx_word' id='word_1_732' title='bbox 3067 2317 3175 2370; x_wconf 90' lang='lat' dir='ltr'><strong>sint</strong></span> <span class='ocrx_word' id='word_1_733' title='bbox 3201 2317 3452 2372; x_wconf 64' lang='lat' dir='ltr'><strong>caelestes</strong></span> <span class='ocrx_word' id='word_1_734' title='bbox 3478 2316 3728 2372; x_wconf 89' lang='lat' dir='ltr'><strong>homines</strong></span> <span class='ocrx_word' id='word_1_735' title='bbox 3745 2333 3818 2373; x_wconf 88' lang='lat' dir='ltr'><strong>ex</strong></span> 
     </span>
    </p>
   </div>
   <div class='ocr_carea' id='block_1_85' title="bbox 2224 2408 3818 2480">
    <p class='ocr_par' dir='ltr' id='par_1_85' title="bbox 2224 2408 3818 2480">
     <span class='ocr_line' id='line_1_85' title="bbox 2224 2408 3818 2480; baseline 0.002 -18"><span class='ocrx_word' id='word_1_736' title='bbox 2224 2409 2489 2474; x_wconf 90' lang='lat' dir='ltr'><strong>terrenis;</strong></span> <span class='ocrx_word' id='word_1_737' title='bbox 2521 2409 2661 2480; x_wconf 90' lang='lat' dir='ltr'><strong>quod</strong></span> <span class='ocrx_word' id='word_1_738' title='bbox 2707 2408 2931 2480; x_wconf 90' lang='lat' dir='ltr'><strong>adipisci</strong></span> <span class='ocrx_word' id='word_1_739' title='bbox 2975 2424 3078 2462; x_wconf 90' lang='lat' dir='ltr'><strong>non</strong></span> <span class='ocrx_word' id='word_1_740' title='bbox 3123 2417 3390 2478; x_wconf 78' lang='lat' dir='ltr'><strong>poterunt,</strong></span> <span class='ocrx_word' id='word_1_741' title='bbox 3419 2409 3521 2463; x_wconf 90' lang='lat' dir='ltr'><strong>nisi</strong></span> <span class='ocrx_word' id='word_1_742' title='bbox 3569 2411 3818 2466; x_wconf 86' lang='lat' dir='ltr'><strong>membra</strong></span> 
     </span>
    </p>
   </div>
   <div class='ocr_carea' id='block_1_86' title="bbox 2223 2498 3819 2571">
    <p class='ocr_par' dir='ltr' id='par_1_86' title="bbox 2223 2498 3819 2571">
     <span class='ocr_line' id='line_1_86' title="bbox 2223 2498 3819 2571; baseline 0.002 -18"><span class='ocrx_word' id='word_1_743' title='bbox 2223 2515 2339 2553; x_wconf 86' lang='lat' dir='ltr'><strong>mea</strong></span> <span class='ocrx_word' id='word_1_744' title='bbox 2370 2498 2687 2564; x_wconf 74' lang='lat' dir='ltr'><strong>efﬁciantur,</strong></span> <span class='ocrx_word' id='word_1_745' title='bbox 2718 2512 2774 2554; x_wconf 95' lang='lat' dir='ltr'><strong>ut</strong></span> <span class='ocrx_word' id='word_1_746' title='bbox 2797 2501 2911 2570; x_wconf 88' lang='lat' dir='ltr'><strong>ipse</strong></span> <span class='ocrx_word' id='word_1_747' title='bbox 2935 2499 3189 2554; x_wconf 81' lang='lat' dir='ltr'><strong>ascendat</strong></span> <span class='ocrx_word' id='word_1_748' title='bbox 3213 2501 3299 2570; x_wconf 92' lang='lat' dir='ltr'><strong>qui</strong></span> <span class='ocrx_word' id='word_1_749' title='bbox 3339 2501 3648 2564; x_wconf 87' lang='lat' dir='ltr'><strong>descendit;</strong></span> <span class='ocrx_word' id='word_1_750' title='bbox 3685 2503 3819 2571; x_wconf 85' lang='lat' dir='ltr'><strong>quia</strong></span> 
     </span>
    </p>
   </div>
   <div class='ocr_carea' id='block_1_87' title="bbox 2223 2593 3814 2665">
    <p class='ocr_par' dir='ltr' id='par_1_87' title="bbox 2223 2593 3814 2665">
     <span class='ocr_line' id='line_1_87' title="bbox 2223 2593 3814 2665; baseline 0.003 -19"><span class='ocrx_word' id='word_1_751' title='bbox 2223 2607 2383 2646; x_wconf 89' lang='lat' dir='ltr'><strong>nemo</strong></span> <span class='ocrx_word' id='word_1_752' title='bbox 2405 2593 2666 2657; x_wconf 86' lang='lat' dir='ltr'><strong>ascendit,</strong></span> <span class='ocrx_word' id='word_1_753' title='bbox 2699 2593 2795 2647; x_wconf 90' lang='lat' dir='ltr'><strong>nisi</strong></span> <span class='ocrx_word' id='word_1_754' title='bbox 2818 2594 2905 2664; x_wconf 88' lang='lat' dir='ltr'><strong>qui</strong></span> <span class='ocrx_word' id='word_1_755' title='bbox 2932 2593 3228 2648; x_wconf 87' lang='lat' dir='ltr'><strong>descendit.</strong></span> <span class='ocrx_word' id='word_1_756' title='bbox 3263 2593 3374 2648; x_wconf 89' lang='lat' dir='ltr'><strong>Nisi</strong></span> <span class='ocrx_word' id='word_1_757' title='bbox 3423 2610 3552 2665; x_wconf 79' lang='lat' dir='ltr'><strong>ergo</strong></span> <span class='ocrx_word' id='word_1_758' title='bbox 3600 2596 3652 2649; x_wconf 89' lang='lat' dir='ltr'><strong>in</strong></span> <span class='ocrx_word' id='word_1_759' title='bbox 3684 2598 3814 2651; x_wconf 84' lang='lat' dir='ltr'><strong>uni-</strong></span> 
     </span>
    </p>
   </div>
   <div class='ocr_carea' id='block_1_88' title="bbox 2225 2685 3812 2757">
    <p class='ocr_par' dir='ltr' id='par_1_88' title="bbox 2225 2685 3812 2757">
     <span class='ocr_line' id='line_1_88' title="bbox 2225 2685 3812 2757; baseline 0.001 -16"><span class='ocrx_word' id='word_1_760' title='bbox 2225 2695 2387 2741; x_wconf 89' lang='lat' dir='ltr'><strong>tatem</strong></span> <span class='ocrx_word' id='word_1_761' title='bbox 2418 2685 2616 2739; x_wconf 88' lang='lat' dir='ltr'><strong>Christi</strong></span> <span class='ocrx_word' id='word_1_762' title='bbox 2670 2702 2856 2742; x_wconf 89' lang='lat' dir='ltr'><strong>omnes</strong></span> <span class='ocrx_word' id='word_1_763' title='bbox 2900 2687 3139 2740; x_wconf 90' lang='lat' dir='ltr'><strong>mutandi</strong></span> <span class='ocrx_word' id='word_1_764' title='bbox 3187 2686 3504 2757; x_wconf 85' lang='lat' dir='ltr'><strong>levandique</strong></span> <span class='ocrx_word' id='word_1_765' title='bbox 3533 2689 3555 2719; x_wconf 79' lang='grc'>⁸</span> <span class='ocrx_word' id='word_1_766' title='bbox 3584 2704 3812 2743; x_wconf 77' lang='lat' dir='ltr'><strong>concur-</strong></span> 
     </span>
    </p>
   </div>
   <div class='ocr_carea' id='block_1_89' title="bbox 2224 2778 3815 2850">
    <p class='ocr_par' dir='ltr' id='par_1_89' title="bbox 2224 2778 3815 2850">
     <span class='ocr_line' id='line_1_89' title="bbox 2224 2778 3815 2850; baseline 0.003 -18"><span class='ocrx_word' id='word_1_767' title='bbox 2224 2789 2365 2844; x_wconf 88' lang='lat' dir='ltr'><strong>rant,</strong></span> <span class='ocrx_word' id='word_1_768' title='bbox 2399 2788 2454 2832; x_wconf 91' lang='lat' dir='ltr'><strong>ut</strong></span> <span class='ocrx_word' id='word_1_769' title='bbox 2477 2778 2720 2834; x_wconf 64' lang='lat' dir='ltr'><strong>Christus</strong></span> <span class='ocrx_word' id='word_1_770' title='bbox 2760 2781 2847 2849; x_wconf 87' lang='lat' dir='ltr'><strong>qui</strong></span> <span class='ocrx_word' id='word_1_771' title='bbox 2893 2779 3173 2836; x_wconf 89' lang='lat' dir='ltr'><strong>descendit</strong></span> <span class='ocrx_word' id='word_1_772' title='bbox 3218 2780 3332 2850; x_wconf 85' lang='lat' dir='ltr'><strong>ipse</strong></span> <span class='ocrx_word' id='word_1_773' title='bbox 3381 2781 3653 2848; x_wconf 88' lang='lat' dir='ltr'><strong>ascendat,</strong></span> <span class='ocrx_word' id='word_1_774' title='bbox 3701 2796 3815 2837; x_wconf 86' lang='lat' dir='ltr'><strong>non</strong></span> 
     </span>
    </p>
   </div>
   <div class='ocr_carea' id='block_1_90' title="bbox 2223 2869 3813 2942">
    <p class='ocr_par' dir='ltr' id='par_1_90' title="bbox 2223 2869 3813 2942">
     <span class='ocr_line' id='line_1_90' title="bbox 2223 2869 3813 2942; baseline 0.004 -21"><span class='ocrx_word' id='word_1_775' title='bbox 2223 2869 2364 2923; x_wconf 89' lang='lat' dir='ltr'><strong>aliud</strong></span> <span class='ocrx_word' id='word_1_776' title='bbox 2394 2871 2656 2939; x_wconf 90' lang='lat' dir='ltr'><strong>deputans</strong></span> <span class='ocrx_word' id='word_1_777' title='bbox 2678 2886 2870 2940; x_wconf 90' lang='lat' dir='ltr'><strong>corpus</strong></span> <span class='ocrx_word' id='word_1_778' title='bbox 2892 2888 3070 2937; x_wconf 91' lang='lat' dir='ltr'><strong>suum,</strong></span> <span class='ocrx_word' id='word_1_779' title='bbox 3097 2872 3146 2926; x_wconf 91' lang='lat' dir='ltr'><strong>id</strong></span> <span class='ocrx_word' id='word_1_780' title='bbox 3171 2881 3274 2937; x_wconf 91' lang='lat' dir='ltr'><strong>est,</strong></span> <span class='ocrx_word' id='word_1_781' title='bbox 3309 2873 3598 2928; x_wconf 82' lang='lat' dir='ltr'><strong>Ecclesium</strong></span> <span class='ocrx_word' id='word_1_782' title='bbox 3627 2888 3813 2942; x_wconf 92' lang='lat' dir='ltr'><strong>suam,</strong></span> 
     </span>
    </p>
   </div>
   <div class='ocr_carea' id='block_1_91' title="bbox 2223 2963 3817 3032">
    <p class='ocr_par' dir='ltr' id='par_1_91' title="bbox 2223 2963 3817 3032">
     <span class='ocr_line' id='line_1_91' title="bbox 2223 2963 3817 3032; baseline 0.007 -21"><span class='ocrx_word' id='word_1_783' title='bbox 2223 2978 2380 3032; x_wconf 89' lang='lat' dir='ltr'><strong>quam</strong></span> <span class='ocrx_word' id='word_1_784' title='bbox 2410 2977 2469 3016; x_wconf 90' lang='lat' dir='ltr'><strong>sc</strong></span> <span class='ocrx_word' id='word_1_785' title='bbox 2497 2963 2701 3031; x_wconf 89' lang='lat' dir='ltr'><strong>ipsum;</strong></span> <span class='ocrx_word' id='word_1_786' title='bbox 2749 2965 2870 3032; x_wconf 84' lang='lat' dir='ltr'><strong>quia</strong></span> <span class='ocrx_word' id='word_1_787' title='bbox 2898 2965 2963 3019; x_wconf 91' lang='lat' dir='ltr'><strong>de</strong></span> <span class='ocrx_word' id='word_1_788' title='bbox 3005 2965 3220 3019; x_wconf 85' lang='lat' dir='ltr'><strong>Christo</strong></span> <span class='ocrx_word' id='word_1_789' title='bbox 3265 2975 3320 3020; x_wconf 92' lang='lat' dir='ltr'><strong>et</strong></span> <span class='ocrx_word' id='word_1_790' title='bbox 3361 2965 3592 3020; x_wconf 81' lang='lat' dir='ltr'><strong>Ecclesia</strong></span> <span class='ocrx_word' id='word_1_791' title='bbox 3625 2967 3817 3022; x_wconf 87' lang='lat' dir='ltr'><strong>verius</strong></span> 
     </span>
    </p>
   </div>
   <div class='ocr_carea' id='block_1_92' title="bbox 2223 3055 3817 3130">
    <p class='ocr_par' dir='ltr' id='par_1_92' title="bbox 2223 3055 3817 3130">
     <span class='ocr_line' id='line_1_92' title="bbox 2223 3055 3817 3130; baseline 0.004 -21"><span class='ocrx_word' id='word_1_792' title='bbox 2223 3056 2552 3126; x_wconf 82' lang='lat' dir='ltr'><strong>intelligitur,</strong></span> <span class='ocrx_word' id='word_1_793' title='bbox 2580 3055 2742 3109; x_wconf 86' lang='lat' dir='ltr'><strong>Erunt</strong></span> <span class='ocrx_word' id='word_1_794' title='bbox 2770 3057 2870 3110; x_wconf 90' lang='lat' dir='ltr'><strong>duo</strong></span> <span class='ocrx_word' id='word_1_795' title='bbox 2894 3058 2947 3110; x_wconf 92' lang='lat' dir='ltr'><strong>in</strong></span> <span class='ocrx_word' id='word_1_796' title='bbox 2974 3075 3125 3112; x_wconf 91' lang='lat' dir='ltr'><strong>carne</strong></span> <span class='ocrx_word' id='word_1_797' title='bbox 3169 3075 3274 3112; x_wconf 88' lang='lat' dir='ltr'><strong>una</strong></span> <span class='ocrx_word' id='word_1_798' title='bbox 3323 3057 3474 3130; x_wconf 79' lang='lat' dir='ltr'><strong>(Gen.</strong></span> <span class='ocrx_word' id='word_1_799' title='bbox 3501 3074 3558 3125; x_wconf 91' lang='grc' dir='ltr'>ιι,</span> <span class='ocrx_word' id='word_1_800' title='bbox 3589 3058 3702 3128; x_wconf 68' lang='grc'><strong>24);</strong></span> <span class='ocrx_word' id='word_1_801' title='bbox 3741 3060 3817 3116; x_wconf 90' lang='lat' dir='ltr'><strong>de</strong></span> 
     </span>
    </p>
   </div>
   <div class='ocr_carea' id='block_1_93' title="bbox 2221 3147 3816 3219">
    <p class='ocr_par' dir='ltr' id='par_1_93' title="bbox 2221 3147 3816 3219">
     <span class='ocr_line' id='line_1_93' title="bbox 2221 3147 3816 3219; baseline 0.004 -19"><span class='ocrx_word' id='word_1_802' title='bbox 2221 3165 2321 3219; x_wconf 90' lang='lat' dir='ltr'><strong>qua</strong></span> <span class='ocrx_word' id='word_1_803' title='bbox 2355 3164 2411 3202; x_wconf 88' lang='lat' dir='ltr'><strong>re</strong></span> <span class='ocrx_word' id='word_1_804' title='bbox 2440 3150 2552 3217; x_wconf 87' lang='lat' dir='ltr'><strong>ipse</strong></span> <span class='ocrx_word' id='word_1_805' title='bbox 2582 3148 2734 3213; x_wconf 80' lang='lat' dir='ltr'><strong>dixit,</strong></span> <span class='ocrx_word' id='word_1_806' title='bbox 2767 3147 2947 3219; x_wconf 84' lang='lat' dir='ltr'><strong>Itaque</strong></span> <span class='ocrx_word' id='word_1_807' title='bbox 2983 3151 3091 3218; x_wconf 77' lang='lat' dir='ltr'><strong>iam</strong></span> <span class='ocrx_word' id='word_1_808' title='bbox 3119 3167 3218 3204; x_wconf 88' lang='lat' dir='ltr'><strong>non</strong></span> <span class='ocrx_word' id='word_1_809' title='bbox 3249 3150 3370 3214; x_wconf 90' lang='lat' dir='ltr'><strong>duo,</strong></span> <span class='ocrx_word' id='word_1_810' title='bbox 3403 3151 3492 3206; x_wconf 89' lang='lat' dir='ltr'><strong>sed</strong></span> <span class='ocrx_word' id='word_1_811' title='bbox 3545 3168 3646 3204; x_wconf 86' lang='lat' dir='ltr'><strong>una</strong></span> <span class='ocrx_word' id='word_1_812' title='bbox 3687 3168 3816 3206; x_wconf 88' lang='lat' dir='ltr'><strong>caro</strong></span> 
     </span>
    </p>
   </div>
   <div class='ocr_carea' id='block_1_94' title="bbox 2223 3240 3815 3314">
    <p class='ocr_par' dir='ltr' id='par_1_94' title="bbox 2223 3240 3815 3314">
     <span class='ocr_line' id='line_1_94' title="bbox 2223 3240 3815 3314; baseline 0.004 -22"><span class='ocrx_word' id='word_1_813' title='bbox 2223 3240 2414 3314; x_wconf 83' lang='lat' dir='ltr'><strong>(Marc.</strong></span> <span class='ocrx_word' id='word_1_814' title='bbox 2446 3257 2500 3305; x_wconf 91' lang='lat' dir='ltr'><strong>x,</strong></span> <span class='ocrx_word' id='word_1_815' title='bbox 2537 3241 2592 3307; x_wconf 89' lang='lat'><strong>8)</strong></span> <span class='ocrx_word' id='word_1_816' title='bbox 2623 3258 2635 3294; x_wconf 92' lang='lat'><strong>:</strong></span> <span class='ocrx_word' id='word_1_817' title='bbox 2665 3241 2956 3296; x_wconf 89' lang='lat' dir='ltr'><strong>ascendere</strong></span> <span class='ocrx_word' id='word_1_818' title='bbox 2976 3243 3196 3296; x_wconf 90' lang='lat' dir='ltr'><strong>omnino</strong></span> <span class='ocrx_word' id='word_1_819' title='bbox 3226 3259 3330 3296; x_wconf 91' lang='lat' dir='ltr'><strong>non</strong></span> <span class='ocrx_word' id='word_1_820' title='bbox 3368 3252 3653 3312; x_wconf 87' lang='lat' dir='ltr'><strong>poterunt;</strong></span> <span class='ocrx_word' id='word_1_821' title='bbox 3681 3245 3815 3310; x_wconf 83' lang='lat' dir='ltr'><strong>quia</strong></span> 
     </span>
    </p>
   </div>
   <div class='ocr_carea' id='block_1_95' title="bbox 2221 3334 3812 3405">
    <p class='ocr_par' dir='ltr' id='par_1_95' title="bbox 2221 3334 3812 3405">
     <span class='ocr_line' id='line_1_95' title="bbox 2221 3334 3812 3405; baseline 0.002 -19"><span class='ocrx_word' id='word_1_822' title='bbox 2221 3351 2365 3386; x_wconf 89' lang='lat' dir='ltr'><strong>nemo</strong></span> <span class='ocrx_word' id='word_1_823' title='bbox 2391 3334 2615 3386; x_wconf 86' lang='lat' dir='ltr'><strong>ascendit</strong></span> <span class='ocrx_word' id='word_1_824' title='bbox 2644 3335 2695 3387; x_wconf 90' lang='lat' dir='ltr'><strong>in</strong></span> <span class='ocrx_word' id='word_1_825' title='bbox 2724 3334 2925 3398; x_wconf 66' lang='lat' dir='ltr'><strong>caelum,</strong></span> <span class='ocrx_word' id='word_1_826' title='bbox 2976 3334 3072 3387; x_wconf 86' lang='lat' dir='ltr'><strong>nisi</strong></span> <span class='ocrx_word' id='word_1_827' title='bbox 3109 3336 3194 3405; x_wconf 85' lang='lat' dir='ltr'><strong>qui</strong></span> <span class='ocrx_word' id='word_1_828' title='bbox 3234 3335 3298 3390; x_wconf 86' lang='lat' dir='ltr'><strong>de</strong></span> <span class='ocrx_word' id='word_1_829' title='bbox 3345 3335 3470 3389; x_wconf 73' lang='lat' dir='ltr'><strong>coelo</strong></span> <span class='ocrx_word' id='word_1_830' title='bbox 3527 3335 3812 3401; x_wconf 86' lang='lat' dir='ltr'><strong>descendit,</strong></span> 
     </span>
    </p>
   </div>
   <div class='ocr_carea' id='block_1_96' title="bbox 2224 3427 3813 3499">
    <p class='ocr_par' dir='ltr' id='par_1_96' title="bbox 2224 3427 3813 3499">
     <span class='ocr_line' id='line_1_96' title="bbox 2224 3427 3813 3499; baseline 0.002 -18"><span class='ocrx_word' id='word_1_831' title='bbox 2224 3427 2391 3481; x_wconf 82' lang='lat' dir='ltr'><strong>Filius</strong></span> <span class='ocrx_word' id='word_1_832' title='bbox 2425 3428 2662 3490; x_wconf 87' lang='lat' dir='ltr'><strong>hominis,</strong></span> <span class='ocrx_word' id='word_1_833' title='bbox 2693 3429 2780 3499; x_wconf 88' lang='lat' dir='ltr'><strong>qui</strong></span> <span class='ocrx_word' id='word_1_834' title='bbox 2804 3437 2876 3482; x_wconf 90' lang='lat' dir='ltr'><strong>est</strong></span> <span class='ocrx_word' id='word_1_835' title='bbox 2903 3430 2956 3481; x_wconf 92' lang='lat' dir='ltr'><strong>in</strong></span> <span class='ocrx_word' id='word_1_836' title='bbox 2976 3427 3388 3494; x_wconf 71' lang='lat' dir='ltr'><strong>caelo.Quamvis</strong></span> <span class='ocrx_word' id='word_1_837' title='bbox 3409 3429 3552 3483; x_wconf 87' lang='lat' dir='ltr'><strong>enim</strong></span> <span class='ocrx_word' id='word_1_838' title='bbox 3580 3429 3633 3482; x_wconf 90' lang='lat' dir='ltr'><strong>in</strong></span> <span class='ocrx_word' id='word_1_839' title='bbox 3661 3438 3813 3484; x_wconf 82' lang='lat' dir='ltr'><strong>terra</strong></span> 
     </span>
    </p>
   </div>
   <div class='ocr_carea' id='block_1_97' title="bbox 2221 3519 3808 3591">
    <p class='ocr_par' dir='ltr' id='par_1_97' title="bbox 2221 3519 3808 3591">
     <span class='ocr_line' id='line_1_97' title="bbox 2221 3519 3808 3591; baseline 0.002 -20"><span class='ocrx_word' id='word_1_840' title='bbox 2221 3521 2388 3573; x_wconf 88' lang='lat' dir='ltr'><strong>lactus</strong></span> <span class='ocrx_word' id='word_1_841' title='bbox 2413 3521 2481 3572; x_wconf 90' lang='lat' dir='ltr'><strong>sit</strong></span> <span class='ocrx_word' id='word_1_842' title='bbox 2511 3519 2646 3572; x_wconf 90' lang='lat' dir='ltr'><strong>ﬁlius</strong></span> <span class='ocrx_word' id='word_1_843' title='bbox 2679 3520 2929 3586; x_wconf 91' lang='lat' dir='ltr'><strong>hominis,</strong></span> <span class='ocrx_word' id='word_1_844' title='bbox 2961 3520 3288 3575; x_wconf 81' lang='lat' dir='ltr'><strong>divinitatem</strong></span> <span class='ocrx_word' id='word_1_845' title='bbox 3316 3531 3488 3576; x_wconf 88' lang='lat' dir='ltr'><strong>tamen</strong></span> <span class='ocrx_word' id='word_1_846' title='bbox 3524 3535 3672 3574; x_wconf 90' lang='lat' dir='ltr'><strong>suam</strong></span> <span class='ocrx_word' id='word_1_847' title='bbox 3696 3536 3808 3591; x_wconf 90' lang='lat' dir='ltr'><strong>qua</strong></span> 
     </span>
    </p>
   </div>
   <div class='ocr_carea' id='block_1_98' title="bbox 2221 3613 3810 3682">
    <p class='ocr_par' dir='ltr' id='par_1_98' title="bbox 2221 3613 3810 3682">
     <span class='ocr_line' id='line_1_98' title="bbox 2221 3613 3810 3682; baseline 0.001 -16"><span class='ocrx_word' id='word_1_848' title='bbox 2221 3614 2271 3666; x_wconf 92' lang='lat' dir='ltr'><strong>in</strong></span> <span class='ocrx_word' id='word_1_849' title='bbox 2298 3613 2436 3668; x_wconf 68' lang='lat' dir='ltr'><strong>caelo</strong></span> <span class='ocrx_word' id='word_1_850' title='bbox 2465 3629 2685 3666; x_wconf 88' lang='lat' dir='ltr'><strong>manens</strong></span> <span class='ocrx_word' id='word_1_851' title='bbox 2716 3613 2994 3668; x_wconf 90' lang='lat' dir='ltr'><strong>descendit</strong></span> <span class='ocrx_word' id='word_1_852' title='bbox 3023 3613 3090 3667; x_wconf 89' lang='lat' dir='ltr'><strong>ad</strong></span> <span class='ocrx_word' id='word_1_853' title='bbox 3132 3623 3347 3680; x_wconf 86' lang='lat' dir='ltr'><strong>terram,</strong></span> <span class='ocrx_word' id='word_1_854' title='bbox 3379 3628 3484 3667; x_wconf 92' lang='lat' dir='ltr'><strong>non</strong></span> <span class='ocrx_word' id='word_1_855' title='bbox 3531 3613 3810 3682; x_wconf 81' lang='lat' dir='ltr'><strong>indignam</strong></span> 
     </span>
    </p>
   </div>
   <div class='ocr_carea' id='block_1_99' title="bbox 2217 3705 3812 3772">
    <p class='ocr_par' dir='ltr' id='par_1_99' title="bbox 2217 3705 3812 3772">
     <span class='ocr_line' id='line_1_99' title="bbox 2217 3705 3812 3772; baseline 0 -12"><span class='ocrx_word' id='word_1_856' title='bbox 2217 3708 2427 3762; x_wconf 89' lang='lat' dir='ltr'><strong>censuit</strong></span> <span class='ocrx_word' id='word_1_857' title='bbox 2458 3707 2676 3761; x_wconf 89' lang='lat' dir='ltr'><strong>nomine</strong></span> <span class='ocrx_word' id='word_1_858' title='bbox 2702 3705 2793 3759; x_wconf 91' lang='lat' dir='ltr'><strong>ﬁlii</strong></span> <span class='ocrx_word' id='word_1_859' title='bbox 2824 3707 3073 3772; x_wconf 89' lang='lat' dir='ltr'><strong>hominis,</strong></span> <span class='ocrx_word' id='word_1_860' title='bbox 3107 3707 3242 3761; x_wconf 90' lang='lat' dir='ltr'><strong>sicut</strong></span> <span class='ocrx_word' id='word_1_861' title='bbox 3287 3722 3505 3762; x_wconf 88' lang='lat' dir='ltr'><strong>carnem</strong></span> <span class='ocrx_word' id='word_1_862' title='bbox 3547 3721 3694 3760; x_wconf 88' lang='lat' dir='ltr'><strong>suam</strong></span> <span class='ocrx_word' id='word_1_863' title='bbox 3723 3705 3812 3760; x_wconf 86' lang='lat' dir='ltr'><strong>di-</strong></span> 
     </span>
    </p>
   </div>
   <div class='ocr_carea' id='block_1_100' title="bbox 2217 3799 3809 3871">
    <p class='ocr_par' dir='ltr' id='par_1_100' title="bbox 2217 3799 3809 3871">
     <span class='ocr_line' id='line_1_100' title="bbox 2217 3799 3809 3871; baseline -0.001 -18"><span class='ocrx_word' id='word_1_864' title='bbox 2217 3811 2405 3871; x_wconf 80' lang='lat' dir='ltr'><strong>gnatus</strong></span> <span class='ocrx_word' id='word_1_865' title='bbox 2427 3811 2508 3854; x_wconf 85' lang='lat' dir='ltr'><strong>est</strong></span> <span class='ocrx_word' id='word_1_866' title='bbox 2534 3801 2749 3853; x_wconf 89' lang='lat' dir='ltr'><strong>nomine</strong></span> <span class='ocrx_word' id='word_1_867' title='bbox 2772 3799 2866 3854; x_wconf 85' lang='lat' dir='ltr'><strong>ﬁlii</strong></span> <span class='ocrx_word' id='word_1_868' title='bbox 2907 3801 3019 3861; x_wconf 89' lang='lat' dir='ltr'><strong>Dei,</strong></span> <span class='ocrx_word' id='word_1_869' title='bbox 3043 3816 3108 3854; x_wconf 91' lang='lat' dir='ltr'><strong>ne</strong></span> <span class='ocrx_word' id='word_1_870' title='bbox 3127 3800 3276 3869; x_wconf 84' lang='lat' dir='ltr'><strong>quasi</strong></span> <span class='ocrx_word' id='word_1_871' title='bbox 3307 3800 3412 3853; x_wconf 90' lang='lat' dir='ltr'><strong>duo</strong></span> <span class='ocrx_word' id='word_1_872' title='bbox 3437 3799 3635 3855; x_wconf 87' lang='lat' dir='ltr'><strong>Christi</strong></span> <span class='ocrx_word' id='word_1_873' title='bbox 3660 3799 3762 3852; x_wconf 85' lang='lat' dir='ltr'><strong>ista</strong></span> <span class='ocrx_word' id='word_1_874' title='bbox 3786 3799 3809 3830; x_wconf 84' lang='grc'><em>³</em></span> 
     </span>
    </p>
   </div>
   <div class='ocr_carea' id='block_1_101' title="bbox 2217 3891 3809 3961">
    <p class='ocr_par' dir='ltr' id='par_1_101' title="bbox 2217 3891 3809 3961">
     <span class='ocr_line' id='line_1_101' title="bbox 2217 3891 3809 3961; baseline 0.002 -18"><span class='ocrx_word' id='word_1_875' title='bbox 2217 3891 2542 3960; x_wconf 87' lang='lat' dir='ltr'><strong>accipiantur</strong></span> <span class='ocrx_word' id='word_1_876' title='bbox 2568 3891 2666 3961; x_wconf 86' lang='grc' dir='ltr'><strong>(α),</strong></span> <span class='ocrx_word' id='word_1_877' title='bbox 2700 3907 2834 3944; x_wconf 91' lang='lat' dir='ltr'><strong>unus</strong></span> <span class='ocrx_word' id='word_1_878' title='bbox 2869 3892 3026 3956; x_wconf 89' lang='lat' dir='ltr'><strong>Deus,</strong></span> <span class='ocrx_word' id='word_1_879' title='bbox 3061 3899 3114 3944; x_wconf 88' lang='lat' dir='ltr'><strong>et</strong></span> <span class='ocrx_word' id='word_1_880' title='bbox 3143 3891 3278 3944; x_wconf 86' lang='lat' dir='ltr'><strong>alter</strong></span> <span class='ocrx_word' id='word_1_881' title='bbox 3309 3892 3469 3944; x_wconf 87' lang='lat' dir='ltr'><strong>homo</strong></span> <span class='ocrx_word' id='word_1_882' title='bbox 3499 3909 3512 3944; x_wconf 90' lang='lat'>:</span> <span class='ocrx_word' id='word_1_883' title='bbox 3545 3891 3636 3944; x_wconf 83' lang='lat' dir='ltr'><strong>sed</strong></span> <span class='ocrx_word' id='word_1_884' title='bbox 3665 3907 3809 3945; x_wconf 88' lang='lat' dir='ltr'><strong>unus</strong></span> 
     </span>
    </p>
   </div>
   <div class='ocr_carea' id='block_1_102' title="bbox 2216 3984 3807 4055">
    <p class='ocr_par' dir='ltr' id='par_1_102' title="bbox 2216 3984 3807 4055">
     <span class='ocr_line' id='line_1_102' title="bbox 2216 3984 3807 4055; baseline -0.001 -16"><span class='ocrx_word' id='word_1_885' title='bbox 2216 3995 2374 4055; x_wconf 86' lang='lat' dir='ltr'><strong>atque</strong></span> <span class='ocrx_word' id='word_1_886' title='bbox 2399 3985 2537 4039; x_wconf 89' lang='lat' dir='ltr'><strong>idem</strong></span> <span class='ocrx_word' id='word_1_887' title='bbox 2569 3986 2704 4038; x_wconf 78' lang='lat' dir='ltr'><strong>Deus</strong></span> <span class='ocrx_word' id='word_1_888' title='bbox 2726 3993 2780 4038; x_wconf 92' lang='lat' dir='ltr'><strong>et</strong></span> <span class='ocrx_word' id='word_1_889' title='bbox 2803 3985 2996 4050; x_wconf 89' lang='grc' dir='ltr'>Ιιυιιιο;</span> <span class='ocrx_word' id='word_1_890' title='bbox 3026 3986 3184 4049; x_wconf 83' lang='lat' dir='ltr'><strong>Deus,</strong></span> <span class='ocrx_word' id='word_1_891' title='bbox 3210 3986 3329 4053; x_wconf 87' lang='lat' dir='ltr'><strong>quia</strong></span> <span class='ocrx_word' id='word_1_892' title='bbox 3353 3984 3405 4037; x_wconf 90' lang='lat' dir='ltr'><strong>in</strong></span> <span class='ocrx_word' id='word_1_893' title='bbox 3427 3985 3678 4053; x_wconf 87' lang='lat' dir='ltr'><strong>principio</strong></span> <span class='ocrx_word' id='word_1_894' title='bbox 3691 3993 3807 4037; x_wconf 86' lang='lat' dir='ltr'><strong>erat</strong></span> 
     </span>
    </p>
   </div>
   <div class='ocr_carea' id='block_1_103' title="bbox 2224 4073 3806 4146">
    <p class='ocr_par' dir='ltr' id='par_1_103' title="bbox 2224 4073 3806 4146">
     <span class='ocr_line' id='line_1_103' title="bbox 2224 4073 3806 4146; baseline -0.001 -16"><span class='ocrx_word' id='word_1_895' title='bbox 2224 4076 2440 4132; x_wconf 88' lang='lat' dir='ltr'><strong>Verbum</strong></span> <span class='ocrx_word' id='word_1_896' title='bbox 2465 4119 2478 4141; x_wconf 92' lang='lat'><strong>,</strong></span> <span class='ocrx_word' id='word_1_897' title='bbox 2511 4087 2557 4131; x_wconf 91' lang='lat' dir='ltr'><strong>et</strong></span> <span class='ocrx_word' id='word_1_898' title='bbox 2591 4075 2810 4130; x_wconf 79' lang='lat' dir='ltr'><strong>Verbum</strong></span> <span class='ocrx_word' id='word_1_899' title='bbox 2855 4084 2962 4130; x_wconf 91' lang='lat' dir='ltr'><strong>erat</strong></span> <span class='ocrx_word' id='word_1_900' title='bbox 3013 4075 3152 4146; x_wconf 89' lang='lat' dir='ltr'><strong>apud</strong></span> <span class='ocrx_word' id='word_1_901' title='bbox 3193 4075 3377 4142; x_wconf 89' lang='lat' dir='ltr'><strong>Deum,</strong></span> <span class='ocrx_word' id='word_1_902' title='bbox 3425 4084 3472 4128; x_wconf 90' lang='lat' dir='ltr'><strong>et</strong></span> <span class='ocrx_word' id='word_1_903' title='bbox 3510 4073 3649 4129; x_wconf 91' lang='lat' dir='ltr'><strong>Deus</strong></span> <span class='ocrx_word' id='word_1_904' title='bbox 3688 4085 3806 4128; x_wconf 88' lang='lat' dir='ltr'><strong>erat</strong></span> 
     </span>
    </p>
   </div>
   <div class='ocr_carea' id='block_1_104' title="bbox 2224 4167 3807 4239">
    <p class='ocr_par' dir='ltr' id='par_1_104' title="bbox 2224 4167 3807 4239">
     <span class='ocr_line' id='line_1_104' title="bbox 2224 4167 3807 4239; baseline -0.001 -17"><span class='ocrx_word' id='word_1_905' title='bbox 2224 4169 2475 4235; x_wconf 83' lang='lat' dir='ltr'><strong>Verbum;</strong></span> <span class='ocrx_word' id='word_1_906' title='bbox 2507 4171 2685 4233; x_wconf 87' lang='lat' dir='ltr'><strong>homo,</strong></span> <span class='ocrx_word' id='word_1_907' title='bbox 2719 4169 2838 4239; x_wconf 88' lang='lat' dir='ltr'><strong>quia</strong></span> <span class='ocrx_word' id='word_1_908' title='bbox 2874 4167 3088 4222; x_wconf 88' lang='lat' dir='ltr'><strong>Verbunt</strong></span> <span class='ocrx_word' id='word_1_909' title='bbox 3123 4185 3242 4222; x_wconf 87' lang='lat' dir='ltr'><strong>caro</strong></span> <span class='ocrx_word' id='word_1_910' title='bbox 3266 4171 3458 4238; x_wconf 73' lang='lat' dir='ltr'><strong>factum</strong></span> <span class='ocrx_word' id='word_1_911' title='bbox 3484 4173 3586 4230; x_wconf 88' lang='lat' dir='ltr'><strong>est,</strong></span> <span class='ocrx_word' id='word_1_912' title='bbox 3633 4177 3677 4221; x_wconf 91' lang='lat' dir='ltr'><strong>et</strong></span> <span class='ocrx_word' id='word_1_913' title='bbox 3703 4169 3807 4221; x_wconf 86' lang='lat' dir='ltr'><strong>ha-</strong></span> 
     </span>
    </p>
   </div>
   <div class='ocr_carea' id='block_1_105' title="bbox 2213 4258 3808 4334">
    <p class='ocr_par' dir='ltr' id='par_1_105' title="bbox 2213 4258 3808 4334">
     <span class='ocr_line' id='line_1_105' title="bbox 2213 4258 3808 4334; baseline -0.003 -17"><span class='ocrx_word' id='word_1_914' title='bbox 2213 4263 2385 4318; x_wconf 77' lang='lat' dir='ltr'><strong>bitarit</strong></span> <span class='ocrx_word' id='word_1_915' title='bbox 2408 4264 2458 4316; x_wconf 92' lang='lat' dir='ltr'><strong>in</strong></span> <span class='ocrx_word' id='word_1_916' title='bbox 2490 4263 2631 4316; x_wconf 87' lang='lat' dir='ltr'><strong>nobis</strong></span> <span class='ocrx_word' id='word_1_917' title='bbox 2656 4260 2832 4332; x_wconf 84' lang='lat' dir='ltr'><strong>(Joan.</strong></span> <span class='ocrx_word' id='word_1_918' title='bbox 2859 4277 2896 4327; x_wconf 87' lang='grc' dir='ltr'>ι,</span> <span class='ocrx_word' id='word_1_919' title='bbox 2923 4262 2976 4326; x_wconf 81' lang='grc'>1,</span> <span class='ocrx_word' id='word_1_920' title='bbox 3002 4258 3110 4334; x_wconf 79' lang='grc' dir='ltr'><strong>Η).</strong></span> <span class='ocrx_word' id='word_1_921' title='bbox 3140 4262 3218 4315; x_wconf 85' lang='lat' dir='ltr'><strong>Ac</strong></span> <span class='ocrx_word' id='word_1_922' title='bbox 3238 4277 3332 4331; x_wconf 92' lang='lat' dir='ltr'><strong>per</strong></span> <span class='ocrx_word' id='word_1_923' title='bbox 3358 4259 3456 4314; x_wconf 91' lang='lat' dir='ltr'><strong>hoc</strong></span> <span class='ocrx_word' id='word_1_924' title='bbox 3483 4275 3576 4329; x_wconf 90' lang='lat' dir='ltr'><strong>per</strong></span> <span class='ocrx_word' id='word_1_925' title='bbox 3595 4259 3808 4314; x_wconf 84' lang='lat' dir='ltr'><strong>distan-</strong></span> 
     </span>
    </p>
   </div>
   <div class='ocr_carea' id='block_1_106' title="bbox 2215 4353 3801 4432">
    <p class='ocr_par' dir='ltr' id='par_1_106' title="bbox 2215 4353 3801 4432">
     <span class='ocr_line' id='line_1_106' title="bbox 2215 4353 3801 4432; baseline -0.003 -20"><span class='ocrx_word' id='word_1_926' title='bbox 2215 4360 2340 4412; x_wconf 87' lang='lat' dir='ltr'><strong>tiam</strong></span> <span class='ocrx_word' id='word_1_927' title='bbox 2367 4357 2660 4432; x_wconf 80' lang='lat' dir='ltr'><strong>divinitatis</strong></span> <span class='ocrx_word' id='word_1_928' title='bbox 2685 4364 2742 4411; x_wconf 91' lang='lat' dir='ltr'><strong>et</strong></span> <span class='ocrx_word' id='word_1_929' title='bbox 2773 4355 3096 4409; x_wconf 89' lang='lat' dir='ltr'><strong>inﬁrmitatis</strong></span> <span class='ocrx_word' id='word_1_930' title='bbox 3125 4355 3262 4408; x_wconf 87' lang='lat' dir='ltr'><strong>lilius</strong></span> <span class='ocrx_word' id='word_1_931' title='bbox 3321 4354 3410 4408; x_wconf 90' lang='lat' dir='ltr'><strong>Dei</strong></span> <span class='ocrx_word' id='word_1_932' title='bbox 3460 4353 3708 4407; x_wconf 86' lang='lat' dir='ltr'><strong>manebat</strong></span> <span class='ocrx_word' id='word_1_933' title='bbox 3748 4354 3801 4408; x_wconf 90' lang='lat' dir='ltr'><strong>in</strong></span> 
     </span>
    </p>
   </div>
   <div class='ocr_carea' id='block_1_107' title="bbox 2212 4447 3805 4516">
    <p class='ocr_par' dir='ltr' id='par_1_107' title="bbox 2212 4447 3805 4516">
     <span class='ocr_line' id='line_1_107' title="bbox 2212 4447 3805 4516; baseline -0.002 -11"><span class='ocrx_word' id='word_1_934' title='bbox 2212 4451 2370 4511; x_wconf 63' lang='lat' dir='ltr'><strong>carlo,</strong></span> <span class='ocrx_word' id='word_1_935' title='bbox 2399 4450 2536 4502; x_wconf 89' lang='lat' dir='ltr'><strong>tilius</strong></span> <span class='ocrx_word' id='word_1_936' title='bbox 2570 4448 2800 4502; x_wconf 87' lang='lat' dir='ltr'><strong>hominis</strong></span> <span class='ocrx_word' id='word_1_937' title='bbox 2843 4447 3150 4501; x_wconf 85' lang='lat' dir='ltr'><strong>ambulabat</strong></span> <span class='ocrx_word' id='word_1_938' title='bbox 3187 4448 3240 4500; x_wconf 91' lang='lat' dir='ltr'><strong>in</strong></span> <span class='ocrx_word' id='word_1_939' title='bbox 3270 4455 3408 4501; x_wconf 88' lang='lat' dir='ltr'><strong>terra</strong></span> <span class='ocrx_word' id='word_1_940' title='bbox 3443 4463 3456 4499; x_wconf 88' lang='lat'><strong>:</strong></span> <span class='ocrx_word' id='word_1_941' title='bbox 3489 4462 3584 4516; x_wconf 89' lang='lat' dir='ltr'><strong>per</strong></span> <span class='ocrx_word' id='word_1_942' title='bbox 3622 4448 3805 4502; x_wconf 82' lang='lat' dir='ltr'><strong>unita-</strong></span> 
     </span>
    </p>
   </div>
   <div class='ocr_carea' id='block_1_108' title="bbox 2213 4539 3801 4612">
    <p class='ocr_par' dir='ltr' id='par_1_108' title="bbox 2213 4539 3801 4612">
     <span class='ocr_line' id='line_1_108' title="bbox 2213 4539 3801 4612; baseline -0.001 -14"><span class='ocrx_word' id='word_1_943' title='bbox 2213 4553 2316 4598; x_wconf 89' lang='lat' dir='ltr'><strong>tem</strong></span> <span class='ocrx_word' id='word_1_944' title='bbox 2369 4558 2494 4596; x_wconf 72' lang='lat' dir='ltr'><strong>voro</strong></span> <span class='ocrx_word' id='word_1_945' title='bbox 2543 4557 2828 4612; x_wconf 77' lang='lat' dir='ltr'><strong>personm,</strong></span> <span class='ocrx_word' id='word_1_946' title='bbox 2881 4556 2985 4611; x_wconf 92' lang='lat' dir='ltr'><strong>qua</strong></span> <span class='ocrx_word' id='word_1_947' title='bbox 3028 4549 3251 4610; x_wconf 90' lang='lat' dir='ltr'><strong>utraque</strong></span> <span class='ocrx_word' id='word_1_948' title='bbox 3305 4539 3600 4594; x_wconf 89' lang='lat' dir='ltr'><strong>substantia</strong></span> <span class='ocrx_word' id='word_1_949' title='bbox 3657 4555 3801 4596; x_wconf 90' lang='lat' dir='ltr'><strong>unus</strong></span> 
     </span>
    </p>
   </div>
   <div class='ocr_carea' id='block_1_109' title="bbox 2210 4631 3799 4698">
    <p class='ocr_par' dir='ltr' id='par_1_109' title="bbox 2210 4631 3799 4698">
     <span class='ocr_line' id='line_1_109' title="bbox 2210 4631 3799 4698; baseline -0.001 -9"><span class='ocrx_word' id='word_1_950' title='bbox 2210 4634 2450 4689; x_wconf 71' lang='lat' dir='ltr'><strong>Christus</strong></span> <span class='ocrx_word' id='word_1_951' title='bbox 2497 4641 2600 4698; x_wconf 77' lang='lat' dir='ltr'><strong>est,</strong></span> <span class='ocrx_word' id='word_1_952' title='bbox 2643 4643 2696 4688; x_wconf 91' lang='lat' dir='ltr'><strong>et</strong></span> <span class='ocrx_word' id='word_1_953' title='bbox 2725 4632 2863 4686; x_wconf 86' lang='lat' dir='ltr'><strong>[ilius</strong></span> <span class='ocrx_word' id='word_1_954' title='bbox 2921 4632 3014 4686; x_wconf 91' lang='lat' dir='ltr'><strong>Dei</strong></span> <span class='ocrx_word' id='word_1_955' title='bbox 3064 4631 3368 4686; x_wconf 86' lang='lat' dir='ltr'><strong>ambulabat</strong></span> <span class='ocrx_word' id='word_1_956' title='bbox 3423 4631 3479 4686; x_wconf 91' lang='lat' dir='ltr'><strong>in</strong></span> <span class='ocrx_word' id='word_1_957' title='bbox 3529 4642 3692 4697; x_wconf 85' lang='lat' dir='ltr'><strong>terra,</strong></span> <span class='ocrx_word' id='word_1_958' title='bbox 3741 4641 3799 4687; x_wconf 87' lang='lat' dir='ltr'><strong>et</strong></span> 
     </span>
    </p>
   </div>
   <div class='ocr_carea' id='block_1_110' title="bbox 2210 4722 3796 4795">
    <p class='ocr_par' dir='ltr' id='par_1_110' title="bbox 2210 4722 3796 4795">
     <span class='ocr_line' id='line_1_110' title="bbox 2210 4722 3796 4795; baseline 0.003 -17"><span class='ocrx_word' id='word_1_959' title='bbox 2210 4725 2348 4778; x_wconf 88' lang='lat' dir='ltr'><strong>idem</strong></span> <span class='ocrx_word' id='word_1_960' title='bbox 2376 4724 2488 4793; x_wconf 83' lang='lat' dir='ltr'><strong>ipse</strong></span> <span class='ocrx_word' id='word_1_961' title='bbox 2511 4722 2650 4776; x_wconf 89' lang='lat' dir='ltr'><strong>ﬁlius</strong></span> <span class='ocrx_word' id='word_1_962' title='bbox 2673 4723 2904 4778; x_wconf 90' lang='lat' dir='ltr'><strong>hominis</strong></span> <span class='ocrx_word' id='word_1_963' title='bbox 2948 4725 3195 4778; x_wconf 89' lang='lat' dir='ltr'><strong>manebat</strong></span> <span class='ocrx_word' id='word_1_964' title='bbox 3241 4723 3290 4777; x_wconf 93' lang='lat' dir='ltr'><strong>in</strong></span> <span class='ocrx_word' id='word_1_965' title='bbox 3348 4724 3506 4779; x_wconf 64' lang='lat' dir='ltr'><strong>caelo.</strong></span> <span class='ocrx_word' id='word_1_966' title='bbox 3540 4723 3626 4778; x_wconf 83' lang='lat' dir='ltr'><strong>Fit</strong></span> <span class='ocrx_word' id='word_1_967' title='bbox 3661 4739 3796 4795; x_wconf 76' lang='lat' dir='ltr'><strong>ergo</strong></span> 
     </span>
    </p>
   </div>
   <div class='ocr_carea' id='block_1_111' title="bbox 2207 4815 3793 4874">
    <p class='ocr_par' dir='ltr' id='par_1_111' title="bbox 2207 4815 3793 4874">
     <span class='ocr_line' id='line_1_111' title="bbox 2207 4815 3793 4874; baseline 0.001 -1"><span class='ocrx_word' id='word_1_968' title='bbox 2207 4818 2603 4874; x_wconf 87' lang='lat' dir='ltr'><strong>credibiliornm</strong></span> <span class='ocrx_word' id='word_1_969' title='bbox 2628 4816 2760 4870; x_wconf 89' lang='lat' dir='ltr'><strong>ﬁdes</strong></span> <span class='ocrx_word' id='word_1_970' title='bbox 2787 4815 2808 4846; x_wconf 74' lang='grc'><strong>⁸</strong></span> <span class='ocrx_word' id='word_1_971' title='bbox 2835 4833 2900 4870; x_wconf 83' lang='lat' dir='ltr'><strong>ex</strong></span> <span class='ocrx_word' id='word_1_972' title='bbox 2927 4815 3412 4871; x_wconf 83' lang='lat' dir='ltr'><strong>incredibilioribus</strong></span> <span class='ocrx_word' id='word_1_973' title='bbox 3456 4817 3694 4872; x_wconf 88' lang='lat' dir='ltr'><strong>creditis.</strong></span> <span class='ocrx_word' id='word_1_974' title='bbox 3733 4819 3793 4874; x_wconf 91' lang='lat' dir='ltr'><strong>Si</strong></span> 
     </span>
    </p>
   </div>
   <div class='ocr_carea' id='block_1_112' title="bbox 2207 4907 3798 4980">
    <p class='ocr_par' dir='ltr' id='par_1_112' title="bbox 2207 4907 3798 4980">
     <span class='ocr_line' id='line_1_112' title="bbox 2207 4907 3798 4980; baseline -0.001 -14"><span class='ocrx_word' id='word_1_975' title='bbox 2207 4911 2346 4966; x_wconf 88' lang='lat' dir='ltr'><strong>enim</strong></span> <span class='ocrx_word' id='word_1_976' title='bbox 2371 4909 2546 4963; x_wconf 82' lang='lat' dir='ltr'><strong>divina</strong></span> <span class='ocrx_word' id='word_1_977' title='bbox 2571 4909 2865 4963; x_wconf 83' lang='lat' dir='ltr'><strong>substantia</strong></span> <span class='ocrx_word' id='word_1_978' title='bbox 2896 4907 3053 4979; x_wconf 78' lang='lat' dir='ltr'><strong>longe</strong></span> <span class='ocrx_word' id='word_1_979' title='bbox 3079 4909 3360 4963; x_wconf 89' lang='lat' dir='ltr'><strong>distantior</strong></span> <span class='ocrx_word' id='word_1_980' title='bbox 3385 4919 3548 4980; x_wconf 88' lang='lat' dir='ltr'><strong>atque</strong></span> <span class='ocrx_word' id='word_1_981' title='bbox 3585 4910 3798 4964; x_wconf 88' lang='lat' dir='ltr'><strong>incom-</strong></span> 
     </span>
    </p>
   </div>
   <div class='ocr_carea' id='block_1_113' title="bbox 2206 4999 3794 5074">
    <p class='ocr_par' dir='ltr' id='par_1_113' title="bbox 2206 4999 3794 5074">
     <span class='ocr_line' id='line_1_113' title="bbox 2206 4999 3794 5074; baseline 0.001 -19"><span class='ocrx_word' id='word_1_982' title='bbox 2206 5002 2426 5074; x_wconf 83' lang='lat' dir='ltr'><strong>parabili</strong></span> <span class='ocrx_word' id='word_1_983' title='bbox 2455 5001 2768 5056; x_wconf 83' lang='lat' dir='ltr'><strong>diversitate</strong></span> <span class='ocrx_word' id='word_1_984' title='bbox 2797 5001 3096 5066; x_wconf 89' lang='lat' dir='ltr'><strong>sublimior,</strong></span> <span class='ocrx_word' id='word_1_985' title='bbox 3139 5001 3312 5070; x_wconf 91' lang='lat' dir='ltr'><strong>potuit</strong></span> <span class='ocrx_word' id='word_1_986' title='bbox 3334 5010 3554 5072; x_wconf 84' lang='lat' dir='ltr'><strong>prepter</strong></span> <span class='ocrx_word' id='word_1_987' title='bbox 3577 5017 3675 5056; x_wconf 90' lang='lat' dir='ltr'><strong>nos</strong></span> <span class='ocrx_word' id='word_1_988' title='bbox 3717 4999 3794 5056; x_wconf 91' lang='lat' dir='ltr'><strong>ita</strong></span> 
     </span>
    </p>
   </div>
   <div class='ocr_carea' id='block_1_114' title="bbox 2205 5091 3797 5163">
    <p class='ocr_par' dir='ltr' id='par_1_114' title="bbox 2205 5091 3797 5163">
     <span class='ocr_line' id='line_1_114' title="bbox 2205 5091 3797 5163; baseline 0.001 -16"><span class='ocrx_word' id='word_1_989' title='bbox 2205 5095 2476 5163; x_wconf 52' lang='lat' dir='ltr'><strong>suscipere</strong></span> <span class='ocrx_word' id='word_1_990' title='bbox 2525 5093 2809 5146; x_wconf 88' lang='lat' dir='ltr'><strong>humanam</strong></span> <span class='ocrx_word' id='word_1_991' title='bbox 2868 5091 3240 5158; x_wconf 89' lang='lat' dir='ltr'><strong>substantiam,</strong></span> <span class='ocrx_word' id='word_1_992' title='bbox 3293 5101 3351 5146; x_wconf 93' lang='lat' dir='ltr'><strong>ut</strong></span> <span class='ocrx_word' id='word_1_993' title='bbox 3414 5108 3518 5148; x_wconf 88' lang='lat' dir='ltr'><strong>una</strong></span> <span class='ocrx_word' id='word_1_994' title='bbox 3559 5109 3797 5163; x_wconf 86' lang='lat' dir='ltr'><strong>persona</strong></span> 
     </span>
    </p>
   </div>
   <div class='ocr_carea' id='block_1_115' title="bbox 2206 5184 3793 5255">
    <p class='ocr_par' dir='ltr' id='par_1_115' title="bbox 2206 5184 3793 5255">
     <span class='ocr_line' id='line_1_115' title="bbox 2206 5184 3793 5255; baseline -0.003 -13"><span class='ocrx_word' id='word_1_995' title='bbox 2206 5190 2376 5251; x_wconf 89' lang='lat' dir='ltr'><strong>ﬁeret,</strong></span> <span class='ocrx_word' id='word_1_996' title='bbox 2403 5201 2465 5240; x_wconf 89' lang='lat' dir='ltr'><strong>ac</strong></span> <span class='ocrx_word' id='word_1_997' title='bbox 2494 5185 2572 5240; x_wconf 89' lang='lat' dir='ltr'><strong>sic</strong></span> <span class='ocrx_word' id='word_1_998' title='bbox 2595 5185 2731 5239; x_wconf 74' lang='lat' dir='ltr'><strong>ﬁlius</strong></span> <span class='ocrx_word' id='word_1_999' title='bbox 2760 5184 2992 5238; x_wconf 90' lang='lat' dir='ltr'><strong>hominis</strong></span> <span class='ocrx_word' id='word_1_1000' title='bbox 3021 5184 3253 5254; x_wconf 87' lang='lat' dir='ltr'><strong>quierat</strong></span> <span class='ocrx_word' id='word_1_1001' title='bbox 3283 5184 3334 5237; x_wconf 91' lang='lat' dir='ltr'><strong>in</strong></span> <span class='ocrx_word' id='word_1_1002' title='bbox 3367 5193 3506 5239; x_wconf 89' lang='lat' dir='ltr'><strong>terra</strong></span> <span class='ocrx_word' id='word_1_1003' title='bbox 3541 5199 3638 5255; x_wconf 89' lang='lat' dir='ltr'><strong>per</strong></span> <span class='ocrx_word' id='word_1_1004' title='bbox 3664 5199 3793 5239; x_wconf 83' lang='lat' dir='ltr'><strong>car—</strong></span> 
     </span>
    </p>
   </div>
   <div class='ocr_carea' id='block_1_116' title="bbox 2203 5276 3794 5346">
    <p class='ocr_par' dir='ltr' id='par_1_116' title="bbox 2203 5276 3794 5346">
     <span class='ocr_line' id='line_1_116' title="bbox 2203 5276 3794 5346; baseline -0.001 -12"><span class='ocrx_word' id='word_1_1005' title='bbox 2203 5281 2285 5335; x_wconf 88' lang='lat' dir='ltr'><strong>nis</strong></span> <span class='ocrx_word' id='word_1_1006' title='bbox 2314 5278 2696 5340; x_wconf 90' lang='lat' dir='ltr'><strong>inﬁrmitatem,</strong></span> <span class='ocrx_word' id='word_1_1007' title='bbox 2723 5276 2862 5331; x_wconf 90' lang='lat' dir='ltr'><strong>idem</strong></span> <span class='ocrx_word' id='word_1_1008' title='bbox 2887 5278 3002 5345; x_wconf 88' lang='lat' dir='ltr'><strong>ipse</strong></span> <span class='ocrx_word' id='word_1_1009' title='bbox 3033 5285 3178 5331; x_wconf 89' lang='lat' dir='ltr'><strong>esset</strong></span> <span class='ocrx_word' id='word_1_1010' title='bbox 3200 5276 3251 5328; x_wconf 92' lang='lat' dir='ltr'><strong>in</strong></span> <span class='ocrx_word' id='word_1_1011' title='bbox 3270 5277 3408 5330; x_wconf 79' lang='lat' dir='ltr'><strong>coelo</strong></span> <span class='ocrx_word' id='word_1_1012' title='bbox 3439 5292 3536 5346; x_wconf 91' lang='lat' dir='ltr'><strong>per</strong></span> <span class='ocrx_word' id='word_1_1013' title='bbox 3569 5276 3794 5346; x_wconf 85' lang='lat' dir='ltr'><strong>partici-</strong></span> 
     </span>
    </p>
   </div>
   <div class='ocr_carea' id='block_1_117' title="bbox 2202 5366 3787 5444">
    <p class='ocr_par' dir='ltr' id='par_1_117' title="bbox 2202 5366 3787 5444">
     <span class='ocr_line' id='line_1_117' title="bbox 2202 5366 3787 5444; baseline -0.003 -18"><span class='ocrx_word' id='word_1_1014' title='bbox 2202 5383 2378 5444; x_wconf 88' lang='lat' dir='ltr'><strong>patam</strong></span> <span class='ocrx_word' id='word_1_1015' title='bbox 2405 5371 2550 5427; x_wconf 89' lang='lat' dir='ltr'><strong>carni</strong></span> <span class='ocrx_word' id='word_1_1016' title='bbox 2577 5370 2907 5423; x_wconf 89' lang='lat' dir='ltr'><strong>divinitatem</strong></span> <span class='ocrx_word' id='word_1_1017' title='bbox 2941 5384 2954 5421; x_wconf 90' lang='lat'><strong>:</strong></span> <span class='ocrx_word' id='word_1_1018' title='bbox 2981 5377 3183 5439; x_wconf 88' lang='lat' dir='ltr'><strong>quanto</strong></span> <span class='ocrx_word' id='word_1_1019' title='bbox 3205 5366 3517 5422; x_wconf 91' lang='lat' dir='ltr'><strong>credibilius</strong></span> <span class='ocrx_word' id='word_1_1020' title='bbox 3547 5367 3636 5421; x_wconf 91' lang='lat' dir='ltr'><strong>alii</strong></span> <span class='ocrx_word' id='word_1_1021' title='bbox 3678 5367 3787 5422; x_wconf 83' lang='lat' dir='ltr'><strong>ho-</strong></span> 
     </span>
    </p>
   </div>
   <div class='ocr_carea' id='block_1_118' title="bbox 2263 5502 2758 5564">
    <p class='ocr_par' dir='ltr' id='par_1_118' title="bbox 2263 5502 2758 5564">
     <span class='ocr_line' id='line_1_118' title="bbox 2263 5502 2758 5564; baseline -0.006 -9"><span class='ocrx_word' id='word_1_1022' title='bbox 2263 5510 2279 5540; x_wconf 83' lang='grc' dir='ltr'>ί</span> <span class='ocrx_word' id='word_1_1023' title='bbox 2319 5514 2365 5555; x_wconf 91' lang='lat' dir='ltr'><strong>tn</strong></span> <span class='ocrx_word' id='word_1_1024' title='bbox 2392 5515 2514 5564; x_wconf 55' lang='grc' dir='ltr'>διδ..</span> <span class='ocrx_word' id='word_1_1025' title='bbox 2541 5502 2758 5555; x_wconf 87' lang='lat' dir='ltr'><strong>credant.</strong></span> 
     </span>
    </p>
   </div>
   <div class='ocr_carea' id='block_1_119' title="bbox 2262 5563 3605 5637">
    <p class='ocr_par' dir='ltr' id='par_1_119' title="bbox 2262 5563 3605 5637">
     <span class='ocr_line' id='line_1_119' title="bbox 2262 5563 3605 5637; baseline -0.002 -20"><span class='ocrx_word' id='word_1_1026' title='bbox 2262 5572 2282 5637; x_wconf 65' lang='grc' dir='ltr'><strong>ξ</strong></span> <span class='ocrx_word' id='word_1_1027' title='bbox 2317 5579 2417 5617; x_wconf 82' lang='lat' dir='ltr'><strong>Am.</strong></span> <span class='ocrx_word' id='word_1_1028' title='bbox 2445 5576 2496 5616; x_wconf 91' lang='lat' dir='ltr'><strong>et</strong></span> <span class='ocrx_word' id='word_1_1029' title='bbox 2514 5573 2611 5637; x_wconf 61' lang='lat' dir='ltr'><strong>tam,</strong></span> <span class='ocrx_word' id='word_1_1030' title='bbox 2639 5564 2924 5637; x_wconf 73' lang='lat' dir='ltr'><strong>lavandique</strong></span> <span class='ocrx_word' id='word_1_1031' title='bbox 2953 5577 2970 5614; x_wconf 91' lang='lat'><strong><em>:</em></strong></span> <span class='ocrx_word' id='word_1_1032' title='bbox 2993 5563 3272 5637; x_wconf 75' lang='lat' dir='ltr'><strong>male,_pro,</strong></span> 
     </span>
    </p>
   </div>
   <div class='ocr_carea' id='block_1_120' title="bbox 2206 5626 3789 5702">
    <p class='ocr_par' dir='ltr' id='par_1_120' title="bbox 2206 5626 3789 5702">
     <span class='ocr_line' id='line_1_120' title="bbox 2206 5626 3789 5702; baseline 0.001 -24"><span class='ocrx_word' id='word_1_1033' title='bbox 2206 5690 2217 5702; x_wconf 46' lang='lat'><strong>.</strong></span> <span class='ocrx_word' id='word_1_1034' title='bbox 2250 5632 2284 5702; x_wconf 27' lang='lat'><strong>‘3</strong></span> <span class='ocrx_word' id='word_1_1035' title='bbox 2309 5641 2408 5679; x_wconf 73' lang='lat' dir='ltr'><strong>Am.</strong></span> <span class='ocrx_word' id='word_1_1036' title='bbox 2434 5637 2485 5702; x_wconf 79' lang='lat' dir='ltr'><strong>et</strong></span> <span class='ocrx_word' id='word_1_1037' title='bbox 2512 5636 2621 5702; x_wconf 78' lang='lat' dir='ltr'><strong>Lov.</strong></span> <span class='ocrx_word' id='word_1_1038' title='bbox 2643 5641 2708 5702; x_wconf 74' lang='lat' dir='ltr'><strong>ne</strong></span> <span class='ocrx_word' id='word_1_1039' title='bbox 2730 5626 2868 5693; x_wconf 79' lang='lat' dir='ltr'><strong>quasi</strong></span> <span class='ocrx_word' id='word_1_1040' title='bbox 2885 5626 2982 5678; x_wconf 86' lang='lat' dir='ltr'><strong>duo</strong></span> <span class='ocrx_word' id='word_1_1041' title='bbox 3000 5626 3545 5702; x_wconf 62' lang='lat' dir='ltr'><strong>(mistiqccipimuur&#39;:</strong></span> <span class='ocrx_word' id='word_1_1042' title='bbox 3569 5627 3789 5687; x_wconf 68' lang='lat' dir='ltr'><strong>omiao.</strong></span> 
     </span>
    </p>
   </div>
   <div class='ocr_carea' id='block_1_121' title="bbox 2197 5689 3410 5814">
    <p class='ocr_par' dir='ltr' id='par_1_121' title="bbox 2197 5689 3410 5814">
     <span class='ocr_line' id='line_1_121' title="bbox 2197 5689 3410 5758; baseline -0.006 -14"><span class='ocrx_word' id='word_1_1043' title='bbox 2197 5690 2324 5754; x_wconf 87' lang='lat' dir='ltr'><strong>ista;</strong></span> <span class='ocrx_word' id='word_1_1044' title='bbox 2357 5692 2484 5755; x_wconf 91' lang='lat' dir='ltr'><strong>quod</strong></span> <span class='ocrx_word' id='word_1_1045' title='bbox 2508 5692 2657 5741; x_wconf 84' lang='lat' dir='ltr'><strong>nostri</strong></span> <span class='ocrx_word' id='word_1_1046' title='bbox 2691 5689 2862 5740; x_wconf 79' lang='lat' dir='ltr'><strong>omnes</strong></span> <span class='ocrx_word' id='word_1_1047' title='bbox 2884 5691 3189 5758; x_wconf 74' lang='lat' dir='ltr'><strong>manuscripti</strong></span> <span class='ocrx_word' id='word_1_1048' title='bbox 3213 5689 3410 5740; x_wconf 85' lang='lat' dir='ltr'><strong>habent.</strong></span> 
     </span>
     <span class='ocr_line' id='line_1_122' title="bbox 2262 5751 3211 5814; baseline -0.002 -12"><span class='ocrx_word' id='word_1_1049' title='bbox 2262 5755 2282 5785; x_wconf 69' lang='grc'>⁸</span> <span class='ocrx_word' id='word_1_1050' title='bbox 2315 5755 2387 5802; x_wconf 77' lang='lat' dir='ltr'><strong>sic</strong></span> <span class='ocrx_word' id='word_1_1051' title='bbox 2419 5762 2521 5802; x_wconf 76' lang='lat' dir='ltr'><strong>Mss.</strong></span> <span class='ocrx_word' id='word_1_1052' title='bbox 2549 5763 2603 5802; x_wconf 75' lang='lat' dir='ltr'><strong>At</strong></span> <span class='ocrx_word' id='word_1_1053' title='bbox 2627 5755 2760 5812; x_wconf 86' lang='lat' dir='ltr'><strong>editi,</strong></span> <span class='ocrx_word' id='word_1_1054' title='bbox 2785 5751 3058 5803; x_wconf 63' lang='lat' dir='ltr'><strong>credibihor</strong></span> <span class='ocrx_word' id='word_1_1055' title='bbox 3071 5753 3211 5814; x_wconf 74' lang='lat' dir='ltr'><strong>Mes.</strong></span> 
     </span>
    </p>
   </div>
   <div class='ocr_carea' id='block_1_122' title="bbox 2262 5815 3528 5882">
    <p class='ocr_par' dir='ltr' id='par_1_122' title="bbox 2262 5815 3528 5882">
     <span class='ocr_line' id='line_1_123' title="bbox 2262 5815 3528 5882; baseline -0.003 -15"><span class='ocrx_word' id='word_1_1056' title='bbox 2262 5819 2335 5882; x_wconf 74' lang='lat' dir='ltr'><strong>(al</strong></span> <span class='ocrx_word' id='word_1_1057' title='bbox 2368 5825 2520 5878; x_wconf 80' lang='lat' dir='ltr'><strong>Error,</strong></span> <span class='ocrx_word' id='word_1_1058' title='bbox 2545 5818 2627 5880; x_wconf 86' lang='lat' dir='ltr'><strong>qui</strong></span> <span class='ocrx_word' id='word_1_1059' title='bbox 2653 5824 2822 5880; x_wconf 88' lang='lat' dir='ltr'><strong>postea</strong></span> <span class='ocrx_word' id='word_1_1060' title='bbox 2844 5815 2894 5863; x_wconf 89' lang='lat' dir='ltr'><strong>in</strong></span> <span class='ocrx_word' id='word_1_1061' title='bbox 2919 5815 3135 5865; x_wconf 73' lang='lat' dir='ltr'><strong>Nestorio</strong></span> <span class='ocrx_word' id='word_1_1062' title='bbox 3155 5815 3409 5865; x_wconf 80' lang='lat' dir='ltr'><strong>damnatus</strong></span> <span class='ocrx_word' id='word_1_1063' title='bbox 3431 5820 3528 5868; x_wconf 75' lang='lat' dir='ltr'><strong>est.</strong></span> 
     </span>
    </p>
   </div>
  </div>
