4016 6478
205 355 314 414 “5

205 473 386 528 mines
413 466 586 523 sancti
613 475 670 522 et
697 465 890 524 ﬁdeles
914 465 1032 536 ejus
1055 465 1186 520 liunt
1206 477 1328 519 cum
1353 461 1570 518 homine
1589 459 1804 517 Christo

207 578 344 618 unus
367 559 646 626 Christus,
675 569 738 614 ιιι
765 557 1016 614 omnibus
1041 572 1136 628 per
1158 554 1274 627 ejus
1305 553 1444 610 hanc
1459 553 1684 626 gratiam
1715 567 1806 608 so-

207 660 564 723 cietatemque
643 651 1096 716 ascendentibus,
1174 650 1290 720 ipse
1365 665 1500 704 unus
1561 647 1806 702 Christus

209 749 462 806 ascendat
489 749 545 802 in
575 747 801 816 omium,
857 747 946 818 qui
990 745 1058 801 de
1086 744 1226 800 caelo
1273 741 1590 798 descendit?
1629 741 1718 798 Sic
1753 749 1809 794 et

209 841 499 913 Apostolus
529 841 606 895 ait
637 859 652 896 :
681 841 834 896 Sicut
879 841 932 894 in
971 855 1074 893 uno
1119 853 1330 910 corpore
1371 836 1530 890 multa
1583 833 1808 888 membra

208 935 466 1002 habemus,
493 935 672 990 omnia
688 945 858 988 autem
881 935 1106 988 membra
1125 933 1352 1004 corporis
1371 949 1484 984 cum
1507 931 1608 984 sint
1626 929 1804 994 multa,

207 1045 356 1082 unum
398 1037 476 1082 est
498 1045 724 1096 corpus;
749 1030 824 1081 ita
850 1037 894 1082 et
923 1027 1150 1081 Christus
1186 1023 1227 1099 (I
1249 1025 1366 1079 Cor.
1400 1041 1494 1091 xu,
1521 1023 1634 1094 19.).
1689 1023 1806 1078 Non

207 1123 350 1184 dixit,
385 1121 466 1174 ita
495 1131 550 1174 et
573 1119 797 1188 Christi,
833 1119 882 1174 id
911 1131 1018 1186 εει,
1043 1133 1238 1188 corpus
1263 1117 1486 1184 Christi,
1517 1115 1598 1170 vel
1633 1131 1806 1170 mem-

209 1213 290 1270 bra
311 1213 520 1268 Christi
549 1231 562 1266 :
591 1213 708 1276 sed,
741 1213 816 1266 ita
840 1221 885 1264 et
908 1210 1166 1274 Christus;
1198 1223 1364 1264 unum
1407 1205 1680 1262 Christum
1707 1219 1804 1275 ap-

211 1308 406 1377 pellans
435 1317 602 1374 caput
633 1317 684 1358 et
706 1319 925 1374 corpus.

269 1397 506 1455 CAPUT
537 1396 758 1452 XXXII.
785 1427 857 1436 ——-
885 1396 972 1450 (il.
1005 1395 1225 1463 Serpens
1253 1393 1304 1446 in
1335 1393 1530 1446 deserto
1556 1388 1806 1444 excitatus

209 1489 466 1544 Christum
504 1490 559 1542 in
600 1505 747 1543 cruce
787 1487 1082 1558 pendentem
1121 1485 1376 1556 ﬁguravit.
1417 1483 1628 1536 Parvuli
1655 1481 1808 1535 etiam

211 1583 298 1652 ipsi
339 1583 604 1653 serpentis
651 1597 822 1634 morsu
871 1579 1116 1634 venenati.
1171 1577 1358 1648 Magna
1409 1575 1522 1630 hcce
1567 1575 1806 1644 miraque

215 1677 442 1748 dignatio
467 1719 480 1740 ,
512 1691 637 1747 qua:
676 1675 924 1744 quoniam
965 1673 1076 1726 ﬁeri
1115 1687 1218 1725 non
1263 1677 1434 1740 potest
1461 1668 1560 1722 nisi
1595 1681 1688 1736 per
1717 1681 1799 1720 re-

215 1769 522 1824 missionem
581 1777 953 1838 peccatorum,
997 1765 1264 1834 sequitur,
1296 1769 1348 1816 et
1377 1759 1544 1816 dicit:
1579 1757 1642 1812 Et
1679 1759 1808 1811 sicut

221 1861 410 1932 lapses
461 1859 704 1915 exultavit
755 1867 1034 1926 serpentem
1087 1857 1138 1909 in
1182 1855 1411 1920 deserto,
1469 1851 1538 1905 ita
1595 1848 1806 1904 exaltari

218 1963 396 2022 Oportet
445 1951 646 2007 Filium
691 1951 948 2016 hominis;
989 1959 1044 2003 ut
1085 1949 1246 2002 ontnis
1305 1947 1390 2014 qui
1447 1943 1716 2000 crediderit
1753 1943 1806 1996 in

219 2062 314 2098 nun
339 2063 454 2099 non
485 2053 684 2114 pereat,
713 2043 802 2098 sed
827 2041 1006 2096 habeat
1035 2041 1186 2094 citam
1226 2049 1484 2094 teternam.
1518 2037 1652 2106 Quid
1683 2045 1808 2092 tunc

219 2138 264 2192 in
298 2139 522 2194 deserto
575 2137 770 2192 factum
820 2135 929 2202 sit,
977 2135 1268 2190 novimus:
1301 2141 1606 2202 serpentum
1661 2145 1808 2186 mor-

217 2231 350 2285 sibus
397 2229 554 2284 nulli
599 2229 1001 2290 moriebantur;
1041 2235 1164 2281 tunc
1195 2225 1422 2296 populus
1451 2231 1668 2296 peccata
1711 2239 1808 2278 sua

218 2321 506 2388 conﬁtens,
561 2337 656 2389 per
708 2318 928 2390 Moysen
978 2319 1300 2388 deprecatus
1353 2327 1433 2371 est
1489 2315 1802 2382 Dominum,

217 2429 270 2472 ut
293 2418 398 2474 hoc
429 2419 500 2473 ab
537 2417 615 2472 eis
643 2417 790 2470 virus
819 2415 1054 2470 auferret
1090 2431 1103 2466 :
1137 2429 1198 2468 ac
1229 2411 1306 2467 sic
1335 2411 1543 2484 Moyses
1571 2427 1634 2466 ex
1667 2425 1805 2482 pra:-

215 2521 364 2580 cepto
407 2511 618 2566 Domini
659 2509 916 2566 exultavit
963 2508 1015 2562 in
1064 2505 1279 2562 deserto
1327 2519 1534 2560 :encum
1581 2517 1806 2574 serpen-

215 2613 315 2660 tem
339 2623 356 2670 ;
385 2603 768 2674 admonuitque
793 2601 1066 2671 populum,
1097 2610 1154 2654 ut
1179 2601 1326 2654 illum
1351 2599 1640 2654 exaltatum
1661 2597 1808 2668 quis-

213 2695 340 2764 quis
367 2711 402 2749 a
425 2703 662 2764 serpente
685 2693 1026 2748 morderetur
1053 2691 1355 2746 attenderet
1381 2709 1392 2744 :
1430 2691 1530 2744 hoc
1557 2689 1807 2744 facientes

217 2785 488 2840 continuo
515 2785 820 2840 sanabantur
852 2783 1175 2854 (Num.xx1.
1209 2783 1349 2852 6-9).
1379 2781 1515 2850 Quid
1545 2791 1626 2836 est
1657 2781 1808 2836 exal-

213 2884 362 2931 tatus
390 2891 626 2944 serpens,
651 2877 750 2932 nisi
773 2891 919 2932 mors
937 2875 1157 2942 ChriSti,
1181 2891 1246 2930 eo
1267 2873 1598 2945 signiﬁcandi
1623 2873 1802 2941 modo,

215 2983 316 3039 quo
345 2985 448 3040 per
479 2969 796 3026 efﬁcientem
825 2969 876 3023 id
903 2967 1046 3039 quod
1085 2967 1314 3023 cllicitur
1357 2965 1730 3036 signiﬁcatur?
1761 2967 1808 3020 Α

217 3071 464 3130 serpente
487 3061 684 3132 quippe
709 3077 858 3116 mors
887 3063 1052 3126 venit,
1081 3061 1170 3131 qui
1205 3069 1504 3130 peccatum,
1535 3074 1640 3129 quo
1671 3057 1808 3114 mori

217 3161 528 3216 mereretur,
563 3152 769 3208 homini
811 3151 1092 3223 persuasit.
1122 3151 1378 3206 Dominus
1403 3160 1578 3204 autem
1610 3149 1660 3203 in
1691 3163 1810 3204 car-

221 3261 330 3299 nem
359 3261 516 3300 suam
562 3261 668 3301 non
711 3255 991 3316 peccatum
1025 3243 1315 3310 transtulit,
1351 3251 1598 3313 tauquam
1642 3255 1806 3298 vene-

219 3351 334 3392 num
379 3339 654 3408 serpentis
697 3355 710 3392 :
760 3337 854 3394 sed
903 3347 1080 3392 tamen
1123 3335 1394 3390 transtulit
1435 3342 1698 3398 mortem;
1749 3341 1808 3390 ut

219 3441 352 3487 esset
381 3433 436 3486 in
463 3431 814 3486 similitudine
840 3432 1018 3486 carnis
1055 3431 1256 3501 peccati
1286 3445 1442 3500 parua
1469 3431 1584 3485 sine
1612 3429 1764 3499 culpa
1788 3470 1804 3496 ,

217 3522 344 3578 unde
385 3523 444 3578 in
491 3539 656 3580 Carne
683 3524 892 3596 peccati
925 3533 978 3578 et
1021 3523 1176 3593 culpa
1223 3523 1520 3578 solveretur
1549 3533 1600 3578 et
1627 3535 1805 3592 poma.

218 3612 354 3670 Sicut
388 3631 526 3686 ergo
553 3623 704 3678 tunc.
734 3617 824 3686 qui
864 3615 1226 3684 conspicit-bat
1267 3615 1553 3670 exaltatum
1583 3629 1806 3684 serpen-

221 3715 334 3774 tem,
363 3719 422 3764 et
449 3723 484 3762 a
526 3723 738 3764 veneno
778 3707 1085 3774 sanabatur,
1117 3715 1170 3763 et
1190 3723 1216 3760 a
1247 3717 1418 3762 morte
1443 3707 1803 3762 Iiberabatur:

215 3801 281 3852 sic
307 3815 476 3864 nunc,
509 3799 602 3870 qui
645 3797 1010 3854 conformatur
1036 3797 1370 3853 similitudini
1403 3799 1588 3852 mortis
1612 3795 1808 3852 Christi

215 3905 302 3960 per
331 3893 497 3948 fidem
531 3891 1122 3962 baptismumqueejus,
1155 3899 1209 3945 et
1232 3907 1262 3946 a
1293 3899 1514 3962 peccato
1541 3907 1632 3960 per
1656 3889 1810 3960 justi-

219 3983 544 4050 ﬁcationem,
575 3995 630 4040 et
657 3999 688 4038 a
717 3993 889 4039 morte
921 3999 1014 4054 per
1045 3985 1492 4038 resurrectionem
1532 3983 1806 4038 liberatur.

214 4071 316 4130 Hoc
339 4085 426 4130 est
455 4075 605 4131 enim
636 4076 782 4145 quod
810 4076 904 4142 ait,
932 4083 986 4129 ut
1013 4075 1175 4130 onmis
1195 4076 1282 4146 qui
1311 4077 1468 4129 credit
1487 4075 1540 4130 in
1569 4091 1679 4130 eum
1708 4091 1808 4131 non

213 4177 394 4234 pereat,
417 4167 514 4222 sed
540 4167 721 4221 habent
747 4167 900 4221 vitam
923 4177 1182 4222 wternam.
1212 4168 1348 4235 Quid
1373 4168 1527 4238 igitur
1547 4183 1680 4238 opus
1701 4175 1804 4236 est,

215 4267 266 4312 ut
299 4259 504 4313 Christi
537 4259 698 4314 morti
733 4275 826 4330 per
855 4260 1182 4330 Baptismqu
1215 4259 1581 4316 conformetur
1611 4275 1806 4330 parvu-

211 4351 320 4418 lus,
360 4355 404 4408 si
435 4367 624 4408 morsu
647 4354 918 4422 serpentis
961 4371 1068 4408 non
1109 4363 1190 4408 est
1227 4353 1446 4408 omnino
1476 4351 1809 4408 venenatus?

267 4447 506 4503 CAPUT
528 4447 772 4502 XXXIII.
789 4447 962 4502 —62.
987 4447 1153 4502 Nemo
1173 4457 1332 4519 potest
1350 4447 1662 4501 reconciliari
1681 4447 1806 4513 Deo,

205 4539 298 4592 nisi
321 4557 412 4608 per
433 4538 715 4594 Christum.
745 4539 944 4594 Deinde
967 4539 1044 4594 sic
1066 4529 1460 4610 consequenter
1480 4538 1608 4592 dicit
1631 4556 1643 4590 :
1669 4537 1810 4592 Deus

205 4632 270 4684 sic
297 4631 486 4685 dilexit
512 4633 756 4686 mundum
777 4674 794 4698 ,
823 4643 877 4686 ut
899 4630 948 4685 F
951 4632 1095 4686 ilium
1120 4650 1268 4686 suum
1297 4633 1608 4702 unigenitum
1635 4633 1810 4696 daret;

203 4735 252 4774 ut
275 4725 450 4777 omnis
476 4725 562 4792 qui
588 4724 746 4776 credit
775 4725 826 4777 in
852 4741 982 4788 eum,
1006 4741 1106 4779 non
1133 4733 1322 4794 pereat,
1341 4725 1430 4777 sed
1458 4724 1636 4778 habeat
1659 4725 1812 4778 vitam

205 4829 472 4870 rternam.
512 4817 790 4872 Perilurns
819 4827 938 4872 erat
961 4834 1089 4890 ergo
1119 4819 1370 4888 parvulus
1409 4833 1505 4873 nec
1536 4818 1811 4873 habiturus

210 4911 370 4964 :itam
389 4921 672 4976 :eternam,
698 4929 742 4966 st
765 4927 860 4982 per
881 4921 1273 4967 sacramentum
1295 4911 1544 4982 Baptismi
1571 4928 1674 4966 non
1696 4928 1812 4968 cre-

199 4999 362 5056 deret
391 5003 444 5056 in
471 5003 486 5032 ¹
512 5003 842 5072 unigenitum
869 5003 958 5058 Dei
983 5003 1197 5070 Filium,
1226 5004 1350 5058 dum
1381 5007 1591 5060 interim
1620 5005 1696 5060 sic
1722 5020 1812 5060 ve-

199 5095 278 5147 nit
313 5103 374 5147 ut
415 5109 524 5148 non
549 5095 751 5164 judicet
780 5095 1067 5162 mundum,
1099 5097 1192 5152 sed
1224 5106 1279 5152 ut
1313 5098 1548 5154 salvetur
1583 5098 1812 5154 mundus

199 5199 302 5254 per
319 5183 500 5254 ipsum
521 5203 534 5238 :
557 5186 856 5255 praesertim
876 5187 996 5256 quia
1015 5188 1276 5258 sequitur,
1297 5197 1350 5244 et
1368 5188 1516 5254 dicit,
1543 5189 1642 5256 Qui
1658 5191 1814 5244 credit

195 5275 252 5330 in
283 5292 428 5340 eum,
459 5293 558 5330 non
581 5278 885 5348 judicatur:
913 5280 996 5348 qui
1019 5290 1186 5334 autem
1217 5297 1318 5334 non
1342 5281 1520 5346 credit,
1533 5282 1648 5351 jam
1677 5282 1816 5348 iudi-

195 5377 356 5420 catus
369 5375 477 5431 est;
501 5367 618 5433 quia
633 5385 736 5422 non
755 5368 964 5422 credidit
989 5371 1040 5424 in
1063 5371 1264 5424 nomine
1284 5373 1528 5442 unigeniti
1555 5371 1674 5426 Filii
1695 5371 1810 5426 Dei.

197 5461 308 5518 Ubi
345 5477 476 5530 ergo
513 5463 766 5532 parvulos
797 5463 1045 5532 ponimus
1085 5463 1382 5536 baptizatos
1405 5507 1419 5532 ,
1453 5465 1552 5519 nisi
1581 5465 1722 5520 inter
1753 5464 1816 5518 li-

195 5554 384 5618 deies,
413 5553 554 5608 sicut
590 5555 857 5610 universa:
886 5555 1080 5626 ubique
1111 5557 1368 5612 Ecclesia:
1409 5559 1604 5612 clamat
1630 5567 1816 5612 aucto-

197 5645 386 5702 ritas?
416 5647 557 5718 Ergo
587 5647 730 5702 inter
760 5661 856 5702 eos
885 5649 974 5717 qui
1019 5649 1358 5704 crediderunt
1383 5667 1396 5714 ;
1429 5651 1530 5706 hoc
1566 5653 1705 5704 cnim
1736 5651 1815 5706 eis

201 5738 504 5808 acquiritur
551 5755 650 5811 per
699 5739 954 5794 virtutem
999 5739 1327 5796 Sacramenti
1373 5751 1429 5797 et
1478 5741 1814 5797 otl'ereutium

271 5851 292 5883 ι
330 5849 460 5918 Editi,
473 5861 571 5904 non
589 5851 818 5918 crederet
842 5848 1150 5918 unigenitum,
1171 5855 1346 5905 omissa
1366 5854 1723 5918 prmpositione,
1737 5853 1808 5916 in,

199 5925 325 5982 qia
355 5913 430 5968 hic
449 5913 625 5974 exstat
647 5917 700 5970 in
722 5913 1078 5974 manuscripts.

1601 343 1802 400 LIBER
1833 343 2110 402 PRIMUS.

3405 355 3508 416 ηδ

1919 462 2322 533 responsionem
2355 479 2372 522 :
2397 479 2460 520 ac
2483 479 2579 536 per
2605 463 2707 523 hoc
2727 481 2821 524 eos
2843 467 2934 540 qui
2953 469 3203 542 baptizati
3227 487 3334 528 non
3361 483 3508 546 sunt,

1919 557 2060 612 inter
2081 573 2176 614 eos
2199 559 2288 630 qui
2317 575 2423 614 non
2450 560 2810 618 crediderunt.
2845 563 3013 620 Porro
3037 565 3084 620 si
3111 567 3184 620 illi
3213 567 3304 636 qui
3333 567 3510 638 bapti-

1917 649 2022 702 zati
2052 660 2196 716 sunt,
2227 665 2332 704 non
2359 649 2696 720 iudicantur;
2729 654 2814 709 isti
2843 657 2965 726 quia
2995 665 3180 712 carent
3211 657 3506 728 Baptismo,

1911 739 2236 810 jutlicantur.
2263 741 2414 810 Quod
2461 758 2587 798 vero
2615 743 2852 815 adjungit
2873 789 2886 812 ,
2915 745 3028 800 lloc
3067 757 3140 802 est
3165 758 3334 802 autem
3354 749 3508 822 judi-

1915 834 2068 900 cium,
2095 835 2216 904 quia
2241 835 2333 888 lux
2361 837 2493 908 venit
2521 837 2572 890 in
2602 839 2868 903 mundum,
2897 849 2943 892 et
2969 837 3253 894 dilea‘erunt
3281 843 3510 898 homines

1917 925 2148 980 tenebras
2173 927 2336 999 magis
2361 945 2512 996 quam
2551 929 2712 982 lucem
2737 945 2755 983 :
2781 931 2942 996 unde,
2977 931 3090 986 Lua:
3117 935 3250 986 venit
3275 935 3326 988 in
3355 951 3508 988 mun-

1915 1017 2056 1082 dum,
2099 1017 2202 1070 nisi
2231 1017 2298 1072 de
2327 1035 2427 1074 suo
2471 1019 2600 1074 dicit
2627 1021 2878 1084 adventu,
2926 1023 3040 1076 sine
3068 1025 3217 1094 cojus
3247 1025 3508 1082 adventus

1915 1121 2252 1165 sacramento
2281 1115 2548 1182 quomodo
2571 1117 2776 1185 parvuli
2821 1131 2942 1170 esse
2971 1117 3215 1173 dicuntur
3253 1121 3302 1173 in
3347 1119 3508 1176 luce-.2

1912 1203 2018 1256 Aut
2040 1203 2308 1272 quomodo
2333 1221 2435 1260 non
2459 1217 2513 1262 et
2541 1207 2642 1260 hoc
2665 1209 2716 1262 in
2743 1208 3026 1264 dilectione
3053 1211 3388 1266 tenebrarum
3413 1212 3504 1266 ha-

1913 1293 2082 1362 bent,
2113 1297 2202 1364 qui
2235 1298 2683 1366 quemadmodum
2717 1300 2816 1370 ipsi
2867 1319 2972 1355 non
3019 1302 3264 1370 credunt,
3299 1305 3375 1360 sic
3405 1322 3506 1363 nec

1913 1385 2261 1456 baptizandus
2307 1405 2432 1444 suos
2479 1393 2722 1460 parvulos
2767 1393 3124 1462 arbitrantur,
3170 1397 3384 1466 quando
3427 1399 3506 1456 eis

1913 1493 2140 1536 mortem
2174 1485 2418 1552 corporis
2463 1485 2696 1538 titnent?
2727 1484 2790 1539 In
2825 1485 2932 1539 Deo
2977 1497 3156 1544 autem
3201 1489 3326 1544 dicit
3368 1491 3506 1560 facta

1913 1589 2066 1641 opera
2095 1577 2226 1644 ejus,
2255 1575 2342 1644 qui
2363 1576 2490 1630 venit
2511 1577 2578 1629 ad
2598 1578 2796 1641 lucem;
2823 1581 2944 1648 quia
2969 1581 3214 1652 intelligit
3235 1583 3504 1650 justiﬁca-

1913 1667 2112 1718 tionem
2143 1681 2294 1720 suam
2327 1683 2431 1722 uou
2463 1669 2527 1722 ad
2569 1685 2661 1722 sua
2691 1671 2898 1736 merita,
2931 1672 3024 1728 sed
3066 1673 3130 1729 ad
3161 1675 3250 1729 Dei
3278 1677 3504 1746 gratiam

1915 1761 2200 1828 pertinuere.
2237 1759 2376 1814 Deus
2399 1763 2642 1824 estenim,
2677 1764 2844 1834 inquit
2870 1765 3176 1834 Apostolus,
3213 1769 3300 1840 qui
3321 1787 3504 1836 opera-

1913 1861 1995 1902 tur
2033 1853 2086 1904 in
2129 1853 2264 1906 vobis
2295 1853 2310 1882 ¹
2352 1861 2396 1906 et
2441 1853 2568 1906 uelle
2603 1863 2650 1910 et
2688 1857 2920 1925 aperari,
2959 1874 3052 1928 pro
3091 1859 3222 1912 bona
3253 1863 3509 1918 uoluntate

1913 1941 1932 2012 (
1963 1939 2195 2012 Philipp.
2231 1959 2287 2006 II,
2321 1944 2430 2012 l5).
2461 1945 2570 1998 Iloc
2601 1946 2760 2002 modo
2787 1961 2915 2018 ergo
2947 1949 3003 2002 Iit
3028 1951 3265 2004 onmium
3297 1967 3361 2006 ex
3389 1969 3508 2008 car-

1913 2033 2020 2086 nali
2051 2036 2398 2102 generatione
2421 2035 2486 2090 ad
2519 2037 2786 2092 Christum
2817 2040 3141 2095 venientium
3169 2045 3506 2112 regeneralio

1913 2129 2223 2198 spiritualis.
2249 2129 2366 2200 Ipse
2395 2131 2496 2186 hoc
2519 2133 2745 2202 aperuit,
2777 2134 2891 2206 ipse
2923 2139 3256 2202 ntuustravit,
3286 2153 3408 2194 cum
3439 2139 3507 2196 ab

1913 2236 1977 2275 co
2009 2219 2345 2292 'qua-reretur
2391 2225 2656 2294 quomodo
2701 2237 2917 2295 possent
2961 2227 3058 2282 ista
3107 2229 3256 2296 ﬁeri;
3305 2231 3505 2288 nemini

1912 2313 2200 2370 humanam
2229 2319 2742 2388 argumentationem
2777 2319 2827 2374 in
2857 2319 2956 2374 hac
2981 2337 3140 2378 causa
3171 2323 3392 2378 liberam
3425 2323 3506 2380 fe-

1911 2409 2032 2464 cit:
2085 2427 2191 2464 non
2237 2411 2580 2466 alieneutur'
2629 2413 2830 2482 parvuli
2876 2431 2906 2468 a
2955 2417 3124 2486 gratia
3173 2419 3508 2476 remissionis

1913 2511 2277 2570 peccatorum.
2308 2503 2422 2558 Non
2455 2504 2608 2558 aliter
2639 2507 2896 2560 transitur
2921 2507 2988 2562 ad
3013 2507 3314 2574 Christum;
3345 2525 3506 2566 nemo

1911 2593 2066 2647 aliter
2093 2601 2270 2662 potest
2303 2595 2410 2648 Deo
2435 2595 2771 2650 reconciliari
2799 2607 2854 2651 et
2879 2597 2946 2652 ad
2975 2599 3144 2654 Deum
3168 2601 3372 2670 venire,
3402 2601 3504 2658 nisi

1911 2701 2008 2756 per
2031 2684 2326 2742 Christum.

1981 2775 2206 2834 CAPUT
2237 2779 2476 2834 XXXIV.
2505 2809 2575 2822 —-
2601 2781 2686 2838 65.
2721 2782 2971 2854 Baptismi
3001 2784 3170 2855 forma
3189 2827 3204 2852 ,
3235 2801 3324 2840 seu
3353 2787 3500 2840 ritus.

1911 2870 2264 2928 Exercismus.
2309 2871 2512 2945 Duplex
2553 2876 2615 2930 de
2657 2877 2882 2946 parvulis
2924 2895 3084 2932 error.
3127 2877 3264 2946 Quid
3293 2879 3360 2934 de
3391 2879 3504 2949 ipsa

1912 2963 2082 3020 forma
2127 2968 2444 3022 sacramenti
2487 2969 2718 3040 loquar?
2773 2971 2973 3026 Vellem
3019 2971 3210 3041 aliquis
3255 2973 3502 3038 istorum,

1911 3057 1998 3126 qui
2045 3061 2308 3114 contraria
2348 3061 2592 3130 sapiunt,
2637 3061 2766 3116 mihi
2815 3061 3190 3132 baptizaudum
3227 3064 3506 3134 parvulum

1911 3151 2142 3206 all‘erret.
2173 3151 2308 3220 Quid
2353 3153 2402 3206 in
2451 3153 2542 3208 illo
2592 3155 2698 3224 agit
2750 3157 3079 3210 exorcismus
3125 3173 3312 3222 meus,
3363 3156 3410 3212 si
3450 3157 3506 3212 in

1911 3245 2108 3300 familia
2141 3245 2340 3300 diaboli
2383 3261 2490 3300 non
2535 3247 2786 3302 tenetur?
2825 3247 2942 3318 Ipse
2978 3258 3123 3304 certe
3165 3249 3294 3303 mihi
3335 3249 3510 3304 fuerat

1911 3352 2265 3408 responsurus
2321 3353 2420 3408 pro
2479 3339 2668 3393 eodem
2735 3341 2953 3408 parvulo
3013 3357 3171 3410 quem
3229 3349 3503 3412 gestaret,

1911 3431 2034 3501 quia
2081 3447 2176 3500 pro
2217 3447 2276 3486 se
2319 3429 2410 3486 ille
2449 3431 2774 3502 respondere
2823 3447 2930 3487 non
2979 3441 3176 3504 posset.
3226 3433 3506 3502 Quomodo

1912 3539 2040 3594 ergo
2081 3523 2323 3579 dicturus
2370 3533 2486 3578 erat
2531 3541 2651 3580 eum
2701 3525 3006 3581 renuntiare
3055 3527 3301 3596 diabolo,
3353 3527 3509 3598 cujus

1911 3615 1964 3670 in
2007 3631 2074 3670 eo
2117 3616 2248 3670 nihil
2295 3617 2478 3672 esset?
2517 3617 2798 3688 Quomodo
2837 3619 3074 3674 converti
3119 3619 3185 3674 ad
3225 3619 3430 3687 Deum,
3473 3633 3504 3674 a

1911 3721 2016 3776 quo
2047 3723 2154 3762 non
2182 3715 2326 3762 esset
2354 3707 2619 3764 aversus?
2643 3709 2864 3764 credere
2891 3711 3028 3766 inter
3055 3720 3246 3766 cratera
3277 3711 3298 3743 ³
3323 3711 3506 3768 remis-

1911 3797 2120 3853 sionem
2167 3808 2528 3870 peccatorum,
2577 3817 2698 3870 qua:
2725 3801 2798 3856 illi
2827 3803 2972 3856 nulla
3003 3803 3366 3858 tribueretur?
3391 3805 3504 3876 Ego

1911 3890 2126 3961 quidem
2159 3891 2202 3946 si
2229 3901 2414 3946 contra
2445 3893 2558 3948 lucc
2595 3908 2716 3948 eum
2761 3895 3372 3962 sentireaesistimarem,
3404 3911 3506 3954 nec

1911 3980 1978 4036 ad
2031 3981 2375 4038 Sacramenta
2427 3999 2546 4038 cum
2595 3985 2813 4054 parvulo
2857 3987 3054 4041 intrare
3099 3989 3500 4057 permitterem:

1913 4071 2027 4142 ipse
2052 4083 2228 4128 autem
2259 4074 2310 4128 iu
2347 4075 2446 4130 hoc
2474 4090 2574 4145 qua
2605 4074 2780 4130 fronte
2809 4075 2874 4130 ad
2903 4075 3166 4146 homines,
3197 4095 3296 4148 qua
3325 4088 3504 4136 mente

1912 4165 1978 4218 ad
2011 4167 2178 4222 Deum
2209 4183 2267 4222 se
2293 4166 2478 4236 ferret,
2513 4169 2737 4240 ignoro;
2773 4185 2872 4225 nec
2899 4169 3024 4224 volo
3051 4171 3248 4240 aliquid
3291 4173 3504 4244 gravius

1913 4254 2112 4310 dicere.
2162 4257 2372 4312 Falsum
2403 4259 2561 4328 igitur
2589 4259 2670 4314 vel
2703 4261 2941 4316 Iallacem
2970 4261 3102 4316 tradi
3135 4264 3370 4331 parvulis
3399 4263 3506 4318 Ba-

1913 4349 2178 4418 ptismatis
2201 4351 2422 4405 formam
2449 4353 2620 4421 inqua
2643 4365 2858 4407 sonaret
2879 4362 3036 4422 atque
3062 4355 3144 4424 agi
3169 4355 3438 4409 videretur
3459 4355 3498 4420 ⁸,

1912 4449 1968 4494 et
1993 4447 2168 4496 tamen
2212 4443 2350 4496 nulla
2381 4441 2536 4498 ﬁeret
2573 4445 2818 4498 remissio
2857 4455 3228 4514 peccatorum,
3259 4445 3507 4502 viderunt

1913 4533 2078 4602 aliqui
2108 4549 2292 4586 eorum
2321 4533 2450 4588 nihil
2481 4535 2860 4589 exsecrabilius
2901 4551 2966 4590 ac
2993 4535 3358 4590 detestabilius
3400 4537 3502 4592 dici

1914 4643 2070 4698 posse
2113 4637 2272 4698 atque
2313 4627 2518 4684 sentiri.
2567 4629 2796 4684 Proinde
2837 4629 2979 4701 quod
3015 4633 3204 4686 attinet
3231 4633 3297 4688 ad
3325 4633 3508 4704 Bapti-

1915 4735 2086 4776 smum
2109 4722 2471 4792 parvulorum,
2497 4732 2554 4778 ut
2575 4723 2652 4778 eis
2673 4725 2740 4778 sit
2761 4727 3114 4790 necessarius,
3139 4727 3508 4798 redemptione

1917 4817 2044 4888 ipsis
2077 4819 2236 4872 etiam
2264 4833 2398 4887 opus
2423 4833 2545 4872 esse
2573 4817 2894 4883 concedunt,
2925 4821 3064 4874 sicut
3092 4821 3369 4890 cujusdam
3411 4837 3509 4878 eo-

1915 4926 2034 4964 rum
2067 4909 2243 4963 Iibello
2273 4909 2588 4964 brevissimo
2627 4911 2931 4965 continetur
2961 4928 2972 4964 :
3001 4911 3088 4980 qui
3118 4921 3294 4968 tamen
3323 4911 3392 4966 ibi
3421 4927 3511 4967 rc-

1917 5001 2226 5056 missioncm
2258 5001 2481 5070 alicujus
2509 5003 2714 5073 peccati
2743 5004 2978 5072 apertius
2999 5004 3298 5073 exprimere
3321 5003 3509 5058 noluit.

1915 5093 2064 5148 Sicut
2089 5101 2266 5146 autem
2299 5093 2426 5146 mihi
2453 5095 2566 5164 ipsc
2593 5095 2784 5150 litteris
2815 5095 3098 5162 iutimasti,
3128 5097 3361 5152 fatentur
3376 5095 3510 5166 jam,

1917 5187 2126 5240 utdicis
2148 5229 2162 5252 ,
2201 5187 2360 5240 etiam
2389 5187 2438 5242 in
2473 5189 2706 5256 parvulis
2735 5205 2832 5260 per
2863 5189 3193 5259 Baptismum
3239 5189 3516 5246 remissio-

1918 5293 2038 5332 nem
2071 5278 2184 5332 Iieri
2213 5293 2567 5348 peccatorum.
2597 5280 2705 5336 Nec
2733 5281 2921 5335 mirum
2949 5301 2962 5336 :
2996 5298 3102 5338 non
3129 5285 3271 5340 enim
3303 5281 3516 5338 redem-

1919 5369 2028 5438 ptio
2051 5368 2158 5422 aIio
2185 5369 2343 5424 modo
2365 5379 2544 5438 posset
2568 5371 2810 5438 intelligi.
2838 5371 2962 5426 Non
2987 5383 3154 5429 tamen
3177 5373 3510 5446 originaliter,

1985 5481 2000 5546 ξ
2035 5479 2172 5546 Editi,
2197 5479 2348 5532 nobis.
2369 5479 2588 5546 Nonnulli
2615 5485 2946 5546 unuuscripti,
2963 5481 3108 5536 vobis.

1983 5545 2008 5616 ί.
2035 5541 2185 5616 editi,
2211 5551 2262 5594 ut
2291 5557 2384 5594 non
2401 5541 2686 5596 ulienentur.
2715 5541 2944 5596 rartieula
2961 5584 2976 5608 ,
3002 5553 3054 5598 ut
3073 5583 3088 5608 ,
3109 5549 3250 5598 abest
3283 5557 3312 5596 a
3335 5557 3510 5595 manu-

1919 5613 2208 5734 scriutl‘lliires
2226 5675 2358 5734 _tts_s.,
2385 5667 2584 5720 credere
2622 5677 2876 5734 pt'wterea.
2919 5677 3053 5734 nos
3060 5669 3306 5734 editiones
3331 5679 3431 5720 sm.
3460 5677 3516 5722 et

1921 5735 2015 5788 F.r.,
2041 5727 2094 5795 in
2117 5727 2438 5780 remissionem
2463 5727 2799 5795 peccatorum;
2821 5733 3007 5794 adjecta
3025 5731 3121 5780 illic
3139 5747 3152 5794 ι
3169 5735 3480 5794 rtepositione
3497 5764 3514 5792 .

1920 5806 2030 5864 qua;
2057 5793 2198 5842 abest
2221 5805 2248 5841 a
2272 5793 2528 5856 manuscri,
2547 5796 2608 5846 tis
2624 5831 2638 5855 ,
2665 5803 2716 5844 et
2739 5793 2913 5844 merito
2938 5793 3180 5856 expuucta
3217 5793 3304 5846 iuit
3325 5809 3412 5859 per
3435 5801 3517 5846 Lo-

1925 5867 2242 5966 ‘a‘i‘iiiiiss.
2270 5921 2324 5966 At
2349 5915 2482 5978 editi,
2506 5925 2695 5968 sonaret
2717 5915 2845 5982 quod
2871 5916 3030 5982 utique
3047 5917 3128 5984 agi
3161 5918 3422 5974 videretur.
