4016 6476
516 342 679 414 ,ιι-ι

1195 340 1283 395 ΒΕ
1320 333 1775 394 PECCATORUM
1812 304 2088 390 MElilTlS
2125 333 2216 390 ET
2251 332 2675 401 REMISSIONE,
2718 333 2776 390 S.
2817 334 3190 392 AUGUSTINI

3724 339 3828 397 “8

576 456 841 527 inquiunt,
867 454 955 509 sed
974 455 1029 508 in
1048 453 1271 524 sitajam
1293 452 1517 522 propria,
1540 458 1865 522 puteaqumn
1886 449 1994 504 nati
2011 457 2149 515 sunt,
2257 446 2551 502 infelicitati
2579 447 2753 518 potius
2777 447 3137 517 deputandum
3177 456 3281 505 at.
3319 449 3405 507 An
3439 449 3585 521 quod
3619 452 3689 510 ab
3714 452 3832 525 ipso

581 559 838 624 peccatum
863 548 1041 603 habere
1063 554 1335 617 creperum.

648 643 739 699 σι.
762 640 1117 709 mamobrem
1137 637 1288 693 vides
1302 643 1552 708 quantum
1570 634 1681 706 jam
1695 634 1858 690 distet
1876 634 2016 688 inter
2035 646 2151 701 eos,

578 742 769 790 contra
794 746 928 804 quos
951 732 1003 785 in
1032 731 1133 785 hoc
1160 744 1321 800 opere
1361 729 1451 783 diu
1485 727 1595 799 jam
1622 726 1956 796 multumque
1980 723 2152 779 disse-

577 825 685 891 rui,
716 837 942 894 quorum
966 821 1127 877 etiam
1150 819 1307 877 unius
1333 820 1435 890 legi
1459 818 1651 874 librum
1680 832 1742 873 ea
1769 816 2151 882 continentem,

576 929 704 985 qua
720 921 782 969 ut
806 912 952 984 potui
973 910 1221 969 refutavi.
1252 911 1395 966 lnter
1423 910 1554 966 istos
1575 923 1723 980 ergo,
1752 915 1814 964 ut
1832 907 2017 964 dicere
2039 920 2155 964 oae-

573 1018 784 1076 peram,
810 1004 900 1075 qui
943 1004 1161 1060 omnino
1186 1001 1430 1074 parvulos
1458 1000 1528 1057 ab
1548 1000 1693 1055 omni
1724 1006 1937 1069 peccato
1973 1006 2029 1056 et
2047 997 2155 1054 eri-

577 1094 740 1168 ginali
781 1103 838 1151 et
864 1095 1079 1165 proprio
1103 1108 1264 1165 puros
1288 1102 1342 1149 et
1378 1092 1577 1149 liberos
1601 1106 1721 1147 esse
1746 1089 2054 1153 defendunt,
2098 1096 2155 1144 et

531 1231 543 1277 ³
574 1185 713 1243 istos
742 1187 836 1257 qui
874 1200 969 1242 eos
989 1186 1099 1256 jam
1145 1192 1298 1241 natos
1340 1184 1555 1254 propria
1601 1190 1789 1277 putant
1827 1178 2154 1237 contraxisse

527 1274 541 1343 ,ἓ
575 1287 817 1348 peccata,
841 1292 873 1332 a
910 1277 1105 1348 quibus
1127 1290 1222 1333 eos
1248 1275 1474 1331 credunt
1498 1290 1592 1344 per
1634 1274 1958 1343 Baptismum
1995 1285 2156 1340 opor-

580 1376 697 1424 tere
723 1368 957 1440 purgari,
981 1374 1239 1440 quantum
1263 1366 1475 1422 intersit
1497 1364 1667 1422 vides.
1691 1363 1920 1420 Proinde
1944 1362 2032 1417 isti
2059 1374 2155 1431 po-

579 1458 835 1515 steriores
862 1457 1116 1515 intuendo
1141 1457 1444 1528 Scripturas
1467 1495 1483 1525 ,
1508 1464 1564 1513 et
1599 1454 1967 1511 auctoritatem
1993 1454 2153 1509 totius

580 1547 839 1605 Ecclesia
856 1588 873 1617 ,
900 1556 955 1605 et
982 1547 1205 1604 formam
1244 1547 1412 1619 ipsius
1447 1546 1777 1603 Sacramenti
1795 1588 1811 1614 ,
1839 1546 1978 1602 bene
2002 1543 2153 1600 vide-

574 1647 703 1695 runt
730 1654 826 1710 per
853 1639 1178 1711 Baptismum
1208 1640 1262 1695 in
1286 1639 1520 1711 parvulis
1561 1647 1899 1710 peccatorum
1926 1636 2040 1692 ﬁeri
2065 1649 2155 1692 re-

575 1731 926 1789 missionem:
956 1731 1052 1788 sed
1076 1732 1331 1803 originale
1357 1745 1478 1788 esse
1504 1732 1546 1800 ί,
1572 1729 1824 1802 quidquid
1849 1728 1975 1785 illud
2002 1728 2055 1783 in
2076 1728 2155 1784 eis

576 1831 680 1894 est,
723 1823 808 1878 vel
851 1823 1039 1879 nolunt
1064 1822 1277 1890 dicere,
1305 1823 1388 1878 vel
1426 1837 1532 1879 non
1560 1830 1804 1892 possunt.
1852 1820 1933 1875 llli
1975 1826 2154 1875 autem

574 1915 785 1986 priores
810 1914 863 1969 in
891 1915 1003 1985 ipsa
1047 1925 1235 1972 natura
1278 1915 1541 1994 humana,
1568 1929 1688 1985 qua
1716 1913 1785 1970 ab
1808 1912 2057 1969 omnibus
2097 1918 2157 1968 ut

574 2003 947 2062 consideretur
970 2005 1023 2060 in
1056 2013 1301 2076 promptu
1328 2014 1429 2071 est,
1458 2004 1595 2062 bene
1617 2005 1883 2072 viderunt,
1910 2002 2053 2075 quod
2078 2001 2156 2059 fa-

577 2096 681 2153 cile
708 2094 829 2165 fuit,
860 2104 1071 2153 atatem
1099 2098 1245 2153 illam
1290 2098 1347 2152 in
1372 2112 1466 2152 sua
1486 2097 1599 2167 jam
1634 2096 1743 2153 vita
1771 2097 1983 2167 pr0pria
2020 2094 2155 2151 nihil

571 2187 779 2261 peccati
807 2190 1046 2261 potuisse
1071 2189 1387 2246 contrahere
1418 2207 1431 2245 :
1462 2189 1557 2246 sed
1600 2204 1667 2244 ne
1692 2197 1967 2259 peccatum
1993 2189 2156 2259 origi-

571 2279 696 2336 nale
720 2279 1008 2349 fateantur,
1036 2282 1243 2338 nullum
1263 2296 1381 2338 esse
1404 2282 1622 2337 omnino
1647 2290 1922 2352 peccatum
1948 2281 2002 2337 in
2028 2297 2153 2352 par-

578 2370 723 2428 vulis
749 2372 948 2429 dicunt.
997 2372 1054 2429 In
1080 2373 1164 2429 his
1187 2388 1315 2444 ergo
1351 2389 1470 2445 qua
1513 2374 1720 2444 singula
1743 2388 1868 2429 vera
1895 2373 2077 2429 dicunt
2105 2375 2149 2443 ’,

579 2464 728 2535 pr'ms
765 2465 905 2523 inter
926 2480 987 2523 se
1011 2467 1113 2538 ipsi
1154 2468 1524 2533 consentiant,
1554 2476 1610 2523 ct
1647 2474 2036 2538 consequenter
2060 2465 2154 2522 fiet

572 2564 688 2613 uta
714 2558 871 2615 nobis
900 2557 1045 2615 nulla
1075 2572 1142 2615 ex
1168 2566 1321 2630 parte
1358 2558 1691 2617 dissentiant.
1721 2558 1853 2613 Nam
1882 2558 1927 2615 si
1955 2572 2151 2629 parvu-

570 2656 641 2713 lis
658 2658 939 2729 baptizatis
964 2658 1336 2715 remissionem
1361 2658 1475 2714 ﬁeri
1501 2666 1835 2728 peccatorum
1857 2656 2154 2713 concedant

568 2748 651 2806 illi
672 2750 828 2818 istis;
856 2750 1105 2821 parvulos
1127 2758 1328 2817 autem,
1359 2757 1417 2805 ut
1444 2750 1558 2819 ipsa
1583 2757 1770 2806 natura
1796 2749 1849 2805 in
1880 2748 2051 2805 tacitis
2079 2749 2151 2804 in-

569 2840 805 2898 fantibus
830 2842 1068 2912 clamat,
1097 2858 1211 2899 sua
1249 2842 1371 2899 vita
1414 2843 1644 2913 propria
1681 2841 1703 2875 ⁸
1730 2841 1933 2899 nullum
1976 2841 2151 2897 adhuc

572 2934 904 2990 contraxisse
923 2941 1200 3004 peccatum
1224 2933 1518 2990 concedant
1541 2932 1629 2988 isti
1651 2932 1756 2989 illis
1773 2930 1798 2965 ⁸
1818 2949 1833 2986 :
1853 2931 2152 2989 concedent

570 3022 785 3093 utrique
811 3023 987 3093 nobis,
1014 3024 1215 3081 nullum
1241 3024 1343 3081 nisi
1369 3023 1628 3095 originale
1645 3034 1870 3093 restare,
1895 3023 2036 3096 quod
2055 3038 2151 3095 per

572 3113 898 3185 Baptismum
923 3117 1165 3173 solvatur
1189 3118 1246 3175 in
1275 3116 1528 3188 parvulis.

642 3204 869 3263 CAPUT
897 3206 1115 3267 XXXV.
1145 3238 1215 3251 -—
1236 3207 1325 3265 65.
1364 3206 1435 3263 In
1467 3209 1693 3278 parvulis
1716 3224 1817 3265 non
1843 3225 1947 3266 esse
1969 3225 2147 3281 pecca-

569 3305 678 3353 tum
718 3297 940 3368 propria:
962 3299 1095 3355 vita.
1125 3299 1210 3355 An
1236 3313 1366 3356 vero
1393 3307 1449 3355 et
1492 3299 1597 3357 hoc
1637 3301 1893 3372 quaeritur
1916 3301 1960 3370 ⁸,
1999 3311 2056 3359 et
2082 3301 2148 3360 de

568 3386 674 3444 hoc
694 3386 1012 3459 disputaturi
1038 3397 1093 3446 et
1115 3398 1324 3462 tempus
1341 3390 1409 3446 ad
1433 3389 1536 3448 hoc
1552 3392 1843 3463 impensuri
1864 3407 2071 3463 sumus,
2090 3403 2149 3451 ut

568 3483 853 3557 probemus
869 3494 1030 3556 atque
1055 3486 1342 3544 doceamus
1365 3489 1632 3560 quomodo
1657 3505 1751 3560 per
1774 3492 2041 3562 propriam
2062 3509 2149 3549 vo-

569 3570 859 3641 luntatem,
887 3575 1003 3633 siue
1032 3593 1135 3647 qua
1159 3579 1363 3637 nullum
1408 3579 1531 3637 vita
1569 3583 1798 3652 prepria
1824 3592 1999 3653 potest
2026 3600 2148 3643 esse

570 3674 869 3739 peccatum,
901 3666 1034 3723 nihil
1069 3669 1197 3725 mali
1230 3669 1596 3729 commiserint
1620 3672 1870 3742 infantes,
1901 3676 1991 3747 qui
2018 3691 2146 3747 pro-

569 3765 694 3830 pter
735 3759 838 3815 hoc
880 3769 1139 3817 vocantur
1175 3762 1243 3819 ab
1280 3763 1527 3820 omnibus
1570 3764 1918 3823 innocentes?
1960 3766 2147 3825 Nonne

571 3855 718 3905 tanta
745 3849 1215 3932 infirmitas.animi
1238 3862 1293 3912 et
1319 3856 1580 3926 corporis,
1608 3864 1754 3914 tanta
1792 3874 1969 3915 rerum
1994 3860 2140 3931 igno~

568 3939 772 4009 rantis,
797 3948 907 3998 tam
937 3944 1084 4000 nulla
1116 3946 1334 4005 omnino
1357 3950 1609 4019 pracepti
1633 3951 1926 4022 capacitas,
1966 3952 2144 4009 nullus

564 4030 654 4086 vel
693 4033 951 4089 naturalis
972 4036 1054 4092 vel
1090 4037 1408 4110 conscripta
1433 4039 1566 4112 legis
1591 4055 1779 4099 sensus
1803 4051 1894 4098 aut
1929 4052 2106 4101 motus
2125 4086 2141 4113 ,

568 4122 747 4180 nullus
770 4124 826 4181 in
859 4127 1166 4184 alterutram
1186 4138 1397 4201 partem
1423 4134 1645 4192 rationis
1673 4149 1817 4201 usus,
1844 4135 1947 4192 hoc
1973 4136 2144 4194 multo

567 4216 844 4274 testatiore
866 4218 1083 4293 silentio.
1099 4237 1257 4293 quam
1277 4238 1455 4280 sermo
1475 4234 1656 4283 noster
1676 4227 1968 4297 proclamat
1986 4238 2145 4302 atque

563 4306 803 4369 indicat?
836 4308 1023 4369 Valeat
1060 4313 1261 4385 aliquid
1296 4315 1364 4372 ad
1412 4330 1473 4373 se
1512 4317 1680 4388 ipsam
1720 4320 2142 4390 persuadendam

562 4396 683 4468 ipsa
715 4399 1019 4458 evidentia:
1045 4418 1169 4460 nam
1207 4420 1464 4477 nusquam
1494 4408 1572 4465 sic
1609 4425 1712 4466 non
1747 4411 1961 4468 invenio
2002 4414 2143 4484 quod

565 4486 741 4547 dicam
758 4531 775 4557 ,
806 4506 968 4563 quam
1010 4495 1098 4551 ubi
1126 4510 1214 4552 res
1241 4496 1310 4554 de
1332 4512 1436 4568 qua
1455 4497 1666 4568 dicitur,
1692 4502 2024 4561 manifestior
2061 4512 2144 4563 est

563 4593 722 4649 quam
752 4595 912 4639 omne
935 4583 1078 4656 quod
1105 4585 1316 4644 dicitur.

633 4670 723 4728 66.
754 4672 962 4732 Vellem
1006 4685 1206 4745 tamen,
1253 4681 1491 4753 quisquis
1531 4683 1636 4740 hoc
1686 4685 1855 4756 sapit,
1902 4686 2135 4755 diceret,

562 4760 707 4833 quod
734 4774 1010 4835 peccatum
1033 4768 1226 4827 viderit
1244 4773 1330 4828 vel
1358 4775 1554 4843 putarit
1578 4776 1795 4833 infantis
1822 4780 2051 4837 recentis
2075 4780 2141 4835 ab

565 4864 719 4913 utero
737 4896 753 4923 ,
785 4858 873 4914 cui
900 4860 1209 4918 redimendo
1239 4863 1431 4920 fatetur
1454 4866 1564 4938 jam
1593 4869 1917 4940 Baptismum
1947 4887 2137 4933 neces-

561 4948 784 5019 sarium,
802 4952 929 5024 quid
947 4954 1073 5011 mali
1097 4957 1151 5011 in
1177 4956 1278 5013 hac
1296 4958 1511 5029 propria
1536 4976 1631 5019 sua
1656 4962 1759 5017 vita
1787 4978 1881 5033 per
1902 4964 2138 5020 animum

562 5042 836 5111 proprium
862 5058 1123 5117 corpusve
1161 5049 1508 5107 commiserit.
1539 5051 1595 5110 Si
1633 5051 1771 5111 forte
1798 5054 1938 5126 quod
1967 5055 2140 5126 plorat

562 5132 828 5211 tadioque
853 5146 935 5193 est
953 5138 1245 5210 majoribus
1273 5160 1286 5199 :
1318 5143 1514 5201 mirum
1533 5144 1576 5200 si
1597 5144 1700 5203 hoc
1724 5146 2006 5219 iniquitati,
2029 5163 2135 5206 non

621 5290 649 5369 ξ
675 5294 1014 5369 itavatteanps
1032 5295 1187 5369 codex
1212 5304 1265 5349 et
1270 5300 1760 5369 glglrannensis._s_lii
1782 5316 1899 5369 vero
1912 5276 2136 5369 plerique

1268 5354 1573 5432 ξδῖίνκάαξ

561 5417 1155 5495 Ρὲᾙέίῖξὲξῖὲίεῗάίιίὲ,
1170 5417 1428 5495 lesebaltir
1445 5460 1460 5488 ν
1499 5427 1572 5477 vel
1604 5417 1767 5479 υἱᾶενε
1800 5417 1893 5480 non

561 5475 651 5524 sed
673 5476 828 5539 abest,
856 5477 1044 5541 videre,
1070 5494 1099 5531 a
1117 5475 1251 5534 mss."
1446 5475 1458 5488 '

512 5556 521 5563 -
619 5539 643 5571 ί
671 5540 1034 5571 Nam
1053 5544 1208 5571 ,εκ-ιιι..
1233 5546 1364 5571 "ml...
1412 5561 1516 5571 ..η-
1538 5550 1578 5571 .z

528 5659 1084 5778 Si:
1294 5659 1553 5724 concedam
1590 5673 1674 5727 isti
1711 5675 1843 5740 iiiis;
1876 5682 2138 5732 concedunt

618 5783 641 5817 ⁸
667 5783 744 5836 Sic
765 5800 936 5840 crimes
957 5798 1082 5842 Mss"
1105 5801 1161 5844 At
1187 5796 1319 5856 editi,
1344 5796 1611 5859 quwsilurt'.

2145 5919 2147 5923 ,
2158 5898 2195 5921 ’με

2256 537 2385 593 fletu
2410 537 2553 594 nulla
2577 553 2671 593 sua
2696 540 2924 605 ratione,
2963 540 3105 597 nulla
3136 539 3447 611 cujusquam
3474 541 3830 611 prohibitione

2254 630 2648 699 conipescitur?
2676 630 2746 684 At
2780 629 2883 685 hoc
2909 630 3220 703 ignorantia
3243 639 3349 699 est,
3381 631 3434 686 in
3460 647 3566 703 qua
3604 633 3829 703 profun-

2255 719 2472 775 dissima
2506 719 2668 790 jacet,
2693 734 2797 791 qua
2825 721 2986 775 etiam
3023 728 3267 787 matrem,
3292 735 3412 777 cum
3435 730 3555 791 post
3579 723 3829 795 exiguum

2256 820 2465 883 tempus
2488 812 2731 879 valuerit,
2775 813 3002 882 percutit
3038 812 3226 881 iratus,
3255 821 3311 869 et
3350 828 3495 886 sape
3530 814 3676 886 ipsas
3718 817 3834 888 ejus

2254 918 2535 970 mammas,
2563 918 2696 974 quas
2723 902 2848 958 dum
2870 902 3057 970 esurit,
3087 903 3297 975 exsugit
3317 905 3360 958 ί.
3387 902 3514 961 Hac
3535 920 3644 963 non
3670 907 3833 964 modo

2257 991 2518 1060 feruntur,
2547 1010 2731 1051 verum
2772 995 2934 1051 etiam
2967 994 3262 1066 diliguntur
3288 995 3340 1051 in
3369 998 3622 1067 parvulis.
3655 1006 3711 1054 et
3730 999 3836 1059 hoc

2256 1100 2364 1156 quo
2404 1085 2630 1153 affectu,
2671 1087 2774 1142 nisi
2816 1087 3045 1154 carnali,
3075 1102 3182 1158 quo
3207 1087 3370 1143 etiam
3411 1088 3551 1147 risus
3573 1090 3835 1162 jocusque

2254 1177 2501 1244 delectat,
2526 1188 2802 1237 acutorum
2820 1195 3032 1251 quoque
3050 1179 3328 1236 hominum
3350 1180 3464 1252 ipsa
3478 1182 3630 1253 quasi
3647 1182 3836 1239 absur-

2255 1268 2419 1324 ditate
2444 1270 2687 1326 conditus
2716 1289 2729 1324 :
2760 1272 2847 1341 qui
2875 1272 2917 1326 si
2945 1287 3009 1326 eo
3039 1270 3198 1327 modo
3235 1272 3560 1342 sentiretur,
3607 1281 3663 1329 ut
3702 1273 3834 1330 dici-

2254 1367 2362 1428 tur,
2391 1376 2499 1417 non
2531 1361 2642 1432 jam
2671 1362 2747 1418 illi
2775 1374 3024 1434 tanquam
3067 1362 3247 1429 faceti.
3283 1364 3378 1423 sed
3416 1372 3668 1437 tanquam
3702 1366 3832 1425 fatui

2255 1450 2587 1506 riderentur?
2611 1452 2761 1523 ipsos
2778 1468 2989 1524 quoque
3010 1453 3181 1510 fatuos
3198 1455 3218 1485 ³
3241 1454 3507 1525 videmus,
3525 1470 3658 1526 quos
3677 1457 3834 1530 vulgo

2255 1542 2524 1597 moriones
2554 1553 2781 1612 vocant,
2810 1545 2875 1599 ad
2906 1543 3245 1600 cordatorum
3288 1544 3508 1603 delicias
3534 1546 3783 1604 adhiberi
3813 1590 3828 1617 ,

2256 1644 2310 1690 et
2333 1634 2389 1689 in
2416 1635 2796 1705 mancipiorum
2823 1636 3173 1693 aestimatione
3193 1638 3531 1708 pretiosiores
3559 1653 3680 1697 esse
3707 1655 3832 1697 cor-

2255 1724 2412 1782 datis.
2461 1726 2683 1781 Tantum
2730 1728 2872 1783 valet
2897 1728 3124 1785 carnalis
3151 1729 3372 1786 affectus
3409 1730 3571 1787 etiam
3612 1732 3833 1790 minime

2254 1816 2517 1873 fatuorum
2537 1819 2586 1873 in
2606 1818 2957 1876 delectatione
2970 1820 3127 1877 alieni
3142 1821 3285 1877 mali.
3316 1820 3450 1877 Nam
3485 1837 3605 1878 cum
3630 1821 3833 1881 homini

2250 1908 2484 1978 jucunda
2508 1910 2577 1966 sit
2600 1911 2773 1965 aliena
2797 1910 3033 1980 fatuitas,
3066 1928 3163 1969 nec
3202 1913 3319 1986 ipse
3360 1922 3538 1972 tamen
3570 1915 3690 1971 talis
3712 1930 3833 1973 esse

2255 1998 2537 2066 voluisset;
2573 2010 2627 2055 et
2666 2000 2711 2056 si
2747 2016 2902 2057 suum
2940 2004 3214 2074 parvulum
3256 2004 3450 2074 filium,
3495 2019 3527 2062 a
3573 2020 3679 2079 quo
3704 2021 3831 2079 gar-

2254 2091 2423 2147 riente
2458 2092 2581 2147 talia
2611 2102 2759 2162 pater
2787 2093 2941 2150 latus
2968 2106 3239 2167 exspectat
3276 2106 3331 2157 ct
3372 2110 3642 2170 provocat,
3678 2101 3833 2158 talem

2253 2184 2530 2254 prasciret
2552 2183 2784 2239 futurum
2814 2200 2933 2243 esse
2956 2201 3076 2242 cum
3104 2189 3352 2256 creverit,
3380 2191 3524 2247 nullo
3550 2191 3710 2248 modo
3735 2191 3832 2249 du-

2254 2271 2447 2329 bitaret
2486 2274 2840 2331 miserabilius
2878 2276 3165 2348 lugendum
3202 2293 3321 2337 esse
3355 2295 3513 2351 quam
3542 2288 3827 2340 mortuum.

2254 2363 2360 2423 Sed
2380 2366 2508 2423 dum
2523 2382 2647 2438 spes
2666 2369 2848 2425 subest
2870 2369 3338 2442 incrementorum,
3361 2385 3415 2430 et
3435 2374 3631 2446 ingenii
3650 2376 3829 2436 lumen

2253 2472 2595 2516 accessurum
2634 2461 2871 2518 creditur
2911 2463 3083 2519 atatis
3120 2478 3338 2521 accessu
3367 2506 3382 2531 ,
3423 2473 3483 2523 ut
3510 2467 3569 2521 iit
3593 2467 3830 2524 convicia

2250 2553 2590 2624 parvulorum
2616 2553 2776 2610 etiam
2805 2554 2860 2609 in
2886 2564 3165 2627 parentes,
3203 2571 3307 2613 non
3360 2557 3534 2613 solum
3573 2558 3830 2629 injuriosa

2253 2658 2357 2699 non
2377 2643 2504 2712 sint,
2532 2659 2717 2700 verum
2738 2644 2897 2701 etiam
2917 2654 3065 2716 grata
3090 2655 3248 2717 atque
3263 2647 3498 2719 jucunda
3521 2648 3647 2707 sint.
3674 2648 3829 2718 Quod

2252 2735 2466 2807 quidem
2508 2736 2844 2807 prudentium
2888 2752 3047 2793 nemo
3070 2738 3395 2810 probaverit,
3425 2748 3485 2796 ut
3512 2755 3542 2797 a
3567 2739 3721 2797 dictis
3746 2740 3829 2798 vel

2252 2825 2405 2883 factis
2431 2826 2733 2898 hujusmodi
2756 2842 2865 2884 non
2886 2834 3092 2886 tantum
3114 2829 3135 2861 ³
3159 2846 3266 2887 non
3289 2831 3683 2903 prohibeantur,
3708 2847 3829 2889 cum

2249 2919 2523 2991 prohiberi
2546 2920 2657 2992 jam
2686 2930 2923 2992 possunt,
2957 2938 3140 2979 verum
3166 2924 3220 2980 in
3243 2924 3358 2982 hac
3384 2926 3535 2983 etiam
3556 2925 3831 2982 conciten-

2251 3021 2340 3069 tur
2363 3012 2539 3069 studio
2562 3011 2770 3071 ridendi
2790 3022 2846 3075 et
2864 3016 3097 3081 vanitas
3125 3017 3409 3088 majorum.
3436 3018 3565 3077 Nam
3589 3020 3827 3090 plerum-

2218 3120 2353 3177 que
2394 3104 2483 3160 illa
2528 3113 2656 3161 atas
2695 3105 2808 3177 jam
2856 3116 3063 3177 patrem
3112 3118 3443 3181 matremque
3487 3125 3781 3183 agnoscens
3809 3152 3826 3179 ,

2252 3198 2430 3255 neutri
2460 3212 2646 3253 eorum
2663 3198 2823 3255 audet
2845 3199 3183 3269 maledicere,
3210 3201 3313 3257 nisi
3338 3202 3406 3259 ab
3434 3201 3599 3260 altero
3617 3216 3826 3269 eorum,

2249 3298 2341 3347 aut
2367 3290 2435 3347 ab
2473 3300 2697 3363 utroque
2721 3292 2804 3348 vel
2834 3293 3094 3363 permissa
3122 3293 3208 3352 vel
3245 3293 3416 3365 jussu.
3469 3293 3666 3352 Verum
3716 3294 3830 3353 hac

2250 3398 2435 3441 eorum
2478 3393 2601 3440 sunt
2644 3384 3018 3455 parvulorum,
3045 3386 3136 3457 qui
3170 3384 3283 3459 jam
3311 3386 3365 3441 in
3393 3385 3556 3443 verba
3584 3400 3829 3457 prorum-

2248 3486 2399 3549 punt,
2442 3485 2499 3534 et
2541 3477 2705 3532 animi
2747 3476 2830 3534 sui
2870 3486 3044 3534 motus
3082 3478 3550 3551 qualibuscumque
3594 3476 3830 3551 lingua‘

2250 3578 2554 3643 promptare
2576 3567 2685 3638 jam
2712 3577 2951 3639 possunt.
2984 3568 3131 3624 illam
3158 3570 3333 3640 potius
3352 3570 3645 3629 recentium
3674 3579 3828 3627 nato-

2248 3676 2366 3717 rum
2395 3659 2863 3733 profundissimam
2910 3661 3263 3732 ignorantiam
3306 3662 3602 3732 videamus,
3628 3656 3696 3718 ex
3728 3676 3829 3734 qua

2248 3751 2315 3807 ad
2344 3752 2500 3808 istam
2525 3765 2632 3807 non
2662 3767 3063 3824 permansuram
3093 3753 3478 3811 balbutientem
3505 3752 3828 3820 fatuitatem,

2248 3849 2498 3913 tanquam
2531 3843 2600 3900 ad
2631 3844 2906 3901 scientiam
2928 3844 3353 3917 locutionemque
3377 3844 3677 3917 tendentes,
3701 3859 3831 3917 pro-

2249 3934 2478 3991 ficiendo
2506 3946 2784 3993 venerunt.

2317 4025 2544 4084 CAPUT
2582 4027 2820 4085 XXXV].
2846 4057 2919 4071 --
2957 4028 3044 4085 67.
3074 4026 3154 4084 De
3190 4027 3465 4098 infantium
3510 4027 3828 4099 ignorantia,

2248 4128 2297 4176 et
2327 4119 2462 4175 unde
2511 4121 2596 4175 sit.
2644 4120 2788 4190 Illas,
2838 4124 3075 4192 inquam,
3127 4120 3525 4179 consideremus
3573 4122 3831 4177 tenebras

2247 4212 2443 4269 mentis
2465 4212 2648 4283 utique
2680 4212 2985 4283 rationalis,
3014 4213 3068 4268 in
3101 4212 3293 4285 quibus
3321 4222 3377 4270 et
3405 4212 3574 4269 Deum
3606 4226 3833 4283 prorsus

2247 4301 2511 4376 ignorant,
2541 4303 2693 4375 cujus
2722 4304 3079 4361 Sacramentis
3121 4305 3283 4361 etiam
3323 4318 3444 4359 cum
3491 4301 3835 4375 baptizantur

2247 4396 2509 4453 obsistunt
2541 4411 2553 4450 :
2593 4396 2647 4451 in
2676 4396 2774 4453 bas
2814 4412 2997 4469 quare
3039 4396 3181 4452 unde
3220 4403 3276 4452 et
3313 4395 3527 4468 quando
3560 4393 3833 4453 submersi

2245 4487 2369 4543 sint.
2403 4487 2549 4543 itane
2575 4502 2701 4543 vero
2728 4502 2818 4544 eas
2846 4487 2934 4543 hic
2957 4495 3354 4565 contraxerunt,
3395 4493 3450 4542 et
3490 4486 3546 4542 in
3587 4484 3695 4541 hac
3723 4485 3834 4541 vita

2243 4596 2342 4641 sua
2365 4580 2476 4653 jam
2506 4581 2718 4651 propria
2745 4596 2840 4652 per
2866 4580 3085 4636 nimiam
3113 4579 3491 4653 negligentiam
3524 4576 3677 4634 obliti
3705 4584 3838 4633 sunt

2244 4671 2432 4739 Deum,
2481 4671 2769 4744 prudentes
2803 4688 2930 4728 vero
2973 4682 3030 4730 et
3072 4672 3307 4744 religiosi
3351 4673 3597 4729 vixerunt
3644 4670 3736 4725 vel
3779 4670 3838 4725 in

2246 4762 2411 4818 uteris
2435 4763 2697 4827 matrum?
2724 4762 2911 4818 Dicant
2943 4763 3042 4818 ista
3082 4761 3175 4835 qui
3212 4761 3328 4818 ausi
3366 4760 3583 4830 fuerint,
3609 4758 3840 4816 audiant

2244 4853 2334 4926 qui
2359 4851 2646 4923 voluerint,
2673 4853 2894 4911 credant
2915 4854 3007 4926 qui
3029 4853 3301 4927 potuerint
3320 4870 3333 4909 :
3351 4867 3452 4926 ego
3471 4858 3649 4908 autem
3676 4859 3835 4923 puto,

2244 4946 2385 5017 quod
2433 4961 2620 5007 omnes
2652 4962 2877 5019 quorum
2917 4955 3123 5003 mentes
3167 4962 3276 5003 non
3324 4944 3601 5003 obnubilat
3635 4944 3838 5001 defen-

2244 5036 2433 5093 denda
2481 5052 2593 5093 sua
2644 5038 2924 5096 sententia
2971 5037 3267 5110 pervicacia
3291 5081 3307 5108 ,
3345 5037 3462 5094 hac
3491 5035 3697 5094 sentire
3725 5052 3837 5092 non

2243 5139 2489 5201 possunt.
2530 5130 2615 5185 An
2661 5130 2865 5186 nullum
2903 5138 2986 5187 est
3014 5130 3323 5203 ignorantia
3350 5129 3567 5198 malum,
3611 5138 3685 5190 et,
3710 5128 3839 5185 ideo

2309 5245 2729 5322 Eleusinem:
2751 5261 2858 5322 ριόν
2879 5247 3091 5322 castris
3113 5247 3314 5322 δειὶθξιιν

2306 5310 2328 5342 ⁸
2342 5316 2461 5360 Tres
2478 5304 2699 5358 Gallicani
2714 5304 3030 5373 nianuscript'i
3043 5304 3167 5374 loco,
3186 5304 3362 5374 fatuos,
3376 5304 3580 5371 bibent,
3600 5304 3839 5359 cirratas.

2243 5371 2363 5422 Vide
2380 5381 2541 5434 supra,
2564 5384 2613 5420 ιι.
2638 5370 2717 5431 33,
2742 5371 2836 5422 col.
2859 5374 2963 5422 m.

2309 5406 3121 5504 ῗνθῖξέίῗέμῖίδῖῗηνῦῧόὧῖέφιιιιν.
3143 5435 3393 5504 cuiauis,
3412 5445 3508 5504 ηαι

2306 5494 2330 5528 ι
2347 5497 2446 5561 ilic
2475 5491 2592 5546 editi
2613 5491 3010 5561 semanusa‘ipti
3041 5491 3255 5561 nonnulli
3298 5491 3510 5561 addunt,
3529 5491 3725 5561 signis:
3747 5491 3843 5545 Alii

2240 5558 2441 5624 quidam
2457 5566 2581 5618 "35.,
2841 5555 3071 5624 staturum
3092 5557 3277 5624 habent
3298 5555 3599 5624 antiquiores
3612 5555 3841 5624 codices,

2242 5617 2637 5690 quimcleganter
2672 5622 2954 5690 subauditur
2972 5657 2989 5682 ,
3265 5625 3332 5670 Ex
3363 5617 3535 5669 iisdem
3565 5617 3845 5690 manuscri-

2242 5681 2336 5745 βιίε
2368 5681 2769 5754 ιιμοίὀῖοοειιηυε
2790 5681 3027 5754 verbum;
3050 5685 3361 5754 ρζοιηρρανεέ
3383 5693 3470 5754 Pro
3498 5692 3595 5754 at}?
3612 5681 3681 5754 is
3704 5682 3845 5754 ante

2245 5742 2444 5809 excusis
2463 5751 2601 5809 erat,
2629 5747 2956 5809 promptuare.
2995 5742 3061 5797 ιη’

2246 5805 2415 5858 codice
2432 5804 2639 5868 legitur,
2653 5804 2928 5871 promittite.
