4016 6490
213 331 238 384 Ι
249 329 323 384 49

211 453 312 493 nec
344 435 723 507 purgandum?
768 437 837 492 Et
861 436 987 508 quid
1016 437 1123 508 agit
1161 439 1182 470 τ
1220 437 1307 493 illa
1333 451 1458 505 vox,
1493 436 1687 494 Delicta
1704 438 1803 511 ju-

211 529 426 585 eentutis
447 539 490 582 et
505 528 816 601 ignorantia:
835 537 956 584 mete
974 543 1038 583 ne
1050 530 1336 584 memineris
1357 525 1528 601 (Psat.
1552 543 1693 596 xxiv,
1714 529 1807 602 7)?

210 623 322 677 Etsi
353 622 499 676 enim
527 621 918 678 damnabiliora
944 631 1160 694 peccata
1189 629 1330 689 sunt,
1378 637 1496 692 qua!
1535 625 1602 678 ab
1629 625 1805 679 scicn-

215 716 356 770 tibus
393 716 812 770 committuntur
859 735 872 771 :
922 724 1098 771 tamen
1139 717 1183 771 si
1231 717 1541 786 ignorantize
1588 727 1806 788 peccata

212 807 358 862 nulla
385 816 592 873 essent,
623 807 725 861 hoc
753 822 862 862 non
887 809 1183 878 legeremus
1205 807 1343 876 quod
1369 809 1802 876 commemoravi,

218 895 412 952 Delicta
449 899 741 969 jurentutis
763 908 810 952 et
835 899 1132 970 ignorantiae
1158 915 1282 952 metr
1309 917 1370 953 ne
1407 900 1705 954 memineris.
1749 899 1806 954 lu

213 991 324 1044 illas
351 990 519 1059 igitur
536 991 851 1060 ignorantiae
875 990 1212 1045 densissimas
1237 991 1500 1054 tenebras,
1523 991 1609 1044 ubi
1631 991 1808 1046 anima

215 1082 434 1136 infantis
484 1084 720 1137 recentis
768 1082 837 1135 ab
870 1092 1040 1148 utero,
1090 1083 1270 1152 utique
1318 1084 1489 1136 anima
1533 1081 1802 1150 hominis,

213 1175 396 1241 utique
427 1173 612 1227 anima
647 1173 942 1237 rationalis,
987 1188 1091 1227 non
1137 1173 1307 1228 solum
1347 1173 1576 1236 indocta,
1620 1187 1806 1227 verum

215 1268 369 1320 etiam
425 1265 679 1320 indocilis
712 1265 888 1334 jacet,
935 1279 1131 1335 quare,
1176 1274 1267 1320 aut
1295 1265 1523 1336 quando,
1552 1274 1643 1319 aut
1667 1265 1807 1320 unde

214 1367 473 1411 contrusa
500 1357 620 1411 est?
649 1356 706 1410 Si
732 1365 922 1410 natura
943 1366 1028 1411 est
1052 1357 1074 1388 ⁸
1105 1356 1338 1411 hominis
1364 1357 1441 1411 sic
1468 1357 1722 1426 incipere,
1752 1363 1806 1411 et

214 1465 309 1504 non
332 1449 461 1519 jam
487 1449 682 1504 vitiosa
709 1457 796 1504 est
822 1449 922 1504 ista
949 1458 1164 1515 natura;
1196 1463 1290 1505 cur
1311 1461 1416 1505 non
1447 1451 1566 1504 talis
1594 1457 1806 1505 creatus

215 1553 286 1596 est
325 1542 562 1597 Adam?
606 1542 714 1596 Cur
743 1543 836 1598 ille
864 1558 1029 1613 capax
1063 1544 1336 1614 praecepti,
1364 1552 1418 1598 et
1442 1545 1628 1598 valens
1654 1544 1806 1598 uxori

217 1645 260 1689 et
283 1636 548 1690 omnibus
578 1634 896 1689 animalibus
924 1636 1135 1689 nomina
1167 1636 1472 1708 imponere?
1498 1635 1632 1692 Nam
1660 1644 1716 1692 et
1739 1635 1806 1692 de

219 1727 291 1780 illa
318 1727 483 1790 dixit,
516 1725 644 1781 Hart:
673 1726 926 1780 vocabitur
951 1728 1167 1791 mulier;
1191 1733 1248 1782 et
1271 1769 1285 1794 ,
1335 1723 1694 1799 Quodcumque
1720 1743 1806 1781 ve-

220 1819 342 1871 tavit
371 1818 546 1871 Adam
577 1819 799 1870 animum
827 1818 1021 1882 vivam,
1069 1818 1162 1871 hoc
1193 1828 1264 1871 est
1309 1836 1489 1872 nomen
1516 1820 1626 1890 ejus
1654 1817 1801 1888 (Gen.

219 1923 267 1973 ιι,
293 1909 392 1976 23,
432 1909 548 1980 i9).
595 1909 700 1966 iste
733 1919 909 1964 autem
949 1910 1193 1966 nesciens
1240 1909 1328 1966 ubi
1370 1912 1459 1978 sit,
1489 1911 1613 1982 quid
1652 1913 1738 1977 sit,
1775 1928 1803 1966 a

219 2017 322 2072 φο
346 2010 587 2063 creatus,
614 2016 645 2055 a
674 2001 865 2071 quibus
902 2002 1112 2071 genitus
1158 2002 1258 2068 sit,
1287 2002 1396 2070 jam
1427 2019 1550 2058 reus
1581 2003 1801 2070 delicti“,

220 2092 458 2147 nondum
502 2105 672 2162 capax
715 2091 988 2163 percepti,
1036 2100 1144 2146 tam
1193 2092 1455 2162 profunda
1496 2089 1806 2165 ignorantiae

220 2185 448 2255 caligine
483 2184 755 2239 involutus
795 2193 850 2238 et
899 2200 1144 2254 pressus,
1176 2194 1235 2239 ut
1262 2201 1434 2255 neque
1464 2195 1710 2256 tanquam
1739 2187 1806 2241 de

223 2291 409 2331 somno
453 2276 675 2331 excitari
720 2276 908 2346 possit,
953 2284 1008 2329 ut
1053 2276 1167 2330 limo
1208 2277 1395 2331 saltem
1440 2276 1805 2332 demonstrata

221 2375 539 2438 cognoscat;
569 2366 664 2422 sed
691 2374 1030 2436 exspectetur
1056 2375 1282 2435 tempus,
1317 2381 1422 2436 quo
1462 2367 1597 2421 hanc
1623 2366 1806 2422 nescio

221 2475 378 2532 quam
413 2460 563 2515 velut
592 2458 928 2524 ebrietatem,
958 2473 1066 2514 non
1086 2473 1182 2528 per
1209 2473 1371 2513 unam
1412 2467 1644 2524 noctem,
1669 2460 1808 2513 sicut

220 2552 474 2622 quaslbet
501 2549 811 2619 gravissima
860 2549 1017 2613 solet,
1067 2549 1162 2604 sed
1207 2563 1304 2619 per
1350 2550 1546 2618 aliquot
1593 2563 1806 2604 menses

218 2652 383 2714 atque
421 2655 589 2698 annos
625 2641 880 2713 paulatim
907 2641 1112 2712 digerat
1141 2658 1156 2694 ε
1185 2641 1325 2711 quod
1352 2641 1522 2696 donec
1551 2642 1660 2706 fiat,
1699 2650 1804 2695 tam

221 2734 406 2791 multa
436 2749 553 2804 quas
576 2736 629 2788 in
652 2732 944 2803 majoribus
982 2733 1248 2802 ponimus,
1290 2733 1577 2787 toleramus
1603 2733 1655 2786 in
1686 2746 1806 2801 par-

228 2827 411 2893 vulis,
455 2836 510 2882 ut
550 2828 804 2882 numerari
852 2825 1068 2880 omnino
1111 2839 1219 2880 non
1259 2824 1466 2896 possint
1501 2842 1518 2877 :
1568 2823 1672 2878 hoc
1700 2833 1806 2878 tam

224 2934 479 2990 magum
509 2920 812 2989 ignorantia
853 2927 1014 2986 atque
1050 2916 1373 2972 infirmitatis
1417 2915 1635 2980 malum,
1677 2916 1722 2970 si
1750 2915 1804 2968 ia

229 3009 326 3065 hac
343 3011 452 3065 vita
467 3010 580 3079 jam
606 3011 712 3065 uati
735 3009 944 3082 parvuli
963 3017 1340 3063 contraxerunt
1369 3007 1411 3073 ³,
1435 3008 1547 3075 ubi,
1570 3006 1803 3078 quando,

227 3101 488 3171 quomodo
513 3116 704 3172 magna
741 3102 918 3172 aliqua
959 3101 1230 3168 impietate
1259 3100 1545 3154 commissa
1584 3107 1805 3170 repente

233 3194 379 3250 tantis
408 3193 648 3249 tenebris
679 3194 900 3248 involuti
926 3193 1096 3248 sunt?

289 3284 512 3342 CAPUT
554 3284 822 3340 XXXVII.
857 3313 928 3326 -—
956 3285 1045 3341 68.
1102 3285 1162 3343 Si
1210 3284 1374 3340 Adam
1426 3299 1526 3338 non
1569 3283 1689 3340 talis
1736 3292 1806 3342 est

230 3386 407 3432 tremis
446 3376 626 3446 quales
670 3378 947 3446 medetur,
995 3397 1083 3432 cur
1121 3379 1350 3433 Christus
1393 3393 1570 3450 expers
1619 3381 1807 3449 peccati

227 3472 384 3544 infans
422 3480 578 3526 udus
621 3485 696 3527 est
737 3483 786 3527 et
823 3474 1100 3528 imbecillis.
1142 3474 1290 3527 Dicet
1325 3474 1558 3544 aliquis:
1588 3471 1643 3528 Si
1692 3473 1807 3528 haec

229 3575 400 3619 natura
429 3580 566 3635 pura
594 3579 703 3620 non
729 3574 834 3630 est,
866 3564 959 3620 sed
985 3564 1189 3618 vitiosa
1214 3564 1524 3634 primordia,
1543 3564 1665 3635 quia
1687 3566 1807 3620 talis

230 3669 318 3708 non
347 3663 434 3711 est
462 3664 680 3710 creatus
707 3654 914 3719 Adam;
940 3669 1034 3708 cur
1055 3653 1301 3709 Christus
1345 3654 1500 3725 longe
1534 3655 1806 3710 excellen-

231 3745 333 3808 tior,
360 3755 417 3800 et
446 3753 602 3800 certe
639 3745 756 3803 sine
799 3744 908 3800 ullo
949 3754 1168 3814 peccato
1210 3754 1366 3799 natus
1398 3751 1464 3799 ex
1495 3745 1718 3816 virgine,
1753 3746 1806 3799 in

228 3835 315 3892 hac
357 3849 544 3893 tamen
593 3837 905 3892 infirmitate
932 3844 1091 3908 atque
1117 3845 1273 3891 aetate
1299 3846 1609 3905 procreatus
1639 3851 1805 3906 appa-

231 3929 352 3982 ruit?
395 3931 539 3984 ﬂuic
580 3929 928 4000 propositioni
979 3929 1362 3998 respondemus
1407 3947 1420 3982 :
1460 3931 1631 3984 Adam
1679 3919 1803 3996 pro-

229 4031 398 4092 plcre:
443 4039 555 4078 non
601 4022 764 4077 talem
813 4029 1087 4085 creatum,
1140 4023 1260 4092 quia
1318 4022 1516 4076 nullius
1572 4026 1808 4091 parentis

232 4114 559 4182 prudente
576 4122 814 4183 peccato,
839 4129 943 4167 non
960 4113 982 4144 "
1002 4121 1083 4169 est
1097 4120 1306 4168 creatus
1326 4111 1378 4166 in
1402 4127 1561 4167 carne
1578 4113 1804 4183 peccati.

230 4205 328 4262 Nos
351 4206 474 4262 ideo
498 4206 656 4273 tales,
689 4207 810 4276 quia
855 4205 997 4260 illius
1040 4206 1372 4275 praecedente
1414 4214 1654 4276 peccato,
1697 4205 1806 4260 nati

229 4313 400 4353 mas
431 4300 494 4353 in
526 4313 698 4353 carne
737 4298 962 4369 peccati.
1005 4297 1247 4354 Christus
1277 4297 1398 4352 ideo
1428 4297 1568 4364 talis,
1599 4297 1721 4367 quia
1753 4308 1810 4352 ut

227 4389 288 4445 tle
314 4400 538 4460 peccato
562 4389 944 4445 condemnaret
969 4397 1265 4458 peccatum,
1298 4397 1452 4443 natus
1477 4396 1560 4443 est
1584 4390 1636 4441 in
1658 4390 1806 4442 simi-

227 4484 445 4539 litudine
488 4483 668 4538 carnis
697 4483 898 4554 peccati
927 4481 1099 4553 (Rom.
1128 4497 1242 4550 vm,
1265 4484 1341 4552 ὅ).
1379 4481 1497 4538 Non
1535 4483 1678 4536 enim
1724 4482 1810 4538 hic

223 4579 395 4648 gitur
419 4577 492 4631 de
518 4575 708 4642 Adam,
747 4575 888 4648 quod
918 4577 1143 4646 pertinet
1166 4575 1234 4630 ad
1258 4576 1502 4647 corporis
1540 4576 1807 4645 quantita-

227 4678 352 4735 tem,
381 4669 510 4740 quia
537 4683 646 4723 non
670 4669 921 4737 parvulus
941 4667 1238 4735 factus‘est,
1278 4668 1370 4724 sed
1411 4668 1642 4739 perfecta
1670 4669 1809 4724 mole

228 4762 641 4816 membrorum:
681 4768 859 4832 potest
904 4761 1046 4815 enim
1091 4760 1230 4828 dici,
1280 4761 1438 4816 etiam
1490 4775 1683 4830 pecora
1732 4761 1809 4816 sic

229 4863 424 4919 creata,
452 4867 558 4908 nec
580 4861 758 4908 amen
782 4866 969 4908 eorum
997 4862 1214 4923 peccato
1240 4852 1437 4908 factum
1473 4866 1592 4908 esse
1609 4894 1622 4918 ,
1658 4860 1716 4906 ut
1742 4869 1810 4908 ex

227 4945 303 4998 eis
332 4945 467 5014 pulli
509 4943 722 5013 parvuli
762 4953 1133 5010 nascerentur;
1187 4944 1327 5014 quod
1370 4944 1530 5015 quale
1562 4945 1632 4999 sit
1668 4959 1809 5000 nunc

228 5047 333 5090 non
378 5035 671 5106 quaerimus
699 5051 713 5089 :
745 5034 839 5090 sed
884 5036 1056 5106 agitur
1082 5034 1149 5090 de
1183 5035 1324 5091 illius
1353 5036 1548 5090 mentis
1580 5036 1808 5106 quadam

227 5127 460 5181 valentia
486 5141 692 5196 usuque
715 5126 958 5192 rationis,
986 5141 1092 5196 quo
1120 5134 1444 5197 praeceptum
1486 5127 1582 5182 Dei
1606 5128 1808 5198 legem-

225 5233 330 5289 que
355 5219 599 5276 mandati
622 5227 677 5276 et
695 5220 884 5277 docilis
910 5219 1079 5276 Adam
1118 5230 1356 5291 caperet,
1377 5228 1433 5276 et
1453 5221 1608 5277 facile
1627 5229 1812 5291 posset

289 5389 309 5460 ἶ
346 5393 543 5460 tor-.8}
568 5383 812 5460 “omni!
831 5384 1082 5460 “si”?
1113 5447 1151 5460 ._
1364 5447 1401 5460 ._
1442 5458 1474 5460 ,-

286 5450 309 5480 ι
346 5451 478 5511 Apud
500 5454 610 5498 Lov.
631 5482 646 5508 ,
664 5447 706 5499 si
727 5451 917 5498 naturae
932 5452 1017 5497 est.
1037 5451 1090 5496 Et
1111 5447 1160 5496 in
1179 5446 1410 5510 principio
1427 5445 1702 5510 capitis57:
1729 5447 1811 5497 «Si

228 5510 600 5560 eliadum
620 5520 756 5573 pura:
776 5521 877 5558 non
897 5516 1070 5559 sunt.»

288 5575 311 5605 ⁸
349 5571 582 5646 μεθφτίξ..
599 5578 728 5646 “0‘9?
764 5576 877 5646 “53;
897 5570 1220 5646 99'P9l‘?‘.‘§i’2
1236 5571 1813 5646 tenemusnwsitae-

225 5636 411 5700 neusis,
431 5640 484 5686 et
503 5633 584 5684 alii
603 5631 817 5698 quidam,
833 5630 877 5682 si
898 5629 951 5682 in
971 5629 1061 5680 hac
1078 5631 1172 5683 vita
1193 5643 1285 5681 non
1298 5629 1398 5682 nati
1419 5629 1606 5696 parvuli
1624 5629 1812 5682 contra-

516 5765 612 5822 tua,
631 5757 749 5824 quia
972 5755 1184 5832 gerentis
1204 5757 1506 5821 praecedente
1529 5761 1723 5822 peccato
1742 5761 1814 5808 est

224 5828 418 5876 κακίω
438 5825 491 5878 in
511 5835 658 5878 carne
677 5825 888 5888 peccati,
915 5825 1106 5881 omisso,
1129 5831 1238 5870 non.

1597 323 1799 379 LIBER
1839 324 2101 383 PRIMUS.

3393 342 3491 400 550

1913 442 2197 506 custodire,
2231 444 2273 497 si
2305 445 2481 502 vellet.
2512 446 2662 504 Nunc
2693 459 2873 507 autem
2918 451 3077 508 homo
3101 454 3179 510 sic
3204 455 3437 511 nascitur
3465 499 3481 523 ,

1912 541 1970 587 ut
2006 535 2221 589 omnino
2247 549 2351 590 non
2378 540 2574 606 possit,
2615 551 2828 612 propter
2871 541 3188 600 horrendam
3233 545 3483 616 ignoran-

1912 623 2037 677 tiam
2065 633 2220 696 atque
2245 626 2622 694 infirmitatem,
2647 645 2754 686 non
2781 634 2976 700 carnis,
3000 635 3093 691 sed
3115 638 3337 701 mentis;
3361 651 3484 692 cum

1911 727 2097 769 omnes
2124 715 2385 773 fateamur
2411 719 2460 773 in
2486 723 2701 789 parvulo
2722 739 2828 778 non
2850 725 3068 781 alterius
3085 768 3098 793 ,
3131 726 3223 782 sed
3245 727 3484 796 ejusdem

1912 808 2218 862 Substantim
2248 810 2398 877 cujus
2429 811 2480 865 in
2513 813 2682 881 primo
2726 816 2936 870 homine
2966 813 3088 882 fuit,
3126 817 3226 872 hoc
3251 825 3350 882 est,
3398 833 3486 871 ra-

1913 899 2160 953 tionalem
2187 903 2416 955 animam
2442 901 2656 971 degere.
2685 904 3000 975 Quanquam
3017 908 3174 962 etiam
3204 908 3314 978 ipsa
3345 918 3486 962 tanta

1911 990 2085 1044 carnis
2107 991 2407 1059 infirmitas,
2436 995 2616 1049 nescio
2641 995 2785 1064 quid,
2818 1005 3070 1067 quantum
3099 1000 3348 1066 arbitror,
3373 1013 3485 1070 poe-

1911 1081 2030 1135 nale
2070 1082 2424 1138 demonstrat.
2467 1084 2639 1140 Movet
2667 1087 2828 1155 enim,
2860 1089 2902 1141 si
2940 1089 3092 1159 primi
3129 1090 3206 1144 illi
3245 1090 3484 1146 homines

1912 1185 2018 1226 non
2046 1181 2394 1242 peccassent,
2444 1185 2624 1230 utrum
2669 1178 2800 1232 tales
2827 1186 3008 1232 essent
3045 1179 3181 1234 filios
3220 1181 3444 1235 habituri
3469 1223 3483 1246 ,

1910 1263 1998 1331 qui
2028 1278 2124 1317 nec
2147 1265 2345 1333 lingua,
2376 1280 2472 1320 nec
2497 1267 2761 1335 manibus,
2805 1283 2902 1322 nec
2937 1269 3162 1338 pedibus
3186 1279 3482 1326 uterentur.

1909 1351 2040 1408 Nam
2071 1364 2288 1424 propter
2308 1357 2443 1412 uteri
2471 1359 2818 1427 capacitatem
2846 1359 3069 1416 fortasse
3090 1377 3308 1419 necesse
3330 1363 3488 1417 fuerit

1910 1447 2155 1514 parvulos
2186 1448 2349 1504 nasci.
2395 1449 2666 1515 Quamvis,
2713 1466 2832 1506 cum
2873 1454 3058 1523 exigua
3090 1455 3159 1508 sit
3197 1469 3318 1524 pars
3361 1470 3484 1510 cor-

1911 1538 2054 1606 poris
2079 1548 2245 1603 costa,
2278 1555 2386 1594 non
2413 1548 2590 1595 tamen
2620 1551 2836 1613 propter
2884 1544 2984 1598 hoe
3029 1546 3168 1601 Deus
3212 1549 3484 1616 parvulam

1910 1629 2024 1683 viro
2060 1631 2337 1701 conjugcm
2384 1632 2542 1698 fecit,
2582 1650 2737 1703 quam
2767 1636 3046 1692 aediﬁcavit
3071 1639 3121 1693 in
3152 1639 3431 1694 mulierem
3468 1659 3482 1696 :

1908 1719 2050 1774 unde
2068 1730 2124 1774 ct
2141 1721 2255 1790 ejus
2274 1721 2410 1777 filios
2437 1732 2644 1792 poterat
2664 1725 3043 1796 omnipotentia
3066 1727 3332 1784 Creatoris
3354 1743 3480 1783 mox

1909 1813 2080 1869 editos
2109 1815 2334 1883 grandes
2359 1817 2600 1884 protinus
2626 1817 2818 1872 faccre.

1980 1902 2202 1960 CAPUT
2243 1905 2526 1961 xxxvnl.
2558 1937 2630 1948 —
2658 1907 2744 1963 09.
2791 1907 3089 1979 Ignorantia
3133 1917 3181 1965 et
3216 1909 3484 1981 inﬁrmitas

1907 1995 2137 2065 infantis.
2189 1998 2293 2052 Sed
2336 2008 2392 2052 ut
2431 2000 2531 2053 hoc
2581 2002 2842 2065 omittam,
2890 2012 3097 2071 potia-at
3136 2013 3301 2070 certe,
3342 2006 3486 2076 quod

1909 2088 2090 2143 multis
2111 2089 2268 2142 etiam
2305 2090 2582 2158 pecoribus
2610 2093 2872 2161 priestitit,
2898 2108 3122 2164 quorum
3145 2095 3270 2164 pulli
3300 2109 3487 2165 quam-

1909 2177 1990 2233 vis
2021 2180 2128 2234 sint
2172 2181 2402 2250 parvuli,
2441 2198 2612 2252 neque
2645 2184 3015 2238 accedentibus
3039 2186 3278 2254 corporis
3309 2186 3483 2240 incre-

1909 2273 2104 2326 mentis
2142 2273 2300 2328 ctiam
2347 2284 2523 2329 mente
2566 2276 2866 2344 proﬁciant,
2901 2279 3148 2347 quoniam
3177 2279 3487 2334 rationalem

1909 2364 2140 2419 animam
2165 2381 2271 2419 non
2303 2365 2519 2434 habent,
2553 2375 2727 2422 tamen
2753 2373 2911 2424 etiam
2933 2371 3270 2425 minutissimi
3293 2378 3347 2426 et
3371 2387 3489 2426 cur-

1909 2468 2051 2521 runt,
2097 2466 2152 2512 et
2192 2467 2392 2514 matres
2439 2471 2766 2528 agnoscunt,
2811 2476 2911 2517 nec
2947 2462 3196 2532 augendis
3238 2461 3490 2516 uberibus

1910 2561 2036 2600 cura
2061 2556 2116 2601 et
2141 2562 2243 2616 0pc
2274 2548 2621 2602 admoventur
2651 2551 2846 2616 aliena,
2872 2550 2967 2606 sed
2991 2566 3052 2606 ea
3083 2553 3181 2622 ipsi
3209 2552 3261 2606 in
3292 2560 3488 2606 mater-

1910 2637 1993 2691 nis
2019 2640 2330 2706 corporibus
2377 2639 2496 2692 loco
2531 2639 2714 2694 abdito
2760 2642 2926 2707 posita
2971 2641 3196 2695 mirabili
3239 2641 3492 2696 facilitate

1911 2740 2190 2784 noverunt.
2216 2729 2411 2782 Contra
2437 2728 2638 2784 homini
2665 2740 2792 2785 nato
2819 2745 2915 2784 nec
2939 2731 3006 2785 ad
3031 2732 3293 2785 incessum
3326 2731 3488 2800 pedes

1910 2820 2108 2883 idonei,
2137 2835 2235 2875 nec
2259 2836 2448 2876 manus
2475 2823 2660 2877 saltem
2700 2823 2768 2876 ad
2809 2823 3151 2893 scalpendum
3187 2825 3408 2889 habiles,
3437 2834 3492 2878 et

1910 2912 2013 2968 nisi
2060 2927 2161 2982 ope
2205 2914 2484 2968 nutrientis
2528 2914 2753 2969 admotis
2794 2916 2952 2970 labris
2997 2917 3014 2948 ι
3064 2917 3270 2986 papilla
3308 2917 3494 2971 uberis

1911 3005 2240 3074 ingerantur,
2273 3022 2373 3062 nec
2394 3009 2485 3062 ubi
2514 3009 2620 3062 sint
2644 3009 2913 3074 sentiunt,
2953 3019 3006 3065 et
3038 3010 3185 3079 juxta
3215 3026 3272 3066 se
3307 3010 3490 3080 jacen-

1913 3096 2054 3150 tiius
2079 3099 2326 3152 mammis
2359 3098 2525 3168 magis
2573 3101 2776 3168 possint
2813 3103 3110 3156 esurientes
3151 3102 3301 3168 fiere,
3327 3118 3490 3172 quam

1910 3203 2118 3260 sugere.
2178 3190 2407 3245 Proinde
2473 3192 2764 3246 infirmitati
2817 3194 3011 3248 mentis
3070 3195 3313 3268 congruit
3374 3195 3488 3251 haec

1911 3280 2126 3353 omni-tto
2148 3280 2425 3339 infirmitas
2445 3283 2684 3354 corporis
2709 3300 2720 3338 :
2746 3297 2844 3342 nec
2872 3283 3054 3341 fuisset
3073 3302 3199 3340 caro
3217 3288 3414 3342 Christi
3436 3288 3488 3342 in

1913 3373 2258 3429 similitudine
2277 3375 2453 3429 carnis
2474 3377 2695 3444 peccati,
2721 3377 2820 3430 nisi
2841 3391 2967 3431 caro
2981 3386 3124 3431 esset
3146 3378 3243 3431 ista
3262 3379 3486 3446 peccati,

1913 3467 2068 3536 cujus
2111 3466 2346 3536 pondere
2373 3467 2645 3522 rationalis
2669 3468 2844 3522 anima
2877 3470 2957 3523 sic
2982 3479 3265 3538 gravatur;
3299 3471 3408 3524 sive
3429 3480 3484 3524 et

1911 3560 2026 3631 ipsa
2061 3574 2126 3615 ex
2156 3560 2463 3630 parentibus
2488 3568 2653 3614 tracta
2678 3561 2766 3624 sit,
2789 3560 2902 3614 sive
2929 3560 3124 3616 ibidem
3148 3569 3346 3627 creata,
3377 3561 3490 3615 sive

1911 3651 2142 3722 desuper
2167 3654 2440 3723 inspirata,
2471 3653 2613 3725 quod
2636 3669 2775 3707 nunc
2796 3668 3037 3723 quzerere
3062 3653 3270 3707 differo.

1983 3747 2211 3803 CAPUT
2248 3747 2490 3804 XXXIX.
2516 3777 2587 3788 —
2618 3749 2706 3803 70.
2740 3748 3000 3813 Quatenus
3025 3755 3286 3801 avocaretur
3317 3761 3492 3815 pecca—

1915 3846 2021 3892 tum
2058 3854 2146 3908 per
2175 3837 2488 3909 Baptismum
2515 3839 2566 3892 iit
2595 3839 2838 3909 paruulis,
2865 3839 3095 3892 similiter
3121 3847 3169 3892 et
3193 3839 3244 3892 in
3279 3838 3486 3903 adultis,

1913 3939 1962 3984 at
1989 3928 2112 4000 quid
2147 3929 2267 3984 inde
2300 3938 2631 3999 consequatur
2676 3930 2929 3984 utilitatis.
2977 3929 3037 3984 in
3076 3929 3308 4000 parvulis
3346 3941 3491 3984 certe

1911 4022 2080 4092 gratia
2113 4021 2227 4088 Dei,
2255 4036 2352 4090 per
2376 4021 2702 4090 Baptismum
2731 4021 2846 4090 ejus
2871 4022 2959 4092 qui
2997 4023 3141 4077 venit
3163 4022 3216 4076 in
3242 4023 3490 4076 similitu-

1913 4113 2038 4170 dine
2063 4113 2239 4169 carnis
2264 4115 2484 4184 peccati,
2523 4114 2571 4169 id
2597 4116 2790 4185 agi-tur,
2818 4124 2876 4170 ut
2896 4124 3181 4171 evacuatur
3206 4129 3334 4170 caro
3360 4130 3489 4185 pec-

1913 4209 2040 4263 esti.
2082 4208 2386 4263 Evacuatur
2421 4217 2621 4272 autem,
2651 4224 2754 4264 non
2785 4217 2841 4263 ut
2874 4210 2924 4264 in
2954 4210 3066 4280 ipsa
3101 4208 3310 4265 virente
3330 4219 3491 4264 carne

1913 4301 2342 4370 concupiscentia
2368 4315 2656 4370 conspersa
2689 4310 2743 4356 et
2775 4302 2952 4356 inuata
2980 4310 3201 4371 repente
3239 4302 3490 4356 absuma-

1911 4398 2038 4455 tur,
2067 4399 2121 4444 et
2156 4405 2262 4446 non
2293 4390 2396 4455 sit;
2433 4390 2526 4444 sed
2572 4407 2642 4445 ne
2681 4392 2820 4444 obsit
2868 4400 3111 4457 mortuo,
3165 4405 3285 4461 quae
3318 4393 3489 4446 inerat

1912 4493 2060 4540 nato.
2091 4483 2222 4536 Nam
2245 4482 2290 4536 si
2317 4490 2435 4552 post
2462 4482 2786 4551 Baptismmn
2821 4484 3045 4549 vixerit,
3076 4491 3240 4553 atque
3266 4479 3490 4537 adzrtaa

1911 4581 2024 4629 tum
2065 4587 2313 4642 capacem
2354 4573 2603 4642 praecepti
2640 4573 2920 4642 pervenire
2955 4574 3205 4642 potuerit,
3233 4574 3306 4629 ibi
3326 4573 3489 4630 liabet

1913 4683 2034 4724 eum
2060 4684 2162 4739 qua
2188 4675 2404 4739 pugnet,
2441 4681 2672 4737 eamque
2701 4666 2982 4735 adjuvante
3014 4668 3123 4723 Deo
3148 4677 3363 4738 meret
3383 4709 3396 4733 ,
3443 4670 3490 4724 si

1915 4774 2022 4816 Ion
2049 4761 2104 4815 in
2129 4773 2354 4815 vacuum
2379 4758 2604 4829 gratiam
2630 4758 2745 4828 ejus
2771 4759 3084 4830 susceperit,
3109 4760 3489 4829 sireprobatus

1875 4906 1880 4910 .
1914 4869 2035 4929 esse
2074 4854 2322 4910 noluerit.
2350 4853 2482 4908 Nam
2519 4867 2619 4908 nec
2655 4852 2944 4924 grandibus
2977 4851 3081 4908 Ioc
3109 4861 3393 4923 praestatur
3433 4855 3486 4912 iii

1913 4945 2205 5015 Baptismo,
2247 4945 2347 5000 nisi
2390 4944 2528 5000 forte
2571 4945 2825 5000 miraculo
2860 4943 3112 5001 ineffabili
3150 4946 3464 5014 omnipoten-

1913 5037 2104 5094 tissimi
2137 5037 2429 5103 Creatoris,
2460 5045 2518 5090 ut
2545 5036 2629 5091 lex
2661 5037 2891 5107 peccati,
2918 5051 3037 5107 qua
3063 5037 3202 5092 inest
3231 5036 3284 5091 in
3317 5052 3484 5092 mem.

1913 5128 2026 5185 bris
2053 5142 2352 5200 repugnans
2384 5128 2486 5199 legi
2512 5129 2724 5196 mentis,
2756 5143 2974 5199 prorsus
2997 5130 3020 5162 '
3043 5129 3258 5200 penitus
3283 5130 3488 5184 exstiti-4

1912 5227 2123 5292 guatur,
2156 5229 2214 5274 et
2250 5235 2358 5275 non
2382 5219 2452 5274 sit
2477 5237 2492 5274 :
2521 5220 2615 5274 sed
2643 5230 2702 5275 ut
2719 5220 2978 5292 quidquid
3020 5221 3145 5276 mali
3171 5221 3244 5278 ab
3276 5220 3490 5276 homine

1913 5310 2133 5378 tactum,
2159 5309 2381 5376 dictum,
2407 5311 2694 5382 cogitatum
2721 5322 2831 5378 est,
2861 5327 2982 5368 cum
3017 5313 3192 5370 eidem
3237 5313 3493 5384 conrupta

1914 5401 2132 5458 seentiae
2159 5401 2396 5472 subjecta
2420 5413 2599 5459 mente
2629 5403 2872 5471 serviret,
2910 5413 3076 5461 totum
3107 5406 3399 5468 abolentur,
3426 5417 3491 5458 ac

1913 5495 2060 5550 velut
2085 5493 2281 5551 factum
2303 5508 2432 5550 non.
2455 5494 2635 5562 fuerit,
2675 5495 2965 5563 habeatur;
2987 5497 3100 5568 ipsa
3138 5507 3266 5552 vero
3313 5495 3491 5551 soluto

1913 5596 2093 5643 reatus
2115 5588 2346 5652 vinculo,
2376 5602 2480 5659 quo
2507 5603 2601 5658 per
2620 5589 2764 5644 illam
2785 5587 3068 5648 ’diabolus
3087 5590 3316 5648 animam
3359 5601 3417 5644 re
3428 5591 3492 5644 ti-

1980 5698 1999 5730 ι
2033 5699 2245 5749 Potiores
2262 5707 2388 5758 Mss,
2411 5697 2615 5751 immotis
2635 5700 2798 5754 labris.

1979 5762 2001 5828 ξ
2032 5767 2096 5808 Ex
2123 5769 2225 5812 MSS.
2251 5761 2328 5811 hic
2349 5763 2629 5828 adjeeimus,
2661 5779 2874 5828 prorsus.

1983 5822 2003 5853 δ
2038 5831 2136 5869 Am.
2180 5832 2231 5874 et
2264 5830 2336 5874 Er.
2361 5859 2376 5886 ,
2407 5822 2508 5888 ’quo
2539 5822 2703 5888 illam;
2739 5832 2942 5888 oniisso,
2986 5842 3086 5890 per.
3127 5826 3267 5877 Paulo
3300 5836 3404 5892 lost
3445 5831 3491 5878 iu
