4016 6478
504 374 605 435 ibi

504 491 684 558 nebat,
715 499 770 548 et
795 490 1172 547 interclusione
1215 488 1519 553 destructa,
1582 500 1685 557 qua
1737 483 2007 538 hominem
2059 496 2091 548 a

505 600 602 640 suo
647 583 899 640 Creatore
949 581 1260 652 separabat,
1302 585 1516 634 maneat
1563 577 1614 631 in
1647 575 1959 640 certamine,
1981 588 2088 645 quo

415 663 441 718 -ί
502 694 698 749 corpus
746 685 986 733 nostrum
1029 675 1345 744 castigamus
1389 681 1442 730 et
1483 671 1723 727 servituti
1775 668 2089 738 subjicimus

503 771 558 843 (l
584 769 702 826 Cor.
732 787 806 834 tx,
839 769 955 839 27),
981 768 1061 822 vel
1082 767 1150 822 ad
1169 782 1295 821 usus
1317 767 1490 845 licitos
1510 774 1564 821 et
1591 764 1920 820 necessarios
1947 761 2090 817 rela-

501 863 695 925 xanda,
726 862 810 916 vel
839 859 1165 915 continentia
1194 857 1508 914 cohibenda.
1549 857 1655 912 Sed
1702 855 1951 926 quoniam
2003 851 2088 906 di-

500 955 624 1008 vino
648 953 869 1024 Spiritu,
910 952 999 1023 qui
1032 951 1199 1005 multo
1233 950 1425 1005 melius
1450 964 1608 1020 quam
1648 961 1748 1002 nos
1773 946 1950 1000 omnia
1994 960 2089 1014 ge-

502 1046 645 1101 neris
670 1045 886 1099 humani
907 1044 1054 1099 novit
1081 1044 1165 1098 vel
1201 1045 1487 1112 praeterita,
1529 1039 1614 1095 vel
1645 1037 1956 1109 praesentia,
2002 1035 2091 1090 vel

499 1137 694 1202 futura,
726 1138 846 1193 talis
865 1139 971 1192 vita
1006 1137 1239 1191 humana
1269 1133 1589 1204 prtecognita
1620 1140 1778 1201 atque
1834 1128 2088 1200 praedicta

498 1239 604 1299 est,
626 1239 683 1286 ut
710 1247 816 1286 non
863 1231 1184 1302 justiticetur
1228 1229 1282 1284 in
1327 1236 1619 1298 conspectu
1651 1225 1746 1279 Dei
1793 1223 1967 1277 omnis
2015 1219 2092 1274 vi-

497 1361 695 1474 35:13:.
697 1363 856 1424 editis,
886 1368 938 1412 et
974 1361 1100 1425 apud
1130 1367 1260 1422 Lov.,
1296 1372 1405 1424 quae
1438 1356 1677 1409 hominem
1714 1370 1745 1406 a
1774 1368 1861 1406 suo
1895 1360 2089 1406 creato-

557 1457 572 1482 9

1127 374 1215 430 DE
1255 367 1708 430 PECCATORUM
1748 365 2024 425 MERITIS
2065 365 2153 422 ET
2195 364 2626 435 REMISSIONE,
2665 363 2724 422 S.
2763 362 3126 423 AUGUSTINI

3685 361 3790 421 {59

2197 497 2326 536 vens
2345 478 2515 551 (Psal.
2537 495 2697 545 cxut,
2725 477 2806 550 2);
2839 479 2899 534 ﬁt
2928 488 2985 534 ut
3013 494 3109 550 per
3132 478 3484 549 ignorantiam
3525 477 3607 533 vel
3628 477 3787 536 inlir-

2198 574 2435 628 mitatem
2459 587 2565 627 non
2587 572 2811 627 exsertis
2827 572 3082 627 adversus
3114 585 3234 627 eam
3269 570 3395 625 totis
3444 569 3649 624 viribus
3674 584 3785 624 vo-

2195 666 2436 732 luntatis,
2456 665 2627 721 eidem
2655 665 2721 720 ad
2751 665 2932 720 illicita
2970 667 3129 721 etiam
3174 664 3428 719 nonnulla
3480 661 3738 719 cedamus
3763 703 3784 731 ,

2199 769 2345 816 tanto
2375 761 2541 832 magis
2561 769 2615 815 et
2642 760 2884 814 crebrius
2913 768 3110 828 quanto
3134 759 3450 824 deteriores,
3481 766 3630 813 tanto
3672 758 3787 812 mi-

2197 871 2298 908 nus
2316 863 2368 909 et
2393 855 2566 908 rarius
2594 861 2790 923 quanto
2817 853 3067 908 meliores
3119 867 3324 906 sumus.
3375 851 3482 907 Sed
3527 852 3788 922 quoniam

2196 946 2264 1002 de
2287 947 2385 1001 hac
2408 948 2698 1017 quaestione
2728 947 2780 1000 in
2805 962 2908 1016 qua
2938 947 3214 1016 qureritnr,
3258 957 3434 1000 utrum
3477 945 3665 1015 possit,
3699 943 3792 998 vel

2197 1045 2374 1094 utrum
2400 1041 2488 1103 sit,
2522 1040 2695 1105 fuerit,
2727 1039 2997 1113 futurusve
3021 1039 3086 1092 sit
3117 1038 3278 1092 homo
3321 1040 3436 1092 sine
3467 1047 3685 1107 peccato
3734 1037 3794 1091 in

2195 1130 2437 1196 hacvita,
2469 1141 2692 1200 excepto
2735 1131 2824 1185 illo
2882 1131 2969 1200 qui
3000 1129 3165 1192 dixit,
3197 1128 3327 1183 Ecce
3369 1129 3499 1182 venit
3550 1129 3793 1200 princeps

2197 1223 2392 1287 mundi,
2421 1233 2467 1277 et
2487 1225 2538 1276 in
2569 1239 2647 1276 me
2674 1223 2800 1276 nihil
2827 1223 3039 1274 inveniet
3072 1221 3264 1292 (Joan.
3316 1236 3428 1284 xw,
3477 1220 3545 1274 50
3572 1221 3590 1290 )
3615 1261 3630 1283 ,
3683 1219 3795 1272 ali-

2197 1325 2397 1386 quanto
2422 1315 2728 1385 diligentius
2759 1313 3130 1369 disserendum
3153 1323 3266 1377 est;
3297 1313 3398 1367 iste
3424 1314 3492 1367 sit
3524 1312 3678 1379 hujus
3699 1325 3798 1366 vo-

2197 1407 2412 1461 luminis
2462 1407 2670 1474 modus,
2719 1415 2773 1461 ut
2825 1406 2956 1460 illud
3001 1405 3067 1460 ab
3087 1407 3192 1460 alio
3220 1419 3522 1476 quaeramus
3541 1404 3794 1461 exordio.

1423 1643 1907 1751 LIBER
1995 1638 2176 1746 SE
2190 1643 2281 1744 Ο
2296 1639 2601 1747 UND
2630 1639 2836 1747 US.

560 1859 776 1920 DiSputat
796 1855 1086 1920 Augustinus
1107 1859 1277 1920 contra
1294 1864 1380 1920 eos
1401 1852 1482 1915 qui
1505 1851 1686 1907 dicunt,
1704 1851 1902 1920 quodin
1919 1849 2009 1920 hac
2025 1850 2124 1920 vita
2144 1849 2258 1920 sint,
2279 1848 2479 1920 fuerint,
2509 1855 2558 1899 et
2580 1848 2726 1920 futuri
2751 1851 2847 1920 sint
2869 1850 3092 1920 homines
3106 1849 3290 1900 nullum
3316 1851 3562 1902 habentes
3591 1855 3797 1920 omnino

501 1912 753 1982 peccatum
775 1933 786 1968 :
805 1912 908 1982 quva
927 1917 990 1967 dc
1010 1929 1067 1982 rc
1092 1917 1349 1982 propositis
1369 1912 1571 1982 quatuor
1595 1912 1945 1982 quaestionibus
1966 1912 2110 1962 docet
2137 1914 2306 1982 primo,
2333 1912 2577 1961 hominem
2602 1913 2649 1982 in_
2675 1913 2765 1982 hac
2790 1917 2883 1982 vita
2923 1913 3029 1982 sine
3056 1923 3254 1982 peccato
3286 1928 3408 1982 esse
3425 1927 3566 1976 posse
3593 1929 3678 1976 per
3702 1914 3797 1964 Dei

502 1974 705 2044 gratiam
731 1988 782 2030 et
805 1974 1013 2044 liberum
1037 1974 1192 2040 ipsius
1225 1974 1492 2044 arbitri—um.
1516 1974 1682 2024 Postea
1709 1975 1875 2044 jg'obat
1894 1989 1987 2022 non
2010 1986 2122 2044 esse
2141 1980 2300 2044 tamen
2324 1975 2687 2044 quemquamin
2709 1974 2800 2044 hac
2818 1975 3325 2044 vitadegentetnsine
3345 1974 3443 2025 ullo
3465 1974 3660 2044 prorsus
3676 1989 3800 2037 peo-

501 2035 626 2092 ἔδω.
652 2045 829 2101 Tertio,
854 2042 966 2091 ideo
988 2035 1083 2088 nou
1109 2053 1236 2098 esse,
1297 2040 1372 2086 uia
1396 2052 1540 2086 nemo
1564 2044 1640 2085 est
1662 2035 1745 2098 qui
1778 2043 1960 2085 tantum
1983 2035 2120 2092 velit,
2141 2035 2373 2098 quantum
2397 2049 2480 2084 res
2498 2035 2670 2096 exigit,
2689 2037 2802 2084 dum
2822 2035 2898 2083 vel
2919 2035 3037 2085 latet
3057 2038 3183 2099 quod
3197 2039 3378 2099 justum
3403 2035 3497 2094 est,
3524 2038 3601 2086 vel
3624 2035 3799 2089 taeere

503 2118 600 2148 non
621 2105 850 2148 delectat.
875 2111 1048 2148 Ouarlo
1073 2100 1194 2148 loco.
1221 2053 1405 2148 nt‘hlum
1430 2112 1642 2148 prorsus.
1669 2106 1877 2148 excepto
1900 2112 1996 2147 uno
2020 2098 2277 2147 Mediatore
2293 2098 2497 2148 Christo.
2521 2097 2599 2146 vel
2622 2111 2754 2148 esse.
2781 2097 2858 2148 vel
2879 2097 3050 2148 fuisse.
3070 2097 3148 2148 vel
3173 2098 3386 2148 futurum
3409 2113 3522 2148 esse
3543 2098 3799 2148 hominem

1221 2114 1282 2150 [1U

503 2118 601 2154 non
621 2100 850 2154 delectat.
875 2111 1048 2162 Quarto
1073 2100 1194 2161 loco,

502 2176 565 2216 at)
585 2167 716 2216 omni
736 2172 934 2228 peccato
948 2166 1227 2214 immunem.

1325 2113 1405 2148 um
1429 2112 1642 2162 prorsus,
1669 2097 1877 2159 excepto
1900 2112 1996 2147 uno
2020 2097 2277 2147 Mediatore
2293 2098 2497 2157 Christo,
2521 2097 2599 2146 vel
2622 2111 2754 2158 esse,
2781 2097 2858 2148 vel
2879 2097 3050 2159 fuisse,
3070 2097 3148 2148 vel
3173 2097 3386 2148 futurum
3409 2113 3522 2149 esse
3543 2098 3800 2149 hominem

1850 2289 2320 2344 κωθα-

576 2433 800 2490 CAPUT
845 2431 1127 2488 PRIMUM.
1157 2460 1231 2472 —
1255 2431 1306 2485 1.
1338 2429 1474 2496 Quid
1518 2429 1756 2482 hactenus
1784 2434 2042 2496 peractum
2071 2468 2086 2492 ,

507 2528 688 2598 quidve
715 2527 809 2582 hoc
838 2527 965 2582 libro
994 2524 1334 2579 tractandum.
1386 2523 1462 2577 De
1518 2522 1790 2590 Baptismo
1840 2518 2091 2590 parvulo-

507 2635 647 2684 rum,
677 2618 979 2673 Marcelline
1008 2616 1343 2680 eharissime,
1381 2612 1522 2684 quod
1549 2628 1655 2667 non
1681 2613 1854 2666 solum
1901 2614 1978 2667 eis
2026 2610 2094 2666 ad

508 2726 732 2781 regnum
764 2710 877 2775 Dei,
900 2725 1084 2764 verum
1112 2705 1350 2763 etiamad
1378 2705 1604 2760 salutem
1635 2705 1901 2774 vitamque
1931 2714 2094 2759 teter-

511 2817 634 2856 nam
661 2800 1059 2872 adipiscendam
1095 2799 1283 2864 detur,
1311 2814 1469 2869 quam
1500 2797 1617 2852 sine
1661 2797 1751 2850 Dei
1785 2811 1951 2867 regno
1975 2838 1990 2862 ,
2045 2806 2099 2851 et

510 2894 628 2950 sine
655 2892 850 2949 Christi
869 2894 1148 2948 salvatoris
1183 2891 1438 2948 societate
1469 2932 1483 2957 ,
1542 2891 1595 2944 in
1644 2906 1802 2960 quam
1844 2905 1943 2944 nos
2000 2904 2098 2944 suo

512 2987 770 3057 sanguine
799 2985 1045 3052 redemit,
1078 2985 1273 3039 habere
1317 2984 1496 3039 nullus
1526 2992 1720 3053 potest,
1754 2985 1932 3053 priore
1960 2984 2097 3038 libro

512 3077 660 3143 satis,
695 3085 753 3131 ut
804 3076 1051 3141 arbitror,
1084 3075 1490 3147 disputavimus.
1541 3075 1597 3129 In
1651 3076 1750 3130 hoc
1787 3083 1985 3140 autem,
2015 3075 2100 3128 vi—

513 3177 672 3224 vatne
687 3168 880 3240 aliquis
909 3168 963 3223 in
982 3167 1084 3224 hoc
1113 3168 1330 3232 smcnlo,
1356 3167 1439 3222 vel
1465 3167 1678 3232 vixerit,
1705 3167 2004 3221 victurusve
2028 3166 2100 3221 sit

513 3261 630 3316 sine
655 3259 763 3314 ullo
791 3259 1008 3315 omnino
1066 3267 1325 3330 peccato,
1381 3264 1603 3327 excepto
1651 3272 1756 3312 uno
1810 3256 2102 3328 Mcdiatore

515 3351 610 3406 Dei
637 3360 690 3406 et
716 3350 989 3406 hominum
1023 3349 1238 3404 homine
1266 3349 1480 3404 Christo
1502 3348 1650 3415 Jesu,
1681 3348 1772 3418 qui
1825 3347 1974 3402 dedit
2016 3362 2103 3402 se-

514 3443 803 3514 metipsum
819 3441 1239 3512 redemptionem
1281 3455 1376 3509 pro
1401 3439 1648 3494 omnibus
1697 3436 1759 3512 (l
1790 3437 1920 3491 Tim.
1955 3454 2014 3504 ιι,
2047 3437 2101 3502 5,

517 3534 624 3608 6),
655 3543 849 3606 quanta
880 3534 993 3603 ipse
1012 3533 1175 3588 donat
1201 3531 1471 3602 diligentia
1501 3531 1586 3585 vel
1606 3529 1860 3585 facultate
1882 3572 1896 3596 ,
1927 3529 2103 3585 disse-

515 3628 742 3684 rendum
794 3626 1240 3696 enodandumque
1267 3625 1632 3695 suscepizcui
1660 3623 2008 3694 disputationi
2058 3622 2106 3678 si

517 3733 577 3773 se
600 3717 887 3772 identidem
915 3717 1091 3786 aliqua
1113 3717 1434 3772 necessitate
1481 3717 1564 3771 vel
1595 3715 1996 3785 opportunitate
2025 3715 2108 3770 in-

517 3810 748 3866 seruerit
786 3809 1010 3880 qucestio
1035 3809 1102 3864 de
1132 3809 1401 3878 Baptismo
1447 3809 1530 3862 vel
1570 3817 1795 3879 peccato
1845 3809 2096 3879 parvulo-

520 3917 660 3969 rum,
689 3901 987 3956 mirandum
1010 3917 1117 3956 non
1151 3903 1275 3966 erit,
1305 3917 1404 3957 nec
1430 3900 1811 3972 defugiendum
1834 3911 1893 3957 ut
1922 3902 2002 3958 eis
2022 3903 2106 3958 lo-

519 3992 598 4047 cis
625 3992 692 4046 ad
722 3993 897 4048 omnia
922 4009 1040 4064 qua:
1079 3995 1484 4064 responsionem
1533 4001 1774 4050 nostram
1826 3993 2104 4065 ﬂagitant,

522 4083 660 4138 sicut
684 4084 925 4139 valemus
952 4085 1394 4154 respondeamus.

592 4173 815 4232 CAPUT
839 4173 901 4230 ll.
930 4205 1000 4216 -—
1020 4176 1075 4229 2.
1107 4175 1286 4231 Libero
1297 4176 1505 4231 arbitrio
1533 4177 1739 4247 quidam
1767 4176 1980 4232 nimium
2006 4177 2098 4231 tri-

521 4265 697 4322 buunt.
729 4267 1030 4339 Ignorantia
1057 4279 1102 4323 et
1129 4270 1420 4340 inﬁrmitas.
1454 4269 1621 4340 Hujus
1650 4281 1826 4326 autem
1861 4271 2110 4342 quaestio-

523 4360 607 4415 nis
633 4359 830 4415 solutio
858 4361 926 4417 de
957 4360 1184 4417 hominis
1225 4363 1330 4416 vita
1361 4362 1475 4417 sine
1499 4362 1620 4438 .ulla
1656 4363 1997 4434 subreptione
2025 4362 2110 4418 vel

519 4453 982 4524 praeoccupatione
1020 4455 1261 4524 peccati,
1307 4463 1523 4524 propter
1568 4455 1903 4524 quotidianas
1949 4455 2110 4510 etiam

521 4555 733 4599 nostras
769 4546 1039 4600 orationes
1085 4547 1312 4600 maxime
1342 4547 1642 4601 necessaria
1671 4555 1772 4602 est.
1805 4546 1942 4602 Sunt
1968 4547 2111 4601 enim

521 4633 739 4704 quidam
777 4642 980 4690 tantum
1010 4644 1394 4704 prazsumentes
1434 4634 1502 4690 de
1541 4635 1710 4690 libero
1745 4635 1990 4690 humanae
2019 4652 2114 4692 vo-

522 4725 743 4781 luntatis
784 4727 1037 4794 arbitrio,
1076 4735 1134 4781 ut
1176 4725 1244 4781 ad
1283 4741 1390 4781 non
1443 4725 1772 4796 peccandum
1821 4742 1921 4781 nec
1962 4726 2114 4796 adju-

521 4817 728 4875 vandos
775 4835 875 4874 nos
922 4819 1172 4874 divinitus
1213 4820 1531 4890 opinentur,
1575 4819 1741 4873 semel
1782 4819 1878 4888 ipsi
1911 4829 2140 4882 natura.

523 4918 724 4965 nostra;
767 4925 1023 4967 concesso
1061 4911 1240 4967 liberae
1285 4911 1574 4967 voluntatis
1603 4910 1840 4966 arbitrio.
1875 4911 2027 4968 Unde
2057 4911 2114 4968 tit

526 5018 860 5075 consequens
903 5013 961 5059 ut
1000 5019 1100 5060 nec
1142 5019 1298 5060 orare
1340 5002 1630 5059 debeamus
1667 5019 1736 5060 ne
1772 5004 2029 5058 intremus
2059 5005 2113 5060 in

524 5097 908 5166 tentationem,
937 5097 1039 5152 hoc
1091 5106 1192 5162 cst,
1248 5113 1315 5153 ne
1360 5097 1648 5152 tentatione
1677 5097 1987 5164 vincamur,
2028 5097 2115 5153 vel

523 5203 646 5243 cum
673 5188 806 5243 fallit
833 5199 886 5244 et
913 5198 1247 5260 prmoccupat
1285 5189 1618 5257 nescientes,
1645 5191 1729 5244 vel
1761 5205 1881 5246 cum
1922 5191 2115 5260 premit

523 5288 685 5351 atque
725 5291 875 5351 urget
916 5280 1174 5336 infirmos.
1222 5280 1390 5348 Quam
1439 5280 1507 5335 sit
1545 5290 1720 5335 autem
1765 5281 2010 5348 noxium,
2059 5291 2114 5336 et

524 5372 682 5429 saluti
712 5383 936 5440 nostrai,
981 5390 1099 5444 qua:
1143 5373 1194 5427 in
1242 5372 1454 5428 Christo
1500 5382 1610 5438 est,
1644 5373 1997 5443 perniciosum
2029 5382 2112 5428 at-

523 5481 628 5537 que
655 5465 978 5522 contrarium
1001 5507 1016 5532 ,
1049 5465 1252 5535 ipsique
1292 5465 1533 5535 religioni
1561 5481 1661 5535 qua
1693 5465 1877 5519 imbuti
1907 5481 2109 5533 sumus,

524 5566 580 5612 et
629 5558 809 5626 pietati
866 5573 966 5628 qua
1022 5557 1188 5612 Deum
1239 5558 1498 5620 colimus,
1557 5573 1712 5628 quam
1768 5557 2114 5613 vehementer

526 5648 824 5715 adversum,
858 5659 914 5704 ut
945 5665 1040 5720 pro
1081 5651 1170 5704 tali
1200 5651 1508 5721 accipiendo
1546 5650 1803 5705 beneﬁcio
1831 5651 2110 5706 Dominum

526 5756 630 5793 non
658 5755 938 5810 rogemus,
979 5752 1137 5814 atque
1181 5743 1233 5798 in
1276 5745 1385 5814 ipsa
1430 5743 1670 5798 oratione
1698 5743 1995 5810 dominica,
2032 5743 2115 5800 Ne

529 5849 617 5888 nos
643 5834 830 5912 inferas
858 5838 910 5895 in
936 5840 1252 5896 tentationem
1284 5839 1504 5912 (Matt/1.
1533 5854 1604 5907 vt,
1639 5837 1726 5914 15)
1748 5881 1762 5908 ,
1795 5837 1985 5897 frustra
2014 5857 2111 5917 p0-

2200 2428 2358 2482 situm
2397 2428 2796 2496 existimemus,
2838 2434 3014 2489 verbis
3051 2435 3315 2504 explicare
3349 2451 3454 2491 non
3485 2451 3796 2506 possumus.

2275 2520 2498 2576 CAPUT
2521 2524 2607 2578 Ill.
2623 2555 2692 2564 ——
2704 2526 2755 2579 5.
2778 2525 3040 2589 Quomodo
3059 2526 3196 2581 Deus
3212 2529 3339 2583 nihil
3355 2532 3583 2601 praecipit
3605 2547 3802 2596 impos-

2205 2612 2361 2666 sibile.
2385 2612 2552 2683 Opera
2570 2616 2927 2672 misericordia
2943 2621 3162 2674 remedia
3179 2632 3294 2675 sunt
3318 2623 3386 2676 ad
3401 2623 3573 2676 abolet.
3586 2625 3652 2677 da
3673 2641 3801 2693 pec-

2204 2713 2333 2755 cata.
2362 2708 2530 2760 Acute
2551 2718 2729 2761 autem
2757 2709 2854 2762 sibi
2884 2710 3130 2765 videntur
3154 2711 3352 2776 dicere,
3376 2716 3527 2783 quasi
3549 2723 3800 2770 nostrum

2206 2793 2306 2849 hoc
2332 2796 2468 2850 ullus
2497 2797 2723 2867 ignoret,
2754 2801 2893 2868 quod
2917 2819 2934 2852 ι
2965 2803 3009 2856 si
3041 2804 3304 2870 nolumus,
3345 2820 3450 2860 non
3482 2821 3800 2875 peccamus;

2211 2905 2232 2938 ε
2271 2903 2369 2942 nec
2392 2891 2705 2960 praeciperet
2734 2891 2874 2947 Deus
2914 2892 3154 2962 homini,
3183 2895 3324 2965 quod
3363 2906 3502 2951 esset
3547 2900 3806 2953 humana

2213 2996 2232 3030 ι
2272 2979 2600 3048 impossibile
2620 2985 2897 3039 voluntati.
2922 3005 2938 3037 ι
2965 2985 3070 3042 Sed
3096 2985 3199 3041 hoc
3219 3003 3323 3042 non
3348 2988 3544 3055 vident,
3562 2988 3702 3058 quod
3729 2988 3805 3044 ad

2209 3067 2458 3119 nonnulla
2490 3068 2822 3137 superanda,
2857 3071 2938 3124 vel
2987 3088 3104 3141 qua:
3151 3073 3289 3128 male
3330 3074 3616 3144 cupiuntur
3645 3115 3660 3140 ,
3707 3074 3804 3130 vel

2209 3171 2328 3226 qua:
2357 3158 2493 3212 male
2511 3168 2838 3226 metuuntur,
2863 3165 3068 3233 magnis
3089 3164 3380 3235 aliquando
3430 3173 3484 3220 et
3515 3166 3637 3220 totis
3665 3166 3808 3221 viri-

2213 3247 2308 3302 bus
2337 3264 2470 3320 opus
2496 3259 2580 3306 est
2602 3253 2906 3319 voluntatis,
2939 3271 3070 3325 quas
3102 3273 3197 3310 nos
3216 3273 3319 3311 non
3345 3255 3578 3326 perfecte
3609 3258 3659 3311 in
3682 3274 3808 3312 om-

2211 3340 2368 3395 nibus
2393 3341 2726 3399 adhibituros
2763 3348 3023 3414 praevidit,
3051 3348 3140 3418 qui
3174 3364 3267 3418 per
3295 3350 3604 3419 prophetam
3654 3350 3808 3403 veri-

2211 3430 2330 3486 dice
2377 3433 2482 3488 dici
2530 3435 2715 3502 voluit,
2752 3435 2872 3490 Non
2893 3435 3269 3508 justiﬁcabitur‘
3300 3442 3353 3494 in
3392 3450 3661 3510 conspectu
3711 3451 3808 3496 tuo

2212 3526 2377 3580 omnis
2400 3527 2566 3583 vivens
2592 3527 2770 3601 (Psal.
2789 3527 2948 3597 c'xut,
2971 3531 3051 3602 2).
3085 3531 3241 3587 Tales
3262 3533 3438 3604 itaque
3467 3549 3566 3588 nos
3593 3533 3808 3590 futuros

2213 3615 2472 3673 Dominus
2503 3619 2797 3688 prtevidens
2818 3623 3107 3703 nquaedam
3134 3625 3363 3678 salubria
3404 3625 3638 3680 remedia
3663 3639 3808 3679 con-

2216 3717 2295 3765 tra
2323 3721 2532 3767 reatum
2561 3721 2617 3768 et
2644 3715 2850 3768 vincula
2884 3726 3222 3785 peccatorum
3263 3718 3420 3773 etiam
3450 3727 3568 3789 post
3617 3717 3811 3786 Bapti-

2217 3815 2392 3857 smum
2417 3803 2547 3858 dare
2569 3819 2630 3859 ac
2655 3806 2832 3860 valere
2859 3805 3108 3876 dignatus
3135 3816 3236 3874 est,
3260 3824 3421 3878 opera
3449 3801 3668 3864 scilicet
3696 3811 3811 3863 mi-

2217 3898 2542 3966 sericordiae,
2570 3915 2688 3954 cunt
2719 3901 2810 3964 ait,
2840 3900 3106 3966 Dimittite,
3139 3912 3185 3955 et
3213 3903 3486 3956 dimittetur
3515 3902 3675 3965 vobis;
3701 3902 3807 3954 da-

2217 3997 2283 4055 te,
2306 3999 2351 4042 et
2375 3990 2576 4045 dabitur
2594 3992 2729 4046 vobis
2760 3992 2922 4065 (Luc.
2941 4009 3014 4059 vt,
3042 3995 3130 4060 57,
3164 3994 3289 4065 38).
3334 3995 3464 4062 Quis
3507 3995 3648 4048 enim
3676 4008 3807 4049 cum

2216 4080 2390 4152 aliqua
2420 4097 2514 4153 Spe
2543 4085 2903 4154 adipiscenda:
2947 4087 3132 4140 salutis
3166 4097 3380 4142 aeterna:
3424 4086 3491 4142 de
3547 4087 3647 4141 hac
3691 4087 3807 4141 vita

2217 4174 2522 4244 emigraret,
2556 4187 2803 4232 manente
2825 4179 2913 4232 illa
2947 4179 3209 4234 sententia
3238 4221 3252 4244 ,
3313 4180 3453 4250 quod
3499 4179 3806 4250 quicumque

2219 4277 2372 4321 totam
2395 4269 2554 4340 legem
2592 4272 2876 4338 servaverit,
2906 4270 3131 4338 offendat
3173 4281 3341 4326 autem
3383 4289 3438 4325 in
3471 4289 3604 4338 uno,
3634 4271 3806 4340 factus

2216 4369 2288 4414 est
2317 4363 2540 4414 omnium
2569 4378 2718 4424 reus;
2747 4364 2845 4416 nisi
2878 4373 2996 4433 post
3017 4364 3292 4434 paululum
3322 4372 3636 4433 sequeretur
3658 4403 3672 4427 ,
3705 4361 3807 4417 Sic

2218 4452 2500 4524 loquimini,
2535 4465 2580 4508 et
2603 4456 2675 4509 sic
2702 4456 2870 4524 facile,
2903 4463 3144 4525 tanquam
3173 4471 3261 4525 per
3282 4453 3440 4525 lege'm
3469 4455 3711 4508 libertatis
3727 4455 3806 4508 in-

2216 4545 2711 4616 cipientesjudicari.
2743 4545 3004 4599 Judicium
3039 4547 3170 4600 enim
3197 4547 3305 4600 sine
3330 4546 3676 4601 misericordia
3722 4545 3806 4599 illi

2169 4683 2176 4690 .
2217 4636 2302 4704 qui
2319 4652 2419 4688 non
2442 4637 2563 4706 facit
2589 4637 3002 4690 misericordiam.
3043 4638 3400 4708 Superexaltat
3446 4649 3614 4693 autem
3647 4637 3807 4692 mise-

2216 4726 2646 4797 ricordiajudicio
2668 4729 2683 4796 (
2705 4726 2884 4782 Jacobi
2914 4745 2970 4794 ιι,
3006 4729 3092 4790 10.
3120 4731 3204 4794 12,
3236 4729 3362 4802 13)?

2214 4870 2216 4872 τ
2287 4812 2513 4868 CAPUT
2546 4813 2631 4865 IV.
2659 4843 2732 4854 ——
2758 4815 2812 4869 4.
2839 4813 3257 4884 Concupiscentia
3288 4825 3534 4885 quatenus
3555 4817 3606 4870 in
3638 4816 3808 4872 nobis.

2216 4905 2498 4976 Baptizatis
2523 4925 2622 4962 non
2651 4909 2763 4978 ipsa
2804 4910 3230 4980 concupiscentia,
3285 4910 3374 4964 scd
3414 4911 3553 4965 solus
3584 4911 3637 4963 in
3689 4925 3812 4963 eam

2217 5021 2487 5060 consensus
2531 5016 2691 5060 nocet.
2745 5004 3186 5076 Concupiscentia
3233 5007 3393 5078 igitur
3440 5015 3686 5076 tanquam
3712 5004 3808 5061 lex

2219 5101 2419 5168 peccati
2443 5115 2662 5153 manens
2677 5099 2730 5153 in
2757 5099 3012 5153 membris
3027 5099 3267 5169 corporis
3287 5101 3474 5153 mortis
3493 5099 3668 5168 hujus,
3683 5112 3816 5152 cum

2218 5193 2450 5262 parvulis
2465 5193 2719 5258 nascitur,
2739 5191 2791 5246 in
2810 5192 3045 5262 parvulis
3063 5192 3338 5262 baptizatis
3352 5207 3379 5245 a
3395 5177 3544 5246 reatu
3558 5191 3808 5256 solvitur,

2218 5283 2282 5338 ad
2297 5300 2518 5354 agonem
2541 5285 2872 5355 relinquitur,
2891 5293 3013 5339 ante
3038 5300 3264 5354 agonem
3290 5294 3529 5338 mortuos
3559 5283 3698 5337 nulla
3722 5281 3820 5337 da-

2218 5376 2488 5431 mnatione
2505 5377 2840 5446 persequitur
2861 5396 2873 5431 :
2894 5377 3142 5446 parvulos
3160 5394 3263 5432 non
3282 5376 3575 5446 baptizatos
3594 5389 3712 5429 reos
3732 5376 3822 5430 in-

2212 5459 2400 5531 nectit,
2420 5479 2474 5524 et
2495 5478 2740 5539 tanquam
2761 5470 2851 5524 ira:
2869 5470 3025 5532 ﬁlios,
3045 5470 3252 5524 etiamsi
3270 5469 3469 5538 parvuli
3490 5470 3813 5536 moriantur,

2217 5559 2281 5612 ad
2303 5560 2797 5614 condemnationem
2824 5559 3002 5613 trahit.
3029 5560 3083 5613 In
3115 5560 3403 5630 grandibus
3426 5569 3600 5613 autem
3627 5558 3812 5628 bapti-

2217 5655 2368 5719 zatis,
2398 5653 2448 5707 in
2480 5653 2668 5723 quibus
2693 5652 2803 5722 jam
2831 5655 3036 5707 ratione
3062 5655 3332 5709 utentibus
3358 5651 3612 5722 quidquid
3629 5650 3818 5706 eidem

2218 5747 2660 5815 concupiscentia:
2697 5763 2848 5801 mens
2886 5748 2950 5800 ad
2987 5747 3313 5818 peccandum
3346 5747 3637 5810 consentit,
3679 5759 3814 5815 pro-

2218 5841 2347 5913 pria:
2372 5841 2652 5898 voluntatis
2681 5853 2789 5912 est;
2815 5843 3003 5900 deletis
3062 5845 3290 5916 peccatis
3328 5841 3599 5908 omnibus,
3629 5839 3820 5902 soluto
