4016 6486
159 389 262 448 155

161 507 326 562 etiam
359 511 535 570 reatu,
563 520 676 576 quo
733 505 942 562 vinctos
983 503 1312 576 originaliter
1360 501 1674 566 detinebat,
1706 496 1775 552 ad

165 617 394 673 agonem
417 601 636 654 interim
657 608 866 668 manet,
889 614 992 654 non
1012 599 1112 654 sibi
1143 597 1210 652 ad
1237 597 1416 652 illicita
1439 594 1777 650 consentien-

167 697 302 748 tibus
381 693 516 748 nihil
569 693 798 748 omnino
865 693 1141 760 nocitura,
1209 690 1381 746 donec
1429 689 1778 746 absorbeatur

165 801 306 840 mors
329 787 386 839 in
417 785 704 840 victoriam
759 783 820 858 (Ι
854 782 972 840 Cor.
1004 783 1181 848 xv,54
1203 780 1222 854 )
1243 823 1258 849 ,
1297 793 1350 838 et
1379 797 1506 850 pace
1535 779 1775 852 perfecta

164 880 288 934 nihil
316 879 470 948 quod
499 879 750 934 vincatur
778 878 990 932 existat.
1021 877 1434 931 Consentientes
1461 885 1638 928 autem
1670 873 1774 928 sibi

165 971 221 1024 ad
265 971 458 1024 illicita
499 986 624 1024 reos
673 980 842 1034 tenet,
885 979 937 1024 et
975 969 1074 1023 nisi
1125 985 1219 1037 per
1249 966 1566 1022 medicinam
1597 965 1774 1036 pinni-

170 1065 338 1118 tentiae
360 1073 422 1116 et
454 1079 624 1132 opera
651 1061 1034 1117 misericordia:
1063 1075 1161 1131 per
1194 1060 1472 1116 cmleslem
1519 1058 1774 1113 sacerdo-

169 1165 262 1212 tem
292 1171 398 1226 pro
429 1157 594 1210 nobis
633 1155 1062 1224 interpellantem
1088 1164 1364 1218 sanentur,
1394 1151 1459 1206 ad
1484 1151 1772 1206 secundam

171 1259 386 1304 mortem
411 1249 934 1320 damnationcmque
965 1250 980 1280 ί
1005 1247 1264 1318 perducit.
1313 1247 1536 1316 Propter
1589 1247 1692 1300 hoc
1719 1255 1774 1302 et

173 1325 420 1398 Bantinos
438 1359 604 1398 orare
627 1358 725 1396 nos
747 1341 970 1406 docens,
997 1341 1138 1396 inter
1166 1351 1360 1396 etetera
1387 1341 1593 1394 monuit
1621 1351 1678 1394 ut
1694 1339 1772 1394 di-

173 1451 358 1500 camus,
393 1434 622 1489 Dimitte
641 1433 788 1488 nobis
818 1435 984 1488 debita
1024 1445 1218 1498 nostra,
1246 1433 1380 1488 sicut
1406 1443 1453 1486 et
1477 1449 1568 1486 nos
1595 1433 1770 1486 dimit—

175 1529 306 1580 timus
325 1525 656 1580 debitoribus
691 1527 878 1580 nostris
895 1543 911 1590 ;
942 1533 987 1580 et
1017 1542 1078 1579 ne
1105 1543 1196 1580 nos
1225 1525 1413 1594 inferas
1451 1525 1504 1577 in
1531 1525 1770 1578 teutatio-

177 1636 292 1680 item,
313 1619 412 1672 sed
445 1619 614 1672 libera
641 1635 732 1672 nos
759 1635 792 1670 a
819 1621 953 1672 malo
985 1615 1214 1688 (Matth.
1245 1632 1320 1682 Vl,
1353 1616 1416 1670 12
1442 1627 1490 1670 ει
1517 1615 1630 1688 15).
1659 1616 1766 1670 Ma-

179 1721 250 1763 net
275 1710 424 1762 enim
459 1709 663 1762 malum
693 1709 746 1762 in
777 1724 938 1762 carne
967 1717 1169 1772 nostra,
1205 1723 1310 1762 non
1345 1719 1533 1762 natura
1579 1709 1629 1760 in
1666 1723 1768 1778 qua

181 1799 414 1856 divinitus
437 1812 662 1856 creatus
706 1809 788 1856 est
835 1801 1014 1862 homo,
1039 1801 1132 1854 sed
1161 1801 1290 1854 vitio
1343 1815 1449 1870 quo
1499 1800 1770 1854 voluntate

185 1897 444 1964 prolapsus
476 1905 588 1960 est,
623 1895 714 1949 ubi
736 1895 948 1950 amissis
977 1896 1198 1960 viribus,
1225 1910 1329 1948 non
1371 1911 1430 1950 ea
1459 1911 1559 1964 qua
1587 1896 1770 1950 vulne-

184 1999 308 2040 ratus
329 1997 440 2050 est,
475 1987 778 2041 voluntatis
797 1986 1050 2042 facilitate
1095 1995 1335 2040 sanatur.
1369 1987 1442 2042 De
1491 1989 1592 2041 hoc
1627 1987 1768 2041 malo

181 2079 612 2148 dicitApostolus
645 2098 658 2134 :
695 2079 816 2134 Scio
868 2079 1104 2150 quoniam
1147 2095 1246 2132 non
1286 2078 1476 2132 habitat
1525 2081 1574 2132 in
1617 2095 1768 2132 carne

179 2191 274 2228 mea
299 2177 494 2228 bonum
537 2173 732 2244 (Rom.
766 2189 860 2238 vn,
904 2172 1014 2244 18).
1061 2173 1156 2226 Cui
1199 2173 1338 2226 malo
1375 2189 1482 2226 non
1511 2173 1765 2228 obcdire'

177 2269 440 2337 praecipit,
471 2283 599 2322 cum
643 2267 776 2321 dicit
816 2283 828 2320 :
876 2265 997 2319 Non
1043 2283 1161 2336 ergo
1189 2275 1356 2336 regnet
1407 2275 1666 2334 peccatum
1713 2265 1765 2326 in

177 2367 322 2412 vestro
351 2357 565 2412 mortali
589 2373 804 2426 corpore
859 2355 926 2410 ad
975 2357 1312 2410 obedieudum
1357 2356 1617 2410 desideriis
1657 2355 1766 2426 ejus

177 2439 380 2508 (Mn,
413 2441 531 2511 12).
561 2441 618 2494 Si
671 2457 798 2510 ergo
855 2440 937 2493 bis
989 2439 1266 2494 desideriis
1320 2439 1766 2507 concupiscentiae

175 2535 340 2588 carnis
367 2533 556 2588 illicita
586 2531 878 2586 voluntatis
909 2531 1252 2586 inclinatione
1282 2531 1670 2592 consensimus,
1698 2529 1766 2584 ad

173 2623 268 2679 hoc
285 2625 588 2680 sanandum
629 2625 878 2686 dicimus,
907 2621 1118 2676 Dimitte
1168 2621 1308 2676 nobis
1351 2622 1516 2675 debita
1557 2632 1766 2676 nostra:

171 2719 504 2772 adhibentes
529 2718 816 2771 remedium
838 2733 902 2772 ex
933 2732 1095 2786 opere
1119 2715 1532 2780 misericordim,
1585 2715 1638 2766 in
1699 2727 1765 2768 eo

169 2813 322 2883 quod
353 2813 612 2878 addimus,
631 2814 750 2866 sicut
802 2822 851 2866 et
893 2828 984 2866 nos
1023 2809 1322 2864 dimittimus
1352 2807 1654 2862 debitoribus
1682 2823 1766 2861 no-

173 2905 308 2958 stris.
342 2904 412 2958 Ut
437 2914 609 2958 autem
632 2919 738 2958 non
771 2905 821 2958 ei
847 2905 1264 2968 consentiamus,
1294 2901 1644 2971 deprecamur
1669 2899 1764 2954 ad-

175 2995 422 3063 jutorium
453 2995 692 3052 dicentes
715 3037 731 3060 ,
777 2996 846 3049 Et
874 3013 936 3049 ne
957 3013 1047 3050 nos
1073 2997 1262 3066 inferas
1303 2995 1357 3048 in
1398 2993 1722 3046 teutatiouem
1743 3007 1762 3046 :

179 3084 296 3158 (vel,
321 3089 463 3141 sicut
497 3089 740 3142 nonnulli
769 3087 983 3141 codices
1011 3087 1236 3151 habent,
1267 3103 1328 3139 ne
1353 3103 1442 3138 nos
1473 3085 1683 3138 inducas
1709 3083 1762 3136 in

183 3181 486 3232 tentationem
511 3178 578 3252 ³.]
605 3178 720 3233 Νοιι
745 3179 886 3248 quod
909 3179 1025 3248 ipse
1057 3179 1196 3232 Deus
1219 3177 1306 3231 tali
1340 3177 1630 3232 tentationc
1658 3173 1760 3227 ali-

179 3286 316 3340 quem
349 3281 558 3336 tentet;
583 3270 724 3324 Nam
755 3269 892 3325 Deus
945 3271 1216 3324 intentator
1261 3269 1510 3322 malorum
1539 3277 1632 3330 est,
1657 3267 1764 3336 ipse

179 3373 324 3416 autem
357 3364 616 3416 neminem
657 3371 812 3416 tentat
861 3361 1068 3432 (Jacobi
1101 3378 1138 3426 ι,
1175 3361 1271 3431 15)
1301 3359 1429 3415 :scd
1459 3369 1517 3414 ut
1552 3361 1596 3413 si
1629 3359 1762 3412 forte

177 3457 348 3510 tentari
377 3457 710 3526 crept-rimus
740 3473 770 3510 a
797 3457 1230 3525 concupiscentia
1255 3465 1438 3510 nostra
1463 3499 1478 3522 ,
1498 3454 1762 3524 adjutorio

179 3547 278 3615 ejus
301 3563 406 3602 non
441 3548 784 3614 deserantur,
817 3557 872 3601 ιιι
913 3547 965 3600 in
995 3563 1060 3602 eo
1112 3547 1376 3616 possimus
1403 3547 1617 3602 vincere
1647 3589 1662 3612 ,
1697 3561 1762 3600 ne

183 3638 540 3694 abstrahamur
575 3641 758 3696 illecti.
801 3641 1002 3696 Deinde
1031 3641 1276 3694 addimus
1328 3641 1468 3710 quod
1517 3639 1760 3709 perlicie-

183 3735 316 3788 turin
341 3735 476 3799 ﬁne,
507 3751 629 3788 cum
656 3735 1034 3788 altsorbcbitur
1079 3735 1301 3788 mortale
1323 3749 1352 3787 ιι
1381 3733 1484 3786 vita
1530 3731 1604 3806 (ll
1639 3732 1758 3788 Cor.

183 3839 226 3888 ι’,
249 3823 294 3895 1)
327 3845 340 3880 :
371 3825 484 3880 Sed
511 3825 668 3880 libera
719 3841 810 3879 nos
843 3842 872 3877 (ι
901 3825 1053 3878 rutilo.
1092 3825 1242 3880 Tunc
1277 3825 1418 3878 enim
1471 3825 1612 3878 nulla
1659 3825 1762 3878 crit

187 3919 284 3973 talis
303 3919 770 3989 concupiscentia,
806 3934 926 3972 cum
967 3935 1070 3988 qua
1119 3927 1354 3984 certare,
1409 3927 1462 3972 et
1513 3919 1596 3972 cui
1653 3933 1762 3972 non

185 4013 474 4064 consentire
498 4010 806 4080 jubeamur.
826 4009 914 4062 Sic
939 4025 1066 4078 ergo
1116 4018 1282 4062 totum
1337 4009 1439 4062 hoc
1494 4009 1546 4061 in
1595 4009 1762 4062 tribus

187 4099 442 4156 lieneiiciis
491 4104 724 4170 positum
759 4100 994 4154 breviter
1021 4099 1126 4168 pcti
1183 4109 1352 4169 potest
1380 4119 1390 4154 :
1417 4097 1635 4169 Ignosce
1662 4115 1758 4155 no-

183 4191 250 4246 bis
273 4209 330 4246 ea
352 4194 402 4246 in
431 4193 628 4261 quibus
671 4207 861 4246 smnus
903 4191 1150 4246 abstracti
1205 4207 1236 4245 a
1289 4191 1756 4262 concupiscentia,

179 4285 348 4352 adjura
376 4303 446 4340 ne
475 4285 850 4339 abstrahamur
871 4301 902 4338 a
933 4283 1387 4354 concupiscentia,
1416 4283 1565 4338 aufer
1593 4297 1623 4336 a
1661 4297 1762 4336 no-

181 4375 250 4430 bis
275 4378 791 4446 concupiscentiam.

237 4469 468 4525 CAPUT
507 4467 740 4524 V.——-5.
789 4465 1032 4522 Voluntas
1081 4467 1298 4522 hominis
1345 4475 1452 4540 eget
1501 4483 1595 4537 ope
1637 4465 1758 4522 Dei.

177 4559 246 4614 Ad
274 4560 612 4632 peccandum
639 4575 871 4629 namque
911 4575 1014 4614 non
1043 4559 1355 4628 adjuvantur
1384 4577 1412 4612 a
1441 4559 1551 4614 Deo
1581 4578 1594 4612 :
1619 4559 1760 4628 jusla

175 4663 342 4710 autem
383 4670 546 4724 agere
585 4654 667 4708 vel
695 4652 916 4722 justitim
965 4661 1284 4721 prteceptnm
1321 4651 1464 4706 omni
1504 4666 1569 4706 ex
1613 4659 1762 4719 parte

177 4746 392 4818 implere
431 4763 540 4799 non
567 4759 868 4814 possumus,
901 4745 1002 4798 nisi
1043 4743 1352 4813 adjuvetnur
1380 4759 1412 4797 a
1443 4743 1574 4798 Deo.
1612 4741 1762 4796 Sicut

173 4841 308 4894 enim
327 4841 571 4909 corporis
588 4841 772 4894 oculus
791 4855 896 4892 non
915 4838 1192 4908 adjuvatur
1207 4853 1237 4892 a
1259 4838 1396 4900 luce,
1419 4845 1476 4890 ιιι
1493 4836 1561 4890 ab
1573 4835 1760 4890 eadem

175 4933 286 4988 luce
311 4935 529 4988 clausus
550 4947 839 4988 aversusve
872 4932 1144 4998 discedat;
1177 4939 1232 4986 ιιι
1256 4941 1430 4984 autem
1461 4931 1635 4984 videat
1663 4927 1762 4982 ad-

173 5023 380 5090 iuvatur
405 5026 476 5078 ab
507 5040 590 5086 ca,
623 5041 794 5095 neque
827 5023 928 5078 hoc
952 5025 1170 5078 omnino
1207 5023 1306 5077 nisi
1347 5023 1434 5078 illa
1474 5021 1757 5092 adjuverit,

171 5126 348 5182 potest
375 5135 387 5169 :
417 5117 492 5170 ita
525 5119 682 5178 Deus.
711 5117 802 5186 qui
841 5117 938 5170 lux
967 5126 1047 5170 est
1079 5116 1308 5170 hominis
1347 5115 1635 5182 interioris,
1667 5113 1762 5169 ad-

173 5207 312 5272 juvat
351 5219 547 5263 nostra:
585 5211 778 5264 mentis
809 5211 1072 5274 obttttum,
1105 5217 1161 5263 ut
1187 5225 1290 5264 non
1332 5209 1624 5264 secundum
1665 5225 1763 5263 no-

169 5311 359 5364 stram,
391 5301 486 5354 sed
515 5301 806 5356 secundum
836 5301 947 5372 ejus
968 5301 1224 5370 justitiam
1255 5301 1378 5356 boni
1404 5302 1602 5372 aliquid
1633 5317 1763 5372 ope-

167 5408 374 5446 remur.
405 5393 462 5446 Si
493 5403 668 5446 autem
709 5397 776 5446 ab
819 5393 908 5446 illo
932 5393 1244 5458 avertimur,
1284 5403 1522 5448 nostrum
1566 5403 1679 5458 est;
1708 5401 1765 5449 et

169 5493 296 5539 tunc
321 5487 613 5540 scentulum
633 5501 850 5539 carnem
881 5485 1138 5554 sapimus,
1169 5495 1292 5540 tunc
1313 5484 1762 5555 concupiscentia

165 5577 348 5634 carnis
376 5577 444 5632 ad
470 5578 648 5633 illicita
695 5577 1079 5632 consentimus.
1123 5577 1427 5633 Conversos
1467 5595 1594 5650 ergo
1623 5579 1763 5633 Deus

231 5760 248 5788 ³
285 5757 452 5808 Plures
473 5760 782 5820 manuscripti
807 5763 1122 5820 pretereunt,
1142 5757 1605 5820 dmimationemque.

229 5823 250 5851 ³
285 5831 390 5869 Am.
414 5827 484 5870 Er.
511 5831 562 5872 et
582 5818 769 5872 aliquot
947 5818 1034 5868 Ctti
1051 5819 1176 5868 malo
1201 5831 1284 5869 nos
1306 5832 1398 5869 non
1415 5818 1627 5872 obedire.

231 5837 250 5851 ⁸
285 5837 390 5869 Am.
414 5837 484 5870 IT.
511 5837 562 5872 (ξι
582 5837 640 5870 itll
679 5837 769 5870 ιιοι
783 5837 920 5867 ωδ
947 5837 1032 5868 CN!
1051 5837 1176 5868 mata
1201 5837 1284 5869 ηοδ
1306 5837 1398 5869 non
1415 5837 1558 5871 συειιιη

231 5882 254 5916 ³
283 5889 400 5936 ω
427 5887 562 5938 uncis
793 5887 1093 5950 praetereunt
1123 5895 1293 5934 omnes
1313 5881 1420 5934 fere
1454 5891 1558 5936 Mss.

1425 383 1431 392 '
1517 379 1714 436 LIBER
1755 377 2130 436 SECUNDUS.

3369 394 3473 454 151

1881 497 2112 566 adjuvat,
2141 517 2359 558 aversos
2393 503 2606 561 deserit.
2639 503 2744 562 Sed
2776 505 2936 564 etiam
2980 517 3036 563 ut
3065 519 3460 582 convertamur,

1881 589 1995 660 ipse
2020 592 2233 662 adjuvat
2261 613 2274 648 :
2301 594 2440 666 quod
2471 607 2614 652 certe
2639 599 2808 653 oculis
2840 600 3080 670 corporis
3111 601 3196 655 lux
3225 601 3324 657 ista
3353 617 3462 658 non

1881 697 2116 755 praestat.
2149 689 2280 744 Cum
2324 705 2452 760 ergo
2497 691 2648 747 nobis
2685 693 2836 763 jubet
2873 694 3074 762 dicens,
3103 693 3465 751 Conva'timini

1880 779 1949 832 ad
1975 796 2068 844 me,
2113 788 2157 833 et
2195 791 2456 836 convertar
2480 783 2547 836 ad
2591 799 2675 838 vos
2703 783 2884 856 (Zach.
2931 802 2968 852 ι,
2998 785 3090 858 5);
3137 801 3340 858 nosque
3387 787 3464 844 illi

1879 869 2134 936 dicimus,
2190 873 2430 928 Converte
2477 892 2603 940 nos,
2657 875 2794 932 Deus
2844 879 3115 932 sanitatum
3171 891 3462 934 nostrarum

1884 962 2052 1034 (Psal.
2101 981 2319 1032 Lxxxw,
2372 967 2466 1036 5);
2513 977 2587 1031 et,
2627 967 2763 1022 Deus
2801 969 3060 1036 virtutum,
3109 981 3336 1026 converte
3368 987 3463 1027 nos

1883 1055 2052 1126 (Psal.
2083 1075 2260 1126 ωιιιιχ,
2293 1059 2351 1128 8)
2379 1077 2392 1113 :
2418 1058 2542 1130 quid
2574 1061 2714 1115 aliud
2741 1060 2987 1124 dicimus,
3011 1079 3192 1132 quam,
3227 1063 3298 1116 Da
3319 1061 3465 1134 quod

1873 1147 2070 1217 jubes?
2097 1151 2226 1204 Cum
2258 1151 2408 1220 jubet
2437 1153 2682 1220 dicendo,
2731 1153 3008 1225 Intelligite
3044 1173 3184 1225 ergo,
3221 1157 3308 1225 qui
3335 1156 3464 1210 insi-

1880 1241 2070 1310 pientes
2093 1245 2205 1312 estis
2233 1245 2284 1296 in
2311 1245 2498 1314 populo
2529 1245 2700 1315 (Psal.
2733 1261 2878 1312 xcm,
2906 1247 2996 1318 8);
3032 1257 3086 1302 et
3111 1263 3206 1300 nos
3233 1247 3306 1301 illi
3327 1247 3462 1302 dici-

1878 1351 2018 1400 mus,
2069 1335 2152 1390 Da
2205 1339 2329 1390 mihi
2375 1339 2702 1404 intellectum,
2747 1351 2800 1392 ut
2837 1341 3029 1394 discam
3085 1339 3326 1394 mandata
3375 1349 3464 1394 tua

1879 1425 2046 1496 (I’sal.
2085 1443 2268 1494 cxun,
2315 1430 2403 1500 75)
2453 1449 2465 1484 :
2512 1431 2638 1500 quid
2675 1431 2817 1484 aliud
2865 1431 3108 1496 dicimus,
3155 1447 3336 1502 quam,
3387 1432 3464 1487 Da

1877 1519 2014 1590 quod
2041 1519 2235 1590 jubes?
2259 1519 2392 1576 Cum
2419 1521 2568 1592 jubet
2594 1523 2842 1588 dicendo,
2877 1522 3001 1578 Post
3029 1525 3462 1594 concupiscendus

1878 1620 1989 1664 tuas
2019 1629 2118 1664 non
2148 1629 2232 1666 eas
2268 1611 2453 1680 (Eccli.
2484 1629 2634 1678 xvm,
2669 1614 2793 1684 30);
2833 1631 3034 1685 nosque
3063 1616 3308 1678 dicimus,
3341 1615 3462 1672 Sci-

1876 1719 1995 1758 mus
2027 1705 2148 1774 quia
2185 1721 2330 1758 nemo
2367 1715 2526 1776 potest
2569 1723 2677 1760 esse
2723 1709 3002 1772 continens,
3053 1709 3150 1760 nisi
3191 1707 3332 1762 Deus
3373 1708 3460 1764 det

1877 1797 2033 1868 (Sap.
2059 1813 2172 1862 vut,
2201 1797 2291 1868 2|)
2319 1815 2332 1850 :
2375 1797 2496 1867 quid
2525 1797 2670 1852 aliud
2709 1799 2958 1865 dicimus,
2987 1816 3168 1868 quam,
3199 1801 3270 1854 Da
3317 1801 3460 1871 quod

1871 1889 2029 1957 jubes
2047 1893 2070 1941 ’ἐ
2086 1891 2217 1942 Cum
2235 1889 2388 1960 jubet
2405 1891 2651 1958 dicendo,
2683 1889 2860 1946 Facite
2867 1893 3120 1964 justitiam
3141 1895 3156 1924 ί
3177 1891 3326 1962 (Isai.
3349 1908 3461 1961 LVI,

1875 1983 1970 2050 l);
2027 1997 2230 2052 nosque
2283 1983 2544 2046 dicimus,
2593 1985 2729 2040 Doce
2773 2001 2852 2038 me
2891 1985 3282 2054 justiﬁcationes
3346 1993 3496 2058 tuan

1876 2077 2044 2148 (Psal.
2091 2095 2277 2146 cxvm,
2327 2079 2412 2150 1‘2)
2459 2079 2624 2150 :quid
2669 2079 2808 2132 aliud
2852 2079 3096 2144 dicimus,
3155 2095 3336 2150 quam,
3385 2079 3462 2135 Da

1873 2173 2012 2242 quod
2036 2172 2230 2242 jubes?
2259 2173 2388 2227 Item
2419 2189 2538 2228 cum
2565 2173 2720 2238 dicit,
2759 2171 2902 2226 Beati
2923 2175 3010 2242 qui
3051 2173 3276 2227 esuriant
3317 2181 3363 2226 et
3390 2172 3462 2225 si-

1876 2264 2004 2316 t'uut
2023 2264 2296 2334 justitiam,
2340 2267 2575 2335 quoniam
2601 2265 2700 2334 ipsi
2741 2265 3104 2318 saturabuutur
3143 2265 3357 2334 (Matth.
3399 2279 3457 2334 ν,

1875 2357 1929 2426 6)
1959 2375 1972 2411 :
1997 2372 2026 2410 a
2057 2373 2161 2426 quo
2190 2355 2446 2412 debemus
2489 2367 2666 2424 petere
2695 2356 2870 2410 cibum
2903 2365 3190 2426 potumque
3213 2354 3455 2424 justitite,

1873 2447 1974 2500 nisi
2003 2447 2070 2500 ab
2103 2447 2194 2502 illo
2218 2449 2304 2516 qui
2341 2447 2700 2502 esurientibus
2730 2463 2848 2504 eam
2895 2455 2952 2502 et
2987 2447 3288 2503 sitientibus
3318 2460 3454 2517 pro-

1871 2539 2034 2592 mittit
2063 2538 2176 2608 ejus
2203 2539 2577 2592 saturitatem?

1943 2630 1995 2684 6.
2039 2629 2378 2698 liepellamus
2409 2631 2582 2698 itaque
2613 2629 2682 2683 ab
2716 2629 2935 2684 auribus
2959 2639 3014 2684 et
3053 2629 3320 2684 mentibus
3358 2643 3458 2684 no-

1873 2723 1997 2778 stris
2025 2737 2120 2778 οέλι
2163 2723 2250 2791 qui
2278 2721 2481 2788 dicunt,
2515 2731 2734 2792 accepto
2764 2721 2930 2776 semel
2957 2721 3137 2775 libera:
3163 2721 3454 2776 voluntatis

1871 2815 2112 2876 arbitrio.
2143 2829 2241 2868 nec
2267 2829 2422 2868 orare
2451 2829 2549 2868 nos
2577 2813 2792 2880 debere,
2831 2823 2890 2868 ut
2925 2813 3064 2868 Deus
3092 2827 3190 2868 nos
3215 2812 3454 2882 adjuvet,

1871 2923 1938 2962 ne
1981 2921 2280 2976 peccemus.
2325 2906 2541 2962 Talibus
2583 2907 2726 2962 enim
2767 2906 3000 2962 tenebris
3039 2921 3137 2960 nec
3163 2905 3456 2976 phariszeus

1871 3000 1960 3054 ille
1985 3000 2303 3064 eaecabatur,
2323 2999 2410 3068 qui
2441 2999 2684 3068 quamvis
2712 2999 2762 3052 in
2795 2999 2896 3052 hoc
2925 3007 3150 3064 erraret,
3179 2997 3320 3068 quod
3351 2997 3454 3053 sibi

1871 3092 2172 3146 addendum
2199 3091 2262 3144 ad
2293 3090 2552 3159 justitiam
2581 3089 2710 3144 nihil
2745 3089 2981 3158 putabat,
3023 3103 3188 3160 seque
3223 3089 3455 3143 arbitra-

1869 3183 2026 3237 batur
2049 3183 2164 3254 ejus
2193 3181 2516 3251 plenitudine
2547 3189 2871 3246 saturatum;
2909 3181 3016 3234 Deo
3045 3187 3220 3234 tamen
3259 3179 3457 3248 gratias

1869 3277 2078 3346 agebat,
2105 3275 2246 3346 quod
2271 3291 2374 3330 non
2406 3285 2548 3329 esset
2577 3275 2714 3328 sicut
2739 3275 2919 3328 cmteri
2949 3273 3216 3336 homines,
3245 3273 3454 3343 injusti,

1869 3377 2130 3436 raptores,
2157 3365 2406 3432 adulteri,
2435 3367 2572 3420 sicut
2599 3365 2688 3419 ille
2723 3364 3066 3434 publicanus;
3094 3364 3236 3435 quod
3270 3363 3354 3418 bis
3397 3363 3454 3418 in

1869 3459 2090 3514 sabbato
2117 3459 2399 3528 jcjunat‘et,
2423 3458 2564 3527 quod
2591 3457 2825 3511 omnium
2853 3473 2974 3527 quae
3003 3457 3330 3528 possidebat,
3359 3457 3454 3512 de-

1868 3553 2034 3608 cimas
2055 3553 2224 3608 daret.
2249 3552 2389 3606 Nibil
2410 3553 2508 3607 sibi
2535 3552 2656 3606 addi
2685 3551 2749 3606 ad
2777 3552 3036 3621 justitiam
3055 3551 3166 3621 jam
3195 3551 3447 3620 petebat:

1869 3644 1960 3698 sed
1995 3654 2170 3698 tamen
2199 3659 2265 3698 ex
2305 3644 2370 3696 iis
2405 3659 2522 3713 qua:
2555 3642 2800 3706 habebat,
2837 3642 3036 3712 gratias
3077 3642 3188 3696 Deo
3216 3639 3446 3711 agendo,

1867 3738 1934 3792 ab
1965 3739 2052 3792 illo
2091 3753 2150 3792 se
2186 3737 2458 3806 accepisse
2497 3737 2674 3790 omnia
2715 3735 3014 3790 fatebatur:
3045 3743 3099 3790 et
3141 3741 3320 3788 tamen
3350 3735 3455 3788 im-

1867 3829 2124 3900 probatus
2152 3835 2258 3894 est,
2289 3835 2343 3882 et
2361 3829 2483 3898 quia
2499 3828 2662 3882 veluti
2689 3835 2956 3882 saturatus
2975 3826 3108 3880 nihil
3133 3825 3201 3880 de
3233 3823 3457 3878 alimen-

1869 3922 1934 3978 tis
1961 3921 2178 3991 justltia:
2203 3921 2312 3990 jam
2335 3920 2556 3990 rogabat
2578 3919 2840 3988 accipere,
2869 3929 2924 3973 ct
2951 3918 3094 3988 quod
3121 3931 3238 3974 eam
3272 3915 3456 3986 publi-

1867 4028 2000 4068 cano
2028 4013 2281 4068 esurienti
2309 4027 2372 4067 ac
2413 4013 2612 4068 sitienti
2637 4027 2696 4066 se
2727 4011 2871 4066 velut
2901 4010 3162 4064 insultans
3201 4010 3454 4081 praeferre

1866 4105 2127 4174 gestiebat
2155 4101 2304 4177 (Luc.
2335 4119 2482 4168 XVIII,
2519 4103 2728 4172 10-14).
2755 4101 2893 4170 Quid
2932 4118 3060 4172 ergo
3089 4103 3192 4156 illis
3225 4103 3330 4168 lict,
3363 4101 3452 4171 qui

1867 4195 1966 4249 etsi
1995 4195 2260 4250 fateantur
2283 4209 2342 4250 se
2375 4211 2480 4250 non
2509 4193 2726 4260 habere,
2759 4193 2842 4248 vel
2871 4209 2976 4248 non
3009 4194 3218 4264 plenam
3253 4193 3450 4248 habere

1861 4287 2150 4356 justitiam;
2196 4297 2370 4342 tamen
2419 4303 2448 4340 a
2489 4301 2548 4340 se
2596 4286 2725 4356 ipsis
2763 4285 3080 4350 habendam,
3127 4301 3234 4338 non
3279 4299 3308 4336 a
3357 4299 3456 4340 suo

1866 4379 2139 4444 Creatore,
2171 4381 2256 4434 ubi
2289 4381 2538 4432 horreum
2579 4381 2696 4447 ejus
2720 4387 2774 4432 et
2802 4377 2922 4432 fons
2963 4378 3078 4446 ejus
3117 4385 3222 4442 est,
3261 4377 3454 4446 depre-

1868 4461 2248 4526 candam'esse
2287 4469 2650 4538 prmsmnunt?
2695 4469 2804 4524 Nec
2845 4467 2968 4522 ideo
3001 4477 3175 4522 tamen
3213 4468 3343 4522 solis
3383 4467 3454 4522 de

1868 4561 1967 4616 hac
1999 4577 2055 4616 re
2083 4562 2220 4616 votis
2247 4559 2509 4632 agendum
2537 4567 2639 4624 est,
2673 4567 2730 4614 ut
2757 4575 2862 4614 non
2899 4558 3258 4612 subinteratur
3299 4557 3448 4612 adui~

1869 4655 2065 4709 tendo'
2120 4657 2276 4708 etiam
2333 4663 2528 4708 nostrae
2585 4653 2818 4708 efﬁcacia
2871 4651 3178 4708 voluntatis.
3231 4651 3450 4724 Adjutor

1867 4747 2010 4802 enim
2041 4757 2208 4800 noster
2237 4746 2374 4800 Deus
2399 4745 2592 4800 dicitur
2619 4745 2791 4817 (Psal.
2831 4761 2940 4812 ut,
2969 4746 3050 4816 9),
3077 4759 3178 4802 nec
3214 4746 3454 4816 adjuvari

1867 4849 2062 4910 potest,
2095 4840 2196 4894 nisi
2234 4840 2324 4910 qui
2369 4841 2528 4894 etiam
2571 4839 2772 4911 aliquid
2815 4848 3004 4910 sponte
3041 4848 3286 4896 conatur.
3319 4840 3454 4908 Quia

1867 4951 1974 4988 non
2016 4934 2153 4988 sicut
2181 4933 2233 4986 in
2264 4933 2526 5003 lapidibus
2567 4934 2873 5000 insensatis,
2902 4941 2994 4990 aut
3019 4933 3157 4990 sicut
3201 4935 3252 4987 in
3293 4933 3371 4988 eis
3401 4934 3454 4988 in

1869 5040 2094 5095 quorum
2129 5035 2317 5081 natura
2362 5027 2622 5082 rationem
2647 5026 3080 5098 voluntatemque
3118 5041 3224 5082 non
3268 5026 3456 5082 condi-

1932 5260 1950 5290 ι
1985 5265 2034 5306 ιιι
2057 5257 2390 5318 manuscriptis
2406 5263 2531 5319 post,
2553 5255 2719 5319 Facite
2731 5254 2974 5319 justitiam
2987 5292 3001 5316 ,
3020 5259 3327 5307 continenter
3343 5255 3457 5306 sub-

1861 5322 2081 5384 jungitur
2097 5355 2112 5379 ,
2136 5326 2342 5384 [temque
2365 5318 2476 5368 cum
2507 5318 2656 5382 dicit,
2685 5318 2822 5370 Beati
2855 5319 2936 5382 qui
2955 5319 3188 5380 esuriant,
3215 5327 3266 5370 et
3299 5321 3456 5368 inter-

1867 5382 2026 5431 inedia
2043 5383 2192 5432 verba
2215 5382 2500 5430 reticentur.

1932 5448 1952 5477 ³
1985 5453 2154 5492 Locum
2177 5444 2302 5491 hunc
2325 5444 2395 5492 sic
2415 5455 2442 5492 a
2464 5445 2656 5516 κίειςιὶηο
2687 5445 2842 5552 tipsio
2863 5445 3145 5508 castigatum
3179 5447 3358 5514 putant
3369 5447 3454 5514 1.0-

1932 5508 2144 5552 nienses.
2171 5513 2282 5552 nam
2305 5519 2406 5552 ιιι-ο.
2429 5505 2718 5552 admtendo:
2764 5507 3002 5552 edebatur
3025 5511 3074 5552 in
3099 5507 3261 5552 primis
3284 5503 3454 5551 editio-

1867 5508 2156 5578 vanieusest
2171 5513 2282 5553 nam
2305 5519 2406 5576 pro,
2429 5505 2718 5578 adnitenda;
2739 5503 3261 5578 legebatuﬁin‘primis
3284 5503 3455 5578 editio-

1869 5569 2028 5626 nibus,
2051 5569 2114 5616 ad
2141 5569 2253 5616 bene
2286 5565 2538 5618 uiuendum
2568 5581 2584 5617 :
2608 5565 2972 5617 cuieditionum
3005 5565 3196 5617 lectioni
3219 5565 3314 5612 duo
3355 5573 3434 5612 tat:

1869 5639 1970 5681 tum
1993 5631 2300 5695 manuscripti
2315 5665 2330 5682 .
2356 5644 2481 5695 unus
2501 5631 2760 5695 t:_Belgicis
2777 5664 2790 5686 ,
2815 5632 2940 5695 alter
2965 5627 3266 5695 e_\'aticanis,
3290 5626 3438 5695 satira

1869 5704 2066 5756 gantur.
2086 5691 2168 5740 Alii
2189 5687 2285 5756 duo
2309 5693 2514 5756 Vaticani
2539 5687 2739 5751 habent,
2779 5690 3098 5756 (iungendum
3115 5701 3158 5738 et
3176 5687 3460 5756 uiuendum:

1870 5751 1969 5804 lino
1990 5753 2183 5816 Bclgici,
2199 5755 2264 5804 ad
2279 5754 2530 5804 vivendum
2553 5766 2571 5804 :
2592 5763 2644 5804 et
2657 5757 2725 5804 sic
2739 5751 2980 5816 Gallicani,
2995 5751 3456 5816 exceptislteecensi

1872 5825 1924 5867 et
1943 5814 2358 5890 .‘utto_Parisi.eusi
2407 5816 2830 5890 augustincnsium
2863 5814 3057 5878 majoris
3093 5819 3368 5868 conventus
3403 5815 3456 5866 in

1873 5881 2050 5944 quibus
2073 5885 2166 5944 est,
2191 5877 2468 5930 adnitenda.
