4016 6544
536 372 643 435 155

536 485 635 554 dit,
670 482 895 540 salutem
943 483 1175 535 nostram
1201 474 1340 529 Deus
1384 479 1635 543 operatur
1689 473 1743 524 in
1789 466 1961 523 nobis.
2000 462 2110 520 Cur

537 587 714 634 autem
740 576 887 632 illum
906 573 1139 644 adjuvet,
1162 568 1307 623 illum
1331 582 1436 621 non
1458 563 1701 635 adjuvet;
1726 562 1869 617 illum
1888 568 2111 625 tantum,

537 671 687 729 illum
739 678 916 726 autem
965 682 1071 723 non
1113 670 1316 719 tantum
1361 661 1411 727 ¹;
1444 659 1603 715 istum
1652 657 1765 725 illo,
1817 655 1964 711 illum
2012 653 2116 708 isto

538 761 734 829 modo;
780 774 944 831 penes
989 757 1161 826 ipsum
1212 761 1294 810 est
1336 759 1390 807 et
1427 747 1692 822 aequitatis
1745 754 1854 803 tam
1896 753 2117 801 secreta:

537 858 690 920 ratio,
734 861 788 907 et
816 848 1125 907 excellentia
1148 846 1446 916 potestatis.

608 942 832 1001 CAPUT
874 939 959 997 Vl.
998 970 1069 982 —
1097 936 1151 995 7.
1197 938 1427 1007 Quatuor
1465 932 1528 989 de
1557 931 1776 1006 justitia:
1812 928 2118 1003 perfectione

535 1032 853 1107 qua’stiones.
887 1032 1063 1087 Prima
1085 1030 1311 1102 qutestio,
1334 1044 1401 1083 an
1422 1026 1571 1082 homo
1597 1026 1705 1080 sine
1731 1032 1936 1095 peccato
1959 1018 2117 1094 possit

538 1143 642 1183 esse
676 1128 731 1182 in
767 1126 861 1179 hac
892 1125 1012 1178 vita.
1040 1120 1172 1178 Nam
1200 1120 1289 1192 qui
1326 1118 1508 1175 dicunt
1550 1131 1672 1174 esse
1706 1114 1897 1188 posse'
1925 1112 1983 1170 in
2018 1110 2119 1168 hac

538 1219 642 1273 vita
673 1214 942 1273 hominem
974 1217 1087 1270 sine
1116 1221 1355 1284 peccato,
1386 1226 1496 1268 non
1535 1218 1619 1265 est
1645 1209 1723 1264 eis
1751 1207 2004 1264 continuo
2030 1203 2116 1259 in—

541 1316 697 1365 cauta
740 1307 1034 1364 temeritate
1076 1302 1460 1360 obsistendum.
1508 1300 1565 1356 Si
1608 1303 1751 1357 enim
1795 1314 1915 1361 esse
1965 1311 2121 1368 posse

542 1399 934 1469 negaverimus,
967 1405 1020 1452 et
1052 1395 1280 1450 hominis
1308 1393 1476 1448 libero
1509 1391 1753 1457 arbitrio,
1782 1390 1876 1461 qui
1902 1389 2007 1444 hoc
2028 1404 2122 1445 vo-

537 1492 697 1548 lendo
723 1491 941 1560 appetit,
972 1496 1026 1544 et
1050 1487 1145 1543 Dei
1171 1486 1349 1542 virtuti
1367 1482 1451 1540 vel
1479 1481 1879 1562 misericordiae,
1907 1481 2000 1553 qui
2021 1480 2124 1536 hoc

541 1581 841 1652 adjuvando
869 1579 1052 1644 efﬁcit,
1080 1578 1469 1649 derogabimus.
1496 1572 1604 1633 Sed
1634 1574 1738 1639 alia
1763 1574 1989 1648 quaestio
2018 1578 2119 1639 est,

542 1684 717 1727 utrum
755 1684 875 1729 esse
916 1669 1114 1742 possit;
1146 1669 1270 1738 alia,
1303 1678 1482 1723 utrum
1525 1667 1625 1733 sit;
1661 1666 1782 1734 alia,
1825 1664 1871 1721 si
1909 1680 2015 1720 non
2044 1672 2126 1719 est

541 1776 661 1820 eum
692 1765 858 1835 possit
882 1778 1022 1830 esse,
1050 1777 1146 1817 cur
1165 1776 1270 1816 non
1301 1760 1402 1827 sit;
1435 1758 1539 1814 alia
1577 1768 1755 1814 utrum
1793 1757 1882 1828 qui
1906 1756 2124 1811 omnino

541 1870 808 1927 nunquam
835 1852 998 1911 ullum
1026 1861 1300 1925 peceatum
1328 1850 1596 1917 habuerit,
1644 1865 1750 1907 non
1786 1849 1956 1905 solum
1983 1849 2127 1920 quis-

545 1956 704 2018 quam
750 1947 837 2013 sit,
873 1956 1057 2002 verum
1100 1945 1258 2000 etiam
1290 1943 1520 2014 potuerit
1559 1938 1844 2012 aliquando
1886 1954 2005 1995 esse
2043 1940 2126 1995 vei

544 2039 729 2108 possit.
764 2035 823 2092 ln
846 2036 946 2091 hac
973 2035 1351 2107 quadripartita
1377 2032 1741 2105 propositione
1768 2030 2126 2100 qumstion‘um

544 2129 653 2184 sia
698 2142 785 2184 me
828 2134 1116 2198 quaeratur,
1151 2135 1324 2180 utrum
1367 2124 1528 2180 homo
1571 2122 1686 2178 sine
1715 2120 1934 2193 peccato
1960 2119 2131 2190 possit

545 2230 666 2277 esse
695 2222 749 2275 in
776 2220 877 2275 hac
906 2220 1043 2284 vita;
1071 2216 1367 2273 confitebor
1391 2228 1549 2286 posse
1590 2229 1683 2285 per
1707 2208 1798 2268 Dei
1828 2210 2052 2283 gratiam
2077 2216 2131 2264 et

544 2312 771 2367 liberum
799 2310 914 2381 ejus
951 2308 1222 2364 arbitrium
1252 2325 1267 2362 :
1296 2307 1468 2377 ipsum
1492 2317 1703 2376 quoque
1728 2300 1958 2357 liberum
1984 2298 2129 2354 arbi-

548 2403 707 2457 trium
730 2401 795 2456 ad
824 2398 921 2455 Dei
940 2399 1183 2471 gratiam,
1214 2400 1316 2453 hoc
1341 2404 1442 2463 est,
1470 2395 1537 2451 ad
1573 2394 1670 2450 Dei
1697 2390 1835 2449 dona
1860 2390 2132 2464 pertinere

549 2492 960 2563 nonambigens,
976 2502 1077 2546 nec
1091 2498 1294 2545 tantum
1306 2495 1366 2543 ut
1382 2489 1472 2555 sit,
1488 2502 1671 2543 verum
1686 2485 1846 2541 etiam
1862 2492 1920 2539 ut
1931 2483 2128 2538 bonum

551 2585 640 2652 sit,
672 2584 725 2640 id
750 2592 850 2650 est,
880 2566 947 2638 ad
969 2581 1209 2638 facienda
1239 2580 1487 2634 mandata
1514 2576 1726 2634 Domini
1754 2582 2129 2642 convertatur;

548 2682 707 2746 atque
733 2674 807 2731 ita
831 2670 926 2730 Del
965 2673 1133 2746 gratia
1158 2686 1267 2728 non
1300 2668 1472 2727 solum
1500 2668 1750 2726 ostendat
1774 2667 1902 2739 quid
1931 2665 2131 2723 facien-

547 2764 674 2821 dam
726 2767 834 2834 sit,
880 2762 977 2823 sed
1026 2763 1238 2835 adjuvet
1287 2763 1553 2817 etiam‘ut
1605 2760 1773 2830 pessit
1825 2758 1939 2813 ﬁeri
1990 2755 2132 2827 quod

548 2856 862 2921 ostenderit,
889 2855 1026 2925 Quid
1059 2855 1202 2911 enirn
1230 2853 1490 2909 habemus
1515 2850 1657 2923 quod
1698 2866 1805 2905 non
1834 2849 2134 2919 accepimus

550 2948 601 3021 (l
619 2948 738 3004 Cor.
768 2961 845 3015 tv,
875 2946 971 3018 7)?
999 2944 1157 3003 Unde
1179 2945 1502 3001 ctleremias
1517 2942 1645 2998 dicit
1673 2959 1686 2996 :
1718 2941 1862 3008 Scio,
1895 2939 2131 3007 Domine,

553 3040 673 3111 quia
696 3052 801 3093 non
823 3046 897 3093 est
925 3038 977 3092 in
1002 3037 1204 3092 homine
1233 3049 1314 3091 ara
1342 3036 1470 3107 ejus,
1498 3049 1590 3088 nec
1616 3032 1709 3087 viri
1736 3041 1883 3087 estut
1919 3031 2137 3086 ambulet

556 3140 604 3185 et
633 3130 821 3201 dirigat
846 3144 1045 3202 gressus
1078 3143 1196 3184 suos
1220 3126 1428 3194 (Ierem.
1457 3142 1512 3195 χ,
1538 3126 1651 3197 25).
1678 3123 1814 3181 Hinc
1840 3133 1893 3181 et
1918 3125 1969 3180 in
1998 3125 2138 3181 Psal-

551 3223 658 3280 mis
678 3238 797 3279 cum
823 3214 1035 3294 quidam
1066 3221 1288 3278 dixisset
1313 3216 1443 3290 Deo,
1485 3218 1562 3275 Ta
1590 3219 1875 3291 precepisti
1899 3219 2137 3274 mandata

556 3326 648 3372 sua
674 3316 918 3373 custodiri
951 3318 1137 3384 nimis;
1174 3315 1428 3373 continuo
1455 3328 1561 3369 non
1590 3314 1658 3370 de
1694 3329 1753 3370 se
1778 3313 2134 3385 prmsumpsit,

554 3408 651 3464 sed
675 3407 952 3480 aptavitut
978 3407 1177 3464 faceret
1206 3426 1220 3463 :
1255 3401 1482 3473 Utinam,
1515 3405 1702 3476 inquit,
1726 3404 2020 3475 dirigantur
2044 3405 2140 3460 vita

556 3510 683 3555 mete
700 3500 769 3554 ad
792 3498 1145 3556 custodiendas
1162 3498 1552 3571 justiﬁcationes
1573 3507 1684 3551 tuas
1710 3512 1730 3551 :
1758 3504 1878 3551 tunc
1897 3512 1999 3551 non
2019 3511 2139 3550 con—

558 3591 780 3663 fundar,
835 3591 956 3646 dum
1000 3589 1213 3663 inspicio
1260 3590 1317 3644 in
1359 3590 1529 3644 omnia
1569 3589 1815 3644 mandata
1854 3598 1962 3644 tua.
2007 3587 2138 3658 Quis

557 3695 736 3741 autem
757 3692 908 3756 optat
934 3670 1075 3756 quod
1103 3685 1161 3739 in
1183 3692 1443 3755 potestate
1462 3684 1540 3742 sic
1559 3684 1739 3749 habet,
1761 3693 1821 3739 ut
1849 3683 1915 3739 ad
1939 3682 2138 3739 facien-

560 3776 688 3833 dum
702 3776 850 3832 nullo
869 3775 1101 3847 indigeat
1124 3774 1470 3846 adiumento?
1490 3778 1531 3831 Δ
1557 3788 1663 3847 quo
1682 3785 1858 3831 autem
1887 3775 1939 3830 id
1966 3783 2134 3846 optet,

560 3871 683 3942 quia
713 3883 824 3925 non
865 3885 896 3925 a
932 3867 1165 3932 fortuna,
1204 3866 1290 3925 vel
1328 3884 1357 3924 a
1403 3868 1531 3933 fato,
1563 3868 1646 3925 vel
1681 3884 1713 3925 a
1752 3868 1989 3941 quolibet
2032 3868 2139 3923 alio

560 3969 756 4034 prmter
794 3960 984 4031 Deum,
1032 3963 1087 4018 in
1139 3964 1586 4033 consequentibus
1641 3962 1771 4019 satis
1808 3960 2136 4019 ostendens:

568 4050 767 4109 Itinera
793 4068 924 4123 mea,
952 4053 1137 4125 inquit,
1167 4054 1330 4125 dirige
1364 4055 1637 4109 secundum
1663 4052 1863 4107 verbum
1905 4063 2064 4120 tuum,
2092 4060 2141 4107 et

561 4161 664 4199 non
687 4140 1008 4199 dominetur‘
1031 4144 1156 4199 mihi
1183 4145 1346 4200 omnis
1383 4145 1619 4216 iniquitas
1644 4144 1664 4216 (
1689 4144 1833 4200 Psal.
1866 4158 2050 4214 cxvm,
2081 4145 2135 4212 4,

563 4232 619 4301 5,
644 4234 700 4302 6,
730 4234 878 4309 i515).
920 4236 1002 4291 Ab
1028 4236 1183 4307 hujus
1213 4238 1552 4292 exsecranda:
1577 4235 1957 4293 dominationis
1974 4235 1997 4269 "
2022 4253 2140 4294 ser-

560 4324 728 4380 vitute
771 4325 1084 4394 liberantur,
1133 4325 1323 4397 quibus
1346 4326 1601 4381 Dominus
1624 4323 1780 4382 Jesus
1835 4324 1979 4399 [eum
2005 4327 2145 4383 reci.

561 4412 829 4490 pientibus
847 4415 916 4492 Ἴ,
945 4417 1092 4474 dedit
1117 4420 1433 4490 potestatem
1461 4416 1595 4473 ﬁlios
1622 4416 1719 4474 Dei
1747 4418 1863 4475 ﬁeri
1908 4419 2082 4491 (Joan‘.
2099 4434 2137 4490 ι,

566 4509 681 4580 ιιι).
706 4509 791 4564 Mr
811 4510 913 4565 ista
947 4508 1215 4566 horrenda
1238 4509 1599 4566 dominatione
1619 4509 1879 4567 liberandi
1907 4510 2136 4581 ﬁxerant,

563 4602 753 4670 quibus
794 4601 947 4667 dicit,
984 4601 1047 4657 Si
1068 4616 1155 4657 vos
1181 4600 1349 4657 Filius
1378 4602 1678 4672 liberaverit,
1714 4611 1834 4656 tunc
1858 4614 1972 4658 vere
1998 4603 2142 4659 liberi

562 4694 705 4748 eritis
731 4691 841 4766 (Id.
865 4702 983 4762 vm,
1024 4693 1138 4765 56).
1175 4693 1269 4750 His
1310 4701 1470 4765 atque
1494 4692 1803 4766 hujusmodi
1832 4694 1949 4749 aliis
1985 4694 2142 4749 innu-

564 4786 907 4841 merabilibus
946 4788 1263 4843 testimoniis
1302 4786 1544 4844 dubitare
1582 4802 1690 4844 non
1737 4798 1984 4858 possum,
2040 4794 2143 4844 nec‘

567 4878 732 4934 Deum
779 4877 978 4949 aliquid
1023 4876 1352 4950 impossibile
1392 4879 1595 4935 homini
1647 4874 1982 4951 praecepisse,
2042 4894 2142 4937 nec

567 4970 675 5026 Deo
719 4970 786 5027 ad
837 4970 1207 5043 opituiandum
1251 4970 1707 5044 etadjuvandum,
1753 4988 1858 5044 quo
1883 4971 1974 5029 ﬂat
1998 4973 2143 5046 quod

563 5063 730 5134 jubet,
782 5064 1111 5135 impossibile
1148 5064 1347 5135 aliquid
1390 5075 1529 5121 esse.
1570 5066 1649 5121 A‘c
1684 5078 1781 5137 per
1823 5065 1926 5121 hoc
1965 5074 2144 5138 potest

565 5154 743 5221 homo,
775 5156 821 5210 si
844 5156 994 5222 velit,
1018 5170 1140 5212 esse
1168 5156 1285 5211 sine
1312 5163 1552 5226 peccato,
1584 5156 1796 5228 adjutus
1824 5174 1855 5213 a
1887 5158 2017 5215 Deo.

634 5246 859 5304 CAPUT
885 5247 993 5303 Vll.
1018 5277 1090 5289 —
1113 5248 1167 5304 8.
1192 5246 1432 5304 Socunda
1473 5251 1681 5319 quastio
1702 5292 1719 5317 ,
1744 5268 1814 5306 an
1853 5253 1917 5308 sit
1958 5252 2145 5321 aliquis

565 5337 717 5393 homo
738 5340 846 5394 sine
868 5349 1072 5412 peccato
1093 5340 1150 5395 in
1185 5339 1282 5394 hac
1307 5342 1429 5397 vita.
1454 5338 1512 5397 Si
1539 5350 1717 5400 autem
1741 5343 1883 5416 quod
1908 5344 2146 5401 secundo

564 5538 731 5648 "ora
754 5539 1347 5605 amabamus,
1369 5538 1922 5607 illumautemtantwn;
1944 5544 2140 5609 omisso,

629 5662 652 5757 ς
679 5668 1594 5757 gnumesﬂrouisuﬂﬂnos’tﬂ'mausmpd
1615 5668 1694 5720 hic
1712 5670 1965 5734 omittunt,
1988 5682 2141 5736 posse.

629 5727 652 5757 ³
681 5728 808 5784 Mss,
833 5730 885 5776 ut
902 5738 998 5777 non
1019 5727 1299 5780 dominetur.

629 5783 654 5847 ξ
684 5790 815 5847 unus
829 5800 861 5838 ο
884 5790 1116 5841 Vaticanis
1137 5799 1264 5847 Mss...
1287 5791 1509 5845 domitae.

629 5845 654 5882 ³
682 5844 1066 5905 adtestatus.
1090 5852 1208 5905 Vide
1230 5844 1538 5921 mh,n.37.

1170 361 1261 419 DE
1296 355 1755 416 PECCATORUM
1793 350 2063 411 MERITIS
2098 347 2189 411 ΕΤ
2226 346 2652 414 REMISSIONE,
2693 346 2752 404 S.
2792 344 3159 405 AUGUSTINI

3690 346 3804 405 156

2219 460 2338 516 loco
2363 476 2663 532 posueram,
2691 470 2957 533 quaaratur
2983 469 3157 516 utrum
3186 460 3283 532 sit,
3315 450 3437 517 esSe
3460 472 3567 515 non
3610 461 3797 516 credo.

2221 550 2385 625 Magis
2408 552 2550 609 enim
2576 550 2736 609 credo
2762 552 3050 626 Scriptura:
3088 550 3303 621 dicenti,
3339 550 3421 608 Ne
3452 552 3607 608 intres
3638 551 3691 607 in
3703 555 3806 625 ju-

2223 643 2411 700 dicium
2437 661 2549 699 cum
2570 661 2709 700 servo
2731 654 2835 712 tuo,
2859 644 3095 716 quoniam
3115 660 3214 698 non
3226 642 3591 714 justi/imbitur
3608 644 3661 698 in
3680 659 3808 699 con-

2222 746 2393 810 spectu
2418 742 2503 792 tuo
2522 736 2682 791 omnis
2710 736 2876 794 vivens
2908 734 3076 809 (Psal.
3106 750 3266 802 CXLII,
3291 732 3369 805 2).
3400 733 3469 788 Ει
3494 732 3615 789 ideo
3640 734 3809 790 mise-

2222 828 2451 885 ricordia
2477 828 2572 885 Dei
2596 834 2731 900 opus
2752 836 2835 885 est
2851 870 2866 896 ,
2897 843 3015 899 quas
3039 827 3397 899 superexaltat
3421 826 3619 899 judicio
3638 869 3654 896 ,
3683 842 3810 899 quae

2225 918 2298 977 illi
2331 937 2436 976 non
2462 922 2564 978 erit
2604 922 2695 994 qui
2736 936 2843 976 non
2887 919 3015 977 facit
3056 916 3477 976 misericordiam
3509 916 3714 993 (Jacobi
3741 935 3806 990 ιι,

2226 1010 2339 1087 15).
2368 1010 2436 1068 Et
2454 1012 2595 1085 quod
2615 1013 2867 1085 propheta
2886 1027 3007 1069 cum
3034 1010 3255 1079 diceret,
3278 1008 3424 1081 Dixi,
3455 1009 3810 1066 Pronuntiabo

2226 1104 2465 1161 adversus
2512 1121 2591 1161 me
2632 1106 2868 1161 delictum
2913 1122 3079 1160 meum
3119 1098 3358 1172 Domino,
3404 1114 3450 1161 et
3490 1114 3544 1159 tu
3569 1104 3812 1159 dimisisti

2226 1197 2531 1271 impietatem
2565 1198 2731 1254 cordis
2776 1196 2907 1266 mei;
2953 1197 3208 1254 continuo
3243 1196 3546 1269 subjunxitv,
3584 1194 3686 1251 Pro
3712 1188 3813 1250 hac

2228 1290 2390 1345 orabit
2416 1289 2485 1344 ad
2508 1297 2557 1345 te
2581 1293 2744 1345 omnis
2768 1297 2973 1345 sanctus
2994 1290 3048 1344 in
3077 1296 3298 1362 tenipore
3325 1299 3608 1361 opportuno
3634 1287 3809 1358 (Psal.

2228 1388 2376 1449 xxxi,
2408 1379 2463 1449 5,
2495 1376 2572 1453 6).
2619 1374 2735 1435 Non
2777 1390 2906 1453 ergo
2949 1383 3122 1436 omnis
3166 1386 3446 1451 peccator,
3496 1381 3590 1437 sed
3634 1382 3813 1437 omnis

2230 1480 2443 1527 sanctus
2475 1480 2491 1524 ε
2520 1485 2621 1527 vos
2648 1470 2789 1526 enim
2831 1483 3133 1528 sanctorum
3164 1481 3267 1540 est,
3302 1470 3362 1528 Si
3391 1473 3667 1528 dixerimus
3692 1473 3814 1544 quia

2230 1570 2489 1635 peccatum
2512 1574 2613 1616 non
2644 1563 2881 1617 habemus
2906 1606 2919 1630 ,
2949 1570 3039 1618 no‘s
3063 1564 3200 1635 ipsos
3228 1560 3528 1635 decipimus,
3558 1568 3607 1620 et
3629 1565 3814 1619 veritas

2230 1654 2284 1709 in
2310 1653 2451 1710 nobis
2478 1668 2577 1710 non
2608 1664 2681 1710 est
2718 1653 2761 1729 (l
2780 1652 2935 1709 Joan.
2965 1671 3003 1722 ι,
3034 1651 3111 1727 8).
3153 1653 3306 1711 Unde
3331 1654 3384 1709 in
3413 1652 3650 1726 ejusdem
3675 1670 3813 1727 apo-

2233 1746 2353 1800 stoli
2381 1745 2732 1817 Apocalypsi,
2764 1746 2850 1800 illa
2893 1752 3095 1800 centum
3129 1744 3469 1817 quadraginta
3509 1754 3556 1801 et
3592 1755 3815 1820 quatuor

2232 1837 2395 1892 millia
2413 1846 2739 1904 sanctorum,
2762 1839 2845 1909 qui
2871 1853 2924 1892 se
2942 1852 3055 1891 cum
3076 1835 3370 1893 mulieribus
3395 1854 3496 1892 non
3518 1836 3815 1909 coinquina-

2233 1941 2408 1987 oerunt
2430 1973 2445 1998 ,
2476 1933 2693 2003 virgines
2727 1932 2857 1986 enim
2882 1940 3298 2002 permanserunt;
3328 1939 3374 1986 et
3404 1947 3505 1985 non
3527 1934 3601 1985 est
3635 1932 3815 1985 inverso

2236 2029 2341 2077 tum
2383 2025 2437 2077 iu
2474 2038 2561 2078 ore
2605 2036 2775 2079 eorum
2817 2022 3164 2091 mendacium,
3203 2022 3321 2093 quia
3359 2022 3817 2094 irreprehensibiles

2235 2125 2349 2169 sunt
2370 2113 2549 2186 (Anoc.
2569 2128 2682 2179 xxv,
2701 2115 2736 2170 4
2751 2124 2800 2169 et
2817 2114 2875 2185 5)
2898 2113 2975 2187 (a)
2994 2129 3010 2182 ;
3034 2115 3270 2187 profecto
3291 2113 3410 2170 ideo
3432 2115 3819 2185 irreprehensi-

2235 2205 2368 2265 biles
2394 2216 2548 2276 sunt,
2579 2207 2700 2279 quia
2740 2220 2799 2264 se
2842 2208 2989 2278 ipsos
3032 2207 3293 2264 veraciter
3320 2208 3814 2279 reprehenderunt:

2236 2311 2292 2359 et
2316 2302 2435 2358 ideo
2473 2316 2585 2360 non
2611 2312 2693 2358 est
2722 2303 2996 2358 inventum
3026 2300 3078 2356 in
3108 2312 3203 2357 ore
3243 2312 3429 2357 eorum
3459 2300 3812 2369 mendacium,

2238 2396 2358 2467 quia
2380 2396 2425 2451 si
2452 2395 2689 2451 dicerent
2711 2408 2770 2452 se
2798 2404 3074 2468 peccatum
3096 2410 3201 2451 non
3226 2392 3442 2461 habere,
3469 2408 3528 2451 se
3557 2394 3701 2465 ipsos
3726 2393 3819 2450 de-

2238 2488 2497 2559 ciperent,
2528 2497 2581 2545 et
2611 2488 2805 2545 veritas
2835 2489 2886 2543 in
2917 2488 2996 2544 eis
3020 2503 3125 2545 non
3152 2496 3329 2555 esset;
3357 2498 3414 2545 et
3442 2484 3623 2562 utique
3662 2503 3817 2544 men~

2239 2576 2448 2633 dacium
2474 2589 2651 2646 esset,
2683 2579 2771 2635 ubi
2795 2578 2992 2635 veritas
3019 2593 3127 2634 non
3160 2585 3303 2635 esset
3327 2597 3343 2635 :
3371 2578 3619 2650 quoniam
3646 2577 3819 2650 justus

2240 2686 2360 2727 cum
2377 2672 2427 2727 in
2449 2672 2714 2728 sermonis
2729 2671 2948 2728 exordio
2966 2681 3245 2728 accusator
3265 2670 3346 2729 sui
3363 2681 3447 2729 est
3467 2668 3645 2743 (Prov.
3668 2687 3816 2739 xvnt,

2242 2758 2354 2838 i7),
2388 2779 2492 2821 non
2521 2764 2705 2838 utique
2730 2766 3004 2822 mentitur.

2311 2856 2365 2914 9.
2406 2859 2484 2912 Ac
2510 2872 2607 2929 per
2635 2856 2810 2913 hocin
2840 2873 2904 2913 eo
2928 2855 3070 2929 quod
3095 2854 3348 2928 scriptum
3375 2861 3458 2912 est
3479 2899 3495 2925 ,
3530 2853 3631 2924 Qui
3665 2865 3815 2910 natus

2240 2959 2314 3006 est
2340 2967 2407 3007 ex
2430 2946 2558 3022 Deo,
2584 2968 2686 3007 non
2725 2961 2917 3022 peccat,
2945 2960 2991 3005 et
3021 2967 3121 3005 non
3151 2960 3309 3021 potest
3335 2966 3554 3022 peccare,
3584 2950 3706 3021 quia
3734 2966 3819 3004 εει

2241 3062 2355 3101 men
2375 3044 2485 3117 ejus
2510 3044 2563 3100 in
2583 3046 2695 3117 ipso
2722 3054 2888 3099 manet
2914 3038 2959 3115 (ῐ
2979 3041 3136 3097 Joan.
3159 3059 3237 3109 ιιι,
3266 3041 3355 3114 9);
3386 3039 3503 3097 etsi
3528 3039 3654 3111 quid
3679 3039 3825 3095 aliud

2242 3152 2310 3193 eo
2339 3135 2498 3209 modo
2523 3134 2722 3191 dictum
2749 3142 2852 3202 est,
2882 3132 3107 3189 multum
3133 3132 3389 3188 falluntur
3427 3132 3603 3187 minus
3645 3131 3822 3188 censi-

2244 3227 2478 3283 derando
2506 3224 2822 3296 Scripturas.
2856 3223 2970 3280 Non
2994 3225 3140 3281 enim
3164 3223 3465 3289 advertunt,
3494 3239 3558 3280 eo
3582 3237 3820 3294 quosque

2244 3316 2359 3375 fieri
2389 3317 2524 3374 ﬁlios
2550 3318 2674 3383 Dei,
2719 3332 2826 3388 quo
2863 3332 2983 3372 esse
3022 3316 3279 3387 incipiunt
3318 3315 3371 3371 in
3400 3314 3634 3371 novitate
3669 3313 3823 3385 spiri-

2245 3420 2363 3480 tus;
2395 3424 2447 3467 et
2472 3410 2715 3467 renovari
2743 3411 2796 3465 in
2834 3408 3138 3465 interiorem
3176 3408 3448 3465 hominem
3475 3408 3494 3441 ¹
3530 3408 3820 3464 secundum

2244 3503 2527 3576 imaginem
2552 3502 2668 3574 ejus
2709 3502 2799 3575 qui
2842 3500 3042 3557 creavit
3079 3516 3172 3557 eos
3210 3497 3427 3573 (Coloss.
3458 3515 3536 3566 ιιι,
3568 3498 3682 3573 10).
3710 3492 3819 3555 Νοη

2244 3597 2387 3654 enim
2422 3611 2488 3651 ex
2522 3610 2624 3668 qua
2666 3594 2796 3649 hora
2841 3596 3063 3664 quisque
3110 3593 3426 3662 baptizatur,
3472 3590 3650 3646 omnis
3675 3598 3821 3646 vetus

2245 3684 2523 3745 inﬁrmitas
2546 3686 2661 3757 ejus
2688 3684 2985 3741 absumitur
3014 3700 3029 3738 :
3057 3682 3155 3740 sed
3182 3682 3457 3738 renovatio
3486 3680 3674 3751 incipit
3696 3695 3727 3736 a
3751 3694 3825 3734 re-

2245 3780 2500 3836 missione
2523 3777 2759 3834 omnium
2788 3784 3149 3848 peccatorum,
3172 3783 3225 3831 et
3244 3774 3299 3829 in
3325 3781 3578 3846 quantum
3603 3772 3825 3844 quisque

2245 3871 2538 3946 Spiritualia
2565 3870 2736 3942 sapit,
2766 3870 2857 3942 qui
2890 3869 3000 3941 jam
3030 3869 3169 3941 sapit
3186 3868 3229 3923 ³.
3260 3867 3467 3924 Caetera
3492 3881 3618 3922 vero
3649 3865 3707 3921 in
3736 3878 3826 3935 spe

2245 3962 2382 4019 facta
2412 3969 2557 4030 sunt,
2586 3960 2759 4017 donec
2785 3961 2945 4017 etiam
2972 3961 3025 4015 in
3050 3975 3110 4016 re
3139 3958 3296 4025 iiant,
3344 3972 3512 4029 usque
3552 3956 3619 4012 ad
3665 3954 3826 4027 ipsius

2246 4055 2487 4127 corporis
2512 4054 2914 4110 renovationem
2944 4052 2998 4108 in
3028 4051 3303 4108 meliorem
3325 4057 3518 4107 statum
3544 4047 3826 4104 immorta-

2245 4151 2411 4209 litatis
2426 4160 2479 4205 et
2498 4148 2928 4222 incorruptionis,
2950 4160 3052 4219 qua
3070 4145 3351 4202 induemur
3367 4144 3419 4199 in
3436 4142 3841 4200 resurrectione.

2246 4253 2596 4301 mortuorum.
2626 4240 2759 4299 Nam
2784 4251 2837 4299 et
2866 4242 3034 4312 ipsam
3073 4239 3332 4296 Dominus
3367 4236 3829 4309 regenerationem

2246 4347 2430 4404 vocat,
2459 4352 2566 4393 non
2613 4337 2795 4407 utique
2832 4336 2991 4391 talem
3034 4334 3204 4406 qualis
3253 4331 3310 4389 lit
3351 4348 3448 4405 per
3477 4330 3828 4402 Baptismum,

2247 4430 2341 4488 sed
2372 4431 2424 4486 in
2449 4445 2551 4501 qua
2571 4430 2732 4485 etiam
2761 4429 2815 4484 in
2842 4441 3067 4498 corpore
3086 4425 3388 4499 perﬁcietur
3407 4423 3549 4496 quod
3568 4438 3715 4480 nunc
3726 4420 3831 4494 spi-

2246 4522 2352 4578 ritu
2392 4522 2691 4577 inchoatdr.
2727 4514 2797 4575 In
2832 4518 3240 4592 regeneratione,
3267 4516 3468 4590 inquit,
3501 4533 3617 4571 cum
3644 4515 3829 4572 sederit

2249 4610 2419 4669 Filius
2448 4614 2666 4669 hominis
2694 4613 2745 4668 in
2771 4611 2889 4668 sede
2911 4611 3192 4682 majestatis
3217 4625 3342 4677 sum,
3385 4606 3616 4664 sedebitis
3665 4616 3713 4662 et
3748 4621 3832 4661 vos

2247 4724 2397 4778 super
2426 4704 2691 4761 duodecim
2711 4703 2869 4773 sedes,
2890 4703 3180 4777 iudicantes
3200 4701 3464 4757 duodecim
3486 4699 3642 4755 tribus
3667 4694 3833 4753 Israel

2253 4792 2463 4872 (Matth.
2490 4813 2601 4866 xxx,
2630 4792 2746 4872 28‘).
2791 4792 2923 4852 Nam
2964 4795 3016 4851 in
3063 4790 3333 4867 Baptismo
3356 4790 3597 4865 quamvis
3627 4798 3741 4847 tota
3782 4794 3833 4843 et

2249 4888 2407 4963 plena
2453 4890 2541 4946 ﬁat
2591 4888 2835 4949 remissio
2884 4898 3258 4962 peccatorum,
3300 4895 3478 4943 tamen
3504 4885 3547 4941 si
3578 4883 3833 4940 continuo

2251 4993 2358 5042 tota
2390 4993 2443 5040 et
2471 4983 2625 5056 plena
2669 4983 2828 5040 etiam
2858 4980 3088 5039 hominis
3109 4981 3130 5015 ³
3159 4982 3213 5038 in
3257 4989 3512 5037 :eternam
3544 4976 3831 5034 novitatem

2248 5076 2473 5134 mutatio
2501 5073 2652 5132 ﬁeret
2673 5117 2689 5143 ,
2721 5090 2827 5132 non
2856 5072 2978 5131 dico
3004 5084 3058 5130 et
3100 5072 3155 5128 in
3205 5086 3449 5144 corpore,
3490 5068 3634 5143 quod
3685 5075 3831 5125 certe

2249 5167 2591 5226 manifestum
2614 5177 2697 5225 est
2720 5166 2896 5223 adhuc
2916 5166 2971 5222 in
2990 5174 3225 5223 veterem
3251 5163 3647 5238 corruptionem
3674 5170 3836 5231 atque

2251 5262 2304 5319 in
2359 5268 2590 5317 mortem
2641 5258 2901 5327 tendere,
2950 5258 3002 5314 in
3058 5258 3163 5314 line
3207 5267 3391 5330 postea
3441 5252 3830 5319 renovandum,

2251 5352 2463 5427 quando
2492 5368 2618 5409 vere
2643 5362 2748 5408 tota
2779 5350 2984 5408 novitas
3009 5350 3114 5407 erit
3147 5366 3161 5406 :
3201 5348 3295 5406 sed
3321 5358 3545 5420 excepto
3571 5359 3800 5418 corpore
3818 5384 3835 5411 ,

2251 5446 2298 5502 si
2343 5445 2399 5501 in
2438 5442 2554 5517 ipso
2596 5443 2774 5499 animo
2817 5443 2907 5516 qui
2936 5452 3021 5499 est
3050 5442 3209 5498 homo
3236 5440 3481 5507 interior,
3507 5436 3751 5512 perlecta
3780 5436 3835 5491 in

2314 5609 2336 5642 ί
2366 5614 2477 5659 ιον.
2510 5614 2562 5660 et
2586 5607 2772 5673 aliquot
2799 5614 2928 5673 M_ss.,
2959 5604 3485 5673 reposui-amen

2313 5673 2335 5704 ²
2366 5678 2491 5731 Post,
2515 5669 2599 5734 qui
2610 5666 2719 5736 iam
2738 5669 2881 5736 sapit,
2905 5666 2955 5720 in
2976 5670 3118 5721 editis
3149 5669 3389 5736 adjectum
3421 5667 3612 5736 fuerat,
3642 5666 3696 5720 in
3726 5672 3831 5720 lan-

2251 5737 2353 5799 tum
2373 5732 2643 5784 renouatur.
2677 5735 2727 5783 1d
2749 5732 2869 5799 vero
2885 5746 2985 5785 non
3006 5739 3170 5789 exstat
3188 5732 3242 5787 in
3261 5732 3617 5799 maneamus.

2317 5796 2339 5828 ⁸
2370 5803 2471 5846 Duo
2492 5803 2619 5857 Mss.,
2637 5808 2731 5848 non
2752 5797 2926 5849 mima.

2317 5859 2390 5924 (a)
2412 5865 2593 5925 cruce,
2610 5861 2815 5917 muémoi
2832 5872 2923 5930 gar
