4016 6496
175 319 278 377 157

177 433 462 504 Baptismo
504 427 718 485 novitas
757 423 939 488 ﬁeret,
983 431 1092 476 non
1129 417 1334 474 diceret
1363 409 1648 504 Apostolus
1669 451 1683 476 ,
1704 403 1786 504 ‘Et

177 529 218 583 si
255 499 491 580 exterior
551 521 700 575 homo
753 525 924 572 noster
967 509 1310 582 corrunpitur
1343 547 1358 574 ,
1419 505 1508 560 sed
1565 499 1778 556 interior

177 623 454 674 renouatur
495 613 562 668 de
603 613 686 666 die
721 611 778 665 in
817 610 949 664 diem
985 605 1050 678 (ll
1070 602 1190 660 Cor.
1235 617 1286 656 tv
1307 639 1322 667 ,
1369 597 1482 670 16).
1531 593 1777 650 Profecto

177 711 310 766 enim
351 707 454 778 qui
507 707 580 761 de
621 703 710 759 die
741 704 797 758 in
831 701 974 758 diem
1005 697 1180 754 adhuc
1205 701 1510 758 renovatur,
1537 687 1776 744 nondum

179 813 310 860 totus
349 807 448 854 est
499 807 794 854 renovatus
817 795 838 828 ί
867 812 880 849 :
909 801 965 849 et
1010 792 1065 846 in
1113 797 1369 860 quantum
1413 781 1651 862 nondum
1693 788 1780 836 est

179 903 470 954 moratus
495 935 512 960 ,
555 897 606 947 in
633 897 841 946 tantum
883 887 1060 943 adhuc
1087 886 1140 938 in
1169 889 1434 939 vetustate
1457 887 1558 936 est.
1593 876 1780 932 Proin-

179 991 238 1048 de
276 1005 340 1045 ex
391 989 508 1044 hoc
553 985 696 1058 quod
743 983 922 1040 adhuc
973 981 1028 1036 in
1075 983 1338 1034 vetustate
1387 981 1532 1038 sunt,
1583 981 1775 1041 quam-

181 1083 250 1137 vis
265 1081 376 1152 jam
409 1078 696 1148 baptizati,
719 1091 790 1132 ex
809 1075 912 1129 hoc
935 1071 1094 1129 etiam
1121 1067 1296 1126 adhuc
1315 1073 1438 1123 sunt
1459 1064 1552 1120 ﬁlii
1573 1061 1777 1118 saeculi.

183 1173 246 1232 Ει
275 1173 382 1227 hoc
415 1179 608 1226 autem
637 1168 782 1240 quod
821 1169 874 1223 in
921 1165 1157 1222 novitate
1199 1169 1324 1218 sunt
1349 1161 1390 1226 ',
1437 1159 1541 1214 hoc
1567 1163 1679 1222 est,
1711 1169 1780 1210 ex

187 1268 320 1338 pletis
346 1273 410 1320 et
445 1263 683 1334 perlecta
709 1259 1024 1317 remissione
1041 1263 1404 1328 peccatorum,
1425 1259 1478 1308 et
1489 1257 1779 1323 quantum-

185 1373 398 1431 cumque
451 1357 584 1412 illud
631 1365 716 1412 est
759 1355 904 1428 quod
947 1351 1293 1424 Spiritualiter
1337 1347 1568 1418 sapiunt,
1623 1343 1780 1413 eique

187 1467 446 1524 enisuros
473 1465 656 1506 mores
681 1457 862 1520 agunt,
887 1447 982 1501 ﬁlii
1007 1445 1100 1500 Dei
1129 1449 1270 1499 sunt.
1291 1441 1614 1496 intrinsecus
1636 1435 1782 1492 enim

189 1547 418 1602 exuimus
471 1551 714 1598 veterem
763 1540 1033 1596 hominem
1061 1579 1075 1604 ,
1131 1545 1188 1592 et
1229 1534 1498 1590 induimus
1541 1543 1778 1585 norum:

189 1637 426 1710 quoniam
459 1635 534 1690 ibi
567 1633 890 1704 deponimus
919 1627 1252 1685 mendacium
1275 1668 1288 1692 ,
1319 1633 1374 1680 et
1397 1623 1664 1694 loquimur
1693 1633 1782 1676 ve-

193 1731 406 1796 ritatem,
445 1735 504 1783 et
545 1733 742 1781 curtera
771 1723 961 1795 quibus
987 1719 1273 1792 Apostolus
1301 1717 1530 1788 explicat
1554 1713 1680 1785 quid
1709 1710 1782 1768 sit

197 1820 296 1876 emi
317 1827 574 1874 veterem
607 1817 880 1872 hominem
903 1857 919 1882 ,
947 1825 1000 1870 et
1025 1811 1172 1868 indui
1201 1823 1428 1878 novum,
1457 1808 1548 1879 qui
1591 1821 1783 1862 secun—

197 1911 298 1967 dum
325 1913 508 1966 Deum
535 1913 754 1964 creatus
781 1905 940 1962 estin
965 1903 1170 1974 justitia
1197 1911 1253 1957 ct
1279 1899 1564 1956 sanctitate
1587 1897 1784 1953 verita-

197 2007 252 2060 tis
277 2003 496 2078 (Ephes.
525 2017 604 2068 tv,
633 1999 856 2072 22-24).
889 1999 952 2054 Et
977 1998 1080 2054 hoc
1123 2003 1181 2052 ut
1217 1993 1444 2062 faciant,
1469 1994 1579 2064 jam
1607 1991 1783 2062 bapti-

195 2107 322 2154 zatos
363 2097 674 2166 ﬁdelesque
719 2093 1034 2149 adhortatur
1064 2109 1076 2144 :
1125 2087 1266 2160 quod
1309 2085 1486 2142 adhuc
1527 2082 1782 2140 monendi

199 2205 288 2246 non
313 2195 538 2254 essent,
573 2187 618 2242 si
651 2185 754 2242 hoc
791 2185 844 2239 in
875 2183 1149 2254 Baptismo
1170 2181 1280 2251 jam
1309 2176 1546 2251 perfecte
1587 2177 1782 2231 factum

199 2291 358 2338 esset:
381 2289 442 2338 et
465 2289 650 2336 tanien
679 2277 872 2334 tactum
895 2285 996 2341 est,
1031 2273 1168 2330 sicut
1195 2281 1252 2328 et
1269 2271 1404 2327 salvi
1431 2269 1552 2324 facti
1573 2281 1780 2325 sumus.

199 2377 368 2436 Salues
393 2379 542 2434 enim
575 2393 668 2430 nos
693 2375 812 2448 fecit
833 2389 924 2446 per
949 2373 1205 2428 lavacrum
1229 2369 1622 2442 regenerationis
1651 2363 1780 2438 (Tit.

197 2487 264 2536 ut,
287 2471 365 2540 5).
385 2469 498 2525 Sed
529 2467 638 2524 alio
661 2469 780 2522 loco
795 2466 946 2532 dicit,
969 2461 1418 2536 quemadmodum
1451 2461 1554 2515 hoc
1583 2459 1783 2514 factum

197 2569 286 2618 est.
319 2561 446 2617 Non
468 2561 652 2624 solum,
683 2559 896 2629 inquit,
927 2557 1018 2612 sed
1061 2557 1212 2611 etiam
1255 2571 1346 2610 nos
1390 2555 1490 2626 ipsi
1532 2551 1784 2624 primitias

197 2655 432 2710 habentes
455 2654 660 2724 spiritus
697 2663 743 2706 et
769 2651 870 2723 ipsi
895 2651 950 2705 in
977 2649 1348 2720 nobismetipsis
1375 2645 1780 2718 ingemiscimus,

194 2747 530 2816 adoptiuum
567 2753 933 2814 exspectantes,
977 2742 1368 2812 redetnptionem
1413 2735 1640 2808 corporis
1687 2751 1781 2790 no-

193 2835 458 2908 slri.,Spe
485 2837 610 2890 enim
635 2835 758 2890 salui
801 2835 926 2906 facti
957 2849 1152 2890 sumus.
1179 2831 1312 2902 Spes
1349 2839 1518 2884 autem
1553 2844 1668 2900 quae
1705 2829 1784 2882 vi-

197 2931 352 2996 detur,
379 2945 490 2984 non
519 2937 592 2984 est
609 2945 724 2999 spes
747 2943 766 2983 :
787 2927 924 2999 quod
951 2928 1082 2982 enim
1107 2925 1240 2980 videt
1259 2925 1392 2993 quis,
1431 2921 1554 2993 quid
1579 2922 1787 2994 sperat?

203 3019 258 3076 Si
295 3029 462 3074 autem
511 3019 648 3090 quod
688 3035 792 3074 non
817 3017 1044 3072 uidemus
1071 3031 1352 3088 speramus,
1383 3031 1470 3086 per
1494 3014 1786 3087 patientiam

201 3119 540 3182 suspectantes
571 3109 746 3181 (Rom.
775 3125 870 3166 VIII
889 3151 902 3174 ,
935 3108 1150 3178 23-25).

261 3202 482 3262 CAPUT
519 3203 658 3259 Vill.
681 3233 754 3244 —-
777 3203 864 3258 to.
891 3201 1144 3272 Perfectio
1165 3199 1386 3271 quando.
1409 3197 1638 3268 Adeptio
1660 3209 1788 3267 ergo

201 3301 338 3372 plena
361 3299 602 3356 ﬁliorum
627 3299 680 3353 in
705 3297 1076 3367 redemptione
1107 3293 1198 3350 ﬁet
1221 3293 1382 3350 etiam
1419 3289 1660 3362 corporis
1689 3305 1788 3346 no-

201 3397 300 3452 stri.
329 3394 610 3450 Primitias
653 3394 832 3462 itaque
877 3390 1097 3460 spiritus
1131 3403 1274 3442 nunc
1317 3385 1576 3442 habemus
1600 3425 1616 3452 ,
1645 3381 1789 3440 unde

199 3483 292 3558 iam
314 3485 410 3542 ﬁlii
441 3485 542 3541 Dei
573 3485 750 3555 reipsa
781 3481 906 3538 tacti
935 3497 1122 3538 sumus
1149 3497 1164 3534 :
1198 3481 1252 3536 in
1283 3479 1490 3534 caeteris
1525 3491 1656 3533 vero
1692 3490 1789 3548 spe

203 3581 318 3636 sicut
337 3577 516 3646 salvi,
545 3577 688 3634 sicut
719 3575 974 3642 inuovati,
1008 3577 1079 3630 ita
1125 3583 1180 3630 et
1221 3571 1312 3628 ﬁlii
1350 3571 1484 3637 Dei;
1511 3585 1573 3627 re
1612 3579 1788 3650 autem

203 3673 298 3744 ipsa
325 3675 458 3746 quia
485 3672 734 3728 nondum
761 3671 912 3738 salvi,
943 3669 1063 3726 ideo
1085 3667 1318 3724 nondum
1349 3667 1504 3738 plene
1529 3666 1786 3732 innovati,

203 3767 424 3822 laudum
469 3767 634 3822 etiam
677 3761 768 3819 lilii
795 3763 924 3832 Dei,
971 3761 1064 3818 sed
1105 3761 1200 3816 ﬁlii
1239 3761 1439 3816 surculi.
1473 3757 1790 3816 Proﬁcimus

204 3873 314 3932 ergo
355 3863 412 3916 in
445 3857 855 3916 renovationem
889 3858 1184 3928 iustamque
1207 3855 1373 3910 vitam
1402 3867 1498 3926 per
1521 3851 1664 3924 quod
1697 3851 1791 3908 ﬁlii

205 3949 286 4006 Dei
310 3965 524 4019 smnus,
553 3957 608 4006 et
629 3963 726 4021 per
747 3951 848 4003 hoc
869 3959 1092 4019 peccare
1111 3945 1328 4002 omnino
1353 3959 1459 4000 non
1481 3955 1787 4014 possumus,

205 4041 358 4100 donec
376 4051 556 4100 totum
591 4047 646 4098 in
675 4043 776 4098 hoc
801 4047 1210 4108 transmutetur,
1241 4039 1400 4094 etiam
1439 4035 1572 4092 illud
1600 4033 1742 4108 quod
1768 4033 1790 4066 ⁸

125 4123 130 4127 ’
205 4137 362 4194 adhuc
389 4135 490 4194 ﬁlii
515 4135 700 4194 saeculi
745 4149 930 4190 sumus
961 4151 974 4188 :
1004 4147 1102 4206 per
1141 4133 1244 4188 hoc
1283 4131 1429 4187 enim
1476 4139 1530 4186 et
1565 4141 1810 4201 peccare

203 4233 362 4289 adhuc
383 4243 697 4306 possumus.
731 4229 807 4285 ita
845 4227 904 4284 ﬁt
945 4235 1003 4283 ut
1040 4235 1094 4282 et
1133 4227 1222 4298 qui
1253 4233 1408 4280 natus
1441 4231 1618 4280 estex
1655 4223 1788 4292 Deo,

203 4337 298 4378 non
321 4331 548 4396 peccet;
571 4323 690 4378 etsi
711 4319 1004 4377 dixerimus
1031 4319 1153 4391 quia
1183 4323 1458 4388 peccatum
1491 4331 1596 4371 non
1625 4313 1792 4370 babe-

199 4431 330 4484 mus,
359 4431 465 4472 nos
491 4414 638 4486 ipsos
667 4413 997 4483 decipiamus
1015 4453 1032 4480 ,
1061 4419 1114 4466 et
1138 4410 1335 4466 veritas
1369 4423 1477 4464 non
1503 4407 1572 4464 sit
1611 4407 1662 4462 in
1689 4419 1790 4460 no-

201 4509 292 4566 bis.
319 4509 688 4566 Consumetur
715 4521 845 4579 ergo
874 4505 1014 4577 quod
1055 4505 1148 4560 ﬁlii
1184 4503 1358 4560 carnis
1387 4511 1440 4556 et
1478 4501 1656 4558 saeculi
1696 4513 1790 4556 su-

199 4613 334 4669 mus,
361 4611 420 4658 et
437 4599 750 4674 perﬁcietur
776 4599 918 4670 quod
951 4597 1042 4653 ﬁlil
1085 4597 1178 4652 Dei
1219 4601 1273 4651 et
1319 4597 1510 4666 spiritu
1549 4593 1788 4650 renovati

199 4707 400 4750 sumus.
415 4691 574 4750 Unde
593 4691 736 4748 idem
763 4689 1018 4758 Joannes,
1043 4687 1388 4754 Dilectissimi,
1406 4689 1596 4760 inquit,
1621 4703 1754 4742 nunc
1770 4685 1793 4719 ⁸

197 4787 288 4855 ﬁlii
307 4785 410 4841 Dei
437 4801 638 4856 unius,
669 4793 716 4840 et
735 4785 962 4840 nondum
1003 4783 1242 4856 apparuit
1263 4781 1386 4855 quid
1411 4783 1614 4837 erimus.
1655 4779 1794 4848 Quid

197 4881 424 4952 esthoc,
457 4895 634 4936 sumus
657 4887 712 4936 et
737 4879 956 4944 erimus;
980 4879 1080 4934 nisi
1103 4877 1224 4950 quia
1247 4891 1431 4934 sumus
1457 4877 1508 4931 in
1540 4889 1655 4947 spe,
1683 4874 1793 4930 cri-

195 4991 316 5033 mus
343 4977 400 5032 in
428 4975 536 5032 re?
559 4973 692 5032 Nam
731 4975 993 5048 sequitur,
1024 4981 1077 5030 et
1103 4971 1250 5038 dicit,
1280 4969 1482 5028 Scimus
1518 4971 1638 5044 quia
1679 4985 1796 5024 cum

193 5069 518 5141 apparuerit,
549 5069 738 5126 similes
781 5069 830 5124 ei
864 5067 1074 5135 erimus,
1102 5067 1340 5137 quoniam
1365 5063 1638 5120 videbimus
1682 5081 1796 5118 eum

192 5163 348 5216 sicuti
371 5171 446 5217 est
477 5157 522 5236 (l
549 5160 706 5216 Ioan.
735 5177 812 5225 lli,
843 5159 922 5234 2).
945 5159 1097 5216 Nunc
1126 5175 1252 5231 ergo
1279 5165 1333 5214 et
1357 5157 1408 5214 ei
1445 5157 1647 5213 similes
1673 5171 1795 5213 esse

187 5253 302 5325 jam
329 5253 620 5326 coepimus,
646 5253 912 5327 primitias
952 5253 1208 5309 habentes
1237 5252 1454 5323 spiritus
1479 5269 1493 5318 ;
1527 5259 1580 5307 et
1617 5249 1794 5306 adhuc

193 5345 491 5402 dissimiles
516 5359 722 5416 sumus,
756 5355 854 5416 per
880 5343 1130 5415 reliquias
1154 5343 1452 5398 vetustatis.
1483 5341 1714 5399 Proinde
1738 5341 1796 5398 in

191 5445 460 5511 quantum
483 5439 718 5506 similes,
755 5439 808 5493 in
838 5447 1042 5494 tantum
1073 5445 1425 5509 regenerante
1466 5435 1652 5508 spiritu
1703 5433 1795 5492 lilii

255 5533 278 5565 ι
315 5537 373 5582 In
402 5531 626 5582 omnibus
659 5543 817 5596 prope
851 5537 957 5582 Mss.
983 5531 1146 5592 deest,
1171 5535 1218 5583 et
1259 5531 1310 5584 in
1333 5535 1560 5595 Quantum
1581 5533 1796 5584 nondum

191 5601 264 5648 est
284 5601 557 5646 manuatus.
1791 5621 1794 5624 -

257 5659 280 5690 ί
317 5655 506 5722 Aliquot
519 5665 656 5728 ωδε,
681 5655 814 5722 quod
836 5655 1044 5708 innovari
1063 5661 1188 5709 sunt.

259 5721 286 5754 ⁸
317 5721 436 5754 Prlih'
471 5721 592 5754 "tam
615 5735 706 5754 uno
732 5719 864 5754 Μιηή
913 5721 1048 5754 Ahnct
1095 5733 1182 5754 na,
1236 5731 1264 5754 α
1287 5725 1374 5754 "ea

253 5721 286 5814 ξ
317 5719 454 5784 mliti,
471 5721 592 5774 tum:
615 5719 706 5789 per
732 5719 880 5796 quod.
906 5721 1070 5794 Abest,
1092 5733 1198 5794 per,
1235 5731 1265 5772 a
1285 5725 1394 5774 Mss.

301 5791 476 5814 Mn...
497 5783 822 5814 ..μιαί-...ορκηηη
871 5780 1167 5814 nitantur...“
1211 5785 1362 5814 εηηπςι

281 5780 842 5914 ἓηέῗπωξιιίιεοήνιι,
863 5780 1192 5866 alienissimi,
1211 5785 1384 5852 inquit,
1399 5783 1494 5853 ﬁlii
1505 5785 1598 5840 Dei
1613 5799 1794 5852 manus,

1497 291 1702 352 LIBER
1739 286 2112 348 SECUNDUS.

3371 294 3474 350 158

1888 401 1980 460 Dei
2015 421 2028 457 :
2061 403 2114 458 in
2156 411 2410 474 quantum
2453 409 2629 460 autem
2659 403 2982 474 dissimiles,
3019 422 3074 463 tn
3119 414 3320 463 tantum
3375 407 3471 464 ﬁlii

1887 495 2064 550 carnis
2089 504 2144 550 et
2171 497 2372 550 saeculi.
2407 495 2554 552 Illinc
2587 511 2718 569 ergo
2749 511 2972 568 peccare
3001 513 3110 553 non
3139 512 3426 570 possimus
3457 517 3472 554 :

1887 587 2014 644 hinc
2037 603 2166 644 vero
2193 589 2239 644 si
2263 587 2558 644 dixerimus
2585 589 2707 659 quia
2729 599 3005 660 peccatum
3035 605 3140 646 non
3169 590 3429 646 habemus
3450 631 3470 660 ,

1887 695 1988 736 nos
2033 680 2182 750 ipsos
2219 680 2556 750 decipimus:
2589 683 2757 738 donec
2797 691 2962 738 totum
3003 692 3240 739 transeat
3281 682 3334 739 in
3374 683 3471 738 ad-

1887 773 2181 844 optionem,
2211 781 2390 828 etnon
2420 773 2490 829 sit
2517 783 2784 844 peccator,
2809 785 2866 830 et
2891 789 3102 847 quartis
3123 777 3299 832 locum
3326 775 3464 848 ejus,

1887 873 1944 922 et
1971 881 2078 920 non
2106 865 2342 920 invenias
2369 863 2540 938 (Psat.
2571 881 2754 932 ititth,
2791 868 2902 938 10).

1957 957 2184 1016 CAPUT
2223 957 2480 1014 lX.——il.
2502 957 2732 1030 Objectio
2757 959 3170 1032 Pelagianorum,
3199 963 3471 1034 Querejtt-

1887 1061 1992 1110 stus
2019 1069 2120 1108 non
2139 1055 2316 1126 gignat
2323 1055 2542 1124 justum.
2573 1053 2790 1109 Frustra
2811 1055 2990 1125 iturus
3029 1057 3268 1112 notiuulli
3309 1058 3472 1113 etiam

1887 1147 2016 1202 illud
2051 1135 2508 1218 argumentantur,
2553 1157 2608 1202 ut
2649 1147 2832 1202 dicant
2855 1150 2896 1214 ί,
2941 1147 3004 1204 Si
3033 1159 3262 1220 peccator
3301 1153 3476 1222 genuit

1889 1249 2220 1308 peccatorem,
2242 1249 2294 1292 ut
2317 1239 2528 1310 parvulo
2554 1240 2661 1310 ejus
2702 1249 2869 1294 reatus
2911 1241 3176 1313 originatis
3199 1243 3386 1312 peccati
3419 1243 3474 1297 in

1885 1330 2140 1400 Baptismi
2175 1333 2462 1403 acceptione
2490 1331 2746 1395 miratur;
2785 1334 2935 1386 etiam
2966 1335 3140 1405 justus
3168 1336 3366 1404 justum
3393 1335 3474 1406 gi-

1885 1437 2038 1492 gnere
2073 1421 2260 1476 mi.
2285 1421 2444 1490 Quasi
2475 1437 2540 1479 ex
2581 1423 2682 1479 hoc
2711 1425 2936 1494 quisque
2975 1427 3263 1481 carnaliter
3295 1427 3479 1496 gignat

1887 1516 2026 1586 quod
2050 1517 2224 1586 justus
2251 1525 2353 1584 est,
2375 1525 2430 1572 et
2457 1529 2562 1572 non
2587 1532 2654 1573 ex
2675 1517 2776 1573 hoc
2795 1519 2816 1549 ³
2843 1517 2984 1589 quod
3006 1520 3059 1574 in
3085 1520 3340 1575 membris
3360 1519 3477 1589 ejus

1887 1609 2441 1679 concupiscentialiter
2479 1619 2744 1676 movetur,
2772 1617 2828 1666 et
2869 1609 2936 1666 ad
2963 1623 3117 1666 usum
3149 1610 3476 1682 propagandi

1889 1700 1972 1757 lex
1993 1703 2192 1772 peccati
2207 1703 2400 1758 mentis
2419 1703 2538 1774 lege
2553 1705 2897 1760 convertitur.
2923 1703 3002 1758 Er
3031 1703 3135 1760 hoc
3157 1717 3288 1776 ergo
3311 1705 3480 1776 gignit

1887 1794 2028 1864 quod
2067 1793 2242 1852 adhuc
2281 1801 2550 1852 vetustum
2591 1795 2752 1852 trahit
2785 1797 2922 1852 inter
2951 1795 3090 1853 ﬁlios
3115 1797 3298 1854 saeculi
3322 1840 3337 1866 ,
3369 1811 3478 1854 non

1887 1897 1952 1942 ex
1985 1885 2086 1942 hoc
2113 1887 2338 1956 quodin
2365 1889 2651 1944 novitatem
2693 1889 2960 1959 promovit
3005 1889 3144 1945 inter
3183 1889 3319 1944 ﬁlios
3359 1891 3476 1946 Dei.

1889 1979 2016 2034 Filii
2040 1981 2182 2036 enim
2217 1981 2394 2037 διεσαιὶ
2431 1982 2586 2052 hujus
2621 1991 2863 2054 generant
2904 1991 2952 2038 et
2979 1991 3286 2055 generantur
3310 1983 3330 2054 (
3346 1981 3476 2038 Luc.

1887 2087 1980 2140 xx,
2009 2075 2120 2144 54).
2153 2074 2278 2130 inde
2319 2081 2374 2130 et
2413 2075 2554 2146 quod
2581 2075 2815 2130 nascitur
2842 2076 2948 2130 tale
2977 2085 3080 2144 est,
3111 2077 3234 2146 quia
3264 2075 3480 2147 etquod

1887 2166 2114 2218 nascitur
2139 2165 2204 2220 de
2229 2181 2400 2232 carne,
2442 2183 2562 2221 caro
2597 2175 2670 2220 est
2701 2165 2880 2236 (lacn.
2913 2181 2992 2236 ut,
3023 2166 3101 2240 6).
3135 2167 3272 2224 Iusti
3299 2175 3480 2224 autem

1887 2271 1998 2314 non
2041 2265 2168 2314 sunt
2227 2259 2326 2314 nisi
2383 2257 2478 2314 ﬁlii
2529 2259 2644 2315 Dei.
2697 2259 2756 2314 ln
2809 2265 3065 2330 quantum
3121 2267 3300 2316 autem
3353 2269 3482 2316 sunt

1889 2349 1986 2404 ﬁlii
2063 2349 2202 2416 Dei,
2271 2363 2434 2406 carne
2507 2363 2614 2406 non
2685 2349 2942 2422 gignunt;
3017 2351 3140 2422 quia
3211 2350 3402 2422 spiritu
3454 2351 3477 2383 ³

1889 2451 1942 2496 et
1973 2441 2106 2512 ipsi,
2141 2455 2250 2498 non
2270 2455 2432 2498 carne
2467 2443 2578 2498 nati
2613 2452 2757 2497 sunt.
2789 2441 2898 2498 Sed
2945 2453 3014 2498 ex
3053 2443 3156 2500 hoc
3197 2457 3358 2500 carne
3397 2443 3480 2514 gi-

1889 2545 2077 2607 gnunt,
2109 2536 2432 2604 quicumque
2454 2547 2640 2590 eorum
2661 2535 2902 2605 gignunt,
2933 2547 2998 2590 ex
3021 2547 3130 2606 quo
3159 2535 3394 2591 nomium
3423 2535 3480 2590 in

1891 2629 2180 2683 novitatem
2217 2625 2511 2699 perlectam
2553 2631 2693 2682 totas
2721 2626 3002 2682 vetustatis
3029 2625 3284 2697 reliquias
3327 2639 3480 2682 com-

1889 2725 2182 2774 mutarunt.
2217 2717 2372 2775 Unde
2399 2715 2639 2788 quisquis
2669 2715 2809 2771 ﬁlius
2831 2716 2900 2774 de
2923 2715 3024 2772 hac
3065 2723 3216 2787 parte
3245 2717 3483 2780 nascitur

1891 2819 2100 2866 vetusta
2127 2819 2180 2866 et
2207 2811 2440 2878 inﬁrma,
2467 2823 2688 2866 necesse
2711 2815 2796 2864 est
2821 2809 3066 2864 utetiam
3103 2807 3220 2880 ipse
3243 2817 3484 2868 vetustus

1892 2905 1960 2960 sit
1981 2911 2034 2960 et
2059 2905 2338 2960 inﬁrmus:
2365 2903 2568 2961 idcirco
2593 2911 2808 2975 oportet
2831 2905 3076 2960 utetiam
3103 2903 3216 2974 ipse
3242 2904 3294 2958 in
3319 2903 3480 2960 aliam

1891 2997 2290 3070 generationem
2316 3011 2412 3068 per
2435 2997 2806 3052 remissionem
2851 2995 3054 3066 peccati
3099 2995 3290 3068 spiritu
3321 3011 3485 3054 reno-

1891 3097 2064 3146 vetur.
2095 3087 2248 3157 Quod
2289 3089 2336 3144 si
2371 3090 2424 3144 in
2453 3103 2520 3144 eo
2555 3103 2666 3144 non
2693 3087 2772 3156 ﬁt,
2804 3087 2940 3143 nihil
2975 3087 3024 3144 ei
3055 3087 3294 3159 proderit
3333 3095 3484 3158 pater

1888 3181 2094 3252 justus;
2121 3181 2312 3252 spiritu
2337 3181 2484 3236 enim
2509 3179 2686 3251 justus
2707 3187 2809 3246 est,
2835 3193 2942 3250 quo
2965 3189 3090 3234 eum
3121 3193 3228 3235 non
3257 3179 3439 3252 genuit
3463 3198 3478 3236 ε

1891 3277 1938 3331 si
1967 3284 2144 3330 autem
2173 3273 2250 3341 ﬁt,
2281 3273 2412 3330 nihil
2441 3275 2492 3330 ei
2517 3273 2691 3330 oberit
2719 3273 2880 3329 etiam
2907 3279 3060 3343 pater
3083 3272 3312 3343 iniustus
3340 3290 3353 3326 :
3385 3273 3486 3330 ista

1893 3369 2036 3426 enim
2061 3367 2230 3439 gratia
2257 3365 2514 3436 splrituali
2539 3366 2590 3420 iu
2617 3379 2768 3435 spem
2797 3364 3048 3418 novitatis
3075 3373 3290 3420 mter-tne
3313 3373 3488 3420 trans-

1891 3463 2026 3520 itum
2057 3461 2213 3529 iecit;
2241 3459 2332 3516 ille
2355 3467 2532 3516 autem
2557 3465 2734 3515 mente
2755 3457 2954 3514 carnali
2979 3461 3120 3514 totus
3145 3458 3198 3512 in
3221 3465 3486 3516 vetustate

1895 3553 2205 3628 permansit.

1965 3645 2194 3706 CAPUT
2227 3643 2388 3701 X.-—-
2413 3643 2498 3699 l2.
2539 3641 2788 3700 Conciliat
2817 3639 3132 3712 Scriptura.
3163 3637 3280 3696 Non
3319 3638 3483 3711 igitur

1895 3738 2224 3796 contrarium
2266 3733 2632 3792 testimonium
2677 3741 2782 3798 est,
2817 3731 2920 3797 Qui
2947 3739 3100 3785 natus
3139 3739 3212 3786 est
3253 3747 3316 3786 ex
3353 3729 3480 3797 Deo,

1895 3848 1998 3888 non
2024 3837 2234 3903 peccat,
2263 3829 2314 3885 ei
2343 3826 2650 3886 testimonio
2671 3839 2780 3896 quo
2803 3823 2916 3894 iam
2945 3823 3088 3880 natis
3113 3837 3180 3879 ex
3211 3823 3322 3879 Deo
3345 3821 3480 3878 dici-

1899 3933 2004 3992 tur,
2052 3923 2114 3980 Si
2147 3923 2426 3978 dixerimus
2462 3921 2584 3992 quia
2619 3927 2882 3992 peceatum
2925 3927 3028 3972 non
3071 3917 3312 3974 habemus
3334 3960 3349 3986 ,
3391 3933 3488 3972 nos

1895 4018 2036 4102 ipsos
2051 4016 2348 4086 decipimus,
2375 4021 2423 4070 et
2459 4013 2640 4068 ueritas
2682 4012 2738 4066 in
2775 4010 2918 4068 nobis
2964 4027 3066 4066 non
3101 4019 3194 4066 est.
3226 4005 3490 4079 Quamdiu

1897 4109 2044 4166 enim
2067 4107 2230 4165 homo
2251 4105 2494 4180 quamvis
2527 4111 2670 4161 totus
2693 4119 2792 4176 spe
2809 4102 2836 4136 "
2853 4103 2988 4175 jam,
3011 4109 3068 4160 et
3089 4103 3200 4175 jam
3237 4105 3296 4158 in
3329 4119 3388 4159 re
3421 4118 3490 4160 ex

1897 4215 2050 4278 parte
2081 4204 2488 4276 regeneratione
2512 4199 2772 4272 Spirituali
2793 4199 2818 4232 ⁵
2845 4207 3154 4266 renovatus,
3200 4197 3376 4255 adhuc
3403 4205 3488 4252 ta-

1897 4315 2022 4356 men
2053 4305 2229 4370 portat
2249 4311 2448 4368 corpus
2472 4293 2614 4366 quod
2639 4293 3002 4363 corrumpitur
3026 4301 3082 4348 et
3105 4299 3358 4363 aggravat
3378 4292 3490 4347 ani-

1899 4407 2040 4448 mam
2061 4407 2076 4456 ;
2104 4389 2230 4461 quid
2247 4404 2352 4460 quo
2377 4387 2660 4459 pertineat,
2680 4391 2736 4442 et
2759 4385 2890 4456 quid
2915 4381 3060 4440 unde
3081 4383 3306 4450 dicatur,
3329 4384 3490 4439 etiam

1899 4485 1952 4542 in
1985 4499 2092 4540 uno
2119 4481 2338 4538 homine
2364 4477 2796 4551 distinguendum
2837 4485 2940 4532 est.
2971 4475 3102 4532 Nam
3124 4516 3140 4542 ,
3167 4485 3230 4531 ut
3267 4489 3366 4548 ego
3395 4487 3488 4530 ar-

1897 4578 2088 4646 bitror,
2107 4591 2214 4632 non
2239 4573 2392 4631 facile
2417 4571 2663 4643 cuiquam
2681 4569 2954 4640 Scriptura
2979 4567 3072 4624 Dei
3098 4575 3206 4622 tam
3235 4559 3488 4638 magnum

1895 4671 2116 4742 iustitia:
2147 4667 2394 4740 perhibet
2435 4663 2832 4731 testimonium,
2864 4673 3024 4733 quam
3057 4659 3232 4716 tribus
3279 4659 3491 4716 famulis

1900 4763 2038 4836 ejus,
2072 4761 2214 4826 Noe,
2241 4757 2458 4826 Daniel,
2491 4765 2545 4814 et
2583 4755 2718 4824 Job,
2765 4767 2900 4826 quos
2939 4751 3186 4810 Ezechiel
3229 4751 3488 4824 propheta

1901 4859 2028 4915 dicit
2050 4859 2118 4913 ab
2145 4856 2455 4912 imminente
2481 4851 2709 4925 quadam
2735 4849 3008 4907 iracundia
3035 4849 3130 4904 Dei
3157 4845 3303 4904 solos
3335 4859 3494 4917 posse

1901 4951 2116 5008 liberari
2153 4947 2364 5020 (Ezech.
2395 4961 2507 5015 ιιν,
2533 4943 2623 5016 id)
2651 4963 2666 5000 :
2701 4946 2754 5000 in
2791 4943 2962 5000 tribus
2995 4941 3181 5012 utique
3211 4939 3318 4996 illis
3357 4939 3489 4996 viris

1902 5043 2002 5100 tria
2031 5041 2272 5114 quasdam
2297 5041 2572 5096 hominum
2595 5037 2868 5094 liberanda
2885 5049 3082 5108 genera
3111 5033 3490 5106 praeﬁgurans;

1903 5137 1954 5192 in
1981 5135 2113 5201 Noe,
2135 5141 2391 5206 quantum
2418 5131 2670 5197 arbitror,
2697 5129 2869 5202 justus
2897 5127 3129 5201 plebium
3152 5127 3468 5199 praepositos
3488 5129 3511 5196 ,Α

1901 5237 2122 5300 propter
2151 5241 2288 5281 arca:
2318 5235 2568 5293 tanquam
2599 5221 2857 5278 Ecclesia:
2883 5219 3326 5293 gubernationem
3349 5219 3402 5284 ⁶;
3435 5217 3486 5274 1η

1968 5343 1984 5376 ι
2019 5339 2241 5393 Nonnulli
2261 5348 2390 5400 Mss.,
2414 5335 2538 5388 illud
2561 5341 2896 5400 argumentum
2910 5331 3164 5400 arripiunt
3179 5337 3230 5386 ut
3247 5329 3426 5385 dicina.

1965 5407 1986 5438 ³
2017 5406 2100 5454 Hic
2117 5405 2264 5454 etiam
2283 5404 2334 5450 in
2353 5397 2548 5450 excusis
2567 5397 2798 5465 additum,
2821 5397 2994 5465 potius.

1969 5469 1989 5501 ³
2019 5467 2124 5518 sola
2147 5466 2297 5518 editio
2317 5473 2450 5524 Lov.,
2469 5476 2534 5514 ea:
2551 5460 2744 5526 spiritu.

1959 5529 1988 5608 ξι
2022 5537 2154 5592 bow,
2175 5527 2228 5582 iu
2248 5540 2348 5594 spe.
2380 5519 2557 5588 Abest,
2577 5519 2650 5587 in,
2674 5525 2738 5576 ab
2775 5523 2918 5574 editis
2940 5519 3047 5573 aliis
3080 5527 3132 5572 et
3161 5533 3190 5572 a
3227 5529 3493 5570 manuscri-

1966 5631 2125 5728 ξῖίᾼω.
2135 5662 2216 5726 _Et‘.
2237 5661 2289 5705 et
2311 5654 2462 5704 nostri
2481 5664 2656 5702 omnes
2677 5659 2804 5714 Mss.,
2829 5662 2894 5702 ea:
2909 5651 3044 5715 parte
3063 5645 3117 5698 in
3133 5647 3495 5708 regeneratione

1901 5717 2160 5785 spirituali.

1967 5783 1988 5813 ο
2006 5781 2187 5844 plures
2217 5787 2355 5841 Mss,
2379 5783 2586 5844 prppteL
2611 5789 2786 5844 aquam
2826 5779 2874 5830 et
2913 5779 3046 5828 arca
3079 5769 3490 5838 gubernationem.

1901 5843 2072 5898 Confer
2096 5853 2253 5896 euarr.
2277 5844 2330 5894 in
2501 5839 2608 5900 152.
2629 5839 2680 5904 μ.
2704 5839 2754 5894 5.
