4016 6536
524 389 629 450 159

526 505 772 575 Daniele,
794 504 969 578 justos
997 501 1365 565 continentes;
1408 498 1461 552 in
1490 495 1612 562 Job,
1636 495 1813 566 justos
1847 493 2103 564 conjuga-

526 609 611 656 tos
633 601 651 632 '
690 616 704 653 :
732 607 787 654 et
829 598 875 653 si
914 596 1037 668 quis
1077 603 1162 651 est
1199 591 1333 648 forte
1368 590 1504 645 alius
1538 588 1839 645 intellectus
1861 629 1877 654 ,
1908 586 1975 642 de
2000 598 2109 657 quo

526 707 670 748 nunc
698 706 804 746 non
829 699 910 746 est
935 701 1155 743 necesse
1181 684 1496 754 disquirere.
1516 680 1895 737 Verumtamen
1909 684 2110 749 quanta

529 786 614 843 isti
638 786 840 857 justitia
866 779 1320 854 praeerninuerint,
1347 785 1404 832 et
1427 777 1529 831 hoc
1557 774 1886 846 prophetico,
1913 780 1968 826 et
1989 769 2108 826 aliis

529 879 721 934 divinis
758 873 1080 932 testimoniis
1110 873 1237 929 satis
1266 878 1508 941 apparet.
1538 868 1646 923 Nec
1675 866 1795 921 ideo
1822 863 2109 935 quisquam

526 969 739 1026 sobrius
767 968 963 1024 dixerit
987 967 1298 1022 ebrietatem
1338 979 1445 1017 non
1483 976 1604 1016 esse
1633 967 1907 1030 peccatum
1929 997 1945 1024 ,
1992 970 2113 1025 qua:

529 1042 1007 1130 tamenvsubrepsit
1032 1067 1182 1112 tanto
1210 1056 1325 1110 viro
1349 1072 1363 1110 :
1387 1069 1511 1108 nam
1537 1050 1671 1117 Noe,
1700 1051 1835 1105 sicut
1862 1049 2111 1119 legimus,

529 1156 626 1211 fuit
652 1153 937 1225 aliquando
963 1152 1144 1209 ebrius
1172 1147 1323 1222 (Gen.
1352 1163 1430 1212 ix,
1456 1145 1574 1217 ‘21),
1603 1141 1854 1215 quamvis
1892 1140 2033 1195 absit
2056 1146 2113 1195 ut

527 1248 689 1304 fuerit
713 1248 978 1303 ebriosus.

605 1341 693 1396 l3.
729 1340 910 1394 Daniel
940 1351 1069 1392 vero
1114 1344 1234 1406 post
1274 1333 1570 1390 orationem
1608 1322 1766 1400 quam
1807 1327 1942 1382 fudit
1966 1327 2113 1393 Deo,

533 1432 602 1489 de
627 1447 685 1487 se
706 1433 819 1501 ipse
843 1430 970 1486 dicit
995 1448 1007 1482 :
1024 1428 1149 1484 Cum
1168 1443 1385 1488 orarem,
1408 1434 1453 1478 et
1475 1422 1740 1491 conﬁterer
1757 1426 1962 1489 peccata
1981 1432 2114 1484 mea,

535 1532 585 1578 et
612 1531 815 1592 peccata
841 1519 1017 1591 populi
1045 1518 1141 1571 mei
1170 1515 1390 1569 Domino
1421 1513 1528 1567 Deo
1569 1528 1677 1565 meo
1714 1508 1874 1581 (Dan.
1904 1524 1979 1572 ιχ,
2000 1506 2115 1573 20).

538 1614 866 1683 Propterea,
911 1611 1013 1666 nisi
1058 1608 1229 1675 fallor,
1258 1622 1354 1677 per
1384 1620 1540 1674 supra
1583 1609 1935 1657 memoratum
1981 1598 2118 1666 Eze—

538 1703 763 1760 chielem
794 1703 1001 1759 cuidam
1029 1699 1411 1770 superbissimo
1432 1696 1644 1758 dicitur,
1666 1690 1932 1760 Numquid
1958 1700 2011 1743 tu
2031 1704 2118 1743 καί

537 1797 752 1866 pientior
784 1810 937 1865 quam
980 1790 1164 1846 Daniel
1207 1788 1429 1862 (Ezech.
1462 1801 1655 1852 xxvrn,
1680 1784 1777 1854 5)?
1812 1782 1992 1851 Neque
2033 1780 2120 1834 hic

534 1886 638 1942 dici
670 1895 867 1955 potest,
917 1882 1058 1953 quod
1087 1880 1304 1952 quidam
1335 1888 1522 1934 contra
1548 1876 1846 1930 orationem
1887 1871 2121 1928 domini-

534 1995 652 2036 cam
680 1985 1117 2049 argumentantur
1140 1992 1153 2026 :
1190 1973 1322 2038 Quia
1348 1972 1438 2025 etsi
1458 1970 1669 2026 orabant
1698 1985 1828 2034 eam,
1856 1965 2119 2036 inquiunt,

535 2072 698 2127 sancti
717 2080 763 2126 et
795 2071 1001 2141 perfecti
1021 2071 1136 2142 jam
1155 2067 1408 2137 Apostoli,
1430 2065 1632 2120 nullum
1662 2064 1865 2118 omnino
1887 2060 2123 2116 habentes

536 2174 830 2236 peccatum;
855 2179 955 2217 non
984 2171 1150 2216 tamen
1170 2176 1262 2232 pro
1281 2176 1335 2213 se
1357 2158 1501 2229 ipsis,
1520 2156 1609 2211 sed
1633 2172 1724 2226 pro
1746 2153 2052 2225 imperfectis
2077 2161 2124 2205 et

535 2257 704 2311 adhuc
723 2253 1063 2327 peccatoribus
1087 2251 1349 2316 dicebant,
1389 2269 1408 2302 ‹
1437 2248 1649 2303 Dimitte
1667 2247 1813 2301 nobis
1833 2244 2002 2299 debita
2026 2259 2121 2297 no-

536 2358 644 2403 stra
670 2388 688 2414 ,
737 2348 867 2401 sicut
914 2356 961 2399 et
1027 2362 1117 2399 nos
1172 2344 1466 2397 dimittimus
1521 2338 1825 2395 debitoribus
1877 2337 2061 2391 nostris
2098 2355 2118 2390 ι

541 2439 753 2513 (Matth.
782 2455 856 2502 vr,
886 2436 1009 2510 12).
1037 2436 1106 2493 Ut
1135 2454 1225 2508 per
1262 2436 1375 2500 hoc,
1419 2433 1686 2503 inquiunt,
1722 2430 1858 2502 quod
1903 2429 2124 2483 dicereut

544 2549 563 2581 ι
588 2540 781 2596 nostra,
802 2547 824 2582 ι
846 2529 899 2583 in
913 2544 1015 2583 uno
1031 2543 1136 2582 esse
1151 2541 1361 2595 corpore
1376 2524 1799 2587 demonstrarent,
1823 2528 1869 2573 et
1887 2519 2002 2573 illos
2025 2517 2123 2571 ad-

538 2622 637 2676 huc
661 2622 896 2675 [tabentes
915 2627 1140 2691 peccata,
1164 2627 1212 2671 et
1240 2633 1293 2670 se
1315 2616 1452 2685 ipsos
1477 2615 1563 2685 qui
1589 2614 1703 2684 jam
1725 2611 1959 2666 carebant
1988 2609 2126 2664 omni

537 2730 601 2768 ea:
621 2722 765 2785 parte
787 2722 1011 2783 peccato.
1042 2711 1100 2765 ln
1123 2709 1336 2764 Daniele
1365 2716 1513 2763 certe
1537 2692 1637 2760 hoc
1666 2722 1769 2760 non
1799 2711 1975 2774 potest
1994 2702 2122 2769 dici,

536 2788 649 2879 qui,
674 2818 731 2862 ut
755 2806 937 2873 credo,
972 2814 1220 2874 tanquam
1251 2802 1511 2873 propheta
1541 2798 1843 2871 praevidens
1868 2796 2006 2850 hanc
2036 2795 2125 2849 ali-

539 2902 754 2974 quando
797 2899 1269 2972 praesumptionem
1319 2894 1583 2959 futuram,
1616 2907 1738 2947 cum
1780 2891 1835 2946 in
1881 2889 2127 2945 oratione

539 3009 681 3064 smpe
730 2992 975 3058 dixisset,
1021 2989 1366 3060 peccavimus;
1395 3001 1502 3041 non
1550 2985 1621 3039 ita
1672 2982 1826 3038 nobis
1856 2979 2121 3050 exposuit,

540 3102 635 3142 cur
663 3084 768 3139 hoc
809 3081 1023 3145 dixerit,
1053 3088 1112 3135 ut
1140 3080 1209 3135 ab
1236 3080 1328 3134 illo
1372 3077 1702 3140 audiremus,
1727 3074 1858 3131 Cum
1889 3087 2121 3137 orarem,

481 3248 484 3251 λ
540 3185 597 3234 et
625 3174 906 3232 conﬁterer
927 3181 1148 3247 peccata
1173 3173 1196 3205 ³
1226 3170 1404 3242 populi
1436 3170 1541 3225 mei
1573 3168 1799 3223 Domino
1827 3166 1938 3222 Deo
1972 3178 2125 3231 meo;

542 3285 643 3327 nec
676 3268 850 3325 adhuc
877 3254 1219 3324 distinctione
1260 3263 1481 3319 confusa
1509 3305 1523 3328 ,
1557 3271 1616 3317 ut
1657 3270 1802 3316 esset
1839 3261 2124 3323 incertum,

542 3372 763 3433 propter
812 3362 968 3416 unius
1012 3358 1253 3430 corporis
1296 3356 1606 3413 societatem
1644 3353 1690 3407 si
1736 3351 2125 3418 dicer'et,Cum

542 3461 757 3525 peccata
807 3461 989 3507 nostra
1036 3452 1324 3507 conliterer
1370 3448 1597 3502 Domino
1647 3446 1761 3500 Deo
1798 3459 1920 3500 meo
1968 3459 1983 3494 :
2033 3442 2128 3497 sed

542 3545 762 3600 omnino
793 3552 899 3599 tam
926 3542 1211 3607 distincte,
1244 3551 1492 3611 tanquam
1535 3537 1603 3593 de
1631 3537 1745 3606 ipsa
1786 3535 2129 3592 distinctione

543 3644 813 3707 satagens,
841 3650 1068 3706 eamque
1105 3633 1337 3689 maxime
1365 3624 1821 3700 vehementerque
1850 3643 2129 3683 commen-

543 3728 697 3792 dans,
750 3737 976 3798 peccata,
1024 3725 1218 3796 inquit,
1267 3741 1378 3779 mea
1419 3732 1467 3779 et
1510 3732 1717 3795 peccata
1759 3722 1955 3793 populi.
2000 3720 2131 3787 Quis

546 3820 672 3877 huic
711 3820 991 3876 evidentiae
1038 3817 1389 3886 contradicit,
1434 3818 1534 3872 nisi
1564 3832 1724 3888 quem
1754 3817 1872 3886 plus
1901 3814 2133 3871 delectat

545 3913 825 3969 defensare
849 3911 992 3983 quod
1016 3911 1200 3980 sentit,
1235 3926 1396 3982 quam
1417 3909 1549 3981 quid
1576 3907 1914 3965 sentiendum
1942 3907 2013 3963 sit
2049 3906 2133 3962 in-

544 4008 760 4064 veniret

619 4100 707 4155 l4.
746 4098 848 4155 Job
872 4106 1048 4155 autem
1073 4107 1194 4170 post
1218 4107 1324 4154 tam
1350 4096 1600 4168 magnum
1621 4095 1687 4151 de
1716 4076 2135 4166 illojustitim‘e-

548 4194 856 4250 stimonium
880 4194 993 4257 Dei,
1023 4192 1149 4263 quid
1170 4192 1313 4246 dicat
1338 4193 1453 4261 ipse
1478 4189 1775 4244 videamus.
1808 4186 1875 4240 In
1904 4187 2129 4254 ueritate,

548 4286 736 4356 inquit,
771 4285 878 4341 scio
908 4283 1028 4356 quia
1068 4284 1143 4336 ita
1180 4293 1274 4336 est.
1305 4281 1741 4347 Quemadmodum
1790 4279 1921 4334 enim
1960 4279 2134 4349 justus

546 4379 639 4431 erit
674 4376 823 4432 homo
861 4385 978 4431 ante
1020 4373 1330 4429 Dominum?
1375 4372 1436 4428 Si
1473 4381 1640 4425 autem
1675 4370 1792 4425 velit
1836 4368 2137 4424 contendere

548 4485 663 4524 cum
695 4486 774 4539 eo,
811 4485 912 4524 non
949 4467 1129 4538 poterit
1167 4465 1366 4522 obedire
1400 4465 1465 4518 ei.
1495 4465 1558 4517 Et
1589 4464 1745 4533 paulo
1777 4472 1895 4534 post
1924 4482 1936 4517 :
1970 4462 2095 4530 Quis
2114 4500 2132 4527 ,

547 4559 739 4631 inquit,
760 4559 958 4630 judicio
988 4559 1097 4631 ejus
1125 4555 1510 4613 adversabitur?
1537 4556 1685 4623 Quod
1707 4557 1752 4611 si
1781 4561 1922 4618 fuero
1947 4556 2133 4623 justus,

549 4670 604 4707 os
630 4668 795 4706 meum
824 4652 975 4723 intpie
1003 4651 1249 4722 loquetur.
1275 4651 1466 4706 lterum
1496 4650 1651 4720 paulo
1678 4659 1795 4718 past
1840 4667 1853 4702 :
1889 4647 2031 4711 Scio,
2056 4646 2139 4702 in-

550 4744 684 4814 quit,
711 4744 830 4815 quia
849 4743 1150 4814 impunitum
1170 4758 1249 4795 me
1263 4759 1361 4796 non
1387 4741 1612 4795 dimittit.
1641 4740 1774 4808 Quia
1793 4755 1906 4793 sum
1926 4738 2134 4808 impius,

550 4852 706 4908 quare
744 4851 996 4913 nonsum
1032 4836 1299 4890 mortuus?
1331 4834 1479 4903 Quod
1501 4834 1544 4888 si
1594 4833 1896 4903 purificatus
1933 4829 2064 4895 nive,
2090 4838 2137 4885 et

551 4928 823 4984 mundatus
851 4932 995 4997 fuero
1018 4929 1217 4983 mundis
1237 4929 1483 4991 manibus,
1513 4928 1813 4998 sufﬁcienter
1836 4927 1888 4980 in
1908 4925 2140 4981 sordibus

554 5039 634 5084 me
662 5023 853 5077 tinxisti
874 5023 995 5095 (Job
1025 5040 1099 5091 ιχ,
1121 5022 1176 5088 2,
1210 5024 1264 5090 5,
1297 5022 1385 5091 i9,
1417 5021 1507 5089 20,
1535 5018 1754 5091 28-51).
1786 5018 1914 5076 Item
1953 5019 2006 5073 in
2033 5018 2140 5074 alio

551 5131 650 5174 suo
694 5132 941 5174 sermone
969 5137 982 5172 :
1020 5118 1152 5186 Quia
1183 5116 1546 5195 conscripsisti,
1572 5114 1764 5185 inquit,
1796 5113 2036 5168 adversus
2063 5128 2143 5167 me

553 5211 709 5278 mala,
739 5220 785 5266 et
811 5210 1019 5267 induisti
1041 5227 1118 5265 me
1132 5209 1412 5280 juventutis
1432 5224 1556 5263 mete
1585 5216 1793 5277 peccata
1812 5247 1828 5270 ,
1852 5214 1899 5260 et
1928 5204 2143 5276 posuisti

554 5302 731 5373 pedem
758 5320 923 5357 meum
942 5304 996 5357 in
1024 5300 1375 5372 prohibitione,
1397 5301 1600 5354 servasti
1627 5297 1797 5353 omnia
1822 5313 1978 5369 apera
2003 5312 2138 5362 mea,

555 5403 602 5449 et
624 5395 677 5449 in
700 5394 895 5449 radices
917 5395 1100 5465 pedum
1138 5408 1365 5447 meorum
1403 5390 1688 5460 inspexisti,
1710 5388 1799 5460 qui
1826 5395 2140 5443 veterascunt

554 5489 681 5543 sicut
730 5499 872 5554 uter,
914 5488 991 5542 vel
1031 5487 1157 5541 sicut
1195 5487 1540 5540 vestimentum
1581 5501 1615 5537 a
1659 5484 1794 5538 tinea
1840 5491 2136 5538 comestum.

558 5578 726 5637 Homo
756 5582 887 5636 enim
911 5590 1058 5635 natus
1083 5595 1146 5634 ea:
1172 5577 1379 5633 muliere
1407 5577 1549 5650 parvi
1572 5586 1644 5633 est
1673 5576 1931 5649 temporis,
1956 5585 2003 5630 et
2027 5577 2142 5645 ple-

622 5763 637 5794 ί
676 5770 724 5811 ιιι
742 5769 870 5821 Mss.,
889 5757 1181 5822 coniugales.

622 5825 643 5854 ²
676 5825 758 5872 llic
778 5817 905 5883 apud
926 5817 1124 5872 AmfFr.
1161 5827 1214 5871 et
1233 5825 1343 5870 Lov.
1369 5831 1624 5883 perperam
1662 5817 1905 5883 additum,
1924 5831 2038 5873 mea
2057 5825 2143 5882 et;

560 5884 689 5957 quod
711 5882 909 5951 quidem
928 5885 1105 5937 merito
1125 5884 1296 5938 aberat
1315 5894 1344 5934 ιι
1365 5882 1716 5951 manuscriptis.

1160 381 1250 439 DE
1288 375 1746 438 PECC-ATORUM
1783 373 2061 434 MERITIS
2096 367 2185 428 ET
2225 371 2658 445 REMISSIONE,
2696 375 2756 433 S.
2796 375 3160 437 AUGUSTINI

3692 375 3807 436 160

2214 508 2310 547 nus
2327 493 2610 561 iracundia,
2634 503 2680 549 et
2704 494 2833 548 sicut
2852 496 2949 565 ﬂos
2975 511 3090 549 cum
3108 492 3281 566 ﬂoruit
3308 502 3356 550 et
3378 493 3584 564 decidit,
3610 494 3806 551 disces-

2214 582 2280 641 sit
2302 585 2431 642 sicut
2450 587 2654 654 umbra,
2682 604 2784 642 non
2808 596 2992 643 manet.
3023 586 3210 642 Nonne
3237 597 3284 642 et
3321 587 3476 661 hujus
3509 605 3684 645 curam
3721 590 3802 662 fe-

2215 678 2327 732 cisti
2349 679 2515 733 venire
2533 680 2587 734 in
2606 680 2861 750 judicium
2883 688 3026 734 tuum
3044 680 3071 734 ?
3096 678 3223 745 Quis
3247 679 3384 734 enim
3402 681 3494 735 erit
3523 680 3743 736 mundus
3766 698 3805 737 ts

2216 772 2487 828 sordibus?
2507 772 2708 841 Nemo,
2734 789 2823 827 nec
2847 774 2892 827 si
2917 774 3063 829 unius
3103 772 3203 827 diei
3242 773 3394 843 fuerit
3419 774 3522 828 uita
3558 773 3688 844 ejus.
3734 773 3811 828 Et

2216 860 2383 934 paulo
2405 871 2559 934 post:
2587 863 2946 929 Dinumerasti,
2977 864 3181 935 inquit,
3212 880 3385 919 omnes
3411 864 3808 920 necessitudines

2217 971 2383 1020 meas,
2426 965 2472 1008 et
2498 954 2628 1009 nihil
2653 963 2700 1008 te
2726 955 2873 1009 latuit
2907 956 2969 1009 de
3007 957 3221 1025 peccatis
3249 955 3373 1010 meis
3401 973 3421 1010 :
3447 956 3658 1026 signasti
3686 972 3810 1027 pec-

2219 1057 2334 1102 cata
2357 1064 2467 1102 mea
2493 1050 2545 1103 in
2572 1047 2800 1119 folliculo
2823 1090 2840 1116 ,
2871 1056 2918 1102 et
2945 1049 3199 1103 annotasti
3236 1049 3281 1103 si
3308 1049 3431 1121 quid
3462 1048 3645 1104 invitus
3669 1064 3811 1103 corn-

2221 1140 2336 1193 misi
2366 1137 2493 1211 (Job
2514 1155 2627 1204 xm,
2652 1139 2858 1205 iii-xiv,
2889 1140 3008 1206 1-5,
3045 1139 3276 1212 16,17).
3307 1140 3447 1196 Ecce
3473 1148 3530 1196 et
3552 1139 3655 1195 .Iob
3678 1155 3815 1195 con-

2222 1231 2399 1287 ﬁtetur
2426 1243 2642 1303 peccata
2686 1249 2781 1289 sua
2802 1273 2818 1299 ,
2848 1242 2902 1288 et
2931 1235 2984 1288 in
3012 1234 3235 1289 veritate
3274 1248 3335 1289 se
3358 1232 3485 1289 dicit
3512 1232 3649 1288 scire
3686 1233 3815 1303 quia

2222 1340 2327 1379 non
2354 1334 2437 1380 est
2475 1325 2648 1395 justus
2671 1328 2948 1397 quisquam
2974 1336 3098 1382 ante
3125 1327 3427 1382 Dominum.
3457 1327 3526 1382 Et
3557 1326 3678 1382 ideo
3707 1327 3813 1383 istc

2224 1414 2395 1470 hocin
2421 1418 2642 1472 veritate
2667 1419 2787 1484 scit,
2810 1420 2932 1489 quia
2961 1419 3006 1474 si
3041 1433 3138 1473 nos
3158 1419 3452 1474 dixerimus
3474 1434 3578 1474 non
3610 1418 3812 1476 habere

2223 1515 2498 1577 peccatum
2518 1550 2534 1577 ,
2574 1509 2683 1579 ipsa
2711 1509 2905 1565 veritas
2942 1510 2995 1563 in
3023 1510 3177 1566 nobis
3203 1527 3307 1564 non
3332 1517 3434 1566 est.
3467 1508 3699 1566 Proinde
3725 1523 3816 1565 se-

2223 1599 2454 1654 cundum
2486 1600 2699 1655 modum
2728 1602 3152 1657 conversationis
3178 1606 3423 1657 humanae
3444 1644 3459 1667 ,
3493 1600 3741 1671 perhibet
3759 1601 3813 1657 ei

2226 1691 2367 1749 Deus
2401 1704 2505 1748 tam
2534 1710 2782 1765 magnum
2807 1694 3028 1765 justitia:
3060 1694 3419 1750 testimonium
3451 1713 3464 1749 :
3493 1694 3608 1765 ipse
3634 1704 3815 1750 autem

2226 1799 2286 1840 se
2323 1786 2548 1840 metiens
2575 1801 2637 1840 ex
2670 1787 2852 1857 regula
2878 1786 2965 1841 illa
2999 1786 3247 1856 justit'ue,
3278 1802 3435 1857 quam
3475 1787 3612 1842 sicut
3641 1794 3820 1857 potest

2225 1878 2485 1948 conspicit
2511 1878 2649 1948 apud
2681 1878 2845 1933 Deum
2868 1920 2883 1944 ,
2925 1879 2978 1933 in
3001 1878 3224 1935 veritate
3250 1877 3353 1932 scit
3373 1877 3494 1948 quia
3522 1878 3591 1932 ita
3616 1886 3718 1933 est.
3748 1876 3819 1933 Et

2226 1969 2492 2040 adjungit,
2542 1971 2976 2036 Quemadmodum
3004 1973 3139 2026 enim
3169 1973 3341 2043 justus
3378 1972 3471 2025 erit
3513 1971 3662 2026 homo
3701 1979 3820 2028 ante

2226 2059 2500 2114 Dominum
2518 2062 2543 2115 ξ)
2559 2061 2621 2117 Si
2638 2062 2772 2116 enim
2792 2061 2908 2117 velit
2928 2062 3230 2119 contendere
3254 2080 3369 2117 cum
3395 2079 3452 2117 eo
3469 2104 3484 2128 ,
3510 2079 3611 2117 non
3635 2064 3819 2133 poterit

2227 2154 2427 2208 obedire
2454 2155 2500 2207 ei
2525 2170 2544 2208 :
2573 2154 2625 2208 id
2653 2164 2737 2210 est
2754 2196 2768 2221 ,
2794 2155 2839 2211 si
2872 2155 3192 2226 iudicandus
3233 2154 3517 2211 ostendere
3544 2155 3818 2224 voluerit,

2228 2262 2333 2302 non
2374 2248 2427 2301 in
2470 2262 2528 2302 se
2559 2248 2783 2303 inveniri
2830 2264 2984 2317 posse
3011 2248 3154 2320 quod
3182 2248 3435 2316 damnet,
3466 2264 3573 2303 non
3613 2247 3825 2319 poterit

2227 2341 2446 2398 obedire
2473 2342 2521 2397 ei
2554 2342 2570 2373 ¹
2602 2361 2614 2397 :
2644 2343 2840 2398 amittit
2864 2342 3006 2398 enim
3046 2342 3208 2398 etiam
3242 2342 3387 2397 illam
3416 2341 3774 2396 obedientiam
3802 2381 3823 2410 ,

2228 2449 2330 2504 qua
2372 2433 2591 2489 obedire
2637 2434 2803 2504 possit
2830 2434 3161 2505 prmcipienti
3207 2433 3507 2489 csnlitenda
3538 2448 3659 2489 esse
3688 2448 3822 2504 pec-

2229 2535 2365 2580 cata.
2413 2525 2563 2581 Unde
2610 2526 2867 2597 quosdam
2912 2526 3185 2596 increpat,
3226 2526 3456 2581 dicens:
3490 2526 3628 2591 Quid
3667 2528 3823 2583 vultis

2229 2635 2422 2673 mecum
2441 2619 2639 2690 judicio
2680 2620 2975 2675 contendere
3011 2619 3220 2687 (Jerem.
3250 2636 3315 2686 ιι,
3358 2618 3493 2691 29)?
3536 2620 3688 2689 Quod
3726 2620 3823 2676 ille

2229 2728 2535 2784 praecavens
2563 2731 2576 2767 :
2606 2712 2691 2768 Ne
2710 2714 2893 2775 intres,
2924 2713 3131 2785 inquit,
3168 2714 3221 2768 in
3259 2713 3507 2781 judicium
3534 2730 3650 2767 cum
3676 2729 3823 2768 servo

2230 2813 2317 2858 tuo
2334 2846 2351 2872 ,
2385 2805 2623 2875 quoniam
2650 2822 2753 2860 non
2782 2806 3147 2877 justi/imbitur
3170 2807 3225 2860 in
3253 2814 3522 2876 conspectu
3551 2814 3638 2859 tuo
3658 2806 3825 2860 omnis

2229 2897 2414 2951 vivens.
2459 2896 2583 2953 Ideo
2625 2898 2784 2953 etiam
2814 2897 2944 2952 dicit
2979 2896 3080 2953 Job
3102 2942 3117 2962 ,
3149 2897 3275 2965 Quis
3321 2899 3452 2952 enim
3480 2897 3679 2968 judicio
3710 2897 3827 2967 ejus

2229 2989 2609 3046 adversabitur?
2636 2990 2787 3059 Quod
2808 2992 2854 3045 si
2887 2995 3031 3065 fuero
3047 2992 3255 3063 justus;
3290 3007 3347 3047 os
3369 3007 3529 3045 meum
3554 2990 3707 3061 impie
3743 2989 3828 3044 lo-

2229 3093 2407 3153 quetur
2434 3098 2456 3137 :
2483 3081 2584 3138 hoc
2625 3092 2710 3138 est
2747 3083 2888 3138 enim
2915 3125 2930 3151 ,
2960 3082 3016 3140 Si
3046 3099 3134 3139 me
3170 3082 3371 3154 justum
3410 3083 3596 3139 dixero
3632 3092 3824 3139 contra

2226 3174 2482 3245 judicium
2528 3176 2682 3247 ejus,
2728 3174 2818 3231 ubi
2847 3175 3076 3246 perfecta
3122 3176 3208 3231 illa
3245 3177 3465 3245 justitite
3505 3175 3685 3245 regula
3729 3189 3823 3231 me

2232 3267 2498 3321 convincit
2523 3267 2797 3336 injustum,
2824 3267 3061 3337 profecto
3086 3267 3249 3337 impie
3269 3270 3515 3340 loquetur
3532 3282 3593 3323 os
3615 3281 3823 3333 meum,

2231 3359 2353 3430 quia
2380 3366 2566 3413 contra
2588 3359 2682 3414 Dei
2694 3359 2979 3415 veritatem
3017 3359 3283 3431 loquetur.

2305 3452 2390 3507 15.
2414 3450 2771 3522 Fragilitatem
2792 3468 3002 3523 quoque
3028 3452 3196 3522 ipsam
3215 3493 3231 3518 ,
3253 3451 3340 3507 vel
3381 3451 3557 3523 potius
3597 3450 3828 3507 damna-

2233 3545 2431 3600 tionem
2457 3544 2686 3600 carnalis
2714 3545 3073 3615 generationis
3107 3543 3399 3600 ostendens
3440 3558 3508 3600 ex
3549 3542 3826 3613 originalis

2235 3636 2655 3706 transgressione
2685 3639 2907 3705 peccati,
2933 3650 3053 3691 cum
3082 3634 3150 3691 de
3172 3635 3406 3706 peccatis
3444 3635 3558 3691 suis
3601 3640 3824 3704 ageret,

2234 3730 2573 3787 velutcorum
2592 3744 2783 3787 causas
2805 3728 3219 3809 reddens,dixit
3240 3728 3512 3786 hominem
3543 3737 3725 3782 natum
3755 3741 3830 3783 ex

2234 3825 2457 3880 muliere
2496 3823 2643 3895 parvi
2681 3839 2802 3879 esse
2832 3823 3086 3895 temporis
3109 3864 3125 3888 ,
3170 3832 3227 3879 et
3258 3822 3472 3893 plenum
3511 3820 3784 3877 iracundia
3806 3836 3826 3877 :

2234 3934 2336 3989 qua
2358 3916 2652 3983 iracundia,
2683 3914 2785 3971 nisi
2814 3930 2918 3987 qua
2941 3924 3067 3971 sunt
3091 3929 3298 3979 omnes,
3329 3914 3465 3969 sicut
3504 3913 3630 3969 dicit
3675 3914 3831 3981 Apo-

2235 4011 2403 4067 stolus
2432 4051 2448 4077 ,
2498 4008 2829 4072 naturaliter,
2878 4008 2979 4065 hoc
3033 4018 3152 4072 est,
3203 4006 3533 4077 originaliter
3588 4005 3680 4058 irae
3726 4003 3833 4073 ﬁlii

2241 4102 2453 4177 (Ephes.
2476 4118 2535 4167 ιι,
2562 4101 2655 4173 5)?
2682 4100 2935 4171 quoniam
2956 4100 3053 4165 lilii
3082 4108 3210 4155 sunt
3231 4097 3676 4168 concupiscentiae
3699 4110 3834 4151 car-

2236 4197 2320 4251 nis
2346 4206 2401 4251 et
2428 4195 2629 4251 saeculi.
2658 4193 2738 4249 Ad
2767 4195 2935 4264 ipsam
2964 4192 3096 4247 iram
3121 4193 3388 4262 pertinere
3412 4190 3571 4247 etiam
3597 4197 3833 4245 mortem

2238 4286 2470 4342 hominis
2495 4295 2887 4356 consequenter
2914 4283 3225 4340 ostendens.
3247 4280 3378 4337 Cum
3400 4282 3540 4338 enim
3560 4279 3788 4337 dixisset
3809 4321 3831 4349 ,

2238 4379 2383 4450 parvi
2409 4387 2481 4433 est
2509 4378 2766 4447 temporis,
2794 4386 2840 4430 et
2872 4376 3048 4446 plenus
3074 4374 3385 4441 iracundia;
3412 4373 3617 4428 addidit
3635 4372 3829 4440 etiam,

2239 4469 2307 4527 Et
2331 4471 2457 4524 sicut
2485 4471 2581 4540 ﬂos
2597 4485 2712 4522 cum
2734 4468 2909 4539 ﬂoruit
2929 4476 2976 4521 et
3002 4466 3225 4533 decidit,
3257 4466 3481 4520 discessit
3523 4466 3651 4520 sicut
3704 4480 3830 4518 unt-

2240 4564 2349 4631 bra,
2378 4580 2479 4617 non
2505 4570 2689 4616 manet.
2721 4561 2854 4616 Cum
2886 4569 3061 4615 autem
3091 4559 3384 4631 subjungit,
3405 4557 3590 4614 Nonne
3631 4567 3679 4612 et
3722 4556 3834 4612 Itu-

2238 4658 2324 4729 jus
2347 4673 2519 4710 curam
2540 4654 2698 4727 fecisti
2735 4656 2902 4709 uenire
2929 4654 2982 4707 in
3001 4652 3255 4725 judicium
3305 4652 3487 4709 tuum?
3528 4651 3652 4718 Quis
3692 4656 3839 4706 enim

2241 4749 2334 4804 erit
2348 4748 2564 4802 mundus
2595 4764 2626 4800 a
2652 4746 2922 4802 sordibus?
2955 4746 3139 4813 Nemo,
3166 4762 3255 4801 nec
3278 4746 3322 4801 si
3342 4746 3493 4801 unius
3530 4746 3630 4799 diei
3674 4745 3842 4815 fuerit

2241 4840 2344 4894 vita
2372 4840 2522 4911 ejus;
2549 4838 2652 4893 hoc
2687 4837 2869 4908 utique
2897 4837 3042 4903 dicit,
3073 4837 3265 4892 Curam
3295 4837 3524 4893 hominis
3544 4837 3724 4893 brevis
3747 4837 3838 4893 vi-

2242 4940 2311 4987 ta:
2339 4930 2505 4986 iecisti
2535 4930 2715 4986 venire
2742 4928 3237 4997 injudiciumtuum.
3258 4927 3660 4998 Quantumlibet
3682 4927 3839 4984 enim

2243 5024 2421 5080 brevis
2450 5021 2610 5078 fuerit
2637 5021 2743 5077 vita
2770 5021 2908 5091 ejus,
2931 5020 3141 5076 etiamsi
3163 5020 3320 5075 unius
3343 5019 3450 5076 diei
3479 5028 3647 5086 esset,
3672 5034 3841 5074 mun-

2245 5117 2387 5172 dusa
2414 5114 2661 5171 sordibus
2674 5128 2794 5169 esse
2817 5128 2923 5168 non
2951 5119 3155 5184 posset,
3183 5121 3239 5167 et
3265 5110 3386 5167 ideo
3430 5109 3729 5183 justissime
3780 5110 3838 5168 in

2240 5211 2495 5284 judicium
2521 5221 2666 5266 tuum
2696 5209 2890 5265 veniet.
2909 5207 3042 5263 Illud
3067 5222 3197 5264 vero
3223 5206 3365 5279 quod
3390 5208 3487 5273 ait,
3515 5204 3845 5262 Dinumera-

2246 5308 2312 5363 sti
2339 5323 2511 5362 omnes
2539 5302 2927 5360 necessitudines
2954 5319 3110 5369 meas,
3139 5310 3186 5356 et
3211 5300 3343 5356 nihil
3378 5310 3426 5356 te
3449 5301 3596 5357 latuit
3625 5300 3687 5353 de
3710 5314 3846 5370 pec—

2247 5400 2373 5455 catis
2391 5398 2515 5454 meis
2539 5412 2558 5452 :
2578 5396 2788 5467 signasti
2811 5404 3020 5465 peccata
3047 5410 3157 5448 mea
3181 5393 3233 5447 in
3265 5391 3514 5464 folliculo,
3543 5400 3588 5446 et
3615 5398 3848 5445 annota-

2247 5492 2313 5547 sti
2333 5492 2377 5546 si
2395 5490 2516 5562 quid
2543 5490 2724 5543 invitus
2743 5485 3009 5550 commisi;
3038 5500 3216 5540 nonne
3250 5484 3380 5540 satis
3396 5484 3640 5555 apparuit
3671 5482 3849 5541 etiam

2312 5628 2331 5660 ι
2365 5621 3033 5689 Pleriquemanuscriptihec
3051 5620 3295 5689 omittunt,
3306 5619 3360 5673 id
3381 5625 3469 5680 est,
3484 5619 3527 5672 si
3533 5616 3855 5689 judicmtdus

2247 5689 2495 5742 ostendere
2510 5681 2727 5749 'voluerit
2736 5723 2749 5744 ,
2774 5681 2865 5736 non
2898 5682 2949 5734 in
2980 5696 3031 5734 se
3059 5681 3265 5734 inveniri
3300 5681 3586 5749 possequod
3620 5682 3852 5749 donaret,

2248 5765 2341 5802 non
2377 5750 2551 5815 poterit
2593 5747 2784 5815 obedire
2818 5749 2912 5815 ei.‘
2929 5752 3065 5815 tfor_t_e
3088 5759 3149 5815 ex
3175 5745 3542 5815 amanuensiutu
3563 5745 3852 5815 oscitantis.

2251 5807 2443 5932 ἃ,υᾶτὲ
2458 5812 2652 5928 (ἔπειιῶ
2680 5813 2869 5863 occasio
2889 5807 2979 5861 fuit
3010 5807 3129 5860 illud
3163 5808 3292 5873 quod
3327 5809 3567 5877 secundo-
3588 5808 3803 5859 recurrit
3822 5838 3852 5880 ι
