4016 6494
165 406 260 467 {6|

171 525 249 583 illa
272 528 492 594 peccata
505 519 656 592 juste
683 521 961 593 imputari,
994 537 1110 594 quia
1132 538 1236 579 non
1279 523 1649 579 delectationis
1697 524 1766 579 il-

172 617 377 676 lecebra
395 615 830 680 committuntur,
854 616 951 672 sed
979 631 1136 671 causa
1164 615 1460 671 devitandas
1507 616 1766 672 molestiae

172 708 407 776 alicujus.
436 714 528 760 aut
554 705 786 773 doloris,
816 717 911 762 aut
936 708 1145 762 mortis?
1167 707 1299 762 Nam
1340 717 1394 763 et
1435 707 1550 763 haec
1583 708 1758 762 dicun-

175 811 248 855 tur
273 799 506 870 quadam
530 801 862 855 necessitate
891 801 1172 868 committi,
1204 816 1326 855 cum
1380 801 1558 856 omnia
1606 817 1768 870 supe-

174 891 322 948 randa
349 892 463 946 sint
486 906 676 947 amore
692 900 748 945 et
766 891 1118 950 delectatione
1140 892 1380 962 justitiue.
1403 892 1584 947 Potest
1606 892 1766 947 etiam

175 985 299 1055 quod
329 983 494 1047 dixit,
525 982 595 1037 Et
625 985 887 1038 annotasti
911 984 955 1039 si
975 983 1097 1055 quid
1152 984 1338 1039 invitus
1379 984 1648 1047 commisi;
1702 983 1770 1038 ad

177 1078 305 1132 illam
335 1090 530 1130 vocem
563 1075 737 1130 videri
764 1077 1034 1146 pertinere
1053 1117 1070 1143 ,
1101 1091 1204 1147 qua
1235 1077 1436 1131 dictum
1466 1087 1550 1132 est
1578 1117 1593 1143 ,
1646 1075 1768 1130 Non

178 1168 289 1222 enim
313 1166 460 1236 quod
481 1166 596 1220 volo
626 1183 750 1238 ago;
776 1167 866 1222 sed
907 1167 1040 1240 quod
1093 1168 1208 1234 odi,
1257 1168 1352 1222 hoc
1393 1169 1526 1238 facio
1564 1169 1583 1238 (
1613 1168 1763 1224 Rom.

178 1274 258 1320 ru,
281 1259 400 1328 15).

237 1350 315 1404 16.
343 1349 492 1418 Quid
515 1350 665 1420 quod
698 1352 814 1421 ipse
840 1352 1114 1417 Dominus,
1140 1353 1230 1424 qui
1253 1354 1300 1409 ei
1325 1353 1663 1424 perhibuerat
1687 1363 1768 1410 te-

179 1441 500 1507 stimonium,
529 1456 658 1495 cum
688 1444 850 1497 etiam
866 1443 1159 1514 Scriptura,
1187 1446 1288 1500 hoc
1314 1456 1430 1512 est,
1477 1446 1569 1501 Dei
1602 1446 1768 1516 Spiri-

182 1546 247 1589 tus
265 1535 503 1601 dixerit,
535 1535 589 1588 in
620 1537 854 1590 omnibus
881 1553 995 1607 qua:
1045 1539 1358 1610 contigerunt
1405 1541 1470 1605 ei,
1504 1556 1603 1593 non
1652 1556 1766 1593 eum

185 1646 390 1698 peccasse
439 1628 592 1682 labiis
622 1631 728 1683 suis
759 1641 875 1684 ante
907 1631 1173 1684 Dominum
1217 1630 1338 1702 (Job
1371 1647 1420 1697 t,
1450 1631 1576 1700 2‘2);
1621 1641 1766 1703 post-

184 1738 230 1777 ea
264 1733 447 1775 tamen
485 1737 612 1776 cum
652 1724 699 1775 ei
742 1723 1068 1792 loqueretur,
1101 1725 1382 1793 increpans
1409 1725 1613 1779 locutus
1637 1736 1718 1780 est
1745 1767 1760 1791 ,

189 1817 296 1869 sicut
319 1816 449 1884 ipse
468 1815 577 1870 Job
607 1817 759 1870 testis
790 1826 874 1870 est
891 1816 1096 1880 dicens,
1147 1817 1284 1883 Quid
1338 1818 1503 1871 adhuc
1551 1835 1642 1889 ego
1666 1820 1762 1890 ju-

187 1907 296 1958 ἀξίων
321 1906 560 1959 monitus
580 1947 594 1969 ,
637 1915 684 1958 et
713 1906 1080 1977 increpationes
1132 1905 1339 1961 Domini
1391 1909 1602 1963 audiens
1636 1908 1759 1981 (Id.

185 2014 342 2064 xmx,
370 2000 467 2060 55,
497 2015 602 2052 sec.
635 1998 802 2070 LXX)
823 1999 846 2053 l
865 1999 1034 2056 Nemo
1066 2011 1242 2054 autem
1265 2002 1406 2071 juste
1434 2003 1756 2070 increpatnr,

183 2090 263 2142 nisi
287 2091 340 2142 in
364 2104 480 2160 quo
499 2098 587 2144 est
611 2089 811 2159 aliquid
844 2090 983 2159 quod
1003 2091 1363 2160 increpatione
1391 2093 1459 2146 sit
1483 2092 1720 2163 dignum.

240 2180 465 2237 CAPUT
520 2181 614 2235 XI.
651 2211 709 2221 —
731 2181 830 2234 Job
857 2167 1085 2252 prwoidit
1115 2183 1366 2236 Christum
1387 2184 1455 2236 ad
1480 2185 1760 2253 passionem

182 2286 451 2326 uenturum.
483 2271 806 2326 Ilumilitatis
835 2275 964 2326 ratio
995 2274 1046 2326 in
1088 2275 1342 2343 perfectis.
1395 2275 1461 2329 Et
1512 2276 1621 2345 ipsa
1677 2277 1760 2329 in-

181 2367 408 2435 crepatio
446 2365 621 2435 qualis
639 2374 742 2429 est,
767 2381 884 2434 quae
908 2381 973 2420 ex
1028 2367 1238 2420 Domini
1285 2365 1482 2421 Christi
1534 2383 1757 2436 persona

181 2460 517 2531 intelligitur?
543 2459 832 2513 Enumerat
863 2459 936 2513 illi
961 2459 1134 2513 divina
1161 2475 1321 2529 opera
1351 2462 1627 2530 potestatis
1646 2477 1759 2516 sua:

178 2551 265 2604 sub
288 2550 393 2605 hac
419 2551 684 2605 sententia
705 2549 1008 2618 increpans,
1035 2559 1091 2604 ut
1117 2566 1238 2605 eum
1261 2550 1440 2606 dicere
1471 2563 1756 2622 appareat:

178 2642 440 2713 Numquid
459 2652 604 2712 potes
620 2643 736 2698 lucc
758 2651 902 2698 tanta
919 2659 1038 2714 qua:
1054 2645 1306 2714 possum?
1322 2644 1439 2711 Quo
1454 2654 1628 2699 autem
1650 2661 1761 2716 per-

177 2738 338 2802 tinet,
365 2737 475 2790 nisi
502 2745 562 2790 ut
581 2737 832 2803 intelligat
853 2737 954 2792 Job
991 2737 1173 2810 (etiam
1197 2740 1273 2808 (α)
1305 2738 1405 2793 hoc
1431 2741 1478 2793 ei
1506 2739 1758 2796 divinitus

175 2827 525 2896 inSpiratum,
552 2837 599 2881 ut
625 2830 894 2898 pnesciret
922 2829 1188 2883 Christum
1207 2830 1272 2884 ad
1308 2832 1608 2900 passionem
1639 2847 1759 2886 esse

178 2916 483 2991 venturum)
515 2935 530 2971 :
561 2920 818 2990 intelligat
845 2935 974 2990 ergo
1003 2935 1160 2989 quam
1189 2921 1346 2976 debet
1395 2938 1548 2992 aequo
1577 2923 1760 2977 animo

183 3010 398 3065 tolerare
435 3027 556 3080 qua:
581 3013 797 3080 pertulit
819 3053 835 3078 ,
858 3012 902 3066 si
933 3011 1175 3067 Christus
1203 3013 1254 3067 in
1283 3029 1388 3084 quo
1438 3023 1709 3083 peccatum
1741 3057 1756 3081 ,

183 3117 287 3155 cum
316 3111 543 3171 propter
573 3117 673 3156 nos
700 3101 862 3156 homo
884 3101 1055 3156 factus
1085 3112 1250 3170 esset,
1295 3105 1514 3159 omnino
1561 3106 1758 3160 mullum

189 3192 283 3255 fuit,
305 3203 361 3248 et
384 3194 441 3246 in
469 3208 578 3264 quo
612 3193 721 3248 Deo
745 3203 887 3247 tanta
917 3195 1146 3263 potentia
1177 3203 1292 3259 est.
1323 3211 1652 3266 nequaquam
1684 3204 1762 3250 ta-

186 3301 290 3340 men
309 3286 585 3356 passionis
609 3285 973 3341 obedientiam
1001 3286 1303 3341 recusavit?
1348 3287 1499 3355 Quod
1550 3288 1760 3356 puriore

185 3379 340 3432 cordis
364 3378 674 3432 intentione
698 3376 798 3432 Job
822 3377 1122 3448 intelligens
1148 3377 1486 3448 responsioni
1525 3394 1634 3432 sua:
1660 3377 1759 3430 ad-

184 3472 316 3539 didit,
341 3473 501 3527 Auris
530 3473 715 3526 auditu
734 3471 998 3526 audiebam
1042 3481 1088 3525 te
1116 3473 1258 3542 prius
1285 3472 1326 3538 ί,
1384 3480 1429 3524 et
1477 3487 1608 3524 nunc
1653 3485 1762 3524 ecce

185 3569 334 3620 calas
369 3583 518 3621 meus
548 3565 681 3619 videt
708 3575 754 3618 te
780 3580 798 3619 :
824 3565 936 3618 ideo
964 3565 1237 3635 vituperavi
1277 3580 1356 3617 me
1381 3565 1564 3633 ipsum,
1600 3572 1644 3615 et
1679 3562 1760 3615 di-

186 3659 353 3724 stabui,
385 3668 438 3712 et
463 3657 711 3712 testimoni
735 3673 816 3710 me
854 3656 1020 3726 ipsum
1063 3666 1248 3710 terram
1277 3665 1322 3708 et
1374 3656 1587 3708 cinerem
1628 3653 1645 3725 (
1671 3654 1756 3708 Id.

187 3765 295 3815 xui,
319 3751 377 3817 5,
409 3752 494 3821 6).
525 3749 706 3817 Quare
731 3749 831 3803 sibi
861 3750 931 3802 ita
968 3749 1020 3802 in
1071 3749 1172 3802 hoc
1221 3758 1324 3802 tam
1364 3763 1555 3817 magno
1607 3747 1761 3801 intel-

187 3843 304 3898 lectu
317 3843 622 3913 displicuit?
642 3841 826 3912 Neque
844 3842 985 3895 enim
1007 3855 1142 3911 opus
1163 3841 1274 3905 Dei,
1298 3856 1402 3910 quo
1424 3850 1538 3895 erat
1567 3841 1756 3907 homo,

187 3947 309 3992 recte
329 3938 406 3989 illi
429 3944 645 4005 poterat
664 3934 968 4004 diSpIicere;
987 3949 1105 3987 cum
1136 3934 1294 3987 etiam
1341 3933 1439 4003 ipsi
1472 3933 1580 3988 Deo
1609 3932 1758 3988 dica-

187 4037 284 4088 tur.
326 4029 504 4097 Opera
549 4043 791 4080 manuum
839 4035 1040 4080 tuarum
1090 4043 1154 4080 ne
1211 4026 1496 4096 despexeris
1557 4025 1754 4096 (Psal.

186 4134 406 4184 cxxxvn,
455 4119 536 4188 8).
570 4117 676 4175 Sed
705 4117 942 4189 profecto
973 4117 1265 4173 secundum
1307 4118 1450 4172 illam
1493 4120 1757 4189 justitiam

184 4228 269 4282 qua
292 4212 806 4281 seuoveratjustum
825 4213 869 4277 ',
893 4211 1281 4280 sevituperavit
1307 4220 1465 4282 atque
1482 4212 1758 4282 distabuit,

183 4305 570 4374 :estimavitque
591 4318 650 4358 se
678 4313 877 4360 terram
909 4313 961 4358 et
989 4304 1224 4358 cinerem
1255 4319 1269 4368 ;
1319 4314 1498 4359 mente
1543 4305 1760 4375 conspi-

183 4399 316 4454 ciens
341 4397 542 4453 Cliristi
567 4399 850 4468 justitiam,
880 4398 932 4452 in
960 4397 1113 4468 cujus
1135 4412 1239 4450 non
1273 4406 1474 4450 tantum
1505 4398 1758 4451 divinita-

183 4494 355 4561 te,sed
386 4508 493 4548 nec
520 4492 576 4546 in
604 4492 780 4546 anima
807 4505 906 4546 nec
954 4491 1006 4544 in
1036 4505 1198 4546 carne
1234 4491 1396 4544 ullmu
1445 4490 1615 4559 potuit
1639 4505 1762 4546 esse

179 4595 449 4654 peccatum
476 4601 489 4634 :
519 4581 810 4637 secundum
838 4597 995 4652 quam
1021 4581 1279 4650 justitiam
1301 4597 1418 4651 quae
1430 4595 1496 4636 ex
1527 4582 1636 4635 Deo
1657 4591 1756 4646 est,

179 4677 330 4730 etiam
362 4674 568 4730 Paulus
595 4675 866 4743 apostolus
907 4672 1034 4728 illud
1076 4688 1230 4728 suum
1276 4672 1420 4744 quod
1469 4673 1762 4729 secundum

175 4769 429 4837 justitiam
456 4782 577 4837 qua:
597 4781 662 4822 ex
683 4766 798 4836 lege
825 4773 926 4833 est,
954 4764 1180 4820 fuitsine
1207 4765 1422 4836 querela
1441 4780 1546 4821 non
1564 4771 1758 4834 solum,

177 4861 389 4925 damna,
434 4873 620 4913 verum
651 4859 810 4913 etiam
843 4867 1078 4913 stercora
1125 4857 1447 4913 existimavit
1483 4855 1759 4930 (Philipp.

177 4967 263 5016 ιιι,
297 4951 446 5021 6.8).

237 5042 476 5100 CAPUT
502 5041 616 5096 XII.
642 5071 716 5082 ——
740 5041 828 5096 i7.
862 5039 1027 5094 Nemo
1049 5041 1218 5111 justus
1265 5042 1318 5094 in
1368 5041 1614 5096 omnibus.
1646 5042 1764 5098 Non

174 5139 336 5209 igitur
356 5135 672 5206 prmclarum
715 5131 842 5187 illud
873 5133 1232 5188 testimonium
1280 5133 1371 5188 Dei
1401 5175 1414 5198 ,
1443 5150 1548 5204 quo
1575 5134 1760 5188 lauda-

175 5239 255 5284 tus
275 5239 367 5284 est
392 5228 517 5293 Job,
542 5226 867 5282 contrarium
895 5236 977 5280 est
1005 5225 1052 5280 ei
1077 5225 1383 5280 testimonio
1414 5241 1519 5295 quo
1565 5226 1762 5282 dictum

173 5332 272 5387 est,
311 5319 440 5375 Non
465 5318 829 5392 iusti/imbitur
849 5318 902 5372 in
925 5327 1193 5389 compecto
1216 5328 1302 5372 tuo
1353 5319 1514 5372 omnis
1559 5320 1766 5374 vivens:

171 5417 292 5486 quia
326 5413 512 5471 nonid
543 5412 850 5485 persuadet,
877 5427 1093 5484 prorsus
1143 5414 1196 5469 in
1245 5414 1334 5469 illo
1381 5413 1512 5469 nihil
1564 5413 1760 5476 fuisse.

171 5509 314 5579 quod
342 5507 424 5562 vel
451 5506 520 5561 ab
563 5506 680 5577 ipso
709 5507 974 5562 veraciter
993 5547 1008 5572 ,
1039 5505 1174 5562 vela
1201 5506 1424 5563 Domino
1469 5503 1577 5562 [eo
1624 5515 1768 5564 recte

171 5599 684 5672 reprehenderetur;
709 5598 1067 5668 quamvisjam
1087 5599 1278 5671 justus,
1297 5609 1350 5654 et
1367 5615 1521 5654 veras
1541 5599 1637 5654 Dei
1651 5600 1764 5653 cul-

239 5771 256 5798 ι
295 5771 348 5813 tn
368 5766 595 5816 omnibus
615 5771 748 5829 3155,,
773 5762 1093 5829 intelligebam
1114 5770 1159 5815 te
1174 5724 1324 5829 prius.

238 5830 257 5859 ³
291 5829 366 5876 sic
387 5837 486 5876 sm.
507 5834 581 5876 Er.
604 5835 658 5877 et.
675 5826 904 5891 plerique
926 5826 1030 5880 itas.
1048 5835 1104 5878 At
1123 5826 1252 5887 ων..

235 5890 313 5958 (ιι)
335 5896 494 5954 ποιων
518 5902 655 5949 nam.

1488 406 1689 464 LIBER
1727 407 2108 470 SECUNDUS.

3353 436 3457 494 I62

1881 535 1983 593 tor,
2007 536 2061 582 et
2075 528 2142 582 ab
2161 529 2303 585 omni
2329 545 2489 602 opere
2504 533 2644 590 malo
2660 550 2718 592 se
2738 537 3031 606 abstinens,
3051 557 3159 599 non
3180 547 3450 604 mendaci-

1878 628 1958 676 ter
1975 621 2261 679 diceretur.
2286 626 2410 681 llzec
2430 629 2571 684 enim
2597 630 2663 686 de
2685 632 2773 687 illo
2795 633 2952 688 verba
2991 646 3112 690 sunt
3157 637 3251 693 Dei
3281 656 3294 692 :
3323 639 3450 696 Ani-

1876 729 1958 766 mo
1983 714 2237 769 advertisti
2267 718 2284 748 ¹
2311 717 2362 770 in
2385 736 2596 788 puerum
2627 739 2790 777 meum
2839 723 2938 779 Job
2961 726 2987 780 .9
3029 725 3149 782 Non
3198 730 3328 784 enim
3382 742 3454 787 est

1875 805 1952 860 illi
1973 808 2122 862 homo
2149 810 2328 865 similis
2352 829 2501 881 super
2526 823 2742 881 terram,
2771 818 2877 871 sine
2904 821 3122 888 querela,
3140 822 3333 890 justus,
3379 841 3456 878 ve-

1875 916 1962 953 rus
1993 899 2088 954 Dei
2114 901 2296 968 cultor,
2327 903 2579 960 abstinens
2605 924 2659 960 se
2683 907 2743 961 ab
2774 912 2909 964 omni
2938 929 3084 982 opere
3119 915 3251 968 malo
3307 915 3450 988 (Job

1879 1004 1916 1052 ι,
1945 991 2022 1059 8).
2054 991 2247 1048 Primis
2265 994 2440 1050 verbis
2464 1012 2528 1051 ex
2559 996 2830 1053 hominum
2885 1002 2974 1072 qui
3019 1013 3141 1058 sunt
3195 1005 3249 1060 in
3305 1015 3446 1062 terra

1874 1084 2272 1151 comparatione
2298 1085 2561 1142 laudatur.
2623 1088 2850 1144 Proinde
2893 1094 3138 1150 omnibus
3187 1097 3275 1165 qui
3326 1105 3451 1154 tunc

1875 1165 1928 1219 in
1959 1176 2097 1222 terra
2117 1167 2245 1239 justi
2271 1185 2390 1226 esse
2421 1181 2727 1242 potuerunt,
2786 1177 3101 1232 excellebat.
3160 1179 3274 1234 Non
3325 1197 3452 1252 ergo

1879 1257 1996 1327 ipse
2019 1271 2296 1329 prepterea
2342 1264 2544 1318 nullum
2597 1277 2868 1336 peccatum
2916 1269 3132 1323 omnino
3177 1270 3400 1326 habebat
3434 1314 3450 1338 ,

1873 1352 1996 1421 quia
2029 1353 2078 1406 in
2103 1354 2338 1423 profectu
2355 1356 2576 1424 justitize
2601 1367 2826 1414 caeteros
2846 1363 3100 1416 anteibat.
3133 1363 3333 1419 Deinde
3349 1364 3451 1419 ad-

1867 1441 2106 1514 jungitur
2129 1487 2143 1511 ,
2175 1447 2282 1500 sine
2305 1448 2508 1518 querela
2528 1491 2543 1514 ,
2576 1449 2644 1505 de
2669 1454 2821 1519 cujus
2843 1453 2947 1507 vita
2977 1471 3134 1508 nemo
3157 1459 3300 1525 juste
3328 1473 3451 1527 que.

1870 1544 2109 1590 reretur:
2130 1537 2321 1605 justus,
2355 1540 2442 1609 qui
2475 1549 2615 1594 tanta
2645 1557 2854 1597 morum
2903 1545 3166 1613 probitate
3212 1547 3451 1617 profece-

1867 1634 1968 1689 rat,
1997 1637 2054 1679 ut
2087 1629 2262 1682 nullus
2287 1630 2333 1682 ei
2366 1640 2508 1685 esset
2550 1633 2884 1702 aequandus:
2917 1652 3060 1690 verus
3095 1635 3192 1690 Dei
3242 1641 3405 1693 cultor
3431 1681 3447 1706 ,

1868 1718 2062 1787 quippe
2097 1720 2256 1774 etiam
2285 1734 2499 1774 suorum
2554 1734 2889 1794 peccatorum
2928 1740 3087 1780 verax
3132 1726 3450 1800 humilisque

1867 1810 2144 1863 confessor
2173 1827 2186 1863 :
2213 1811 2466 1866 abstinens
2486 1829 2538 1866 se
2563 1813 2624 1866 ab
2663 1816 2800 1868 omni
2841 1833 2990 1885 opere
3033 1819 3166 1872 malo
3189 1860 3204 1883 ,
3256 1821 3450 1875 mirum

1867 1901 1910 1953 si
1926 1901 1992 1956 ab
2017 1903 2160 1956 omni
2182 1904 2341 1958 etiam
2369 1906 2533 1961 verbo
2561 1916 2614 1962 ct
2638 1907 2871 1978 cogitatu
2891 1911 3048 1964 malo.
3079 1911 3319 1979 Quantus
3335 1915 3452 1985 qui-

1865 1995 1987 2050 dem
2009 1996 2107 2050 Job
2130 1996 2284 2052 fuerit
2312 2003 2616 2068 ignoramus
2649 2002 2780 2056 :sed
2812 2004 3054 2059 novimus
3073 2005 3276 2074 justum
3300 2049 3315 2074 ,
3348 2023 3448 2062 no-

1865 2089 2037 2143 vimus
2064 2092 2224 2167 etiam
2253 2091 2302 2144 iu
2339 2093 2670 2162 perferendis
2719 2094 2998 2150 horrendis
3053 2097 3448 2154 tribulationum

1867 2181 2246 2236 tentationibus
2269 2199 2536 2254 magnum;
2569 2185 2814 2240 novimus
2836 2203 2939 2242 non
2968 2198 3185 2258 pr0pter
3211 2199 3446 2259 peccata,

1865 2272 1958 2326 sed
1987 2284 2202 2342 propter
2219 2274 2337 2343 ejus
2361 2275 2828 2330 demonstrandam
2851 2278 3110 2347 justitiam
3135 2280 3221 2334 illa
3266 2282 3445 2336 omnia

1865 2363 2028 2419 fuisse
2053 2381 2384 2435 perpessum.
2423 2368 2800 2425 Verumtamen
2831 2370 2945 2427 lucc
2971 2373 3131 2428 verba
3183 2374 3374 2444 quibus
3417 2389 3449 2430 a

1865 2455 2090 2510 Domino
2106 2457 2370 2523 laudatur,
2398 2471 2615 2529 possent
2644 2463 2802 2516 etiam
2825 2462 2893 2517 de
2920 2463 3011 2518 illo
3038 2463 3162 2531 dici,
3193 2465 3283 2536 qui
3314 2481 3451 2520 con.

1865 2545 2162 2602 delectatur
2182 2549 2286 2618 legi
2317 2551 2406 2604 Dei
2434 2553 2726 2606 secundum
2777 2555 3082 2609 interiorem
3140 2557 3406 2612 hominem
3430 2598 3447 2624 ,

1863 2641 2006 2696 videt
2033 2651 2208 2697 autem
2237 2644 2392 2698 aliam
2421 2645 2592 2715 legem
2622 2646 2674 2699 in
2705 2646 2962 2701 membris
2986 2649 3096 2701 suis
3141 2665 3446 2720 repugnatu-

1865 2741 1971 2788 tem
1999 2735 2100 2805 legi
2134 2737 2327 2790 mentis
2346 2753 2455 2791 sua:
2476 2755 2489 2790 :
2507 2739 2802 2806 praesertim
2830 2739 2951 2808 quia
2979 2739 3126 2804 dicit,
3158 2739 3278 2794 Non
3313 2743 3449 2812 quod

1865 2827 1976 2880 volo
2004 2827 2138 2897 facio
2159 2826 2367 2894 bonum;
2397 2828 2486 2881 sed
2513 2828 2648 2898 quod
2694 2829 2779 2882 odi
2820 2829 3042 2896 malum,
3084 2830 3178 2884 hoc
3219 2848 3336 2902 ago.
3389 2832 3451 2888 Si

1864 2926 2030 2969 autem
2054 2917 2188 2986 quod
2208 2917 2293 2970 odi
2314 2911 2524 2984 malum,
2559 2918 2651 2972 hoc
2675 2920 2830 2990 facio,
2851 2919 2958 2989 iam
2987 2937 3087 2973 non
3131 2937 3220 2989 ego
3267 2939 3450 2992 operor

1863 3007 2013 3070 illud,
2041 3009 2130 3063 sed
2151 3009 2286 3078 quod
2308 3009 2496 3062 habitat
2540 3010 2593 3063 in
2631 3027 2710 3063 me
2746 3021 3022 3080 peccatum.
3075 3010 3213 3066 Ecce
3261 3022 3314 3066 et
3352 3012 3451 3067 iste

1864 3101 2156 3154 secundum
2178 3102 2486 3156 interiorem
2515 3101 2786 3156 hominem
2817 3102 3025 3157 alienus
3063 3113 3146 3159 est
3191 3104 3259 3158 ab
3305 3104 3451 3158 omni

1867 3207 2030 3261 opere
2049 3193 2208 3254 malo,
2231 3193 2354 3263 quia
2373 3193 2500 3246 illud
2529 3208 2637 3247 non
2665 3203 2920 3263 operatur
2949 3195 3082 3264 ipse,
3112 3194 3204 3250 sed
3229 3195 3370 3266 quod
3397 3195 3451 3249 in

1865 3299 2025 3339 carne
2051 3284 2168 3353 ejus
2200 3285 2401 3338 habitat
2431 3285 2625 3358 malum
2663 3294 2751 3339 :et
2779 3294 2954 3338 tamen
2977 3301 3096 3339 cum
3129 3286 3254 3340 illud
3277 3288 3448 3356 ipsum

1868 3373 2009 3445 quod
2034 3373 2435 3429 condelcctatur
2465 3374 2566 3444 legi
2592 3375 2706 3436 Dei.
2740 3390 2844 3428 non
2875 3375 3069 3430 habeat
3095 3377 3196 3430 nisi
3227 3393 3291 3431 ex
3333 3393 3454 3448 gra-

1867 3467 1936 3521 tia
1965 3467 2079 3532 Dei,
2105 3465 2279 3522 adhuc
2304 3467 2638 3522 liberationis
2663 3467 2904 3538 indigens
2946 3469 3157 3534 clamat,
3181 3469 3338 3524 Miser
3358 3487 3448 3541 ego

1866 3559 2036 3620 homo,
2058 3559 2168 3628 quis
2198 3575 2275 3612 me
2304 3557 2529 3611 liberabit
2556 3557 2618 3612 de
2643 3574 2852 3628 corpore
2875 3559 3049 3612 mortis
3075 3559 3224 3628 hujus
3249 3560 3276 3614 ?
3313 3558 3450 3614 Gra-

1865 3649 1936 3703 tia
1958 3648 2053 3702 Dei
2076 3667 2164 3717 per
2185 3648 2362 3704 Jesum
2381 3648 2639 3705 Christum
2675 3648 2949 3704 Dominum
2976 3659 3200 3704 nostrum
3250 3649 3270 3722 (
3295 3651 3446 3707 Rom.

1864 3755 1961 3806 vn,
1989 3741 2198 3812 15—25).

1935 3831 2162 3888 CAPUT
2187 3831 2328 3887 XIII.
2350 3863 2422 3874 —
2445 3832 2532 3888 18.
2565 3831 2800 3906 Perfecta
2837 3834 3043 3905 justitia
3081 3833 3304 3889 humana
3348 3835 3448 3889 im.

1867 3927 2087 3997 perfecta
2112 3937 2203 3980 est.
2235 3926 2370 3980 Sunt
2397 3941 2525 3998 ergo
2547 3926 2599 3980 in
2625 3935 2762 3981 terra
2785 3926 2936 3996 justi,
2969 3926 3308 3998 suntmagni,
3338 3927 3448 3982 for-

1868 4025 1972 4084 tes,
2003 4017 2316 4087 prudentes,
2342 4018 2698 4083 continentes,
2720 4017 2999 4087 patientes,
3026 4019 3117 4088 pii,
3143 4019 3449 4073 misericor-

1865 4108 1980 4176 des,
2003 4110 2312 4179 temporalia
2359 4109 2494 4165 mala
2526 4110 2704 4164 omnia
2744 4117 2959 4179 pr0pter
2984 4110 3246 4179 justitiam
3293 4126 3449 4182 aequo

1866 4201 2044 4254 animo
2074 4201 2382 4256 tolerantes.
2432 4199 2536 4256 Sed
2567 4201 2610 4255 si
2644 4217 2827 4256 verum
2851 4210 2952 4265 est,
2982 4203 3089 4256 imo
3115 4202 3237 4272 quia
3263 4217 3448 4258 verum

1865 4301 1965 4352 est.
1992 4291 2053 4346 Si
2078 4292 2353 4346 dixerimus
2381 4293 2499 4363 quia
2521 4302 2780 4362 peccatum
2806 4310 2907 4346 non
2933 4293 3190 4358 habemus,
3239 4309 3330 4347 nos
3369 4294 3448 4363 ip.

1865 4401 1948 4440 sos
1971 4385 2248 4454 decipimus
2294 4384 2312 4454 (
2337 4384 2354 4437 l
2383 4383 2542 4440 Joan.
2573 4401 2610 4449 ι,
2643 4384 2706 4456 8)
2729 4402 2742 4447 ;
2769 4393 2841 4450 et,
2875 4383 2996 4438 Non
3007 4385 3372 4454 justi/imbitur
3395 4385 3448 4437 in

1865 4484 2133 4547 conspectu
2156 4485 2244 4529 tuo
2270 4476 2433 4528 omnis
2458 4476 2623 4528 vivens
2651 4473 2837 4545 (Psol.
2865 4490 3026 4541 cxut,
3057 4475 3126 4545 2)
3153 4491 3166 4526 :
3194 4489 3298 4527 non
3325 4484 3449 4529 sunt

1867 4567 1984 4622 sine
2020 4573 2273 4636 peceato;
2301 4579 2400 4619 nec
2427 4565 2705 4635 quisquam
2749 4579 2932 4620 eorum
2989 4573 3096 4618 tam
3137 4573 3448 4635 arroganter

1868 4659 2081 4726 insanit,
2115 4667 2301 4714 utnon
2328 4659 2426 4713 sibi
2471 4672 2568 4730 pro
2595 4659 2706 4714 suis
2741 4657 3216 4728 qualibuscumque
3257 4671 3448 4728 pecca-

1868 4752 1936 4807 tis
1962 4751 2228 4806 dominica
2254 4750 2494 4804 oratione
2524 4764 2657 4818 opus
2687 4764 2807 4803 esse
2833 4749 3139 4804 arbitretur.

1941 4842 2028 4898 I9.
2049 4841 2181 4897 Nam
2209 4841 2276 4896 de
2301 4841 2555 4895 Zacharia
2588 4849 2642 4896 et
2671 4839 2958 4906 Elisabeth,
2990 4841 3078 4910 qui
3127 4839 3279 4896 nobis
3308 4854 3450 4910 saepe

1871 4935 1922 4989 in
1953 4934 2113 5003 hujus
2139 4933 2449 5005 quaestionis
2478 4932 2924 5002 disputationibus
2950 4931 3293 5000 objiciuntur,
3324 4931 3450 5001 quid

1868 5030 2126 5089 dicamus,
2157 5026 2258 5081 nisi
2288 5025 2430 5095 quod
2462 5025 2740 5080 evidenter
2757 5025 3028 5095 Scriptura
3062 5032 3302 5087 testatur,
3320 5024 3455 5079 emi-

1870 5121 2011 5176 neuti
2037 5118 2238 5189 justitia
2264 5117 2427 5173 fuisse
2472 5117 2782 5172 Zachariam
2826 5118 2876 5170 in
2911 5116 3236 5188 principibus
3269 5130 3453 5170 sacer-

1869 5213 2048 5267 dotmn
2071 5210 2137 5263 ad
2159 5209 2430 5264 olferenda
2464 5209 2670 5264 Veteris
2689 5208 3017 5264 Testamenti
3042 5208 3302 5264 sacriﬁcia
3334 5223 3456 5277 per-

1870 5303 2169 5358 tinentium.
2197 5301 2447 5370 Legimus
2488 5311 2665 5357 autem
2699 5301 2751 5356 in
2782 5301 3016 5371 Epistola
3067 5318 3186 5372 qua:
3234 5300 3303 5355 ad
3349 5301 3452 5354 lle-

1871 5397 2042 5452 brieos
2073 5394 2319 5449 scribitur
2341 5395 2384 5460 ',
2410 5393 2550 5464 quod
2588 5394 2949 5449 testimonium
3004 5394 3056 5449 in
3110 5393 3246 5450 libro
3296 5407 3453 5461 supe-

1873 5489 2016 5544 riore
2036 5487 2144 5558 jam
2176 5486 2327 5556 posui
2353 5484 2572 5554 (Supra,
2606 5486 2692 5538 lib.
2727 5488 2780 5551 i,
2812 5503 2864 5540 n.
2907 5483 3017 5557 50),
3074 5483 3245 5539 Solum
3294 5483 3451 5536 Chri-

1873 5591 2010 5636 stum
2041 5595 2160 5634 esse
2184 5578 2472 5649 principem
2505 5577 2876 5641 sacerdotum,
2924 5577 3012 5646 qui
3070 5591 3175 5629 non
3227 5573 3450 5628 haberet

1875 5672 2266 5734 necessitatem,
2297 5670 2432 5723 sicut
2457 5667 2529 5720 illi
2557 5669 2643 5737 qui
2669 5667 3004 5722 sacerdotum
3034 5665 3294 5734 principes
3313 5663 3452 5720 dice-

1937 5768 1970 5829 t,
1990 5770 2040 5812 tn
2063 5764 2223 5822 editis,
2263 5771 2330 5810 Αη
2351 5773 2445 5811 non
2474 5757 2742 5829 advenisti.
2780 5767 2834 5829 st
2873 5760 2921 5808 in
2944 5765 3067 5818 Mss,
3091 5753 3258 5821 mimo
3274 5755 3450 5829 adter-

1875 5825 2162 5891 ἀπέβησε
2186 5820 2548 5891 est,_proseches
2579 5820 2624 5871 te‘
2856 5832 2960 5870 sou.

1945 5891 1967 5922 ³
1996 5890 2068 5941 Sic
2087 5894 2194 5940 Mss.
2219 5883 2338 5942 Εόὶὶὶ
2350 5897 2484 5946 vero,
2507 5883 2797 5954 inscribitur.
