4016 6478
555 531 767 598 bantur,
796 525 1118 586 sacriﬁcium
1142 539 1243 597 pro
1267 524 1380 580 suis
1410 523 1638 594 primum
1685 517 1877 574 offerre
1903 512 2131 586 peccatis

555 621 813 694 quotidie,
832 618 1027 676 deinde
1052 631 1147 689 pro
1170 616 1374 688 populi.
1402 614 1579 669 Talem
1608 610 1742 667 enim
1785 606 1989 662 decebat
2009 646 2025 673 ,
2054 605 2137 659 ln-

497 705 503 724 ²
553 716 688 788 quit,
719 714 900 770 habere
924 727 1015 767 nos
1045 710 1323 781 principem
1361 705 1678 764 sacerdotum
1702 746 1717 772 ,
1750 702 1952 774 justum
1980 739 1996 766 ,
2030 697 2138 751 sine

555 809 772 876 malitia,
800 806 1273 871 incantantinarum,
1296 809 1586 872 separatum
1610 810 1643 851 a
1667 792 2032 868 peccatoribus,
2050 788 2134 843 ai-

555 902 733 955 tiorem
754 914 787 952 a
807 898 945 953 caelis
970 901 1158 966 factum
1176 937 1191 964 ,
1223 908 1325 949 tum
1352 892 1611 946 habentem
1657 886 2005 960 quotidianam
2047 895 2137 935 ue-

554 991 855 1059 cessitatem,
887 990 1017 1044 sicut
1044 986 1298 1058 principes
1324 982 1660 1047 sacerdotum,
1682 979 1904 1050 primum
1922 989 2014 1045 pro
2032 971 2157 1026 suis-

555 1082 771 1155 peccatis
792 1078 1101 1151 sacrificium
1120 1074 1304 1144 offerre
1330 1073 1517 1143 (Hebr.
1543 1087 1638 1137 vn,
1662 1070 1757 1135 (ιϐ,
1785 1068 1902 1138 2⁸1).
1952 1066 2008 1121 In
2034 1063 2137 1118 hoc

555 1174 890 1232 sacerdotum
916 1185 1140 1229 numero
1160 1168 1444 1225 Zacharias
1465 1209 1479 1235 ,
1513 1168 1567 1221 in
1613 1165 1714 1220 hoc
1753 1162 1981 1219 Phincos
2010 1199 2025 1225 ,
2081 1157 2136 1211 in

556 1267 659 1323 hoc
680 1266 799 1339 ipse
820 1265 1018 1331 Aaron,
1047 1276 1079 1317 a
1104 1275 1210 1333 quo
1237 1260 1338 1315 iste
1359 1259 1491 1313 ordo
1519 1268 1744 1313 exorsus
1779 1263 1900 1317 est,
1926 1251 2054 1316 fuit,
2084 1258 2138 1304 et

556 1359 876 1430 quicumque
898 1355 986 1410 alii
1013 1354 1065 1409 in
1096 1352 1190 1408 illo
1240 1349 1542 1407 sacerdotio
1593 1344 1927 1401 laudabiliter
1967 1341 2138 1411 juste-

556 1465 658 1519 que
675 1450 941 1512 vixerunt;
960 1446 1048 1516 qui
1072 1451 1249 1498 tamen
1273 1440 1542 1495 habebant
1563 1436 1935 1493 necessitatem
1958 1430 2131 1487 sacri.

558 1540 734 1593 licium
760 1537 1004 1608 primitus
1027 1548 1128 1606 pro
1150 1531 1262 1588 suis
1288 1530 1483 1587 ofi‘erre
1502 1528 1756 1600 peccatis,
1774 1525 1891 1581 solo
1910 1522 2133 1580 Christo

551 1631 835 1697 existente,
860 1629 1012 1700 cujus
1039 1625 1249 1683 venturi
1279 1624 1499 1696 figuram
1530 1621 1831 1694 gestabant,
1852 1618 1943 1690 qui
1988 1616 2134 1672 hanc

555 1722 928 1780 necessitatem
976 1718 1226 1777 sacerdos
1287 1713 1771 1773 lncoutaminabiiis
1820 1726 1929 1767 non
1973 1708 2137 1765 habe-

552 1826 653 1874 ret.

621 1906 713 1963 20.
741 1903 877 1976 Quid
900 1910 1082 1960 autem
1107 1902 1176 1958 de
1202 1899 1461 1957 Zacharia
1487 1904 1542 1953 et
1560 1895 1831 1953 Elisaheth
1874 1891 2138 1949 laudabile

553 1999 754 2055 dictum
782 2005 883 2064 est,
913 1994 1055 2068 quod
1074 2007 1181 2050 non
1206 1993 1259 2048 in
1287 2007 1353 2048 eo
1377 1987 1886 2061 comprehendatur,
1909 1984 2049 2056 quod
2070 1983 2137 2038 de

551 2107 612 2149 se
637 2090 942 2162 Apostolus,
966 2102 1087 2145 cum
1114 2086 1170 2142 in
1198 2085 1471 2141 Christum
1517 2082 1752 2138 nondum
1777 2076 2088 2135 credidisset
2116 2114 2131 2142 ,

552 2183 821 2257 professus
848 2181 951 2239 est?
979 2179 1120 2236 Dixit
1146 2178 1289 2235 enim
1316 2193 1373 2233 se
1399 2174 1673 2231 secundum
1684 2171 1940 2245 justitiam
1957 2167 2136 2240 quain

552 2276 663 2351 tege
688 2286 781 2344 est,
805 2276 960 2348 fuisse
987 2276 1095 2330 sine
1119 2271 1325 2347 querela
1351 2286 1369 2325 :
1396 2270 1497 2325 hoc
1524 2267 1663 2333 etde
1690 2266 1795 2320 illis
1829 2264 1903 2318 ita
1926 2262 2132 2332 legitur,

553 2370 718 2426 Erant
746 2381 911 2426 autem
935 2369 1079 2423 ambo
1092 2367 1225 2440 justi
1241 2375 1358 2420 ante
1385 2363 1567 2429 Deum,
1601 2359 1884 2415 incedentes
1935 2357 1986 2410 in
2025 2371 2135 2409 om-

551 2463 697 2519 uibus
718 2461 973 2517 mandatis
998 2471 1043 2516 et
1057 2454 1507 2533 justi/icationibus
1537 2452 1744 2508 Domini
1786 2450 1894 2504 sine
1935 2445 2137 2518 querela

551 2556 700 2627 (Luc.
723 2570 762 2624 ι,
784 2552 865 2625 6).
892 2552 1025 2622 Quia
1038 2565 1166 2623 ergo
1192 2547 1445 2622 quidquid
1466 2547 1543 2602 eis
1572 2539 1998 2613 ineratjustitiaa,
2029 2552 2137 2593 non

553 2653 672 2705 erat
697 2645 765 2703 ad
782 2646 1027 2703 homines
1059 2640 1571 2708 simulatum,.idco
1605 2638 1804 2694 dictum
1853 2642 1937 2690 est
1963 2676 1981 2703 ,
2024 2639 2139 2687 ante

551 2737 737 2795 Deum.
765 2736 919 2807 Quod
940 2745 1120 2791 autem
1140 2734 1211 2790 de
1236 2732 1494 2789 Zacharia
1514 2739 1569 2786 et
1612 2729 1728 2798 ejus
1757 2726 1984 2796 conjuge
2009 2723 2139 2779 scri-

550 2840 700 2904 ptum
717 2838 820 2897 est,
848 2829 902 2883 in
930 2826 1159 2883 omnibus
1186 2823 1438 2879 mandatis
1463 2832 1510 2877 et
1528 2816 1985 2892 justiﬂeationibus
2029 2812 2136 2868 Do-

551 2920 677 2978 mini
702 2937 721 2977 :
750 2922 849 2976 hoc
870 2918 961 2975 ille
986 2916 1218 2975 breviter
1244 2914 1398 2980 dixit,
1423 2913 1478 2967 in
1505 2912 1632 2983 lege.
1682 2908 1799 2964 Non
1847 2907 1990 2963 enim
2032 2904 2137 2959 alia

553 3017 638 3074 lex
666 3011 764 3083 illi,
793 3013 895 3069 alia
924 3010 1040 3067 istis
1063 3009 1161 3066 fuit
1186 3016 1311 3063 ante
1328 3005 1709 3077 Evangelium;
1761 3000 1860 3057 sed
1900 3014 2007 3054 una
2052 3006 2136 3053 at-

556 3122 661 3180 que
689 3106 897 3174 eadem,
917 3116 1077 3176 quam
1098 3102 1323 3174 legimus
1354 3113 1451 3170 per
1476 3096 1699 3169 Moysen
1740 3093 1920 3171 datam
1969 3091 2136 3162 patri-

551 3200 654 3258 bus
681 3212 888 3266 ccrum,
919 3195 1213 3255 secundum
1235 3207 1393 3264 quam
1420 3191 1582 3246 etiam
1626 3186 1877 3244 sacerdos
1905 3183 2139 3242 eratZao

555 3292 791 3360 charias,
812 3299 867 3346 et
886 3288 1002 3344 vice
1023 3300 1120 3344 sua
1148 3282 1503 3342 sacriﬁcabat.
1529 3280 1791 3337 Ettamen
1815 3275 2134 3348 Apostolus,

554 3388 643 3459 qui
673 3383 836 3442 simili
859 3393 986 3438 tunc
1000 3377 1205 3454 justitia
1234 3372 1492 3449 praeditus
1520 3373 1639 3439 fuit,
1673 3370 1934 3442 sequitur,
1959 3373 2020 3459 et
2054 3366 2138 3422 di-

551 3456 626 3535 cit
654 3497 667 3533 :
698 3475 825 3549 Quae
845 3472 970 3529 mihi
1012 3472 1153 3527 lucra
1188 3467 1395 3539 fuerunt
1424 3508 1440 3533 ,
1483 3466 1591 3521 hac
1633 3470 1839 3535 propter
1884 3456 2140 3515 Christum

552 3570 741 3627 damna
771 3583 875 3623 esse
904 3564 1032 3621 duxi
1054 3577 1074 3618 :
1098 3568 1437 3617 uerumtamen
1486 3565 1532 3613 et
1574 3555 1790 3611 arbitror
1832 3552 2003 3608 omnia
2041 3551 2138 3605 da-

554 3678 729 3717 mnum
756 3674 864 3714 esse
884 3665 1089 3727 propter
1114 3652 1410 3708 eminentem
1444 3648 1702 3705 scientiam
1739 3645 1948 3700 Domini
1984 3642 2141 3698 nostri

553 3753 679 3809 .lcsu
703 3749 907 3815 Christi,
930 3754 1137 3819 propter
1155 3759 1302 3816 quem
1321 3742 1489 3797 omnia
1516 3756 1619 3796 non
1647 3738 1813 3795 solum
1843 3736 2140 3790 detrimenta

556 3840 767 3908 credidi,
798 3854 969 3896 verum
988 3838 1138 3893 etiam
1154 3845 1378 3892 stercora
1397 3832 1680 3889 existimavi
1705 3843 1809 3886 esse
1830 3871 1845 3895 ,
1886 3835 1942 3883 ut
1988 3824 2141 3881 Chri-

555 3946 688 3993 stum
716 3932 1051 4005 luerifaciam,
1081 3938 1129 3985 et
1153 3925 1557 3984 inueniarinitto
1591 3940 1695 3979 non
1742 3921 1930 3977 habens
1976 3933 2140 3974 meum

557 4029 802 4094 iustitiam
825 4021 1144 4097 qumexlege
1163 4029 1255 4088 est,
1285 4019 1375 4075 sed
1425 4034 1537 4074 eam
1580 4032 1695 4089 queo
1739 4023 1813 4070 est
1858 4029 1950 4086 per
1986 4012 2140 4082 ﬁdem

557 4122 763 4187 Christi,
786 4133 900 4193 quas
918 4126 990 4174 est
1016 4132 1079 4173 ea:
1103 4113 1234 4182 Deo,
1254 4113 1509 4186 justitiam
1551 4110 1604 4165 in
1643 4111 1745 4181 fide
1772 4149 1790 4178 ,
1838 4107 1906 4161 ad
1953 4122 2140 4178 cogno-

555 4215 793 4275 scendum
819 4228 933 4270 eum
954 4220 999 4267 et
1023 4211 1254 4267 virtutem
1274 4205 1650 4263 resurrectionis
1678 4204 1785 4275 ejus
1821 4211 1867 4257 et
1907 4216 2137 4256 commu-

554 4310 849 4367 nicationem
869 4305 1118 4379 passionis
1141 4304 1271 4374 ejus,
1291 4303 1632 4373 conformatus
1680 4297 1831 4352 morti
1871 4296 2033 4367 ipsius
2059 4336 2073 4361 ,
2095 4295 2139 4351 si

553 4419 651 4481 quo
697 4398 848 4455 modo
896 4412 1158 4454 occurram
1196 4394 1251 4449 in
1318 4391 1730 4481 resurrectionem
1797 4397 2134 4481 mortuorum.

553 4471 782 4544 Tantum
809 4496 937 4556 ergo
964 4483 1121 4554 longe
1146 4486 1248 4547 est,
1268 4486 1327 4533 ut
1351 4484 1569 4548 prepter
1607 4474 1696 4529 illa
1722 4472 1884 4528 verba
1928 4471 2135 4527 hacha-

551 4582 690 4639 riam
716 4589 770 4635 et
798 4578 1071 4634 Elisabeth
1092 4572 1373 4630 credamus
1399 4570 1517 4626 sine
1544 4568 1653 4624 ullo
1690 4574 1913 4637 peccato
1960 4563 2139 4641 perfe-

554 4682 695 4728 ctam
728 4669 982 4727 habuisse
1021 4665 1315 4739 justitiam,
1366 4671 1427 4716 ut
1469 4675 1570 4717 nec
1610 4660 1783 4731 ipsum
1824 4657 2138 4727 Apostolum

553 4763 795 4843 ejusdem
822 4758 1020 4831 regulae
1049 4755 1356 4814 summitate
1384 4751 1704 4808 arbitremur
1747 4748 1911 4805 fuisse
1961 4747 2139 4820 perfe-

552 4841 721 4925 ctum,
740 4869 845 4909 non
863 4852 1038 4911 solum
1068 4849 1122 4904 in
1146 4846 1233 4903 illa
1256 4847 1391 4921 legis
1411 4843 1614 4917 justltia
1639 4885 1654 4911 ,
1699 4857 1859 4914 quam
1909 4841 2137 4898 similem

553 4947 670 5005 istis
695 4944 896 5011 habuit,
922 4956 1081 5015 quam
1109 4941 1249 4996 inter
1264 4939 1457 4994 damna
1480 4945 1536 4993 et
1564 4944 1801 4993 stercora
1830 4933 2053 5006 deputat
2082 4936 2134 4990 in

553 5036 956 5115 comparatione
980 5030 1417 5090 eminentissima:
1450 5027 1669 5101 iustitiae
1699 5072 1715 5099 ,
1759 5044 1879 5101 quae
1927 5029 1981 5085 in
2032 5028 2136 5084 fide

554 5131 753 5190 Christi
780 5137 865 5189 est
882 5145 899 5195 ;
918 5140 1108 5184 verum
1132 5125 1294 5183 etiam
1320 5124 1376 5180 in
1416 5123 1533 5197 ipso
1560 5138 1772 5196 quoque
1800 5121 2091 5193 Evangelio
2116 5163 2132 5189 ,

553 5227 645 5283 ubi
663 5233 720 5289 et
742 5222 873 5279 tanti
896 5219 1238 5293 Apostolatus
1261 5217 1454 5274 meruit
1475 5217 1826 5289 principatum
1858 5231 1871 5269 :
1902 5214 2039 5287 quod
2056 5213 2138 5269 di-

555 5334 677 5377 cere
704 5333 807 5372 non
837 5313 1113 5382 auderem,
1138 5312 1243 5369 nisi
1269 5311 1319 5367 ei
1346 5326 1452 5367 non
1504 5308 1725 5366 credere
1774 5308 1926 5364 nefas
1976 5308 2138 5363 duce-

554 5427 689 5468 rem.
720 5406 823 5467 Ulﬁ
849 5407 1012 5463 etiam
1033 5405 1289 5477 sequitur,
1320 5412 1373 5460 et
1393 5401 1636 5474 adjungit
1662 5421 1674 5457 :
1706 5400 1824 5455 Non
1871 5401 1990 5471 quia
2019 5401 2137 5470 jam

554 5501 867 5574 acceperim,
908 5507 995 5555 aut
1011 5501 1125 5571 jam
1154 5501 1403 5570 perfectus
1452 5496 1581 5560 sim;
1626 5508 1806 5564 sequor
1845 5503 2044 5549 autem.
2093 5491 2137 5544 si

557 5594 978 5668 comprehendam
1004 5591 1046 5660 ⁸,
1067 5590 1122 5645 in
1144 5605 1242 5662 quo
1274 5598 1321 5643 et
1346 5587 1693 5661 apprehensus
1712 5601 1825 5641 sum
1853 5584 1907 5639 in
1934 5582 2134 5641 Christo

616 5752 637 5781 ‘
656 5755 704 5798 tu
730 5749 891 5809 edita.
913 5744 959 5800 si
978 5759 1073 5811 quo
1090 5744 1235 5811 modo
1251 5743 1664 5811 mmmam
1683 5745 1844 5811 Abest,
1866 5742 2134 5811 Mmoria.

556 5822 585 5860 a
609 5807 942 5872 manuscriptis
960 5845 975 5871 ,
992 5807 1166 5873 neque
1188 5808 1239 5858 in
1272 5807 1431 5873 latinis
1448 5808 1999 5873 tsibliispuorbcleusihus
2025 5807 2133 5857 t’uir

556 5880 682 5941 gata:
700 5871 932 5925 version'ss
946 5871 1208 5938 reperitur,
1228 5882 1393 5935 name
1416 5872 1463 5920 in
1478 5871 1664 5935 graecis.

1192 411 1284 470 DE
1321 405 1778 470 PECCATORUM
1815 398 2090 459 MERITIS
2126 392 2217 454 ET
2255 397 2678 471 REMISSIONE,
2718 404 2777 462 S.
2818 405 3183 464 AUGUSTINI

3722 394 3836 465 ιω

2242 511 2387 568 Iesu.
2414 513 2640 582 Fratres,
2664 532 2755 589 ego
2774 535 2853 574 me
2870 523 3036 590 ipsum
3055 538 3157 576 non
3184 520 3404 577 arbitror
3451 523 3835 594 apprehendis-

2241 622 2296 663 κ
2315 623 2333 661 :
2352 624 2509 662 unum
2532 620 2717 678 autem,
2741 628 2854 682 qum
2871 623 3005 668 retro
3030 613 3234 682 oblitus,
3258 614 3311 669 in
3335 630 3394 669 ea
3418 630 3534 687 quc
3550 626 3668 671 ante
3699 625 3830 674 sunt

2241 707 2486 768 extentus,
2518 702 2790 757 secundum
2813 702 3138 759 intentionem
3163 719 3361 777 sequor,
3388 706 3457 760 ad
3486 707 3709 778 palmam
3743 724 3836 763 su-

2243 806 2412 862 perna:
2436 796 2707 850 uocationis
2724 794 2843 864 Dei,
2867 794 2921 852 in
2942 796 3144 853 Christo
3170 797 3314 854 Iesu.
3344 799 3460 870 ipse
3487 815 3548 855 se
3594 801 3829 857 conﬁtc-

2241 890 2329 938 tur
2352 884 2589 940 nondum
2619 888 2905 956 accepisse,
2960 889 3196 944 nondum
3249 904 3370 946 esse
3408 891 3707 965 perfectum
3757 905 3828 948 ea

2242 977 2569 1046 plenitudine
2592 977 2831 1048 justitite,
2854 992 3013 1050 quam
3040 980 3260 1051 adipisci
3279 981 3462 1037 dilexit
3487 983 3539 1037 in
3569 982 3828 1052 Christo;

2241 1067 2338 1123 sed
2353 1068 2526 1123 adhuc
2552 1069 2841 1125 secundum
2865 1071 3213 1127 intentionem
3235 1073 3420 1143 sequi,
3471 1081 3526 1128 et
3553 1077 3830 1144 praeterita

2242 1159 2643 1215 obliviscentem
2672 1161 2726 1216 in
2742 1178 2806 1217 ca
2837 1176 2960 1233 quae
2989 1170 3115 1218 ante
3165 1171 3289 1219 sunt
3330 1164 3549 1220 extendi
3583 1183 3597 1219 :
3636 1175 3696 1221 ut
3724 1180 3830 1222 no-

2242 1252 2475 1306 verimus
2499 1252 2657 1306 etiam
2686 1252 2752 1307 ad
2775 1253 2948 1323 ipsum
2978 1254 3249 1323 pertinere
3268 1255 3396 1310 illud
3439 1255 3581 1325 quod
3629 1255 3725 1324 ait,
3751 1252 3833 1312 Et

2240 1345 2285 1397 si
2311 1346 2526 1399 exterior
2550 1345 2701 1400 homo
2731 1354 2899 1402 noster
2921 1348 3283 1417 corrumpitur,
3305 1347 3394 1403 sed
3437 1348 3645 1403 interior
3671 1366 3832 1404 reno-

2240 1445 2387 1491 vatur
2406 1436 2468 1493 de
2486 1439 2566 1493 die
2580 1438 2636 1493 in
2663 1439 2794 1493 diem
2819 1438 2901 1513 (ll
2927 1439 3043 1495 Cor.
3073 1456 3146 1509 iV,
3173 1440 3262 1511 16)
3291 1456 3306 1493 :
3336 1441 3581 1512 quamvis
3595 1440 3707 1511 jam
3736 1457 3831 1498 es-

2240 1538 2325 1586 set
2349 1531 2610 1601 perlectus
2624 1531 2817 1598 viator,
2848 1533 2951 1588 etsi
2982 1532 3216 1587 nondum
3251 1540 3369 1588 erat
3404 1534 3567 1603 ipsius
3612 1533 3830 1590 itineris

2240 1620 2569 1691 perfectione
2585 1631 2888 1693 perventor.
2909 1623 3149 1694 Denique
3188 1622 3323 1680 tales
3368 1625 3484 1679 vult
3535 1638 3718 1680 secum
3767 1626 3828 1680 in

2240 1714 2344 1770 isto
2371 1729 2529 1770 cursu
2555 1715 2778 1771 comites
2799 1729 3008 1786 rapere,
3045 1714 3237 1785 quibus
3257 1714 3510 1770 continuo
3550 1715 3830 1787 subiungit

2239 1813 2293 1861 et
2315 1804 2480 1862 dicit:
2514 1806 2768 1878 Quotquot
2789 1821 2906 1878 ergo
2930 1807 3141 1876 perfecti
3167 1846 3182 1871 ,
3231 1805 3327 1861 hoc
3352 1806 3650 1876 sapiamus;
3692 1816 3742 1862 et
3780 1808 3831 1863 si

2239 1898 2361 1968 quid
2387 1898 2535 1953 aliter
2558 1899 2754 1970 sapitis,
2785 1899 2879 1953 hoc
2921 1914 3118 1970 quoque
3152 1898 3292 1955 Deus
3318 1898 3456 1954 vobis
3501 1901 3781 1956 reuelabit‘
3806 1919 3827 1958 :

2241 2000 2581 2046 uerumtamen
2612 2032 2629 2058 ,
2656 1993 2707 2046 in
2725 1991 2861 2063 quod
2910 1992 3222 2064 pervenimus
3247 2032 3264 2061 ,
3301 1992 3358 2047 in
3399 2008 3458 2048 eo
3507 1993 3829 2050 ambulemus

2242 2085 2511 2160 (Phifipp.
2550 2101 2641 2152 ut,
2671 2084 2860 2159 5-16).
2899 2086 3203 2142 Ambulatio
3256 2086 3377 2155 ista,
3427 2100 3535 2141 non
3583 2088 3830 2158 corporis

2243 2180 2486 2251 pedibus,
2510 2180 2604 2235 sed
2631 2180 2824 2235 mentis
2845 2179 3121 2236 affectibus
3136 2187 3194 2235 et
3214 2179 3337 2235 vitae
3390 2179 3631 2235 moribus
3675 2180 3829 2251 geri-

2243 2279 2350 2338 tur,
2379 2280 2437 2326 ut
2464 2272 2671 2342 possint
2693 2283 2813 2327 esse
2836 2271 3054 2342 perfecti
3078 2270 3299 2341 iustitia:
3334 2284 3694 2341 possessores,
3728 2271 3825 2342 qui

2241 2374 2390 2420 recto
2418 2366 2608 2421 itinere
2634 2364 2794 2421 fidei'
2819 2364 2886 2420 de
2911 2363 2997 2419 die
3026 2364 3077 2418 in
3114 2364 3253 2419 diem
3284 2362 3336 2418 in
3358 2378 3452 2419 sua
3479 2364 3831 2420 renovatione

2240 2455 2598 2527 proficientes,
2618 2455 2730 2526 jam
2749 2455 2973 2526 perfecti
2996 2453 3125 2510 facti
3152 2463 3276 2510 sunt
3325 2454 3563 2527 ejusdem
3601 2454 3829 2526 iustitiae

2242 2548 2496 2603 viatores.
2888 2558 2893 2569 "

2308 2638 2536 2697 CAPUT
2552 2637 2977 2696 XlV.——-Qi.5ic
2996 2640 3175 2711 itaque
3199 2653 3405 2708 clunes,
3429 2641 3746 2712 quicumque
3767 2641 3826 2696 in

2240 2730 2342 2786 hac
2364 2731 2470 2785 vita
2499 2731 2798 2787 divinarum
2825 2730 3218 2802 Seripturarum
3250 2732 3571 2787 testimoniis
3598 2732 3653 2787 in
3682 2731 3828 2788 bona

2239 2823 2514 2879 voluntate
2539 2833 2697 2895 atque
2723 2823 2929 2880 actibus
2950 2824 3168 2895 justitiae
3186 2824 3457 2896 prmd‘ieati
3483 2834 3625 2891 sunt,
3640 2835 3694 2881 et
3709 2826 3833 2896 qui-

2240 2931 2469 2988 cumque
2490 2918 2621 2974 tales
2638 2918 2719 2972 vel
2737 2925 2859 2988 post
2874 2932 2965 2973 eos
2982 2918 3214 2986 luerunt,
3232 2919 3472 2990 quamvis
3492 2932 3598 2973 non
3616 2919 3830 2975 eisdem

2242 3011 2561 3067 testimoniis
2597 3010 2867 3082 praedicati
2906 3019 3063 3083 atque
3108 3009 3336 3079 laudati,
3375 3011 3459 3067 vel
3487 3025 3626 3066 nunc
3653 3026 3832 3083 usque

2241 3103 2399 3160 etiam
2423 3112 2567 3169 sunt,
2591 3102 2676 3158 vel
2698 3110 2880 3173 postea
2900 3116 3113 3174 quoque
3138 3100 3298 3158 futuri
3323 3111 3446 3157 sunt
3465 3117 3481 3169 ;
3507 3114 3691 3157 omnes
3711 3116 3837 3157 ma-

2240 3197 2350 3268 gni,
2377 3209 2563 3252 omnes
2583 3196 2733 3265 justi,
2761 3208 2949 3250 omnes
2967 3195 3230 3250 veraciter
3248 3192 3539 3249 laudabiles
3561 3200 3704 3260 sunt,
3727 3191 3833 3249 sed

2242 3287 2359 3344 sine
2382 3295 2598 3359 peccato
2617 3286 2796 3357 aliquo
2817 3300 2926 3341 non
2957 3293 3081 3341 sunt
3105 3302 3123 3339 :
3153 3285 3401 3358 quoniam
3426 3282 3828 3355 Scripturarum

2244 3380 2581 3446 testimoniis,
2634 3379 2825 3451 quibus
2870 3377 2939 3434 de
2983 3377 3198 3432 illorum
3248 3376 3491 3432 laudibus
3534 3375 3828 3441 credimus,

2242 3472 2345 3529 hoc
2370 3473 2529 3529 etiam
2558 3472 2846 3538 credimus,
2878 3485 2983 3526 non
3015 3469 3294 3542 iustificari
3320 3468 3373 3524 in
3402 3477 3687 3540 conspectu
3718 3468 3821 3524 Del

2242 3579 2455 3621 omnem
2482 3563 2747 3620 viventem
2778 3582 2790 3630 ;
2822 3561 2943 3619 ideo
2966 3563 3160 3634 rogari,
3191 3577 3258 3616 ne
3295 3561 3460 3617 intret
3483 3562 3537 3618 in
3565 3560 3827 3633 judicium

2241 3671 2365 3712 cum
2395 3657 2563 3713 servis
2590 3657 2738 3723 suis;
2767 3665 2820 3712 et
2836 3671 2942 3711 non
2960 3662 3162 3710 tantum
3182 3654 3553 3710 universaliter
3579 3654 3832 3711 ﬁdelibus

2242 3749 2510 3816 omnibus,
2536 3764 2723 3806 verum
2754 3749 2909 3805 etiam
2929 3747 3150 3820 singulis
3181 3762 3302 3805 esse
3322 3750 3619 3803 orationem
3638 3747 3826 3803 domi-

2242 3842 2419 3898 nicam
2436 3842 2811 3904 necessariam,
2831 3855 2989 3912 quam
3017 3837 3234 3895 tradidit
3258 3838 3533 3910 discipulis
3559 3841 3688 3896 suis.

2310 3932 2539 3991 CAPUT
2561 3930 2678 3990 XV.
2692 3932 2862 3987 ——22.
2885 3930 3109 4003 Objectio
3134 3931 3549 4004 Pelagianorum.
3572 3931 3839 4005 Perfeetio

2242 4026 2520 4083 secundum
2560 4025 2819 4097 quiddam.
2866 4023 3131 4095 Perfectus
3157 4024 3211 4078 in
3229 4024 3434 4096 justitia
3461 4034 3591 4079 recte
3617 4024 3831 4094 dicitur,

2241 4122 2327 4192 qui
2355 4120 2571 4174 multum
2616 4122 2670 4175 in
2708 4137 2765 4175 ea
2796 4120 3025 4192 profecit.
3052 4150 3124 4162 —
3151 4121 3217 4175 At
3262 4121 3395 4175 enim
3447 4119 3694 4173 Dominus
3734 4120 3836 4188 ait,

2247 4231 2268 4265 ι
2295 4212 2471 4267 Estote
2495 4214 2720 4285 perfecti,
2747 4212 2873 4268 sicut
2897 4223 2945 4267 et
2975 4211 3131 4267 Pater
3153 4221 3313 4268 vester
3338 4212 3547 4267 caetestis
3578 4214 3841 4282 perfectus

2242 4316 2314 4362 est
2342 4325 2360 4359 ι
2392 4306 2604 4379 (Matth.
2627 4322 2680 4372 v,
2710 4306 2838 4378 48);
2870 4305 3006 4377 quod
3029 4321 3129 4360 non
3155 4306 3462 4379 prmeiperet,
3490 4304 3757 4375 inquiunt,
3788 4305 3841 4358 si

2242 4401 2389 4456 sciret
2412 4400 2524 4472 fieri
2548 4416 2647 4454 non
2670 4416 2818 4471 posse
2841 4397 2974 4469 quod
2995 4398 3241 4469 praecipit.
3270 4397 3383 4451 Non
3410 4411 3548 4452 nunc
3569 4396 3841 4467 quaeritur

2241 4502 2421 4549 utrum
2444 4492 2558 4547 ﬁeri
2584 4493 2773 4563 possit,
2798 4491 2842 4546 si
2868 4492 3022 4546 istam
3050 4488 3429 4560 perfectionem
3457 4488 3527 4543 ad
3552 4487 3653 4542 hoc
3679 4489 3840 4543 acci-

2243 4586 2411 4656 piunt,
2444 4592 2501 4638 ut
2526 4583 2642 4638 sine
2666 4582 2779 4638 ullo
2809 4583 2876 4637 sit
2901 4583 3122 4657 quisque
3145 4589 3381 4651 peccato,
3410 4595 3530 4636 cum
3553 4579 3689 4635 hanc
3720 4583 3841 4651 agit

2241 4675 2405 4731 vitam
2425 4692 2440 4741 ;
2458 4674 2568 4746 jam
2588 4674 2729 4729 enim
2756 4686 2914 4745 supra
2943 4671 3337 4743 respondimus,
3361 4686 3521 4744 posse
3546 4672 3659 4727 ﬁeri
3685 4689 3700 4726 :
3733 4675 3839 4727 sed

2238 4778 2418 4828 utrum
2444 4768 2636 4840 aliquis
2676 4767 2855 4836 faciat,
2900 4767 3003 4823 hoc
3040 4781 3182 4822 nunc
3209 4766 3516 4838 qumrimus.
3543 4765 3837 4822 Neminem

2241 4872 2418 4920 autem
2439 4876 2557 4918 esse
2577 4861 2666 4931 qui
2694 4868 2893 4916 tantum
2923 4859 3069 4923 velit,
3098 4868 3354 4930 quantum
3376 4872 3461 4914 res
3486 4858 3666 4929 exigit,
3698 4869 3841 4915 ante

2241 4957 2621 5031 praecognitum
2636 4965 2738 5021 est,
2757 4953 3321 5025 sicutScripturarum,
3344 4968 3464 5026 qua:
3490 4968 3647 5025 supra
3675 4969 3837 5009 com-

2240 5049 2555 5117 memoravi,
2602 5047 2901 5106 testimonia
2927 5056 3067 5104 tanta
3093 5046 3382 5103 declarant.
3408 5046 3473 5104 Et
3491 5055 3666 5102 tamen
3699 5064 3771 5103 cu
3784 5067 3837 5104 m

2240 5142 2435 5200 dicitur
2457 5143 2711 5214 cujusque
2742 5138 3017 5211 perfectio,
3065 5154 3168 5211 qua
3219 5140 3272 5193 in
3308 5153 3368 5194 re
3391 5139 3599 5195 dicatur
3625 5137 3836 5193 viden-

2241 5235 2368 5293 dum
2394 5245 2496 5293 est.
2526 5234 2658 5290 Nam
2689 5248 2754 5290 ex
2804 5232 3058 5303 Apostolo
3087 5231 3448 5287 testimonium
3494 5231 3652 5302 paulo
3693 5242 3835 5288 ante

2240 5330 2415 5402 posui,
2442 5327 2531 5385 ubi
2549 5342 2605 5383 se
2633 5327 2824 5381 fatetur
2848 5324 2904 5379 in
2932 5323 3471 5395 acceptionejnstitize
3490 5338 3647 5394 quam
3676 5321 3835 5379 desi-

2241 5421 2410 5488 derat,
2440 5418 2673 5476 nendum
2702 5431 2821 5473 esse
2863 5414 3152 5489 perfectum
3182 5433 3197 5482 ;
3231 5425 3285 5470 et
3333 5425 3509 5470 tamen
3560 5416 3830 5473 continuo

2241 5512 2389 5580 ὤρη,
2442 5513 2697 5580 Quotquot
2747 5525 2864 5579 ergo
2912 5509 3138 5579 perfecti,
3187 5507 3280 5563 hoc
3328 5508 3585 5578 sapiamus
3615 5523 3634 5561 :
3671 5511 3827 5577 quod

2242 5613 2522 5673 utrumque
2551 5618 2656 5657 non
2684 5601 2906 5669 diceret,
2937 5601 3040 5656 nisi
3064 5601 3122 5657 in
3149 5601 3253 5658 alia
3278 5616 3337 5658 re
3354 5600 3619 5673 perfectus
3646 5610 3823 5669 esset,

2308 5803 2323 5832 ί
2360 5810 2406 5850 In
2429 5805 2555 5859 δίει,
2578 5796 2819 5849 reuelauit.

2308 5866 2326 5895 ⁸
2363 5873 2473 5926 \‘ox,
2499 5859 2631 5926 ﬁdei,
2657 5864 2795 5912 abest
2819 5860 2879 5913 ab
2896 5862 3118 5912 omnibus
3138 5859 3385 5912 Gallicanis
3403 5857 3758 5922 tum
