4016 6480
125 389 226 449 165

125 519 298 581 inalia
321 533 424 574 non
451 522 618 574 esset.
640 512 806 570 Velut
825 511 870 569 si
889 513 996 584 jam
1035 509 1104 566 sit
1143 505 1420 580 quisquam
1451 505 1722 576 sapientiae

129 615 392 688 perlectus
423 609 655 678 auditor,
679 607 828 680 quod
861 604 1095 662 nondum
1117 611 1266 658 erant
1315 601 1390 658 illi
1420 601 1611 672 quibus
1639 599 1724 654 di-

129 709 296 773 cebat,
335 704 442 760 Lac
461 702 598 758 vobis
625 709 806 772 potum
827 699 962 766 dedi,
987 713 1086 752 non
1113 711 1312 760 eseam;
1346 695 1572 748 nondum
1591 691 1724 747 enim

131 797 373 870 poteratis
406 813 426 850 :
455 793 546 850 sed
571 809 662 848 nec
705 791 878 846 adimo
922 789 1124 860 quidem
1171 786 1373 858 potestis
1400 785 1418 852 (
1448 783 1470 837 l
1496 783 1610 838 Cor.
1645 799 1722 850 tu,

129 893 160 946 Ξ
183 893 236 964 ):
271 889 360 944 eis
385 887 587 960 quippe
613 891 670 942 et
693 882 826 939 illud
842 881 936 948 ait,
975 879 1294 950 Sapientiam
1327 877 1578 946 loquimur
1597 875 1726 928 inter

134 979 426 1054 perfectos(
457 977 542 1032 Id.
573 993 630 1042 ιι,
659 975 692 1031 6
713 977 732 1048 )
757 992 772 1040 ;
805 975 987 1044 utique
1009 969 1272 1041 perfectos
1291 969 1306 998 ¹
1331 965 1604 1022 auditores
1634 979 1727 1020 vo-

136 1077 236 1130 lens
250 1069 492 1142 intelligi
517 1089 530 1124 :
555 1075 738 1142 potest
781 1081 910 1138 ergo
937 1063 1072 1128 lieri,
1121 1061 1258 1116 sicut
1285 1057 1414 1126 dixi,
1443 1067 1499 1114 ut
1517 1057 1628 1128 jam
1657 1055 1728 1112 sit

137 1165 320 1237 aliquis
347 1161 630 1234 sapientiae
670 1157 942 1230 perfectus
967 1155 1197 1221 auditor,
1225 1151 1380 1222 cujus
1407 1149 1638 1206 nondum
1659 1147 1730 1204 sit

139 1260 400 1330 perlectus
417 1263 476 1310 et
500 1252 692 1308 doctor
717 1265 734 1318 ;
763 1257 938 1320 potest
957 1245 1224 1317 perfectus
1249 1257 1369 1298 esse
1390 1241 1610 1312 iustitiae
1631 1253 1726 1294 co-

141 1351 330 1422 gnitor,
365 1345 614 1408 nondum
645 1341 912 1414 perfectus
957 1337 1176 1394 eﬂ‘ector
1207 1355 1220 1391 :
1249 1341 1422 1406 potest
1459 1331 1726 1404 perfectus

143 1451 330 1498 essent
375 1437 572 1510 diligat
621 1435 890 1500 inimicos,
932 1431 1020 1502 qui
1065 1429 1301 1486 nondum
1327 1437 1408 1484 est
1455 1425 1726 1496 perfectus

145 1531 466 1586 ntsuﬂ'erat.
511 1527 584 1584 Et
607 1525 698 1598 qui
737 1523 1002 1596 perfectus
1042 1519 1208 1577 estin
1258 1533 1324 1575 eo
1353 1517 1494 1590 quod
1540 1531 1726 1572 omnes

151 1625 375 1678 homines
397 1619 600 1690 diligit,
631 1619 830 1688 quippe
846 1615 936 1686 qui
959 1613 1120 1670 etiam
1164 1611 1230 1666 ad
1275 1609 1609 1666 inimicorum
1641 1607 1726 1662 di-

149 1719 418 1773 lectionem
447 1713 790 1786 pervenerit;
839 1708 1093 1779 quzcritur
1117 1713 1292 1760 utrum
1317 1705 1427 1773 jam
1460 1701 1527 1756 sit
1551 1701 1602 1754 in
1627 1700 1725 1754 ista

153 1810 428 1868 dilectione
457 1803 746 1878 perfectus,
793 1801 846 1856 id
875 1809 977 1866 est,
1011 1808 1187 1854 utrum
1233 1811 1366 1868 quos
1387 1793 1576 1866 diligit,
1609 1801 1728 1848 tan—

159 1915 246 1960 tum
269 1902 490 1974 diligat,
517 1905 776 1970 quantum
807 1893 896 1949 illa
923 1887 1367 1948 incommutabilis
1384 1887 1562 1956 regula
1593 1887 1728 1940 veri-

155 1998 258 2050 tatis
281 1989 593 2066 diligeudos
620 1985 740 2048 e§se
789 1983 1101 2058 praescribit.
1145 1979 1276 2036 Cum
1304 1995 1429 2050 ergo
1457 1975 1648 2048 legitur
1675 1975 1729 2032 in

153 2085 430 2158 Scripturis
456 2081 723 2154 cujusque
751 2073 1025 2148 perfectio,
1059 2088 1162 2144 qua
1191 2071 1244 2126 in
1281 2083 1342 2126 re
1368 2067 1592 2136 dicatur,
1623 2081 1730 2122 non

155 2157 477 2252 negligenter
501 2171 818 2230 intuendum
855 2177 938 2224 est
967 2185 979 2220 :
1009 2163 1257 2237 quoniam
1303 2175 1410 2216 non
1441 2159 1562 2215 ideo
1588 2157 1732 2228 quis-

153 2291 246 2350 que
291 2285 516 2352 prorsus
567 2267 682 2323 sine
715 2271 932 2336 peccato
979 2273 1098 2316 esse
1139 2257 1469 2327 intelligitur,
1515 2253 1636 2326 quia
1677 2253 1730 2308 in

151 2343 314 2438 aliqua
341 2379 404 2420 re
436 2360 631 2418 dicitur
657 2371 778 2413 esse
799 2355 1080 2426 perfectus.
1121 2349 1430 2418 Quanquam
1474 2355 1527 2402 et
1556 2345 1609 2400 iu
1631 2343 1733 2399 hoc

151 2436 308 2532 possit
334 2457 411 2512 ita
435 2453 566 2520 dici,
592 2459 650 2506 ut
679 2463 784 2504 non
801 2447 922 2518 quia
943 2445 1053 2516 jam
1079 2457 1186 2498 non
1223 2449 1304 2496 est
1323 2455 1426 2510 quo
1463 2436 1729 2508 proﬁciat,

151 2531 238 2608 sed
259 2551 386 2622 quia
405 2564 476 2605 ex
499 2546 726 2602 maxima
757 2551 908 2620 parte
935 2537 1176 2610 profecit,
1194 2535 1296 2590 hoc
1309 2533 1522 2588 nomine
1543 2531 1733 2601 dignus

153 2643 408 2702 habeatur
433 2658 449 2694 :
477 2641 610 2696 sicut
627 2637 679 2691 in
696 2633 939 2690 doctrina
958 2629 1114 2700 chis
1139 2625 1242 2684 dici
1263 2633 1439 2698 potest
1455 2624 1735 2694 quisquam

147 2735 452 2814 perlectus,
474 2731 670 2786 etiamsi
691 2743 816 2784 eum
839 2721 1036 2795 aliquid
1059 2721 1233 2778 adhuc
1255 2719 1377 2772 latet
1403 2731 1418 2783 ;
1449 2715 1587 2771 sicut
1613 2729 1734 2784 per.

149 2805 326 2886 lectos
357 2825 574 2882 dicebat
594 2815 1104 2892 Apostolus,quibus
1127 2821 1305 2868 tamen
1334 2809 1426 2874 ait,
1458 2807 1524 2862 Et
1549 2807 1590 2860 si
1615 2805 1736 2877 quid

153 2922 292 2976 aliter
315 2917 524 2988 sapitis,
549 2913 604 2968 id
621 2927 816 2988 quoque
841 2908 978 2963 vobis
1003 2905 1136 2961 Deus
1179 2901 1414 2958 reuelabit
1438 2915 1457 2954 :
1484 2907 1736 2954 verumta-

157 3013 328 3068 ntenin
355 3009 498 3082 quod
527 3009 862 3080 pervenimus,
895 3003 946 3055 in
976 3017 1032 3056 eo
1053 2997 1380 3052 ambulemus.

219 3100 452 3162 CAPUT
491 3097 636 3154 XVI.
661 3095 846 3150 ~25.
871 3091 974 3148 Cur
1025 3089 1160 3144 Deus
1209 3085 1436 3158 pra’cipit
1475 3085 1609 3156 quod
1645 3083 1739 3138 scit

165 3215 250 3252 non
267 3193 660 3250 observandum.
685 3189 870 3259 Neque
899 3181 1200 3256 negandum
1231 3189 1314 3236 est
1341 3181 1441 3234 hoc
1465 3180 1634 3234 Deum
1653 3177 1740 3246 ju-

166 3289 294 3356 bere,
317 3289 392 3346 ita
439 3299 544 3341 nos
572 3284 624 3339 in
654 3279 894 3337 facienda
920 3277 1124 3350 justitia
1175 3287 1294 3330 esse
1323 3272 1520 3328 debere
1561 3267 1740 3342 perfe-

165 3393 282 3450 ctos,
323 3391 380 3438 ut
427 3377 640 3433 nullum
689 3373 978 3428 habeamus
1019 3367 1237 3424 omnino
1287 3373 1583 3436 peccatum.
1611 3359 1742 3416 Nam

167 3485 248 3528 nec
285 3479 572 3544 peccatum
617 3465 740 3531 erit,
788 3463 832 3518 si
861 3459 984 3532 quid
1009 3459 1128 3528 erit,
1157 3459 1328 3513 sinon
1373 3451 1740 3522 divinitusju-

169 3543 299 3620 batur
315 3575 374 3618 ut
405 3577 518 3616 non
541 3561 634 3614 sit.
681 3555 784 3612 Cur
806 3571 924 3626 ergo
944 3553 1108 3624 jubet,
1159 3549 1426 3620 inquiunt,
1477 3545 1612 3613 quod
1651 3543 1742 3598 scit

171 3658 342 3712 nultum
366 3653 646 3709 hominum
675 3663 782 3704 esse
813 3651 1064 3718 facturum
1086 3641 1111 3695 ?
1131 3639 1243 3696 Hoc
1271 3637 1432 3693 modo
1473 3637 1632 3692 etiatn
1655 3635 1740 3690 di-

171 3747 408 3816 cipoLeSt,
447 3759 550 3798 cur
578 3739 766 3811 primis
795 3735 900 3792 illis
927 3731 1228 3789 hominibus
1243 3730 1484 3808 jusserit,
1517 3727 1609 3798 qui
1637 3725 1744 3782 duo

177 3840 250 3894 soli
271 3846 450 3904 erant,
477 3831 628 3906 quod
657 3830 862 3886 sciebat
885 3841 978 3884 eos
1001 3841 1104 3880 non
1129 3839 1247 3878 esse
1267 3819 1542 3877 facturos?
1563 3819 1746 3889 Neque

173 3933 288 3988 crint
315 3928 616 3988 dicendum
644 3935 746 3990 est,
777 3921 900 3978 ideo
922 3919 1168 3990 jussisse,
1197 3923 1256 3970 ut
1289 3925 1528 3970 nostrum
1553 3911 1745 3983 aliquis

174 4025 216 4078 id
239 4023 460 4086 faceret,
491 4021 538 4074 si
567 4017 644 4072 illi
687 4029 792 4071 non
817 4014 1058 4068 facerent
1087 4029 1102 4066 :
1127 4011 1229 4064 hoc
1256 4007 1421 4072 enim,
1460 4022 1526 4061 ue
1555 4005 1623 4060 de
1659 4003 1746 4059 illa

173 4117 352 4176 scilicet
403 4111 608 4168 arbore
655 4107 834 4163 cibum
865 4109 1172 4167 sumerent,
1205 4097 1416 4155 nonnisi
1463 4097 1566 4151 illis
1619 4095 1746 4152 solis

171 4207 298 4264 Deus
331 4205 498 4278 jussit
521 4202 682 4272 ;quia
735 4197 872 4254 sicut
903 4195 1104 4251 sciebat
1141 4191 1266 4264 quid
1302 4189 1522 4261 justitia:
1551 4185 1746 4242 facturi

171 4313 274 4356 non
299 4277 472 4362 erant,
502 4295 578 4348 ita
613 4291 776 4347 etiam
805 4285 1006 4344 sciebat
1029 4281 1154 4355 quid
1180 4280 1400 4353 justitize
1421 4280 1486 4334 de
1505 4277 1614 4333 illis
1633 4285 1750 4331 erat

169 4387 282 4460 ipse
321 4389 578 4442 facturus.
612 4383 690 4437 Eo
735 4377 893 4434 modo
935 4391 1063 4448 ergo
1096 4373 1247 4446 jubet
1285 4371 1530 4426 onmibus
1573 4367 1747 4422 homi-

167 4459 320 4538 nibus
343 4489 400 4535 ut
437 4493 550 4534 non
595 4474 798 4530 faciant
823 4469 990 4526 ullum
1035 4473 1332 4540 peccatum,
1389 4460 1630 4535 quamvis
1677 4459 1746 4514 sit

169 4571 418 4644 praescius
459 4567 732 4624 nemiuem
781 4561 883 4618 hoc
919 4558 1280 4628 impleturum,
1327 4563 1387 4610 ut
1430 4553 1750 4625 quicumque

167 4663 322 4736 impie
349 4677 417 4718 ac
437 4655 816 4715 damnabiliter
843 4653 956 4724 ejus
1007 4657 1266 4721 praecepto
1311 4644 1747 4715 contempserint,

165 4758 273 4828 ipse
313 4755 482 4810 faciat
533 4751 588 4806 in
642 4763 826 4806 eorum
851 4744 1190 4801 damnatione
1219 4741 1360 4813 quod
1381 4740 1588 4811 justum
1627 4744 1746 4794 est:

165 4853 486 4922 quicumque
531 4851 710 4900 autem
759 4841 814 4896 iu
851 4839 966 4910 ejus
1011 4835 1289 4909 praeceptis
1341 4831 1652 4890 obedienter
1699 4837 1754 4886 et

163 4921 244 5012 pie
297 4937 652 5010 proﬁcientes
677 4975 692 5002 ,
735 4945 836 4988 nec
883 4939 1058 4985 tamen
1101 4927 1280 4984 omnia
1333 4939 1450 4996 quae
1501 4921 1756 4995 praecepit

162 5035 477 5106 implentes,
507 5029 647 5084 sicut
667 5025 766 5081 sibi
814 5022 1006 5079 dimitti
1045 5021 1250 5084 volunt,
1283 5017 1362 5074 sic
1391 5015 1508 5072 aliis
1535 5023 1752 5086 peccata

163 5121 498 5184 dimiserint,
533 5120 648 5189 ipse
667 5113 892 5172 faciatin
917 5127 1102 5170 eorum
1131 5109 1474 5166 mundatione
1489 5107 1631 5178 quod
1657 5106 1755 5162 bo-

159 5233 292 5274 num
340 5223 448 5272 est.
491 5209 770 5282 Quomodo
811 5207 952 5264 enim
1001 5203 1288 5262 dimitteati
1335 5201 1618 5258 dimittitur
1665 5215 1759 5270 per

161 5309 258 5367 Dei
279 5303 732 5368 misericordiam,
762 5301 808 5356 si
829 5307 1102 5371 peccatum
1127 5313 1235 5353 non
1255 5303 1339 5352 est
1361 5295 1386 5350 ’ρ
1411 5303 1504 5350 aut
1533 5307 1758 5364 quomo-

169 5401 236 5458 do
251 5415 368 5456 non
395 5405 608 5454 vetatur
625 5411 722 5468 per
739 5393 833 5448 Dei
857 5393 1138 5462 justitiam,
1153 5390 1199 5444 si
1223 5397 1494 5459 peccatum
1523 5395 1604 5440 est
1631 5385 1654 5438 ’ξ

233 5494 332 5550 24.
363 5489 473 5548 Sed
516 5504 648 5554 ecce,
705 5485 965 5556 inquiunt,
1022 5481 1292 5554 Apostolus
1321 5479 1482 5546 dicit,
1519 5497 1536 5528 ι
1563 5475 1760 5530 Bonum

173 5598 429 5642 certamen
464 5581 672 5646 certari,
699 5579 852 5648 ﬁdem
895 5575 1102 5642 servavi,
1136 5589 1339 5629 cursum
1384 5567 1724 5624 consummavi
1743 5581 1760 5630 ;

173 5689 398 5752 superest
429 5675 556 5730 mihi
581 5687 774 5728 corona
795 5671 1008 5740 justitia:
1037 5688 1057 5722 ι
1091 5667 1158 5741 (ll
1183 5667 1316 5721 Tim.
1341 5682 1408 5729 tv,
1443 5665 1474 5719 7
1505 5664 1560 5732 8)
1589 5681 1602 5716 :
1630 5660 1763 5730 quod

177 5787 272 5826 non
309 5770 515 5836 diceret,
548 5765 594 5820 si
643 5763 850 5816 haberet
875 5759 1035 5816 ullum
1065 5770 1340 5831 peccatum.
1383 5756 1496 5812 lmo
1523 5769 1650 5812 vero
1682 5767 1764 5809 rc-

233 5889 254 5922 ι
285 5894 388 5940 Ani.
412 5889 584 5950 etin,
603 5871 968 5946 perfectiores.-

1427 369 1626 428 UBER
1663 367 2038 430 SECUNDUS.

1831 483 2128 554 spondeam
2159 483 2426 554 quomodo
2452 483 2624 556 potuit
2643 486 2758 542 tunc
2781 483 2980 556 dicere,
3011 485 3094 542 cui
3121 484 3294 542 adhuc
3323 503 3412 546 re-
3505 551 3510 558 _

1830 576 2005 630 stabat
2033 575 2196 646 ipsius
2227 575 2506 645 passionis,
2527 591 2688 646 quam
2735 577 2836 633 sibi
2853 577 2964 648 jam
2991 577 3304 648 impendere
3330 578 3415 634 di-

1833 675 1980 722 xerat
2003 707 2020 734 ,
2077 675 2185 722 tam
2235 681 2426 739 magna
2467 667 2816 739 conﬂictatio,
2867 677 2976 728 tam
3019 671 3308 728 molestum
3352 685 3418 730 ac

1829 759 2032 831 grande
2079 769 2370 816 certamen.
2401 760 2482 816 An
2511 761 2578 816 ad
2619 761 2736 832 ejus
2774 763 3256 824 consummandam
3284 778 3410 820 cur-

1829 866 1952 907 sum
2003 867 2188 922 parum
2225 851 2398 908 adhuc
2433 853 2638 918 deerat,
2683 853 2898 923 quando
2927 855 3058 912 illud
3101 855 3284 914 deerat
3326 856 3416 912 ubi

1829 951 1943 998 erat
1991 943 2200 1000 futurus
2251 946 2428 1000 acrior
2455 954 2512 1000 et
2547 945 2812 1002 crudelior
2865 947 3152 1004 inimicus?
3183 947 3334 1016 Quod
3371 949 3414 1002 si

1830 1033 1952 1090 ideo
1971 1033 2166 1090 talibus
2191 1035 2366 1090 verbis
2391 1044 2568 1090 certus
2613 1051 2938 1108 securusque
2961 1037 3250 1108 gaudebat,
3285 1038 3412 1108 quia

1829 1124 1898 1180 de
1947 1127 2165 1182 victoria
2215 1127 2380 1182 futuri
2423 1127 2732 1184 certaminis
2763 1130 2780 1160 ι
2819 1137 3022 1186 certum
3080 1145 3202 1188 eum
3259 1145 3416 1188 secu-

1830 1232 2054 1286 rumque
2063 1217 2172 1288 jam
2195 1217 2394 1276 fecerat
2417 1261 2432 1286 ,
2455 1219 2542 1290 qui
2588 1219 2828 1276 eamdem
2861 1221 3159 1290 passionem
3193 1222 3304 1294 jam
3343 1223 3417 1278 illi

1831 1309 2159 1364 revelaverat
2185 1310 2490 1376 imminere;
2517 1326 2626 1366 non
2649 1327 2708 1368 re
2735 1312 3059 1382 plenissima,
3087 1313 3180 1370 sed
3206 1329 3302 1386 spe
3319 1315 3414 1372 lir-

1831 1399 2068 1456 missima
2097 1398 2208 1454 haec
2229 1399 2384 1466 dixit,
2415 1411 2470 1456 et
2511 1401 2654 1471 quod
2697 1401 2930 1458 futurum
2983 1419 3102 1460 esse
3145 1419 3411 1476 praesum-

1833 1491 1956 1561 psit,
1991 1499 2238 1562 tanquam
2265 1492 2456 1548 factum
2472 1492 2631 1548 fuerit
2657 1493 2928 1552 indicavit.
2951 1495 3006 1550 Si
3019 1511 3145 1568 ergo
3175 1496 3256 1552 bis
3285 1513 3411 1554 ver-

1831 1580 1916 1636 bis
1939 1581 2098 1638 etiam
2117 1581 2220 1638 hoc
2247 1583 2488 1650 adderet,
2525 1593 2586 1644 ut
2609 1583 2830 1652 diceret,
2851 1585 3070 1640 Nullum
3109 1587 3281 1644 habeo
3303 1587 3414 1658 jam

1834 1683 2112 1742 peccatum
2147 1674 2286 1736 -.boc
2313 1689 2526 1745 quoque
2555 1675 2704 1732 illum
2753 1675 3168 1746 intelligeremus
3214 1694 3322 1738 non
3348 1679 3416 1736 de

1831 1765 1908 1822 rei
1939 1765 2108 1832 factm,
2141 1766 2236 1822 sed
2279 1765 2344 1822 de
2368 1767 2450 1822 rei
2489 1765 2682 1824 futurae
2713 1767 3040 1838 perfectione
3087 1768 3304 1826 dixisse.
3329 1769 3418 1826 Sic

1831 1859 1975 1916 enim
2025 1859 2090 1914 ad
2127 1859 2291 1928 ipsius
2341 1873 2528 1918 cursus
2573 1861 3090 1918 consummationem
3125 1863 3423 1932 pertinebat

1833 1950 2036 2004 nullum
2061 1951 2258 2006 habere
2287 1960 2586 2021 peccatum,
2611 1951 2756 2024 quod
2799 1953 2886 2010 isti
2913 1960 3124 2024 putant,
3151 1969 3272 2010 cum
3301 1955 3418 2012 haec

1834 2045 2054 2112 diceret,
2083 2045 2192 2115 jam
2249 2047 2304 2102 in
2341 2047 2434 2102 illo
2479 2045 2648 2104 fuisse
2689 2048 3012 2118 completum
3035 2048 3415 2119 ;quemadmo-

1833 2135 1960 2194 dum
2007 2137 2076 2194 ad
2105 2137 2272 2208 ipsius
2315 2153 2506 2196 cursus
2555 2139 3074 2196 consummationem
3119 2139 3426 2212 pertinebat

1835 2229 1994 2283 etiam
2036 2229 2086 2282 in
2115 2229 2408 2284 certamine
2435 2229 2695 2300 passionis
2720 2229 3088 2288 adversariorum
3135 2247 3417 2302 superare,

1835 2321 1980 2392 quod
1998 2323 2157 2378 etiam
2185 2324 2284 2394 ipsi
2313 2339 2534 2382 necesse
2559 2333 2642 2382 est
2667 2323 2951 2393 fateantur,
2979 2341 3104 2382 cum
3140 2325 3256 2382 hate
3275 2325 3424 2382 dice-

1835 2426 1938 2482 ret,
1967 2417 2140 2472 adhuc
2163 2418 2218 2472 in
2237 2419 2332 2476 illo
2348 2417 2514 2476 fuisse
2533 2419 2910 2490 complendum
2935 2437 2948 2474 :
2975 2419 3076 2478 hoc
3095 2433 3224 2492 ergo
3248 2427 3420 2474 totum

1837 2523 1936 2564 nos
1963 2507 2188 2566 dicimus
2211 2519 2336 2566 tunc
2363 2509 2526 2564 fuisse
2553 2509 2728 2566 adhuc
2755 2511 3156 2580 perﬁciendum,
3203 2510 3417 2582 quando

1832 2599 1942 2672 ja
1971 2599 2039 2654 de
2069 2601 2160 2656 Dei
2189 2600 2544 2670 promissione
2587 2599 2866 2670 lit-zelide
2893 2609 3062 2658 totum
3109 2601 3184 2656 ita
3211 2599 3428 2658 dicebat

1841 2701 2090 2761 tanquam
2133 2689 2322 2748 fuisset
2371 2689 2638 2748 edoctum.
2663 2689 2746 2746 Ad
2783 2689 2953 2760 ipsius
2989 2691 3186 2762 quippe
3239 2703 3430 2750 cursus

1837 2783 2352 2840 consummationem
2399 2783 2698 2852 pertinebat
2721 2824 2736 2850 ,
2781 2782 2944 2838 etiam
3000 2781 3142 2853 quod
3201 2789 3422 2854 peccata

1839 2875 2142 2932 dimittebat
2181 2873 2514 2932 debitoribus
2545 2873 2677 2940 suis,
2707 2879 2870 2943 atque
2907 2873 2980 2930 ita
3019 2871 3126 2932 sibi
3151 2883 3210 2930 ut
3247 2871 3430 2928 dimit-

1839 2975 2046 3026 teretur
2071 2967 2302 3026 orabat'
2333 2981 2476 3037 :qua
2515 2965 2726 3022 Domini
2767 2965 3150 3036 pollicitatione
3192 2962 3429 3022 certissip

1839 3077 1962 3116 mus
1981 3071 2116 3125 erat,
2143 3060 2200 3116 in
2219 3059 2312 3116 illo
2331 3059 2458 3126 title,
2485 3057 2833 3128 quemadltuc
2853 3055 3090 3114 futurum
3107 3055 3220 3128 jam
3265 3054 3434 3118 fidens

1841 3153 1914 3211 do
1931 3153 2144 3210 dicebat
2171 3153 2472 3224 impletum,
2501 3151 2706 3208 nullum
2749 3165 2808 3208 se
2831 3150 3132 3208 habiturum
3161 3163 3284 3208 esse
3309 3163 3435 3220 pec-

1839 3257 2044 3310 eatum.
2075 3246 2230 3314 Nam,
2259 3255 2321 3306 ut
2367 3243 2472 3304 alia
2509 3245 2780 3312 omittam,
2827 3243 2992 3302 miror
3021 3244 3066 3300 si
3093 3259 3216 3302 cum
3260 3241 3426 3300 verba

1839 3343 1931 3398 illa
1973 3340 2204 3406 dicebat,
2245 3353 2340 3410 per
2385 3353 2509 3409 quae
2549 3337 2666 3394 istis
2710 3337 2860 3394 visus
2895 3343 2979 3394 est
3003 3337 3208 3396 nullum
3225 3335 3435 3396 habuis-

1839 3450 1904 3492 se
1929 3443 2232 3505 peccatum,
2259 3433 2370 3502 jam
2401 3429 2572 3486 fuerat
2597 3429 2668 3486 ab
2695 3430 2788 3486 illo
2825 3429 3034 3486 ablatus
3069 3429 3160 3486 ille
3179 3429 3430 3490 stimulus

1839 3526 2044 3593 carnis,
2063 3524 2130 3582 de
2155 3539 2263 3595 quo
2283 3539 2311 3578 a
2335 3521 2698 3580 seaufercndo
2723 3521 3006 3578 Dominum
3031 3529 3421 3592 terrogaverat,

1845 3631 2268 3687 reaponsumque
2311 3621 2590 3684 acceperat
2613 3655 2630 3682 ,
2685 3613 2883 3686 Suﬁicit
2929 3611 3019 3670 tibi
3061 3613 3228 3688 gratia
3265 3629 3375 3668 mea
3399 3630 3420 3670 δ

1845 3727 1968 3766 nam
1993 3709 2162 3764 uirtus
2207 3709 2262 3764 in
2281 3707 2578 3777 inﬁrmitate
2605 3706 2864 3778 perﬁcitur
2891 3705 2976 3776 (ll
3003 3704 3120 3762 Cor.
3151 3721 3244 3776 xu,
3267 3703 3428 3776 7-9).

1849 3802 1984 3860 lluic
2021 3808 2172 3856 tanto
2211 3799 2326 3854 viro
2353 3798 2678 3868 perﬁciendo
2717 3796 3081 3856 necessarium
3123 3795 3242 3864 fuit,
3271 3805 3330 3852 ut
3369 3797 3438 3852 ab

1849 3892 1940 3948 illo
1965 3890 2182 3961 angelus
2209 3897 2408 3948 satanas
2447 3903 2552 3944 non
2595 3869 2912 3954 auferretur,
2939 3901 2970 3942 a
3002 3902 3109 3960 quo
3155 3896 3436 3962 propterea

1847 3984 2296 4054 colaphizabautr,
2337 3998 2408 4042 ne
2437 3981 2800 4052 magnitudine
2847 3981 3110 4042 visionum
3149 3981 3437 4038 extollere—

1849 4087 1976 4134 tur:
2005 4075 2238 4134 etaudet
2273 4075 2576 4146 quisquam,
2617 4087 2940 4146 queaujuam
2985 4073 3071 4132 vel
3117 4081 3304 4145 putare
3349 4071 3436 4130 vel

1845 4169 2029 4228 dicere
2057 4170 2288 4240 positam
2305 4169 2404 4228 sub
2437 4183 2602 4228 onere
2631 4167 2792 4240 hujus
2822 4167 2946 4226 vitae
2971 4167 3039 4228 ab
3073 4168 3224 4228 omni
3260 4165 3436 4226 omni-

1851 4279 1924 4322 no
1949 4263 2207 4320 mundum
2233 4277 2352 4322 esse
2375 4261 2644 4332 peccato?

1921 4357 2012 4412 25.
2051 4355 2167 4412 Sint
2207 4355 2330 4412 licet
2365 4354 2610 4412 homines
2639 4361 2784 4410 tanta
2823 4353 3144 4412 excellentes
3175 4353 3421 4424 justitia,

1851 4457 1912 4506 ut
1947 4448 2018 4504 ad
2057 4462 2154 4504 eos
2185 4446 2254 4506 do
2297 4446 2544 4506 columna
2575 4446 2730 4504 nobis
2771 4446 3014 4516 loquatur
3039 4445 3182 4504 Deus
3205 4483 3222 4512 ,
3267 4444 3440 4514 qualis

1855 4541 2058 4613 Moyses
2079 4547 2129 4600 et
2153 4539 2325 4596 Aaron
2349 4539 2404 4598 in
2425 4537 2768 4594 stwerdottbus
2795 4537 2936 4608 ejus,
2961 4545 3008 4594 et
3031 4535 3242 4592 Samuel
3279 4537 3331 4590 in
3361 4537 3440 4594 his

1853 4634 1941 4706 qui
1960 4634 2195 4690 introeant
2219 4647 2400 4688 nautea
2419 4632 2572 4702 ejus;
2601 4629 2752 4706 cujus
2777 4643 2980 4700 magna:
3015 4627 3202 4690 laudes
3229 4627 3443 4698 pietatis

1855 4735 1912 4784 et
1951 4727 2268 4786 innocentia:
2297 4725 2354 4780 in
2382 4723 2652 4794 Scriptura
2673 4721 2908 4780 veridica
2931 4720 3290 4792 praedicantur
3311 4763 3327 4790 ,
3375 4721 3444 4780 ab

1863 4819 2084 4880 ineunte
2129 4817 2374 4888 pueritia,
2405 4831 2476 4872 ex
2503 4829 2608 4890 quo
2650 4829 2774 4872 eum
2809 4823 2980 4872 mater
3005 4823 3186 4874 votum
3229 4813 3444 4870 solvens

1857 4911 1912 4972 ln
1957 4910 2152 4981 templo
2191 4909 2286 4964 Dei
2311 4907 2612 4974 constituit,
2640 4915 2696 4964 et
2727 4921 2942 4962 servum
2972 4905 3198 4966 Domino
3227 4905 3444 4964 dedica-

1858 5007 1935 5060 vit
1964 5022 1978 5060 :
2007 5003 2168 5058 etiam
2199 5001 2268 5057 de
2295 5001 2488 5058 talibus
2516 5001 2774 5072 scriptum
2797 5005 2916 5066 est,
2945 4996 3024 5056 Tu
3045 4999 3295 5068 prapitius
3331 5015 3446 5052 eras

1857 5087 1994 5154 illis,
2035 5095 2080 5144 et
2115 5085 2376 5142 vindicans
2418 5085 2472 5138 in
2513 5099 2682 5138 omnes
2709 5080 2998 5150 aﬂ‘ectiones
3038 5099 3211 5136 eorum
3261 5081 3444 5154 (Psal.

1861 5197 2059 5248 xcvnl,
2087 5179 2182 5236 6-8
2201 5177 2244 5250 ).
2293 5178 2350 5232 In
2393 5177 2532 5234 ﬁlios
2579 5176 2776 5248 quippe
2821 5175 3176 5234 damnationis
3216 5173 3448 5230 vindicat

1865 5273 2030 5330 iratus
2057 5289 2069 5324 :
2097 5270 2149 5324 in
2177 5268 2314 5323 ﬁlios
2340 5276 2515 5322 autem
2540 5267 2724 5337 gratiae
2749 5266 2980 5322 vindicat
3009 5267 3290 5337 prOpitius,
3314 5265 3442 5322 dum

1924 5429 1947 5496 γι
1982 5425 2118 5496 Editi,
2143 5421 2437 5496 [minitanti
2771 5423 2950 5496 Abest,
2973 5421 3110 5484 tanti,
3129 5435 3162 5472 ει
3189 5422 3450 5478 manuscri-

1865 5493 1976 5554 ptis.
2003 5515 2064 5554 _--
2087 5481 2248 5554 tn'ltos
2275 5485 2422 5536 libros
2439 5484 2659 5554 «lctulos
2679 5481 2974 5554 [cenitarem
2995 5481 3160 5534 curam
3191 5497 3298 5532 cum
3325 5496 3450 5532 non-

1866 5545 1982 5600 dum
2003 5547 2660 5610 impendissmu.Itencdictiui
2682 5583 2695 5604 ,
2721 5545 2881 5610 locum
2917 5555 3208 5608 prmseutem
3237 5557 3450 5593 minute-

1867 5608 2109 5662 morautes
2134 5611 2182 5658 iu
2205 5617 2334 5658 tome
2353 5611 2540 5671 quinto,
2555 5621 2714 5671 serui.
2740 5608 2848 5664 299,
2875 5617 2988 5671 nota
3007 5608 3096 5671 (ιι),
3119 5608 3359 5668 scripsere
3386 5618 3451 5655 ex

1869 5676 2028 5744 alitis,
2053 5671 2201 5724 futuri
2225 5672 2344 5744 atati
2365 5667 2638 5722 certaminis
2657 5683 2675 5733 ,'
2695 5683 2902 5734 quorum
2917 5667 3176 5722 lectionem
3197 5667 3253 5718 et
3273 5679 3364 5718 nos
3377 5667 3450 5720 ibi

1869 5741 2022 5788 seculi
2045 5747 2228 5784 sumus.
2293 5741 2349 5782 Μ.

1935 5803 1954 5830 ι
1979 5797 2112 5856 iam,
2153 5801 2204 5848 ut
2237 5793 2584 5852 dimitterem
2607 5793 2792 5846 orabat.
2817 5801 2920 5844 uss.
2945 5799 3126 5856 autem,
3159 5795 3212 5846 at
3245 5785 3456 5852 άὶυιίαε-

1810 5922 1821 5938 .
1875 5871 2007 5912 retur
2027 5857 2210 5912 orabat.
