4016 6480
552 373 658 435 167

553 505 712 564 quem
743 485 913 560 diligit
939 483 1176 554 corripit,
1199 490 1255 538 et
1282 480 1513 550 flagellat
1540 490 1752 532 omnem
1786 473 1951 528 tilium
1980 484 2140 541 quem

556 582 745 652 recipit
774 579 964 655 (Prov.
992 592 1083 640 ιιι,
1117 573 1185 629 12
1206 615 1220 637 ,
1244 582 1291 626 et
1312 569 1467 624 Hebr.
1503 586 1574 625 xu
1597 609 1613 634 ,
1641 568 1731 637 6).
1764 564 1915 621 Nulla
1965 571 2142 616 autem

558 654 828 737 vindicta,
860 669 1001 725 nulla
1032 667 1298 736 correptio
1323 707 1337 729 ,
1380 663 1579 717 nullum
1622 661 1714 715 Dei
1740 658 2008 728 flagellum
2045 654 2143 710 (le-

559 767 714 823 betur
752 764 853 819 nisi
891 769 1108 833 peecato
1130 801 1145 824 ,
1176 765 1401 828 excepto
1432 755 1525 809 illo
1551 754 1640 824 qui
1670 755 1721 806 in
1752 750 1958 821 ﬂagella
1990 761 2144 818 para-

560 867 644 913 tus
665 865 765 922 est,
798 864 853 908 ut
874 852 1207 923 experiretur
1226 847 1403 901 omnia
1429 843 1722 901 secundum
1744 838 2144 895 similitudinem

559 953 673 1007 sine
698 958 947 1021 peccato,
971 955 1028 1001 ut
1049 953 1195 1001 esset
1222 949 1438 998 sanctus
1469 947 1770 994 sanctorum
1794 933 2045 990 sacerdos
2067 931 2149 985 in-

563 1042 850 1113 terpellans
894 1039 1053 1095 etiam
1099 1052 1196 1107 pro
1244 1033 1474 1097 sanctis,
1528 1030 1617 1101 qui
1673 1043 1778 1083 non
1822 1023 2149 1081 mendaciter

561 1136 718 1192 etiam
750 1133 818 1189 de
847 1148 904 1187 se
931 1131 1155 1204 quisque
1195 1127 1411 1190 dicunt,
1444 1122 1653 1176 Dimitte
1689 1118 1832 1174 nobis
1857 1116 2022 1172 debita
2058 1131 2151 1167 no-

561 1239 687 1293 stra,
715 1227 843 1281 sicut
871 1234 915 1278 et
943 1239 1035 1277 nos
1064 1220 1361 1275 dimittimus
1389 1214 1693 1269 debitoribus
1730 1213 1911 1265 uostris
1936 1208 2146 1281 (Matth.

562 1337 634 1386 vr,
651 1318 763 1391 12).
782 1316 937 1373 Unde
955 1324 1010 1369 et
1030 1313 1126 1382 ipsi
1146 1312 1233 1381 qui
1261 1318 1445 1364 contra
1466 1306 1580 1360 haec
1595 1304 1883 1373 disputant,
1906 1315 2027 1354 cum
2046 1298 2153 1369 sint

563 1422 708 1468 casta
724 1389 852 1475 vita,
879 1405 1221 1473 moribusque
1249 1398 1559 1461 laudabiles,
1578 1410 1675 1450 nec
1697 1394 1936 1448 dubitent
1953 1389 2148 1455 facere,

562 1503 705 1575 quod
753 1501 827 1556 illi
866 1498 1013 1553 diviti
1046 1509 1141 1566 pro
1178 1489 1552 1561 eonsequenda
1584 1487 1688 1541 vita
1734 1493 1931 1540 acterna
1969 1481 2152 1555 consi-

564 1574 693 1651 lium
736 1587 1066 1663 requirenti,
1098 1602 1217 1641 cum
1249 1601 1308 1640 se
1346 1580 1711 1652 respondisset
1734 1578 1842 1646 jam
1873 1574 2048 1630 omnia
2074 1574 2153 1628 le-

564 1688 644 1758 gis
669 1670 972 1753 implevisse
1002 1678 1268 1740 mandata,
1300 1674 1557 1747 praecepit
1584 1669 1883 1735 Dominus,
1918 1666 1963 1721 si
1992 1665 2151 1720 vellet

566 1796 686 1836 esse
712 1777 997 1850 perfectus,
1030 1773 1286 1829 venderet
1309 1768 1486 1823 omnia
1516 1781 1635 1836 quze
1664 1763 1892 1819 habebat
1919 1772 1972 1816 et
2006 1760 2157 1814 daret.

568 1870 890 1942 pauperibus
912 1909 928 1935 ,
959 1866 1371 1931 thesaurumque
1399 1857 1711 1914 transferret
1736 1855 1788 1909 in
1815 1854 2007 1909 malum
2043 1850 2154 1922 (Id.

568 1979 676 2029 xu,
699 1959 920 2030 20,21)
957 1976 971 2013 :
1022 1970 1181 2012 nemo
1224 1963 1403 2008 tamen
1442 1964 1628 2006 eorum
1678 1945 1838 2002 audet
1879 1944 2057 1999 dicere
2099 1957 2159 1998 se

568 2069 689 2109 esse
708 2054 824 2107 sine
852 2058 1086 2121 peccato.
1121 2045 1273 2112 Quod
1291 2087 1305 2111 ,
1328 2043 1467 2098 sicut
1504 2039 1773 2096 credimus
1794 2080 1810 2106 ,
1840 2051 1945 2092 non
1983 2033 2160 2090 fallaci

569 2147 747 2200 animo
771 2143 955 2199 dicunt
984 2159 998 2197 :
1027 2141 1070 2195 si
1092 2147 1269 2193 autem
1300 2134 1647 2195 mentiuntur,
1671 2145 1736 2186 eo
1758 2130 1874 2201 ipso
1901 2126 2163 2198 incipiunt

568 2238 654 2292 vel
683 2251 879 2306 augere
902 2276 918 2301 ,
946 2233 1030 2287 vel
1052 2231 1249 2286 habere
1276 2234 1572 2298 peccatum.

640 2326 867 2385 CAPUT
899 2325 1058 2381 XVII.
1080 2354 1149 2365 --
1168 2322 1260 2376 26.
1286 2320 1455 2374 Tertia
1483 2317 1713 2389 quaestio,
1736 2329 1827 2367 cur
1852 2327 1997 2366 nemo
2024 2311 2088 2365 sit
2109 2309 2162 2363 in

574 2423 668 2477 hac
690 2421 792 2476 vita
821 2420 925 2473 sine
953 2426 1176 2490 peccato.
1208 2415 1323 2470 Jam
1351 2426 1479 2483 ergo
1505 2408 1645 2480 quod
1678 2408 1795 2462 loco
1821 2405 1981 2462 tertio
2012 2402 2163 2473 posui

572 2514 865 2570 videamus.
894 2512 1027 2567 Cum
1050 2552 1064 2575 ,
1094 2509 1425 2564 voluntatem
1458 2502 1744 2579 humanam
1769 2501 1785 2531 ⁸
1815 2497 1985 2569 gratia
2014 2494 2165 2563 adiu-

573 2615 735 2661 vante
777 2605 986 2667 divina,
1037 2602 1151 2657 sine
1180 2608 1400 2671 peccato
1430 2596 1479 2650 in
1510 2596 1611 2649 hac
1642 2593 1747 2647 vita
1792 2589 1960 2660 possit
2004 2586 2164 2640 homo

573 2714 726 2763 esse,
773 2712 871 2753 cur
913 2711 1018 2750 non
1057 2694 1162 2758 sit,
1212 2705 1423 2761 possem
1457 2685 1705 2741 facillime
1732 2698 1795 2737 ac
1822 2680 2165 2735 veracissime

572 2791 918 2862 respondere,
951 2787 1075 2858 quia
1105 2784 1350 2838 homines
1376 2781 1563 2834 nolunt
1588 2795 1600 2830 :
1627 2775 1721 2831 sed
1746 2774 1791 2828 si
1820 2770 1886 2827 ex
1912 2786 1996 2825 me
2019 2786 2167 2840 qure-

573 2884 744 2948 ritur,
775 2896 939 2951 quare
983 2878 1199 2938 nolunt,
1232 2874 1371 2927 imus
1415 2871 1467 2925 in
1498 2869 1734 2938 longum.
1783 2863 2167 2919 Verumtamen

575 2974 738 3030 etiam
784 2950 888 3027 hoc
914 2956 1030 3024 sine
1076 2964 1385 3038 prtejndicio
1415 2955 1768 3030 diligentioris
1811 2950 2170 3024 inquisitionis

575 3065 813 3122 breviter
855 3063 1049 3118 dicam.
1095 3057 1293 3114 Nolunt
1321 3053 1567 3110 homines
1597 3049 1775 3105 facere
1799 3046 1941 3119 quod
1966 3045 2169 3117 justum

577 3167 696 3226 est,
728 3160 841 3213 sive
866 3157 987 3226 quia
1026 3154 1156 3209 latet
1182 3168 1248 3206 an
1284 3150 1485 3221 justum
1510 3146 1615 3213 sit,
1646 3144 1759 3200 sive
1787 3141 1911 3213 quia
1938 3154 2045 3194 non
2069 3137 2168 3193 de—

578 3256 758 3312 lectat.
798 3252 973 3308 Tanto
1015 3248 1159 3305 enim
1198 3244 1432 3316 quidque
1472 3237 1843 3296 vehementius
1883 3234 2128 3289 volumus
2152 3274 2168 3302 ,

580 3354 780 3419 quanto
806 3343 1006 3399 certius
1031 3354 1191 3411 quam
1226 3337 1423 3392 bonum
1460 3331 1531 3389 sit
1557 3330 1800 3386 novimus
1818 3369 1833 3394 ,
1880 3341 2051 3396 eoque
2073 3325 2170 3380 de-

581 3418 842 3496 lectamur
864 3433 1159 3491 ardentius.
1187 3426 1488 3500 Ignorantia
1518 3425 1676 3496 igitur
1700 3431 1756 3479 et
1784 3419 2067 3476 infirmitas
2096 3418 2173 3473 vi-

584 3535 656 3590 tia
683 3541 837 3596 sunt,
869 3546 988 3601 qua:
1014 3525 1314 3597 impediunt
1344 3523 1671 3578 voluntatem
1702 3534 1771 3573 ne
1801 3523 2078 3572 moveatur
2105 3512 2174 3568 ad

582 3625 882 3683 faciendum
909 3636 1046 3691 Opus
1073 3620 1269 3674 bonum
1292 3658 1307 3684 ,
1336 3616 1419 3670 vel
1444 3614 1512 3669 ab
1545 3627 1708 3683 opere
1736 3610 1875 3664 malo
1903 3608 2173 3663 abstinen-

587 3718 734 3774 dum.
763 3715 833 3771 Ut
857 3721 1033 3767 autem
1064 3710 1361 3764 innotescat
1383 3703 1526 3777 quod
1556 3702 1788 3766 latebat,
1821 3709 1873 3755 et
1899 3714 2060 3753 suave
2086 3696 2178 3750 fiat

587 3809 728 3882 quod
754 3823 861 3862 non
888 3803 1187 3861 delectabat
1208 3843 1222 3867 ,
1264 3799 1450 3872 gratiae
1476 3798 1569 3853 Dei
1597 3807 1714 3862 est,
1746 3809 1863 3865 quas
1901 3792 2174 3847 hominum

587 3901 802 3971 adjuvat
828 3898 1126 3953 voluntates
1159 3912 1171 3947 :
1205 3908 1305 3963 qua
1335 3901 1393 3946 ut
1435 3904 1544 3945 non
1574 3886 1928 3957 adjuventnr,
1963 3884 2015 3938 in
2047 3882 2178 3952 ipsis

586 3994 769 4050 itidem
796 4005 954 4048 causa
975 3996 1094 4055 est,
1126 4002 1232 4041 non
1263 3984 1315 4039 in
1344 3984 1455 4039 Deo
1475 4022 1491 4047 ,
1521 3980 1634 4035 sive
1657 3976 1947 4033 damnandi
1974 3974 2181 4046 pra-de-

588 4083 769 4142 stinati
798 4082 906 4137 sint
944 4087 1162 4151 prepter
1190 4074 1521 4146 iniquitatem
1552 4069 1857 4141 superbius;
1890 4067 2005 4121 sive
2044 4080 2179 4120 con-

592 4188 671 4234 tra
698 4179 866 4248 ipsam
896 4189 1047 4229 suam
1072 4169 1376 4241 superbiam
1402 4164 1673 4238 judicandi
1698 4171 1751 4218 et
1781 4158 2091 4225 erudiendi,
2134 4157 2180 4213 si

593 4268 686 4323 lilii
710 4267 816 4323 sint
835 4262 1214 4321 misericordiae
1235 4262 1278 4314 ⁸.
1310 4258 1465 4316 Unde
1492 4255 1754 4313 Jeremias
1772 4268 1894 4309 cum
1921 4252 2178 4315 dixisset,

593 4360 736 4427 Scio,
769 4357 1009 4424 Domine,
1041 4356 1160 4426 quia
1188 4369 1289 4408 non
1317 4360 1388 4407 est
1412 4351 1463 4405 in
1490 4348 1688 4403 homine
1713 4348 1793 4400 via
1817 4346 1945 4416 ejus,
1974 4359 2063 4398 nec
2088 4341 2183 4396 viri

593 4463 665 4509 est
679 4462 733 4509 ut
750 4451 969 4506 ambulet
987 4458 1030 4504 et
1047 4448 1233 4519 dirigat
1250 4462 1449 4519 gressus
1464 4461 1606 4509 suos;
1621 4442 1875 4498 continuo
1888 4436 2180 4508 subjunxit,

596 4547 805 4618 Corripe
832 4561 910 4599 me
927 4585 943 4609 ,
969 4542 1220 4605 Domine;
1246 4549 1585 4595 verumtamen
1603 4536 1654 4589 in
1670 4533 1889 4603 judicio,
1916 4540 1962 4585 et
1988 4547 2087 4585 non
2129 4530 2185 4583 in

596 4641 769 4713 furore
794 4647 879 4693 tuo
907 4635 1116 4711 (Jerem.
1142 4651 1177 4690 ι
1200 4677 1214 4702 ,
1236 4632 1309 4689 25
1324 4675 1339 4699 ,
1362 4631 1477 4702 24).
1508 4630 1781 4697 Tanquam
1806 4625 2040 4690 diceret,
2062 4622 2186 4678 Scio

598 4734 663 4789 ad
689 4731 1082 4801 correptiouem
1110 4742 1282 4782 meam
1313 4724 1600 4796 pertinere,
1631 4720 1771 4791 quod
1800 4717 1977 4774 minus
2006 4716 2101 4772 abs
2133 4725 2186 4772 te

599 4826 848 4897 adjuvor,
880 4832 940 4879 ut
968 4821 1203 4893 perfecte
1228 4819 1523 4889 dirigantur
1550 4829 1766 4886 gressus
1793 4812 1896 4868 mei
1930 4830 1944 4866 :
1974 4827 2185 4867 verum-

601 4928 778 4974 tamen
809 4915 911 4971 hoc
936 4915 1106 4985 ipsum
1137 4911 1247 4967 noli
1275 4910 1353 4965 sic
1383 4923 1590 4963 mecum
1629 4921 1786 4976 agere
1806 4947 1820 4970 ,
1855 4912 2101 4974 tanquam
2130 4902 2183 4957 in

601 5011 782 5067 furore
811 5026 917 5082 quo
956 4992 1164 5077 iniquos
1208 5005 1460 5061 damnare
1503 5001 1766 5082 statuisti,
1810 5000 1901 5056 sed
1932 5008 2184 5069 tanquam

602 5106 654 5160 in
682 5078 913 5174 judicio,
941 5118 1047 5175 quo
1073 5100 1234 5157 doces
1274 5108 1392 5154 tuos
1418 5113 1522 5153 non
1550 5078 1847 5167 superbire.
1880 5094 2034 5150 Unde
2060 5092 2184 5148 alibi

604 5196 797 5251 dicitur
819 5234 836 5263 ,
868 5193 935 5248 Et
968 5192 1169 5266 judicia
1198 5201 1284 5246 tua
1312 5189 1620 5262 adjuvabunt
1650 5204 1728 5242 me
1758 5185 1777 5261 (
1802 5183 1946 5241 Psal.
1979 5200 2142 5240 cxvnt
2168 5226 2183 5252 ,

608 5287 769 5356 I75).

668 5422 686 5454 ¹
721 5421 842 5495 Editi
861 5418 1113 5495 auferendi
1136 5431 1268 5495 casu,
1292 5417 1527 5495 obliquare
1800 5415 2189 5495 Castiga‘nturkex

605 5484 959 5546 manuscriptis,
983 5482 1067 5546 qui
1091 5472 1267 5545 magno
1300 5492 1541 5531 consensu
1567 5479 1729 5529 ferunt
1750 5514 1765 5539 ,
1784 5472 2073 5526 voluntatem
2093 5472 2179 5524 hu-

605 5558 815 5595 marum.

649 5612 689 5681 f
726 5607 931 5681 Vaticani
947 5604 1314 5681 tres,.e’tluos_t.r‘i
1330 5617 1502 5677 omnes
1520 5600 1746 5681 Gallicani
1764 5607 1872 5681 MJss.‘
1880 5599 2099 5681 habent,
2107 5596 2190 5660 ju-

608 5666 825 5729 dicandt',
841 5675 892 5719 ut
906 5661 1085 5731 eruditi
1106 5665 1199 5731 ﬁlii
1216 5666 1311 5718 sint
1332 5662 1702 5731 misericordia:
1723 5662 1814 5731 sed
1829 5661 1971 5731 alteri
1984 5724 1994 5731 Δ
2007 5668 2188 5731 tamen,

608 5744 717 5795 qua.
733 5722 1229 5795 omniumeditidaum
1254 5730 1557 5795 superiorum
1577 5734 1669 5785 est,
1691 5722 1885 5795 lectigpi
1908 5722 2191 5795 astipulatur

608 5785 909 5855 fulgentius,
932 5792 1057 5841 libro
1080 5793 1231 5853 primo
1254 5785 1327 5855 ad_'
1347 5789 1600 5837 Monimum
1618 5821 1633 5845 ,
1667 5799 1780 5855 cap.
1799 5786 1860 5835 28
1874 5825 1898 5855 ,_
1913 5800 2061 5855 quem
2087 5785 2191 5855 tt‘ul-

610 5850 760 5918 gen'tii
778 5850 935 5918 locum
958 5868 1051 5903 non
1073 5850 1342 5918 inexcusis
1364 5858 1582 5907 tantum,
1602 5850 1691 5918 sed
1716 5851 1862 5918 etiam
1886 5850 1935 5899 in
1957 5850 2190 5912 antiquis-

610 5910 732 5983 ﬁmo
751 5916 1030 5971 corbeieasi
1048 5916 1213 5969 codice
1235 5912 1499 5979 diligenter
1521 5910 1895 5987 exploravimus.

1155 362 1245 423 DE
1272 357 1734 420 PECCATORUM
1770 348 2052 412 MERITIS
2089 347 2179 405 ET
2219 343 2645 412 REMISSIONE,
2685 341 2747 400 S.
2786 338 3157 399 AUGUSTINI

3725 340 3841 400 i68

2315 463 2405 517 27.
2436 460 2642 516 Nullius
2681 457 2906 530 proinde
2945 458 3115 528 culpa:
3144 455 3390 512 humanm
3420 457 3475 513 in
3498 456 3670 514 Deum
3693 458 3843 514 refe-

2245 570 2335 611 ras
2362 568 2598 609 causam.
2644 551 2906 606 Vitiorum
2936 566 3163 622 namque
3199 551 3438 605 omnium
3480 551 3844 609 humanorum

2245 664 2407 705 causa
2429 646 2674 718 superbia
2701 654 2801 700 est.
2835 645 2916 700 Ad
2942 644 3079 699 hanc
3102 644 3521 700 convincendam
3548 653 3709 717 atque
3737 664 3845 704 au-

2246 740 2519 795 ferendam
2550 738 2670 793 talis
2698 735 2958 792 medicina
2984 735 3195 791 caelitus
3220 736 3363 791 venit
3389 754 3401 789 :
3425 736 3491 791 ad
3521 738 3719 793 elatum
3741 737 3849 794 ho-

2246 834 2445 888 minem
2488 846 2584 902 per
2621 831 2957 900 superbiam,
3009 830 3147 884 Deus
3191 829 3407 885 humilis
3435 828 3715 886 descendit
3741 848 3849 905 per

2251 922 2703 989 misericordiam,
2734 921 2958 993 gratiam
2988 920 3189 975 claram
3218 921 3659 994 manifestamque
3685 940 3852 979 com-

2249 1014 2511 1071 mendans
2542 1014 2592 1067 in
2622 1014 2737 1085 ipso
2778 1013 3025 1078 homine,
3058 1027 3216 1083 quem
3253 1021 3397 1067 tanta
3429 1028 3537 1083 pra:
3566 1015 3852 1088 participi-

2250 1109 2351 1164 bus
2391 1108 2501 1162 suis
2540 1106 2800 1162 charitate
2838 1105 3091 1176 suscepit.
3118 1104 3303 1175 Neque
3344 1106 3487 1159 enim
3532 1116 3586 1162 et
3617 1107 3731 1177 ipse
3776 1110 3853 1163 ita

2251 1199 2433 1256 Verbo
2464 1200 2553 1253 Dei
2583 1198 2934 1268 conjunctus,
2965 1207 3022 1252 ut
3050 1198 3163 1267 ipsa
3192 1197 3566 1267 conjunctione
3597 1214 3735 1255 unus
3783 1201 3855 1254 ﬁ-

2252 1295 2355 1349 lius
2386 1293 2477 1348 Dei
2508 1301 2562 1348 et
2590 1292 2729 1346 idem
2760 1292 2874 1363 ipse
2901 1305 3036 1346 unus
3063 1290 3201 1345 filius
3227 1290 3458 1347 hominis
3485 1293 3672 1362 fleret,
3705 1310 3854 1364 ιιι-ω-

2252 1385 2566 1441 cedentibus
2588 1400 2699 1440 sua:
2720 1384 3006 1439 voluntatis
3035 1384 3240 1439 meritis
3268 1383 3413 1439 fecit.
3443 1385 3621 1442 Unum
3648 1382 3855 1458 quippe

2255 1478 2401 1533 illum
2433 1492 2555 1532 esse
2581 1476 2862 1545 oportebat
2894 1494 2908 1531 :
2941 1484 3123 1531 essent
3151 1484 3327 1530 autem
3361 1484 3416 1532 ct
3444 1476 3584 1544 duo,
3616 1487 3671 1534 et
3701 1487 3840 1548 tres,

2254 1579 2308 1627 et
2340 1569 2552 1640 plures,
2585 1568 2630 1623 si
2662 1567 2763 1622 hoc
2793 1568 2906 1623 fieri
2937 1576 3150 1638 posset,
3187 1582 3292 1624 non
3324 1584 3421 1639 per
3448 1569 3540 1625 Dei
3571 1572 3855 1642 proprium

2256 1661 2478 1725 donum,
2502 1659 2595 1715 sed
2624 1674 2717 1729 per
2743 1658 2975 1714 hominis
2996 1658 3223 1714 liberum
3250 1659 3549 1716 arbitrium.
3583 1660 3698 1716 Hoc
3721 1678 3857 1734 ergo

2260 1755 2528 1825 prmcipue
2552 1751 2977 1818 commendatur,
2995 1750 3097 1806 hoc
3123 1752 3175 1806 in
3203 1752 3479 1823 sapientia:
3501 1761 3662 1824 atque
3678 1754 3859 1809 scien-

2259 1844 2347 1900 tia:
2378 1843 2642 1899 thesauris
2672 1843 2723 1897 in
2751 1841 2967 1897 Christo
2995 1842 3341 1912 absconditis,
3371 1854 3626 1914 quantum
3658 1845 3855 1901 existi-

2260 1950 2411 1991 mare
2436 1934 2629 1999 audeo,
2654 1934 2919 2005 praecipue
2946 1933 3171 1989 docetur
3200 1942 3254 1989 et
3278 1935 3521 1990 discitur.
3552 1933 3677 1992 Ideo
3705 1937 3859 2007 quis-

2261 2042 2365 2098 que
2388 2035 2627 2080 nostrum
2652 2025 2850 2079 bonum
2877 2039 3012 2094 epus
3036 2025 3311 2095 suscipere
3332 2068 3347 2094 ,
3376 2041 3536 2097 agere
3555 2068 3571 2094 ,
3594 2026 3819 2097 implere
3841 2072 3858 2098 ,

2262 2136 2405 2175 nunc
2452 2120 2587 2186 scit,
2623 2134 2765 2174 nunc
2793 2121 3002 2186 nescit,
3033 2133 3177 2173 nunc
3203 2118 3534 2186 delectatur,
3581 2136 3723 2177 nunc
3749 2138 3861 2178 non

2263 2211 2597 2278 delectatur,
2630 2218 2689 2265 ut
2714 2210 2932 2265 noverit
2958 2226 3062 2264 non
3092 2226 3202 2264 sure
3230 2210 3493 2266 facultatis
3513 2251 3527 2276 ,
3561 2212 3655 2266 sed
3687 2213 3861 2269 divini

2264 2304 2503 2358 muneris
2528 2318 2648 2358 esse
2674 2301 2756 2357 vel
2786 2301 2928 2371 quod
2966 2302 3104 2369 scit,
3134 2304 3217 2358 vel
3246 2303 3389 2375 quod
3428 2303 3721 2361 delectatur
3753 2324 3766 2360 :
3799 2323 3864 2363 ac

2264 2396 2344 2451 sic
2365 2396 2432 2449 ab
2474 2393 2720 2449 elationis
2745 2394 2976 2448 vanitate
3005 2403 3255 2461 sanetur,
3288 2403 3342 2449 et
3370 2395 3505 2449 sciat
3543 2413 3701 2468 quam
3732 2414 3862 2455 vere

2266 2504 2374 2543 non
2402 2488 2470 2542 de
2500 2497 2640 2541 terra
2676 2487 2799 2551 ista,
2832 2485 2929 2541 sed
2957 2485 3304 2556 Spiritualiter
3329 2484 3529 2542 dictum
3557 2488 3646 2555 sit,
3678 2486 3861 2542 Domi-

2268 2598 2364 2636 nus
2388 2576 2529 2634 dabit
2553 2580 2870 2646 suavitatem,
2889 2587 2935 2633 et
2959 2587 3093 2633 terra
3112 2588 3284 2633 nostra
3308 2578 3449 2633 dabit
3476 2580 3697 2649 fructum
3718 2599 3865 2636 suum

2268 2674 2441 2749 (Psal.
2473 2689 2666 2729 LXXXIV
2686 2715 2702 2742 ,
2733 2674 2843 2744 l5).
2876 2673 3047 2728 Tanto
3075 2682 3251 2729 autem
3282 2674 3452 2743 magis
3477 2674 3708 2730 delectat
3729 2691 3863 2745 Opus

2269 2765 2466 2821 bonum
2489 2807 2506 2827 .
2535 2772 2734 2834 quanto
2762 2758 2943 2836 magis
2972 2763 3209 2834 diligitur
3239 2764 3380 2820 Deus
3411 2782 3676 2821 summum
3707 2777 3866 2839 atque

2270 2857 2703 2912 incommutabile
2732 2857 2951 2923 bonum,
2974 2864 3029 2912 et
3048 2866 3236 2911 auctor
3265 2856 3733 2929 qualiumcumque
3767 2859 3864 2915 bo-

2270 2965 2462 3005 norum
2508 2949 2768 3004 omnium.
2803 2948 2874 3005 Ut
2914 2957 3093 3003 autem
3141 2947 3391 3019 diligatur
3422 2950 3591 3017 Deus,
3638 2949 3869 3007 charitas

2271 3042 2391 3113 ejus
2434 3041 2624 3110 diffusa
2668 3051 2741 3097 est
2784 3042 2838 3096 in
2883 3042 3118 3097 cordibus
3163 3043 3349 3098 nostris
3375 3085 3391 3110 ,
3440 3058 3546 3098 non
3591 3057 3688 3113 per
3728 3060 3866 3113 nos,

2274 3134 2371 3191 sed
2417 3151 2508 3209 per
2537 3134 2786 3206 Spiritum
2814 3144 3042 3189 sanctum
3085 3135 3171 3207 qui
3199 3134 3349 3190 datus
3377 3144 3451 3189 est
3479 3134 3621 3189 nobis
3669 3133 3691 3208 (
3714 3134 3867 3192 Rom.

2275 3226 2482 3297 v,5).

2346 3319 2572 3377 CAPUT
2620 3320 2805 3376 XVIII.
2836 3350 2909 3362 —
2935 3320 3026 3377 28.
3071 3320 3313 3377 Voluntas
3361 3321 3494 3377 bona
3522 3339 3553 3375 a
3580 3319 3714 3377 Deo.
3765 3322 3872 3379 Sed

2272 3413 2519 3470 laborant
2558 3412 2804 3470 homines
2834 3414 3078 3470 invenire
3106 3415 3161 3469 in
3194 3424 3376 3470 nostra
3407 3415 3678 3472 voluntate
3700 3460 3714 3483 ,
3743 3418 3875 3488 quid

2274 3506 2402 3562 boni
2429 3507 2500 3561 sit
2528 3516 2787 3569 nostrum.
2816 3507 2957 3579 quod
2987 3508 3142 3564 nobis
3167 3523 3270 3563 non
3293 3508 3362 3564 sit
3381 3525 3449 3564 ex
3470 3510 3580 3565 Deo
3613 3527 3627 3565 :
3660 3518 3715 3565 et
3738 3528 3879 3581 quo-

2276 3598 2439 3654 modo
2462 3600 2688 3655 inveniri
2716 3600 2881 3671 possit
2905 3601 3109 3670 ignoro.
3140 3600 3379 3671 Excepto
3399 3601 3540 3657 enim
3563 3601 3704 3672 quod
3730 3605 3882 3673 Apo-

2277 3689 2446 3745 stolus
2475 3690 2549 3744 ait
2568 3731 2583 3757 ,
2615 3705 2736 3745 cum
2766 3689 2833 3747 de
2858 3690 3015 3745 bonis
3040 3689 3314 3745 hominum
3359 3691 3695 3762 loqueretur,
3737 3693 3884 3759 Quid

2277 3782 2412 3838 enim
2440 3781 2589 3836 habes
2628 3782 2763 3853 quod
2790 3799 2891 3836 non
2915 3782 3153 3853 accepisti
3169 3782 3194 3836 7
3225 3782 3286 3838 Si
3314 3792 3481 3837 autem
3507 3792 3554 3837 et
3593 3785 3839 3854 accepisti
3861 3826 3880 3850 ,

2278 3874 2398 3946 quid
2422 3872 2658 3945 gloriaris
2677 3916 2692 3940 ,
2723 3875 2867 3943 quasi
2893 3891 2994 3928 non
3014 3874 3268 3943 acceperis
3298 3874 3341 3946 (Ι
3368 3873 3487 3930 Cor.
3520 3892 3571 3929 tv
3590 3917 3606 3941 ,
3642 3875 3735 3945 7)?
3756 3876 3882 3947 Ipsa

2280 3965 2438 4020 etiam
2466 3965 2616 4029 ratio,
2649 3980 2768 4034 qua:
2795 3964 2864 4019 de
2889 3965 2955 4019 iis
2980 3965 3139 4020 rebus
3169 3980 3199 4019 a
3232 3965 3427 4021 talibus
3453 3966 3637 4036 quales
3662 3981 3881 4036 sumus,

2282 4054 2404 4109 iniri
2432 4062 2629 4125 potest,
2650 4053 2939 4125 quemlibet
2964 4063 3205 4110 nostrum
3233 4062 3560 4124 qumrentem
3586 4055 3895 4113 vehemenr

2282 4154 2364 4202 ter
2389 4154 2637 4216 angustat
2654 4188 2671 4213 ,
2704 4161 2770 4201 ne
2795 4146 2873 4201 sic
2897 4144 3247 4202 defendamus
3270 4147 3493 4217 gratiam
3513 4187 3530 4214 ,
3559 4155 3615 4201 ut
3645 4146 3887 4205 liberum

2283 4241 2560 4297 arbitrium
2590 4239 2806 4296 auferre
2844 4240 3154 4305 videamur;
3184 4254 3370 4295 rursus
3393 4282 3408 4305 ,
3447 4224 3772 4297 ne'liberum
3804 4243 3890 4298 sic

2284 4347 2585 4389 asseramus
2603 4331 2906 4398 arbitrium,
2926 4340 2984 4386 ut
3007 4331 3238 4401 superba
3265 4332 3539 4402 impietate
3566 4331 3763 4403 ingrati
3786 4332 3889 4389 Dei

2283 4427 2466 4498 gratia:
2493 4425 2815 4496 judicemur.

2354 4519 2445 4573 29.
2478 4517 2716 4587 Namque
2745 4515 2876 4571 illud
2902 4515 3141 4586 Apostoli
3172 4514 3312 4588 quod
3338 4516 3780 4585 commemoravi,
3805 4519 3895 4575 sic

2284 4610 2575 4668 defendere
2597 4610 2811 4681 quidam
2839 4611 3146 4676 voluerunt,
3175 4618 3233 4665 ut
3256 4610 3517 4675 dicerent,
3543 4628 3561 4661 ι
3587 4610 3709 4666 ideo
3725 4612 3898 4682 quid-

2294 4725 2312 4759 ι
2359 4704 2484 4776 quid
2512 4704 2672 4758 etiam
2713 4703 2866 4758 bona:
2894 4703 3182 4758 voluntatis
3206 4702 3367 4759 habet
3408 4702 3570 4759 homo
3589 4744 3604 4769 ,
3638 4703 3752 4759 Deo
3783 4706 3895 4761 tri-

2293 4814 2313 4849 ι
2358 4795 2630 4853 linendum
2656 4809 2796 4862 esse,
2829 4796 2952 4866 quia
2984 4795 3165 4850 ethoc
3193 4796 3244 4850 in
3278 4796 3369 4852 illo
3390 4811 3509 4852 esse
3541 4811 3647 4851 non
3673 4807 3893 4867 posset,

2292 4907 2314 4942 ι
2360 4889 2402 4944 si
2434 4887 2594 4943 homo
2617 4887 2729 4958 ipse
2763 4902 2866 4942 non
2894 4896 3076 4943 esset:
3109 4902 3230 4943 cum
3255 4904 3384 4942 vero
3410 4899 3467 4942 ut
3490 4888 3558 4942 sit
3581 4888 3783 4958 aliquid
3808 4901 3902 4945 at-

2294 5000 2314 5034 ι
2359 4997 2462 5054 que
2488 4990 2546 5036 ut
2572 4981 2736 5036 homo
2765 4981 2869 5049 sit,
2897 4996 3004 5036 non
3052 4980 3244 5035 habeat
3271 4980 3369 5036 nisi
3399 4997 3428 5035 a
3462 4981 3569 5036 Deo
3590 5023 3603 5047 ,
3634 4997 3733 5036 cur
3777 4999 3901 5040 non

2295 5094 2315 5128 ι
2360 5075 2563 5130 auctori
2590 5075 2700 5130 Deo
2720 5074 2984 5129 tribuatur
3007 5073 3170 5130 etiam
3198 5073 3451 5144 quidquid
3483 5072 3535 5127 in
3566 5074 3654 5128 illo
3674 5083 3761 5129 est
3792 5074 3905 5129 bo.

2295 5188 2315 5222 ι
2362 5184 2443 5223 me
2471 5168 2777 5234 voluntatis,
2795 5167 2938 5238 quod
2970 5182 3076 5221 non
3105 5175 3267 5229 esset.
3288 5167 3390 5222 nisi
3419 5174 3561 5221 esset
3586 5166 3639 5219 in
3668 5180 3778 5235 quo
3805 5182 3909 5226 cs—

2296 5279 2315 5313 ι
2362 5261 2482 5317 set?
2519 5280 2538 5315 ι
2572 5259 2676 5316 Sed
2709 5260 2811 5315 hoc
2840 5258 2999 5313 modo
3027 5258 3186 5313 etiam
3217 5256 3344 5312 illud
3383 5257 3483 5312 dici
3523 5265 3734 5327 potest,
3770 5273 3906 5316 ma-

2291 5352 2393 5407 lam
2425 5367 2633 5422 quoque
2656 5351 2984 5405 voluntatem
3004 5349 3113 5404 Deo
3140 5350 3343 5404 auctori
3367 5348 3701 5403 tribuendam
3727 5366 3739 5400 :
3763 5353 3910 5421 quia

2291 5460 2389 5499 nec
2426 5442 2536 5513 ipsa
2579 5457 2698 5497 esse
2741 5450 2920 5511 posset
2950 5440 3000 5493 in
3045 5441 3293 5504 homine,
3325 5440 3423 5495 nisi
3469 5440 3627 5495 homo
3652 5451 3804 5495 esset
3846 5445 3909 5499 in

2291 5550 2397 5606 quo
2442 5543 2617 5599 esset;
2660 5540 2717 5587 ut
2758 5541 2938 5585 autem
2987 5530 3148 5585 homo
3193 5531 3295 5599 sit,
3348 5531 3488 5586 Deus
3532 5540 3721 5585 auctor
3765 5545 3909 5591 est:

2293 5627 2363 5682 ita
2393 5635 2447 5681 et
2472 5627 2588 5694 ejus
2632 5624 2787 5678 mala:
2826 5624 3153 5692 veluntatis,
3182 5640 3302 5695 qua:
3333 5626 3432 5680 nisi
3475 5625 3749 5680 hominem
3791 5627 3913 5685 ha-

2292 5712 2439 5775 beret
2467 5719 2553 5774 ubi
2578 5726 2755 5784 esset,
2790 5732 2909 5773 esse
2937 5717 3159 5773 omnino
3184 5732 3290 5773 non
3320 5718 3574 5789 posset‘,
3609 5716 3754 5789 quod
3788 5735 3910 5777 nc-

2292 5817 2371 5875 fas
2400 5824 2483 5872 est
2514 5814 2712 5869 dicere.

2365 5914 2381 5947 ί
2416 5917 2546 5975 Lov.,
2568 5907 2637 5963 ita
2657 5912 2701 5960 et
2717 5906 2823 5983 ejus
2849 5906 3026 5963 malam
3055 5906 3366 5973 voltmtatem,
3394 5921 3503 5975 qua:
3533 5906 3627 5963 nisi
3647 5907 3920 5973 hominem
