4016 6482
211 402 317 461 169

201 802 347 858 male
373 802 451 859 uti
481 803 657 858 malus
684 812 884 875 potest,
923 803 1015 860 sed
1042 803 1201 861 etiam
1231 803 1557 859 voluntatem
1588 803 1806 870 bonam,

198 911 324 966 qua:
341 894 453 966 jam
493 896 550 952 in
575 898 656 952 eis
686 897 843 952 bonis
870 905 987 964 est,
1018 912 1245 968 quorum
1275 911 1396 952 esse
1425 912 1551 953 usus
1571 912 1676 954 non
1711 913 1810 968 po-

199 997 306 1042 test
333 988 539 1056 malus,
569 989 672 1044 nisi
692 1005 758 1046 ex
791 990 902 1045 Deo
937 989 1090 1045 nobis
1123 1004 1367 1045 essenon
1400 1005 1590 1060 posse,
1623 992 1806 1047 nescio

197 1081 657 1151 quemadmodum
683 1080 1038 1137 defendamus
1063 1080 1204 1151 quod
1242 1080 1443 1136 dictum
1487 1089 1573 1138 est
1613 1099 1625 1134 :
1667 1081 1806 1148 Quid

197 1175 329 1229 enim
363 1174 525 1230 habes
551 1174 689 1243 quod
717 1192 821 1229 non
847 1174 1084 1245 accepisti
1111 1173 1138 1229 7
1177 1172 1309 1228 Nam
1353 1173 1400 1228 si
1441 1173 1596 1228 nobis
1636 1174 1804 1230 libera

197 1266 445 1337 qumdam
479 1267 728 1323 voluntas
757 1283 824 1324 ex
850 1268 962 1322 Deo
988 1277 1104 1336 est,
1133 1282 1252 1338 qua:
1284 1266 1460 1324 adhuc
1483 1278 1659 1340 potest
1683 1281 1803 1324 esse

197 1361 273 1414 vel
314 1360 464 1415 bona
496 1360 584 1415 vel
611 1361 752 1415 mala
776 1378 792 1427 ;
825 1361 962 1417 bona
992 1378 1120 1418 vero
1143 1364 1388 1420 voluntas
1409 1381 1475 1420 ex
1499 1361 1652 1418 nobis
1671 1369 1755 1416 est
1784 1378 1799 1417 :

196 1454 383 1506 melius
420 1460 508 1507 est
541 1451 592 1506 id
622 1452 766 1523 quod
805 1468 838 1508 a
873 1453 1054 1522 nobis,
1086 1471 1247 1526 quam
1288 1456 1430 1528 quod
1456 1454 1524 1509 ab
1561 1454 1652 1508 illo
1694 1463 1797 1510 est.

196 1546 338 1614 Quod
367 1546 420 1602 si
449 1547 841 1606 absurdissime
867 1549 1080 1617 dicitur,
1111 1561 1322 1622 oportet
1340 1551 1607 1608 fateantur
1635 1550 1799 1605 etiam

199 1638 384 1695 bonam
418 1639 759 1696 voluntatem
799 1657 901 1698 nos
929 1641 1181 1699 divinitus
1210 1643 1452 1714 adipisci.
1481 1646 1796 1714 Quanquam

201 1731 441 1786 voluntas
489 1733 690 1786 mirum
719 1733 764 1786 si
797 1743 970 1804 potest
1006 1735 1060 1790 in
1101 1735 1280 1792 medio
1310 1736 1541 1808 quodam
1567 1737 1638 1790 ita
1661 1749 1792 1789 con-

202 1826 375 1880 sistere
401 1867 418 1890 ,
451 1834 513 1879 ut
543 1840 644 1880 nec
669 1825 810 1880 bona
841 1841 940 1882 nec
967 1826 1106 1882 mala
1136 1827 1224 1882 sit.
1250 1827 1514 1882 Autenim
1534 1825 1796 1896 justitiam

199 1914 462 1987 diligimus
484 1959 501 1984 ,
535 1926 590 1972 et
620 1917 759 1972 bona
797 1926 918 1985 est;
945 1927 1001 1974 et
1023 1919 1071 1974 si
1103 1919 1273 1990 magis
1296 1919 1594 1990 diligimus,
1626 1917 1795 1988 magis

197 2011 323 2066 bona
350 2029 368 2074 ;
401 2013 452 2067 si
478 2011 661 2066 minus
682 2052 700 2079 ,
731 2012 910 2067 minus
937 2011 1076 2068 bona
1099 2021 1182 2069 est
1214 2031 1228 2068 :
1261 2023 1352 2068 aut
1373 2013 1420 2069 si
1440 2013 1660 2069 omnino
1684 2028 1791 2068 non

198 2103 502 2176 diligimus,
555 2121 660 2160 non
701 2104 842 2160 bona
870 2113 971 2160 est.
1014 2105 1145 2174 Quis
1192 2121 1318 2162 vero
1360 2105 1564 2162 dubitet
1613 2104 1792 2160 dicere

199 2196 520 2250 voluntatem
571 2195 718 2250 nullo
773 2195 934 2251 modo
971 2196 1231 2266 justitiam
1288 2196 1633 2267 diligentem,
1681 2211 1789 2252 non

197 2289 346 2344 modo
375 2303 500 2345 esse
524 2288 725 2343 malam
744 2330 760 2357 ,
789 2288 882 2344 sed
909 2289 1068 2344 etiam
1099 2290 1386 2361 pessimam
1411 2289 1792 2345 voluntatem?

195 2380 246 2437 Si
281 2397 412 2453 ergo
441 2381 696 2437 voluntas
739 2390 833 2436 aut
871 2380 1010 2437 bona
1038 2392 1149 2450 est,
1193 2392 1284 2437 aut
1321 2383 1494 2450 mala,
1527 2392 1582 2438 et
1609 2383 1789 2454 utique

195 2473 380 2528 malam
404 2489 512 2528 non
539 2473 799 2530 habemus
841 2491 907 2529 ex
941 2474 1051 2530 Deo
1079 2493 1093 2542 ;
1122 2485 1290 2531 restat
1314 2486 1369 2530 ut
1389 2477 1585 2532 bonam
1611 2476 1791 2532 volun-

194 2572 350 2620 tatem
379 2565 677 2620 habeamus
700 2581 767 2620 ex
789 2565 904 2621 Deo
931 2583 944 2619 :
973 2566 1209 2638 alioquin
1233 2567 1413 2624 nescio
1433 2609 1449 2635 ,
1478 2582 1599 2623 cum
1630 2568 1699 2622 ab
1721 2583 1789 2624 eo

191 2655 546 2722 justifieamur
567 2697 582 2724 ,
607 2673 712 2728 quo
737 2657 846 2712 alio
877 2673 1098 2714 munere
1126 2659 1293 2729 ipsius
1317 2659 1550 2730 gaudere
1584 2659 1786 2715 debea-

190 2764 343 2803 mus.
369 2748 446 2802 Et
471 2749 594 2803 hinc
623 2750 872 2821 scriptum
912 2749 1144 2806 arbitror
1167 2793 1181 2816 ,
1222 2749 1449 2805 Paratur
1475 2752 1708 2806 uoluntas
1754 2770 1786 2806 a

190 2837 427 2894 Domino
455 2839 478 2913 (
492 2839 636 2896 Prov.
663 2858 786 2909 vttt,
822 2841 927 2915 55)
961 2851 1058 2908 ;et
1086 2843 1141 2898 in
1176 2843 1402 2899 Psalmis
1426 2883 1442 2910 ,
1479 2843 1526 2898 Î‘
1564 2843 1786 2900 Domino

190 2948 392 3004 gressus
421 2932 636 2989 hominis
677 2935 962 3005 dirigentur
984 2975 1000 3002 ,
1039 2944 1088 2989 et
1117 2935 1249 2989 viam
1287 2935 1396 3006 ejus
1434 2936 1563 2990 volet
1593 2934 1784 3009 (Psal.

193 3039 355 3080 xxxvi
373 3069 391 3096 ,
434 3025 536 3097 23)
567 3042 582 3093 ;
609 3037 666 3084 et
690 3028 832 3099 quod
856 3028 1142 3099 Apostolus
1168 3028 1274 3098 ait,
1296 3028 1434 3085 Deus
1449 3039 1522 3085 est
1545 3031 1677 3086 enim
1698 3034 1788 3105 qui

194 3129 426 3188 operatur
454 3119 508 3173 in
530 3120 668 3174 vobis
688 3129 738 3174 et
767 3119 894 3175 velle
913 3132 958 3175 et
985 3121 1216 3192 operari,
1247 3137 1338 3192 pro
1369 3121 1500 3177 bona
1533 3122 1788 3180 voluntate

194 3210 446 3284 (Philipp.
478 3229 540 3279 ll,
565 3213 686 3284 l5).

255 3305 341 3360 31.
381 3305 655 3375 Quocirca
680 3306 931 3378 quoniam
956 3306 1096 3379 quod
1127 3321 1158 3361 a
1186 3308 1294 3364 Deo
1309 3323 1409 3364 nos
1445 3309 1734 3367 avertimus
1765 3353 1782 3381 ,

189 3410 424 3455 nostrum
445 3409 568 3465 est,
599 3409 654 3456 et
677 3401 793 3456 haec
820 3410 902 3456 est
923 3401 1166 3458 voluntas
1185 3401 1324 3458 mala
1355 3420 1370 3471 ;
1398 3403 1542 3476 quod
1571 3421 1698 3462 vero
1717 3407 1786 3464 ad

190 3491 346 3547 Deum
374 3508 477 3549 nos
503 3495 870 3550 convertimus
893 3535 909 3561 ,
939 3494 1040 3550 nisi
1067 3495 1185 3565 ipso
1211 3496 1482 3554 excitante
1505 3507 1667 3569 atque
1692 3497 1788 3554 ad-

189 3586 390 3656 juvante
439 3602 551 3640 non
594 3601 881 3656 possumus
907 3629 922 3656 ,
963 3597 1018 3642 et
1051 3587 1168 3643 haac
1195 3596 1281 3645 est
1321 3588 1568 3646 voluntas
1597 3591 1738 3647 bona
1768 3610 1782 3648 :

191 3677 302 3747 quid
327 3677 601 3733 habemus
627 3679 770 3748 quod
788 3695 896 3734 non
921 3680 1266 3751 accepimus?
1290 3680 1345 3737 Si
1376 3691 1554 3738 autem
1573 3686 1785 3756 accepi-

191 3784 326 3836 mus,
353 3769 489 3841 quid
521 3771 836 3842 gloriamur,
859 3771 1009 3842 quasi
1031 3787 1139 3827 non
1164 3773 1568 3844 acceperimus?
1590 3775 1669 3831 Ac
1691 3792 1788 3847 per

190 3859 301 3926 hoc,
328 3863 500 3933 utqui
518 3863 791 3934 gloriatur,
810 3864 862 3918 in
887 3863 1106 3919 Domino
1126 3863 1371 3936 glorietur
1391 3865 1436 3936 (Î™
1465 3865 1582 3922 Cor.
1605 3883 1646 3937 Î¹,
1666 3867 1784 3939 51),

189 3954 372 4024 quibus
399 3953 508 4009 hoc
537 3954 684 4010 Deus
707 3955 912 4012 donare
957 3956 1218 4023 voluerit,
1259 3959 1376 4028 ejus
1404 3957 1787 4016 misericordia:

187 4056 262 4102 est
281 4089 295 4113 ,
329 4064 441 4103 non
470 4049 651 4104 meriti
681 4048 896 4104 illorum
931 4067 945 4104 :
973 4049 1163 4120 quibus
1188 4059 1368 4106 autem
1389 4051 1654 4119 noluerit,
1693 4069 1789 4110 ve-

188 4143 355 4200 ritatis
380 4153 492 4199 est.
524 4142 678 4198 Justa
709 4158 938 4214 namque
969 4145 1340 4214 peccatoribus
1365 4159 1521 4216 pmna
1541 4145 1785 4216 debetur,

187 4239 439 4306 quoniam
490 4237 895 4292 misericordiam
933 4247 978 4293 et
1023 4238 1302 4293 veritatem
1329 4239 1495 4311 diligit
1539 4239 1789 4296 Dominus

188 4327 330 4385 Deus
353 4331 372 4403 (
395 4331 550 4386 Psal.
596 4347 796 4386 Lxxxm
821 4374 838 4400 ,
882 4331 1032 4406 12);
1075 4341 1130 4389 et
1153 4334 1499 4389 misericordia
1536 4345 1582 4390 et
1607 4337 1790 4391 veritas

188 4435 521 4481 occurrerunt
542 4425 637 4480 sibi
670 4424 858 4499 (Psal.
886 4443 1094 4482 uxxrv
1113 4470 1128 4495 ,
1158 4428 1218 4482 11
1241 4427 1301 4500 )Í¾
1331 4436 1387 4484 et
1420 4429 1666 4485 universae
1695 4430 1791 4486 vias

187 4515 400 4571 Domini
443 4518 797 4573 misericordia
836 4528 883 4572 et
923 4519 1105 4573 veritas
1127 4518 1146 4589 (
1171 4516 1319 4574 Psal.
1355 4536 1516 4590 xxrv,
1549 4519 1616 4576 10
1637 4519 1678 4594 ).
1725 4522 1791 4578 Î•Î¹

188 4610 307 4681 quis
342 4611 580 4681 explicet
617 4626 774 4681 quam
803 4611 994 4666 crebro
1021 4610 1135 4666 lucc
1173 4611 1281 4667 duo
1306 4612 1585 4683 conjuncta
1611 4611 1788 4670 divina

188 4702 470 4774 Scriptura
496 4711 884 4759 commemoret
907 4702 1246 4774 ?Aliquando
1271 4703 1434 4759 etiam
1461 4706 1675 4760 mutatis
1695 4722 1792 4760 no-

189 4796 430 4850 minibus
454 4835 474 4862 ,
505 4803 564 4850 ut
607 4795 772 4866 gratia
799 4810 896 4865 pro
936 4795 1301 4851 misericordia
1332 4806 1560 4866 ponatur
1589 4816 1604 4852 :
1652 4798 1790 4855 unde

187 4897 307 4954 est,
341 4886 408 4942 Et
430 4888 651 4942 vidimus
669 4888 886 4961 gloriam
907 4890 1051 4961 ejus,
1084 4889 1300 4961 gloriam
1330 4899 1567 4961 tanquam
1604 4891 1791 4964 Unige-

187 4986 280 5038 niti
327 5001 362 5036 a
400 4983 594 5051 Patre,
640 4987 844 5056 plenum
869 4985 1038 5057 gratia
1074 4995 1121 5039 et
1145 4985 1350 5039 veritate
1378 4983 1562 5058 (Joan.
1591 5003 1630 5054 Î¹,
1659 4985 1788 5059 14).

185 5077 502 5148 Aliquando
533 5094 626 5148 pro
672 5079 896 5134 veritate
918 5077 1178 5148 judicium
1219 5095 1232 5132 :
1267 5078 1406 5134 sicut
1433 5087 1550 5146 est,
1583 5078 1791 5135 Miseri-

184 5170 424 5225 cordiam
447 5179 496 5225 et
504 5171 759 5244 judicium
779 5171 993 5226 cantabo
1017 5170 1106 5225 tibi
1127 5211 1144 5239 ,
1170 5169 1387 5225 Domine
1407 5168 1428 5243 (
1449 5168 1596 5226 Psal.
1620 5185 1672 5239 c,
1709 5171 1786 5243 1).

182 5305 391 5357 haberet
421 5301 885 5369 summumst:
1133 5304 1794 5369 nonpossct,adtutctorem

183 5378 351 5442 perun
382 5365 850 5442 esse'referendungâ€˜.
875 5365 1045 5442 Ultima
1077 5365 1440 5442 istbmc'verba,_
1456 5368 1521 5418 ad
1533 5373 1795 5442 â€œauctorem

185 5439 353 5494 Deum
365 5443 474 5482 esse
485 5429 1172 5494 referatdum,_'e:punximus,
1186 5436 1414 5494 revocata
1428 5431 1522 5480 huc
1532 5430 1613 5479 illa
1627 5429 1795 5480 lectio-

182 5508 270 5554 ne,
293 5491 372 5544 ita
390 5499 440 5565 et
585 5490 1039 5565 multatione-datis;
1052 5492 1281 5565 subaudi,
1305 5499 1432 5565 Deus
1446 5499 1612 5565 auctor
1632 5499 1754 5542 esset
1774 5505 1794 5543 :

182 5553 337 5620 quam
354 5555 565 5620 quidem
573 5555 858 5620 reperimus
871 5556 923 5620 in
947 5553 1092 5603 editis
1107 5560 1288 5603 Am.Er.
1309 5559 1361 5605 et
1383 5554 1679 5620 ineuntibus
1695 5566 1794 5620 ma-

183 5614 455 5689 inscriptis
477 5614 745 5675 codicibus,
770 5629 800 5665 e
822 5617 1003 5689 quibus
1037 5623 1202 5689 tamen
1225 5614 1472 5677 nonnulli,
1496 5625 1629 5689 post,
1649 5615 1794 5668 malae

181 5675 446 5732 volatalis
465 5716 480 5742 ,
528 5691 795 5744 perperam
832 5675 1028 5740 addunt,
1074 5675 1301 5744 initium:
1330 5675 1518 5744 necnon
1539 5675 1662 5744 infra
1683 5691 1794 5744 eum

181 5753 287 5793 Am.
303 5753 360 5795 et
388 5750 488 5801 ÎµÎ¹Î·,
504 5741 575 5792 ad
599 5747 846 5791 auctorem
869 5749 1023 5803 Detur:
1044 5741 1490 5803 essegrererendum.
1511 5748 1559 5788 tu
1578 5742 1792 5803 editione

180 5808 394 5873 quadam
435 5803 838 5873 Parisrensianni
877 5802 1017 5873 Î¹ÏÎ¹Î¹,
1039 5804 1111 5873 sic
1151 5801 1466 5873 legiturzjta
1485 5808 1532 5873 et
1555 5801 1823 5873 qttidqttidâ€˜

177 5863 249 5919 á¼€Î¹
273 5869 426 5922 matre
467 5864 755 5924 natiuitatis.
779 5876 887 5928 qute
905 5863 1002 5917 nisi
1037 5863 1277 5916 hominem
1298 5863 1495 5916 haberet
1534 5863 1618 5917 ubi
1650 5863 1791 5930 eiset,

177 5943 281 5987 esse
303 5930 503 5988 cautim
520 5942 623 5984 non
646 5934 820 5993 posset.

643 6014 874 6077 Sutor.
920 6014 1198 6078 Auuusr.
1244 6013 1329 6078 X.

1521 399 1726 458 LIBER
1761 392 2140 462 SECUNDUS.

274 522 369 579 30.
389 521 741 594 Quapropter
767 521 873 581 nisi
896 523 1232 582 obtineamus
1247 564 1262 590 ,
1283 538 1394 579 non
1421 522 1599 580 solum
1622 524 1815 581 volun-

201 617 338 672 tatis
365 616 645 673 arbitrium
666 658 683 684 ,
717 618 866 689 quod
890 617 994 674 huc
1037 628 1198 689 atque
1232 615 1358 672 illuc
1391 615 1616 673 liberum
1645 617 1814 674 flecti-

201 715 289 764 tur
321 750 336 778 ,
375 717 538 781 atque
586 709 642 764 in
688 709 772 766 eis
814 709 1146 766 naturalibus
1192 707 1348 765 bonis
1385 716 1504 776 est,
1534 707 1729 780 quibus
1757 717 1813 765 et

3407 407 3514 471 Î¹Ï„Î¿

1996 525 2085 583 32.
2116 525 2291 594 Quare
2329 536 2507 585 autem
2551 524 2669 586 illos
2693 525 2823 588 velit
2849 540 3164 589 convertere
3188 573 3205 600 ,
3248 530 3370 588 illos
3406 549 3511 603 pro

1923 621 2206 678 aversione
2247 622 2438 694 punire
2484 641 2498 678 :
2545 639 2847 696 quanquam
2893 634 2949 681 et
3000 626 3054 682 in
3098 624 3361 681 beneficio
3407 627 3509 680 tri-

1924 711 2140 770 buendo
2167 729 2325 770 nemo
2348 714 2492 785 juste
2521 716 2880 787 reprehendat
2903 717 3305 774 misericordem
3331 759 3346 784 ,
3379 717 3512 774 etin

1921 805 2152 862 vindicta
2170 807 2486 877 exercenda,
2512 825 2670 864 nemo
2685 809 2828 880 juste
2841 810 3202 881 reprehendat
3226 827 3509 879 veracem;

1919 898 2058 954 sicut
2106 899 2158 953 in
2209 900 2315 954 illis
2359 901 2682 972 evangelicis
2743 903 3029 973 operariis,
3091 903 3208 958 aliis
3259 903 3510 973 placitam

1915 992 2220 1048 mercedem
2249 993 2592 1060 reddentem,
2624 994 2746 1050 aliis
2770 995 2928 1051 etiam
2962 1011 3063 1050 non
3094 996 3346 1068 placitam
3396 996 3509 1051 lar-

1912 1085 2147 1156 gientem
2191 1085 2400 1158 (Matth.
2443 1103 2547 1154 xx,
2601 1086 2668 1156 9,
2715 1085 2844 1161 10),
2897 1087 3076 1143 nullus
3126 1089 3272 1158 juste
3319 1089 3511 1158 culpa-

1912 1177 2106 1235 verit:
2149 1179 2430 1235 consilium
2483 1189 2663 1237 tamen
2719 1180 3026 1238 oceultioris
3072 1180 3293 1251 justitite
3339 1195 3508 1250 penes

1911 1272 2086 1344 ipsum
2115 1283 2217 1329 est.

1979 1362 2206 1421 CAPUT
2236 1363 2378 1420 XIX.
2403 1395 2475 1406 -
2501 1363 2606 1421 Per
2631 1367 2850 1438 gratiam
2870 1375 2918 1421 et
2946 1366 3166 1438 cognitio
3193 1365 3311 1420 boni
3339 1374 3385 1420 et
3412 1365 3506 1419 de-

1908 1455 2127 1510 lectatio.
2150 1455 2260 1511 Nos
2283 1465 2541 1528 quantum
2566 1473 2884 1513 concessum
2909 1466 2992 1513 est
3013 1458 3320 1529 sapiamus;
3347 1465 3401 1512 et
3422 1457 3476 1511 in
3491 1487 3511 1503 -

1909 1549 2241 1620 telligamus,
2289 1551 2335 1606 si
2382 1566 2705 1622 possumus,
2756 1551 3039 1608 Dominum
3086 1551 3254 1607 Deum
3299 1550 3503 1605 bonum

1906 1640 2027 1697 ideo
2073 1642 2233 1698 etiam
2281 1643 2480 1698 sanctis
2536 1644 2646 1699 suis
2690 1642 2916 1714 alicujus
2959 1643 3137 1714 operis
3185 1640 3317 1713 justi
3348 1641 3365 1674 Â¹
3393 1641 3500 1695 ali-

1904 1734 2118 1804 quando
2139 1750 2244 1790 non
2269 1735 2504 1791 tribuere
2527 1735 2612 1791 vel
2637 1743 2841 1791 certam
2869 1736 3170 1802 scientiam,
3199 1734 3283 1790 vel
3310 1734 3497 1790 victri-

1902 1841 2020 1881 cem
2048 1825 2460 1883 delectationem
2476 1869 2492 1895 ,
2521 1834 2580 1882 ut
2597 1835 2927 1899 cognoscant
2949 1842 3055 1883 non
3077 1842 3106 1881 a
3132 1841 3192 1881 se
3212 1825 3342 1896 ipsis
3360 1867 3376 1893 ,
3399 1823 3501 1881 sed

1901 1918 1969 1973 ab
2010 1917 2101 1973 illo
2143 1918 2243 1974 sibi
2289 1934 2412 1976 esse
2459 1919 2669 1988 lucem,
2713 1933 2816 1991 qua
2861 1919 3230 1974 illuminentur
3260 1914 3500 1971 tenebrae

1900 2025 2088 2067 eorum
2114 2053 2129 2077 ,
2179 2019 2234 2067 et
2274 2012 2593 2068 suavitatem
2631 2025 2738 2084 qua
2766 2011 2858 2068 det
2885 2009 3116 2068 fructum
3160 2023 3316 2065 suum
3346 2014 3496 2064 terra

1898 2115 2106 2158 eorum.

1969 2197 2058 2251 55.
2090 2195 2226 2250 Cum
2255 2203 2434 2252 autem
2476 2196 2544 2252 ab
2589 2195 2683 2252 illo
2708 2196 2850 2254 illius
2877 2195 3200 2268 adjutorium
3225 2194 3491 2265 depreca-

1895 2301 2017 2342 mur
2039 2287 2108 2342 ad
2135 2286 2434 2343 faciendam
2477 2284 2968 2360 perficiendamque
3009 2287 3302 2357 justitiam,
3353 2283 3486 2358 quid

1895 2381 2038 2436 aliud
2064 2381 2436 2452 deprecamur,
2476 2395 2638 2453 quam
2664 2390 2723 2437 ut
2745 2383 2951 2453 aperiat
2993 2379 3134 2451 quod
3171 2377 3403 2445 latebat,
3437 2386 3495 2432 et

1894 2490 2058 2530 suave
2090 2475 2248 2530 faciat
2267 2477 2409 2546 quod
2443 2491 2553 2531 non
2579 2475 2914 2532 delectabat?
2935 2475 3056 2547 quia
3087 2483 3141 2532 et
3180 2474 3282 2530 hoc
3308 2473 3377 2528 ab
3397 2471 3492 2527 illo

1892 2581 2015 2623 esse
2043 2567 2439 2637 deprecandum
2461 2607 2478 2635 ,
2506 2567 2622 2638 ejus
2642 2571 2813 2638 gratia
2842 2567 3148 2632 didicimus,
3179 2565 3305 2620 dum
3327 2572 3492 2618 antea

1892 2656 2116 2724 lateret;
2149 2657 2267 2730 ejus
2307 2658 2477 2729 gratia
2513 2657 2818 2724 dileximus,
2845 2656 2972 2712 dum
2999 2667 3158 2712 antea
3193 2669 3306 2710 non
3333 2652 3489 2710 dele-

1891 2763 2063 2809 ctaret
2091 2771 2105 2808 :
2136 2763 2188 2807 ut
2207 2755 2293 2824 qui
2313 2754 2585 2826 gloriatur,
2606 2768 2714 2808 non
2743 2751 2799 2808 in
2826 2767 2903 2819 se,
2929 2750 3025 2808 sed
3054 2751 3107 2806 in
3131 2749 3353 2805 Domino
3373 2748 3491 2820 glo-

1891 2845 2068 2900 rietur.
2084 2845 2282 2901 Extolli
2302 2833 2498 2918 quippe
2523 2847 2578 2901 in
2603 2843 2931 2917 superbiam,
2951 2842 3182 2914 prepriae
3197 2840 3490 2897 voluntatis

1891 2949 1974 2995 est
2001 2938 2276 2996 hominum
2297 2983 2312 3007 ,
2354 2955 2463 2995 non
2509 2939 2689 3011 operis
2714 2938 2814 2994 Dei
2856 2956 2869 2992 :
2912 2953 3086 3009 neque
3111 2936 3254 2993 enim
3283 2934 3349 2990 ad
3379 2933 3486 2991 hoc

1891 3048 1987 3089 eos
2014 3034 2288 3105 compellit
2316 3043 2408 3089 aut
2426 3034 2648 3104 adjuvat
2669 3033 2831 3089 Deus.
2859 3031 3124 3088 Praecedit
3151 3029 3350 3102 ergoin
3378 3043 3483 3085 vo-

1889 3123 2096 3181 luntate
2120 3125 2353 3181 hominis
2377 3127 2646 3198 appetitus
2662 3125 2878 3196 quidam
2909 3125 3138 3196 propria:
3165 3122 3446 3194 potestatis
3466 3163 3487 3194 ,

1890 3224 1951 3272 ut
1975 3216 2066 3271 flat
2095 3217 2408 3273 iuobedieus
2435 3233 2531 3287 per
2556 3216 2884 3287 superbiam.
2917 3215 3016 3271 Hic
3048 3225 3226 3271 autem
3271 3215 3488 3286 appeti-

1889 3316 1978 3364 tus
2000 3307 2160 3364 etiam
2210 3311 2231 3341 Â³
2276 3309 2321 3363 si
2371 3325 2477 3363 non
2507 3317 2684 3375 esset,
2727 3308 2859 3362 nihil
2897 3307 3182 3363 molestum
3227 3317 3399 3375 esset;
3431 3315 3490 3363 et

1890 3415 2012 3457 cum
2034 3399 2138 3457 hoc
2164 3398 2334 3456 voluit
2363 3399 2546 3467 homo,
2573 3402 2691 3456 sine
2716 3397 3026 3454 difficultate
3054 3399 3317 3454 noluisset
3344 3415 3359 3451 :
3391 3413 3486 3454 se-

1891 3501 2072 3549 culum
2099 3501 2183 3548 est
2207 3501 2383 3548 autem
2414 3507 2481 3547 ex
2501 3490 2837 3562 debitajusta
2863 3505 3020 3560 paena
3047 3490 3150 3546 tale
3182 3490 3387 3556 vitium,
3422 3497 3483 3545 ut

1887 3585 1998 3658 jam
2022 3584 2303 3641 molestum
2331 3595 2472 3641 esset
2493 3584 2710 3641 obedire
2733 3584 2975 3655 justitizn.
2996 3583 3149 3650 Quod
3170 3582 3357 3638 vitium
3379 3582 3487 3639 nisi

1890 3681 2178 3752 adjuvante
2205 3681 2374 3752 gratia
2411 3689 2716 3750 superetur,
2747 3678 2815 3734 ad
2837 3679 3100 3749 justitiam
3147 3692 3306 3733 nemo
3349 3691 3487 3732 con-

1890 3775 2152 3844 vertitur;
2183 3773 2285 3828 nisi
2323 3781 2580 3844 operante
2609 3772 2777 3843 gratia
2806 3780 3042 3837 sanetur,
3085 3769 3304 3841 justitize
3351 3782 3488 3840 pace

1893 3881 2053 3930 nemo
2078 3864 2390 3937 perfruitur.
2424 3865 2586 3935 Cujus
2621 3874 2799 3919 autem
2844 3863 3012 3934 gratia
3057 3862 3292 3918 vincitur
3315 3869 3370 3917 et
3398 3875 3490 3916 sa-

1892 3968 2070 4024 natur,
2093 3957 2196 4012 nisi
2224 3957 2364 4012 illius
2392 3957 2476 4011 cui
2503 3955 2720 4021 dicitur,
2751 3954 2994 4010 Converte
3014 3971 3108 4009 nos
3127 3995 3142 4021 ,
3184 3951 3326 4008 Deus
3345 3953 3489 4008 sani-

1895 4058 2053 4104 tatum
2092 4058 2402 4115 nostrarum,
2433 4058 2480 4102 et
2502 4059 2668 4102 averte
2693 4047 2823 4101 iram
2868 4057 3012 4102 tuam
3052 4064 3084 4101 a
3119 4045 3263 4101 nobis
3310 4043 3485 4117 (Psal.

1894 4159 2108 4211 Lxxuv,
2132 4142 2224 4213 5)?
2247 4141 2400 4211 Quod
2418 4151 2472 4196 et
2496 4143 2540 4196 si
2569 4141 2716 4207 facit,
2748 4140 3115 4197 misericordia
3148 4139 3295 4208 facit,
3316 4147 3375 4194 ut
3401 4138 3486 4195 di-

1893 4245 2064 4300 catur,
2095 4233 2218 4288 Non
2244 4235 2518 4288 secundum
2541 4243 2746 4305 peccata
2773 4242 2944 4286 nostra
2969 4232 3088 4305 fecit
3118 4232 3262 4285 nobis
3283 4271 3298 4297 ,
3327 4245 3490 4299 neque

1893 4327 2170 4382 secundum
2197 4327 2486 4396 iniquitates
2517 4334 2714 4379 nostras
2758 4324 2987 4378 retribuit
3013 4325 3155 4378 nobis
3175 4321 3348 4394 (Psal.
3377 4336 3489 4388 cn,

1895 4417 2010 4489 10).
2053 4417 2119 4472 Î•Î¹
2158 4417 2350 4487 quibus
2377 4430 2484 4470 non
2518 4415 2680 4483 facit,
2707 4415 2910 4486 judicio
2937 4429 3042 4469 non
3075 4413 3220 4469 facit.
3251 4413 3321 4468 Et
3363 4412 3488 4482 quis

1895 4508 2038 4564 dicet
2063 4507 2173 4575 illi,
2218 4506 2355 4575 Quid
2379 4505 2588 4570 fecisti,
2635 4506 2721 4560 cui
2750 4505 3116 4560 misericordia
3148 4513 3203 4560 et
3223 4504 3490 4575 judicium

1895 4603 1982 4674 pia
2006 4610 2310 4656 sanctorum
2341 4608 2520 4655 mente
2550 4599 2830 4654 cantatur?
2851 4597 3054 4654 Idcirco
3079 4599 3241 4654 etiam
3272 4607 3491 4655 sanctos

1895 4704 1950 4750 et
1977 4693 2161 4748 fideles
2191 4707 2316 4748 suos
2343 4693 2394 4746 in
2421 4691 2686 4762 aliquibus
2717 4691 2860 4746 vitiis
2907 4689 3110 4746 tardius
3137 4700 3321 4758 sanat,
3351 4701 3410 4746 ut
3433 4690 3494 4747 in

1896 4787 1981 4843 his
2005 4803 2098 4844 eos
2123 4789 2299 4842 minus
2322 4803 2478 4858 quam
2511 4784 2793 4856 implenda:
2824 4803 2888 4840 ex
2912 4785 3058 4840 omni
3091 4795 3240 4856 parte
3266 4784 3493 4856 justitize

1896 4882 2113 4950 sufficit,
2146 4881 2378 4936 delectet
2405 4881 2639 4945 bonum,
2672 4879 2784 4934 sive
2826 4895 2946 4934 cum
2997 4879 3162 4946 latet,
3208 4879 3321 4934 sive
3366 4894 3493 4936 cum

1896 4956 2056 5032 etiam
2086 4971 2425 5029 manifestum
2453 4985 2540 5028 est
2570 4991 2584 5028 :
2619 4980 2674 5028 ut
2715 4981 2970 5043 quantum
2998 4971 3228 5040 pertinet
3254 4970 3321 5026 ad
3347 4972 3496 5027 inte-

1897 5067 2184 5140 gerritnam
2209 5065 2449 5136 regulam
2478 5064 2716 5120 veritatis
2758 5064 2909 5132 ejus,
2944 5077 3048 5116 non
3074 5060 3394 5131 justificetur
3435 5062 3496 5118 in

1897 5166 2188 5229 conspectu
2217 5157 2333 5228 ejus
2358 5157 2534 5212 omnis
2561 5156 2768 5210 vivens.
2797 5154 2907 5210 Nec
2935 5154 2989 5209 in
3015 5168 3082 5209 co
3110 5153 3228 5225 ipso
3255 5155 3368 5209 vult
3392 5169 3493 5209 nos

1899 5249 2229 5308 damnabiles
2274 5263 2422 5312 esse,
2469 5249 2565 5304 sed
2610 5247 2875 5314 humiles,
2907 5247 3290 5302 commendans
3335 5246 3494 5302 nobis

1899 5343 2143 5400 eamdem
2185 5343 2413 5414 gratiam
2461 5357 2612 5396 suam
2646 5359 2659 5396 :
2705 5356 2770 5395 ne
2800 5339 3106 5396 facilitatem
3150 5340 3204 5394 in
3241 5338 3491 5394 omnibus

1899 5437 2147 5500 assecuti,
2178 5445 2418 5492 nostrum
2450 5442 2699 5505 putemus
2745 5448 2866 5490 esse
2909 5433 3052 5506 quod
3100 5433 3215 5504 ejus
3244 5438 3362 5497 est;
3395 5428 3494 5500 qui

1900 5545 2052 5586 error
2073 5529 2298 5585 multum
2325 5539 2408 5584 est
2435 5527 2680 5600 religioni
2711 5527 3000 5599 pietatiquc
3027 5524 3349 5582 contrarius.
3377 5521 3493 5578 Nec

1901 5623 2023 5680 ideo
2050 5633 2226 5680 tamen
2253 5623 2307 5679 in
2334 5621 2540 5678 eisdem
2569 5621 2713 5676 vitiis
2736 5620 2889 5676 nobis
2916 5615 3336 5689 permanendum
3365 5627 3491 5674 esse

1964 5805 1981 5837 Î¹
2017 5805 2134 5855 sunt
2155 5839 2170 5865 ,
2184 5802 2443 5868 justitiam.
2466 5804 2765 5867 Castigantttr
2782 5800 2963 5852 auxilio
2993 5806 3075 5850 us.
3099 5797 3311 5856 vadunt
3341 5799 3494 5852 unius

1901 5875 1954 5919 et
1973 5869 2356 5930 Cygirannensis.

1964 5932 1985 5962 Â³
2005 5925 2068 5981 'tii
2103 5938 2207 5982 MSS.
2233 5927 2477 5982 nonnullis
2493 5929 2654 5992 deest,
2677 5925 2840 5981 etiam.

3013 6015 3234 6092 {Sim}
