4016 6522
490 442 620 508 ’171

516 568 907 637 existimemus,
939 566 1033 625 sed
1055 565 1311 622 adversus
1332 564 1499 636 ipsam
1523 561 1753 618 maxime
1774 559 2100 631 superbiam,

514 677 740 738 propter
762 680 921 737 quam
942 665 995 720 in
1016 662 1095 720 eis
1123 661 1491 730 humiliamur,
1512 669 1568 716 et
1593 672 1692 714 nos
1714 655 1996 729 vigilanter
2020 667 2111 709 co-

514 773 730 825 nemur,
757 770 810 816 et
839 760 1011 830 ipsum
1037 757 1392 832 deprecemur
1419 754 1686 821 ardenter,
1722 749 1879 807 simul
1910 745 2111 803 intelli-

517 860 712 922 gentes
734 860 789 907 et
807 849 948 922 quod
975 850 1054 907 sic
1072 863 1353 918 conamur,
1377 857 1432 906 et
1446 845 1588 921 quod
1620 845 1697 900 sic
1719 844 2072 913 deprecamur
2091 880 2107 907 ,

514 941 663 999 dono
680 942 820 998 illius
843 958 942 1001 nos
960 943 1160 1001 habere
1179 961 1194 1001 :
1215 953 1271 999 ut
1286 944 1339 999 in
1359 941 1610 999 omnibus
1628 954 1732 994 non
1745 936 1810 993 ad
1827 951 1925 991 nos
1940 932 2113 1005 respi-

517 1037 744 1102 cientes.
774 1038 869 1096 sed
897 1054 1108 1095 sursum
1133 1055 1226 1097 cor
1251 1038 1529 1104 habentes,
1553 1035 1780 1092 Domino
1797 1032 1908 1089 Deo
1925 1041 2110 1087 nostro

510 1129 714 1198 gratias
739 1145 959 1203 agamus
979 1171 994 1196 ,
1022 1138 1218 1187 etcum
1243 1130 1553 1202 gloriamur,
1599 1128 1651 1183 in
1682 1127 1772 1182 illo
1796 1126 2105 1198 gloriemur.

593 1221 678 1276 CA
688 1220 819 1279 PUT
832 1220 1030 1279 XX.—
1044 1223 1132 1279 54.
1149 1223 1230 1277 Ad
1240 1233 1473 1294 quartam
1483 1222 1807 1294 quaestionem
1819 1217 2106 1291 respondet,

512 1312 738 1382 nullum,
768 1323 975 1386 meapte
1001 1314 1222 1383 Christo,
1251 1315 1427 1387 fuisse,
1450 1312 1530 1369 uel
1557 1329 1662 1369 esse
1688 1328 1854 1384 posse,
1887 1311 1973 1382 qui
1994 1309 2110 1363 nul—

513 1406 622 1460 lum
652 1405 832 1462 habeat
860 1417 1139 1477 peccatum.
1168 1406 1429 1476 Quartum
1454 1405 1567 1478 jam
1618 1404 1745 1460 illud
1772 1411 1969 1471 restat,
2001 1417 2108 1474 quo

512 1498 768 1569 explicito
799 1499 817 1531 ⁸
843 1508 1100 1570 quantum
1124 1499 1339 1569 adjuvat
1368 1497 1629 1558 Dominus
1647 1540 1664 1567 ,
1695 1511 1873 1553 sermo
1899 1509 2109 1566 quoque

511 1588 616 1645 iste
640 1600 747 1645 tam
771 1590 1008 1662 prolixus
1034 1590 1246 1646 tandem
1270 1591 1556 1647 terminum
1579 1598 1785 1657 sumat,
1810 1598 1992 1643 utrum
2017 1585 2109 1658 qui

510 1682 734 1739 omnino
751 1698 1020 1755 nunquam
1037 1684 1200 1740 ullum
1212 1694 1490 1758 peceatum
1505 1684 1749 1740 habuerit
1763 1681 2109 1737 babiturusve

509 1774 606 1841 sit,
627 1789 732 1830 non
751 1774 928 1832 solum
950 1778 1231 1849 quisquam
1248 1786 1496 1834 natorum
1510 1777 1789 1834 hominum
1809 1776 1897 1843 sit,
1922 1790 2107 1830 verum

510 1866 674 1923 etiam
701 1870 935 1939 potuerit
961 1870 1249 1942 aliquando
1271 1885 1413 1937 esse,
1450 1869 1533 1926 vel
1562 1869 1748 1941 possit.
1782 1868 1936 1923 llunc
1963 1881 2110 1938 pror-

505 1975 607 2020 sns
628 1960 732 2018 nisi
763 1978 927 2019 unum
951 1962 1303 2020 mediatorem
1328 1961 1426 2019 Dei
1446 1971 1502 2019 et
1526 1961 1805 2018 hominum
1832 1960 2107 2017 hominem

508 2052 783 2109 Christum
813 2053 997 2111 Iesum
1017 2094 1034 2121 ,
1067 2054 1270 2110 nullum
1293 2055 1378 2110 vel
1403 2068 1524 2110 esse
1542 2097 1556 2121 ,
1589 2053 1674 2109 vel
1703 2051 1887 2119 fuisse,
1916 2052 2002 2108 vel
2028 2052 2108 2108 fu-

505 2151 688 2203 turum
715 2162 857 2217 esse,
885 2148 1245 2205 certissimum
1276 2155 1379 2205 est.
1422 2146 1576 2204 Unde
1609 2146 1721 2218 jam
1751 2146 1918 2201 multa
1963 2143 2106 2200 dixi-

504 2251 630 2295 mus
659 2237 728 2295 de
757 2238 1031 2313 Baptismo
1059 2239 1428 2312 parvulorum,
1462 2239 1550 2310 qui
1576 2239 1623 2293 si
1658 2237 1866 2293 nullum
1915 2251 2106 2308 pecea-

507 2336 625 2385 tum
652 2329 870 2401 habent,
901 2347 1010 2388 non
1035 2331 1209 2389 solum
1245 2340 1368 2387 sunt
1409 2331 1655 2386 homines
1690 2328 2106 2385 innumerabiles

503 2422 626 2482 sine
652 2433 907 2495 peccato;
947 2440 1128 2480 verum
1169 2424 1328 2481 etiam
1359 2422 1611 2491 fuerunt,
1640 2431 1695 2478 et
1728 2430 1904 2479 erunt.
1935 2421 2106 2477 Porro

502 2512 552 2570 si
581 2515 846 2572 veraciter
872 2514 1005 2572 illud
1047 2515 1320 2582 constitit,
1371 2514 1512 2571 unde
1556 2513 1795 2569 secundo
1846 2513 1964 2568 loco
1993 2511 2107 2584 egi-

502 2618 648 2674 mus,
674 2605 943 2662 neminem
974 2620 1097 2663 esse
1122 2606 1240 2663 sine
1267 2613 1486 2678 peccato
1526 2603 1755 2676 (Supra,
1803 2620 1896 2660 nn.
1925 2602 1980 2672 8,
2007 2601 2103 2679 9);

502 2699 751 2772 proiecto
777 2715 878 2758 nec
900 2702 1103 2772 parvuli
1130 2701 1248 2757 sine
1277 2710 1497 2772 peccato
1524 2707 1667 2755 sunt.
1700 2697 1779 2754 Ex
1807 2713 1915 2770 quo
1937 2697 2107 2753 conﬁ-

503 2795 664 2861 citur,
696 2795 797 2852 etsi
842 2795 1123 2867 quisquam
1155 2795 1207 2850 in
1237 2794 1337 2850 hac
1362 2795 1469 2849 vita
1524 2807 1645 2849 esse
1687 2790 1982 2862 potuisset,
2014 2789 2106 2861 qui

503 2890 705 2946 virtute
745 2889 818 2945 ita
863 2889 1235 2960 perﬁceretur,
1277 2900 1334 2943 ut
1369 2887 1437 2943 ad
1464 2896 1665 2942 tantam
1712 2883 2105 2956 plenitudinem

501 2981 726 3054 iustitiae
754 2982 1094 3052 perveniret,
1125 2996 1227 3052 qua
1255 2980 1457 3037 nullum
1483 2979 1705 3035 haberet
1730 2979 1952 3034 omnino
1982 2992 2107 3049 pec-

503 3082 720 3141 catum,
748 3072 911 3129 fuisse
941 3081 1117 3129 tamen
1149 3086 1272 3129 eum
1296 3081 1453 3128 antea
1488 3080 1852 3144 peecatorem,
1882 3070 2023 3126 unde
2050 3069 2106 3125 in

504 3162 672 3224 istam
704 3167 993 3223 novitatem
1020 3166 1143 3222 vitae
1172 3168 1193 3200 ²
1221 3173 1642 3234 converteretur,
1668 3180 1774 3220 non
1800 3179 1923 3221 esse
1950 3162 2106 3219 dubi-

511 3259 752 3316 tandum.
785 3260 997 3316 Etenim
1028 3260 1080 3315 in
1111 3260 1348 3317 secundo
1376 3261 1468 3316 illo
1496 3260 1617 3316 loco
1647 3258 1790 3315 aliud
1822 3257 2103 3330 qumreba-

502 3361 618 3422 tur,
648 3351 791 3410 aliud
819 3353 872 3408 in
901 3353 1003 3409 hoc
1027 3361 1220 3425 quarto
1255 3353 1586 3424 propositum
1613 3361 1713 3408 est.
1743 3351 1874 3406 Nam
1900 3350 1955 3405 in
1978 3350 2068 3405 illo
2086 3392 2101 3417 ,

501 3455 687 3504 utrum
710 3445 905 3519 aliquis
930 3447 986 3503 in
1012 3446 1114 3504 hac
1135 3447 1246 3503 vita
1272 3446 1338 3503 ad
1383 3444 1702 3519 perfectam,
1730 3462 1849 3517 quae
1881 3460 2105 3517 prorsus

500 3538 622 3597 sine
649 3538 763 3596 ullo
791 3548 1012 3610 peccato
1053 3549 1166 3608 est,
1205 3540 1368 3595 vitam
1414 3539 1719 3610 perveniret
1757 3554 1854 3610 per
1878 3539 2104 3611 gratiam

500 3628 639 3698 Dei,
680 3627 857 3684 studio
892 3628 1185 3685 voluntatis
1205 3671 1221 3697 ,
1254 3629 1358 3685 hoc
1400 3628 1777 3700 requirebatur
1806 3628 1827 3661 ³
1856 3647 1871 3684 :
1900 3630 1953 3684 in
2002 3629 2106 3686 hoc

502 3730 685 3777 autem
706 3727 918 3793 quarto,
945 3729 1121 3777 utrum
1151 3731 1295 3777 esset
1320 3721 1371 3776 in
1399 3721 1519 3775 ﬁliis
1540 3720 1841 3790 hominum,
1865 3721 1951 3777 vel
1977 3735 2099 3778 esse

502 3812 791 3885 potuisset,
818 3822 910 3869 aut
937 3822 1121 3885 posset
1145 3812 1189 3883 ’⁸,
1233 3815 1322 3885 qui
1352 3828 1458 3869 non
1493 3830 1559 3869 ex
1589 3822 1811 3885 peccato
1841 3813 1907 3868 ad
1933 3815 2095 3885 justi-

501 3904 637 3961 tiam
658 3902 1100 3977 perfectissimam
1128 3905 1452 3976 perveniret,
1477 3905 1571 3962 sed
1598 3905 1746 3961 nullo
1765 3906 1986 3961 omnino
2012 3923 2105 3963 un-

511 4014 675 4072 quam
706 4007 925 4069 peccato
952 4006 1096 4055 esset
1118 3998 1429 4066 obstrictus,
1474 3998 1576 4054 hoc
1602 4000 1874 4070 quaeritur.
1904 3997 2030 4056 Ideo
2058 3999 2104 4056 si

511 4094 605 4152 illa
634 4108 759 4150 vera
787 4102 941 4159 sunt,
974 4109 1095 4166 qua:
1130 4102 1240 4148 tam
1267 4093 1432 4149 multa
1478 4091 1547 4149 de
1576 4093 1808 4164 parvulis
1837 4092 2067 4148 diximus
2086 4135 2100 4159 ,

504 4201 615 4245 nec
654 4195 738 4242 est
777 4187 832 4241 in
865 4185 987 4241 ﬁliis
1025 4184 1303 4243 hominum
1346 4186 1662 4258 quisquam,
1694 4200 1797 4243 nec
1818 4185 1919 4242 fuit
1942 4230 1957 4255 ,
2004 4202 2105 4243 nec

503 4279 631 4348 erit,
662 4288 887 4351 excepto
917 4293 1025 4335 uno
1052 4277 1366 4348 Mediatore,
1400 4279 1452 4334 in
1478 4293 1586 4351 quo
1613 4279 1769 4335 nobis
1795 4279 2102 4352 prepitiatio

502 4381 564 4430 et
586 4373 899 4444 justiﬁcatio
925 4373 1101 4446 posita
1128 4382 1242 4439 est,
1273 4388 1371 4445 per
1407 4388 1568 4445 quam
1598 4372 1764 4430 ﬁnitis
1806 4374 2101 4431 inimicitiis

496 4475 843 4539 peccatorum
868 4466 1287 4522 reconciliamur
1313 4465 1445 4522 Deo.
1472 4464 1592 4521 Non
1615 4466 1791 4537 itaque
1812 4465 1880 4522 ab
1899 4482 1960 4523 re
1985 4476 2063 4523 est
2082 4508 2098 4533 ,

498 4567 763 4631 quantum
817 4561 1069 4631 praesenti
1108 4574 1287 4615 causa:
1328 4557 1576 4615 sufﬁcere
1604 4558 1838 4627 videtur,
1885 4559 1953 4615 ab
1984 4559 2100 4629 ipso

499 4651 725 4707 exordio
748 4652 961 4722 generis
987 4650 1204 4708 humani
1233 4664 1401 4722 pauca
1443 4659 1688 4719 repetere
1709 4691 1723 4714 ,
1769 4649 1962 4719 quibus
1998 4650 2097 4706 ad-

500 4758 692 4798 versus
715 4742 993 4814 quaedam,
1023 4757 1144 4814 qua:
1188 4755 1407 4797 movere
1442 4749 1693 4813 possunt,
1726 4739 1953 4809 legentis
1978 4739 2098 4797 ani-

498 4848 623 4891 mus
643 4832 979 4891 informetur.

480 4936 488 4971 ε
577 4926 803 4985 CAPUT
852 4924 995 4981 XXI.
1037 4954 1112 4966 —
1147 4924 1238 4983 55.
1280 4923 1446 4978 Adam
1483 4932 1534 4979 et
1585 4920 1695 4979 Eva
1749 4938 1768 4979 :
1816 4922 2099 4980 obedientia

500 5022 697 5078 homini
749 5021 1063 5077 vehementer
1110 5018 1462 5075 commendata
1496 5034 1529 5072 a
1566 5016 1694 5073 Deo.
1739 5017 2097 5091 Posteaquam

499 5115 583 5173 illi
641 5115 800 5186 primi
848 5112 1125 5180 homines,
1178 5112 1261 5168 vir
1320 5125 1461 5168 unus
1512 5110 1681 5168 Adam
1707 5153 1721 5178 ,
1776 5120 1831 5167 et
1884 5126 1949 5167 ex
2005 5111 2097 5167 illo

500 5205 618 5265 Eva
649 5221 785 5263 uxor
807 5205 959 5278 ejus,
991 5212 1211 5276 accepto
1258 5203 1352 5259 Dei
1398 5212 1668 5276 praecepto
1706 5218 1926 5260 servare
1967 5203 2099 5260 obe-

498 5298 760 5356 dientiam
788 5298 1106 5365 noluerunt,
1144 5297 1290 5370 justa
1331 5311 1427 5354 eos
1468 5312 1629 5371 paena
1668 5312 1731 5355 ac
1757 5295 1938 5354 debita
1968 5311 2098 5352 con-

475 5381 687 5452 secuta
731 5401 832 5449 est.
867 5390 958 5449 Sic
989 5392 1133 5449 enim
1174 5391 1533 5448 comminatus
1576 5392 1749 5449 fuerat
1797 5391 2092 5462 Dominus,

476 5489 644 5561 ,quod
674 5504 739 5546 ea
764 5487 850 5545 die
875 5501 979 5560 qua
1004 5487 1226 5544 vetitum
1247 5486 1426 5545 cibum
1447 5485 1703 5555 ederent,
1726 5494 1900 5543 morte
1919 5501 2097 5544 more-

570 5717 590 5787 :
620 5722 691 5787 ita
713 5728 827 5787 cura
848 5711 1540 5787 maaussrirtis:.iexRWO-l.
1796 5715 1807 5724 “
1867 5776 1879 5787 .
1918 5777 1949 5787 -.
1976 5748 1981 5753 ι

563 5778 589 5847 ξ
618 5785 737 5839 vox,
763 5776 1058 5847 vitm,_abest
1076 5775 1107 5847 εξ
1394 5777 1622 5847 omnibus
1643 5776 1995 5847 manusajpﬁs.

567 5840 589 5874 ³
618 5836 749 5906 mg,
773 5836 931 5906 stadio
949 5837 1216 5901 votimtatis,
1240 5836 1612 5903 requirebatur;
1632 5836 1818 5903 deleto,
1840 5836 2093 5906 hoc,quod

479 5901 549 5955 in
564 5904 759 5953 caeteris
780 5902 918 5953 libris
935 5908 1112 5954 exstat.

561 5964 584 5998 ⁸
614 5967 1291 6029 Mss.omittunt,¢mtposset.

1154 444 1247 505 DE
1282 438 1747 504 PECCATORUM
1783 434 2063 497 MERITIS
2096 420 2190 495 ΕΤ
2225 429 2652 523 REMISSIONE,
2694 438 2752 496 S.
2794 433 3168 499 AUGUSTINI

3714 443 3824 504 l7!

2222 562 2428 611 rentur.
2468 554 2701 612 Proinde
2744 559 2867 629 quia
2911 557 3097 615 utendi
3140 558 3207 615 ad
3250 573 3427 615 escam
3474 563 3623 617 omni
3667 563 3820 636 ligno

2219 648 2362 721 quod
2391 649 2442 705 in
2474 651 2720 721 paradiso
2746 663 2880 721 erat,
2912 663 3231 724 acceperant
3256 664 3600 725 potestatem,
3625 657 3679 713 in
3705 674 3817 731 quo

2219 743 2381 799 etiam
2423 743 2625 817 lignum
2655 748 2777 803 vitae
2808 750 3144 819 plantaverat
3180 750 3358 814 Deus;
3402 752 3469 808 ab
3508 752 3601 809 illo
3630 762 3817 810 autem
3846 744 3849 747 ’

2219 835 2337 890 solo
2356 851 2448 892 eos
2473 839 2841 909 prohibuerat,
2865 840 3008 912 quod
3032 841 3319 913 appellavit
3341 844 3579 900 scientias
3606 844 3731 901 beni
3759 854 3821 902 et

2218 928 2345 985 mali
2374 931 2523 1002 (Gen.
2551 949 2623 998 ιι,
2657 933 2711 999 9,
2744 934 2812 991 lii
2835 977 2850 1002 ,
2884 936 2975 1007 l7)
2995 978 3010 1001 ,
3042 951 3149 1007 quo
3174 937 3393 994 nomine
3422 936 3817 1008 signiﬁcaretur

2218 1023 2563 1093 experientia:
2585 1027 2990 1098 consequentia,
3021 1035 3075 1083 et
3102 1027 3227 1099 quid
3255 1026 3383 1083 boni
3412 1029 3675 1084 custodita
3697 1072 3714 1099 ,
3756 1040 3817 1087 et

2218 1115 2346 1185 quid
2390 1116 2515 1173 mali
2543 1128 2725 1175 essent
2755 1128 3088 1191 transgressa
3135 1120 3495 1190 prohibitione
3541 1124 3751 1178 sensuri
3796 1140 3813 1178 :

2217 1217 2366 1264 recte
2410 1210 2649 1279 profecto
2702 1212 3072 1284 intelliguntur
3111 1221 3234 1269 ante
3280 1214 3569 1285 malignam
3612 1216 3819 1271 diaboli

2218 1303 2621 1372 persuasionem
2646 1305 2968 1362 abstinuisse
2997 1306 3117 1362 cibo
3141 1308 3325 1375 vetito,
3352 1315 3514 1379 atque
3535 1309 3615 1363 usi
3643 1307 3819 1365 fuisse

2219 1396 2525 1460 concessis,
2556 1413 2620 1453 ac
2661 1414 2757 1468 per
2798 1399 2901 1454 hoc
2929 1408 2984 1455 et
3012 1400 3255 1469 caeteris,
3287 1410 3344 1457 et
3370 1403 3639 1473 praecipue
3666 1403 3817 1474 ligno

2216 1485 2361 1542 vita}.
2380 1487 2517 1556 Quid
2540 1489 2681 1545 enim
2699 1491 3002 1560 absurdius,
3032 1501 3271 1563 quam-ut
3291 1492 3579 1549 credantur
3604 1509 3669 1551 ex
3692 1497 3820 1552 aliis

2218 1580 2500 1637 arboribus
2524 1582 2773 1639 alimenta
2803 1586 3129 1657 sumpsisse,
3160 1601 3269 1643 non
3311 1595 3490 1644 autem
3535 1588 3696 1645 etiam
3744 1604 3815 1646 ex

2216 1674 2311 1731 illo
2334 1675 2477 1748 quod
2506 1686 2562 1732 et
2602 1678 2847 1735 similiter
2881 1680 3206 1750 permissum
3246 1682 3454 1750 fuerat,
3485 1691 3540 1738 et
3583 1682 3816 1740 utilitate

2215 1768 2485 1840 praecipua
2524 1784 2623 1841 per
2646 1780 2865 1827 aetatum
2904 1773 3078 1829 labem
3110 1776 3301 1830 mutari
3330 1776 3373 1842 ¹,
3416 1776 3662 1845 quamvis
3689 1777 3822 1832 ani-

2171 1898 2174 1901 λ
2215 1862 2378 1917 malia
2406 1877 2654 1935 corpora,
2686 1873 2850 1937 atque
2877 1867 2931 1921 in
2974 1875 3201 1924 mortem
3233 1876 3567 1925 veterascere
3595 1884 3702 1925 non
3729 1869 3811 1925 si-

2215 1955 2407 2025 nebat,
2437 1956 2677 2013 tribuens
2720 1958 2823 2014 hoe
2852 1961 3063 2031 corpori
3107 1961 3338 2016 humano
3364 1961 3432 2017 de
3456 1977 3554 2016 suo
3582 1975 3818 2033 corpore

2213 2048 2575 2119 beneﬁcium,
2620 2060 2676 2107 et
2721 2054 2946 2123 mystica
2999 2054 3388 2125 signiﬁcatione
3428 2054 3815 2112 demonstrans

2215 2141 2343 2211 quid
2371 2158 2471 2214 per
2494 2143 2832 2214 sapientiam,
2864 2144 3017 2215 cujus
3049 2145 3269 2217 ﬁguram
3304 2146 3567 2216 gestabat,
3596 2145 3821 2203 confer-

2213 2242 2366 2290 retur
2389 2234 2584 2289 animae
2606 2235 2891 2303 rationali,
2921 2244 2979 2291 ut
3004 2237 3259 2293 alimento
3280 2237 3396 2309 ejus
3423 2238 3686 2295 viviﬁeala
3715 2254 3817 2296 ne-

2216 2341 2487 2398 quaquam
2527 2327 2580 2382 in
2608 2326 2782 2383 labem
2830 2338 3165 2401 mortemque
3192 2329 3442 2400 nequitia:
3468 2330 3813 2388 verteretur?

2212 2419 2403 2477 Merito
2433 2421 2575 2477 enim
2622 2420 2691 2477 de
2728 2421 2817 2477 illa
2851 2420 3065 2488 dicitur,
3111 2421 3329 2495 Ligmmt
3370 2425 3483 2479 vita:
3508 2434 3580 2479 est
3607 2425 3811 2497 (Imple-

2213 2513 2463 2571 ctentibus
2502 2531 2611 2569 eam
2658 2512 2839 2587 (Prov.
2892 2529 2982 2582 tu,
3035 2513 3147 2588 18).
3192 2514 3341 2571 Sicut
3390 2515 3506 2572 IItBC
3552 2515 3715 2572 arbor
3753 2516 3813 2573 in

2213 2605 2513 2677 corporali,
2543 2604 2621 2661 sic
2649 2605 2739 2660 illa
2768 2607 2820 2661 in
2851 2605 3111 2677 spirituali
3152 2607 3401 2679 paradiso
3448 2628 3461 2663 :
3508 2609 3609 2665 ista
3651 2618 3812 2665 exte-

2212 2698 2393 2765 rioris,
2426 2698 2514 2753 illa
2545 2697 2815 2755 interioris
2846 2698 3075 2754 hominis
3102 2701 3349 2755 sensibus
3386 2701 3630 2772 priebens
3654 2702 3810 2774 vigo-

2211 2804 2350 2854 rem,
2401 2793 2518 2845 sine
2564 2790 2670 2845 ulla
2719 2791 2772 2845 in
2821 2790 3056 2847 deterius
3091 2794 3348 2864 temporis
3387 2796 3814 2853 commutatione

2212 2883 2451 2940 vitalem.
2474 2884 2789 2941 Servicbant
2819 2884 2981 2957 igitur
3004 2886 3129 2953 Deo,
3165 2885 3514 2945 vehementer
3536 2888 3637 2944 sibi
3665 2905 3816 2946 eom-

2212 2977 2465 3035 mcndata
2514 2979 2710 3049 pietate
2753 2979 3102 3047 obetlientiie,
3135 2996 3236 3052 qua
3283 2996 3385 3036 una
3414 2982 3605 3037 colitur
3635 2982 3813 3039 Deus.

2212 3071 2344 3142 Quae
2360 3088 2458 3145 per
2486 3090 2544 3129 se
2568 3075 2681 3145 ipsa
2711 3082 2905 3147 quanta
2929 3075 3017 3141 sit,
3041 3090 3309 3146 quantque
3339 3075 3449 3131 sola
3475 3075 3713 3133 sufﬁciat
3738 3078 3813 3135 ad

2212 3166 2465 3223 tuendam
2496 3168 2810 3223 rationalem
2855 3168 2956 3224 sub
3004 3168 3264 3226 Creatore
3309 3181 3643 3241 creaturam,
3696 3187 3814 3229 non

2211 3261 2386 3332 potuit
2412 3262 2759 3318 excellentius
2788 3262 3023 3318 intimari
3045 3304 3060 3330 ,
3102 3280 3260 3336 quam
3292 3276 3350 3320 ut
3387 3280 3415 3319 a
3457 3265 3598 3338 ligno
3624 3266 3812 3338 prohi-

2206 3351 2471 3409 berentur
2499 3369 2606 3409 non
2653 3354 2814 3409 malo.
2848 3354 3002 3410 Absit
3031 3356 3172 3411 enim
3205 3369 3260 3412 ut
3288 3357 3550 3414 bonorum
3581 3359 3815 3417 Creator

2213 3446 2307 3518 qui
2339 3445 2462 3503 fecit
2488 3448 2697 3514 omnia,
2728 3457 2772 3502 et
2801 3464 2912 3503 ecce
2943 3451 3074 3504 bona
3100 3448 3248 3504 valde
3278 3450 3432 3520 (Gen.
3459 3467 3502 3518 ι,
3528 3450 3642 3523 5t),
3675 3452 3813 3510 mali

2210 3538 2412 3610 aliquid
2443 3540 2494 3596 in
2528 3540 2669 3597 illius
2712 3542 2873 3597 etiam
2904 3544 3203 3614 corporalis
3244 3544 3477 3615 paradisi
3525 3544 3814 3604 fertilitate

2212 3631 2499 3703 plantaret.
2528 3633 2633 3690 Sed
2660 3642 2720 3690 ut
2747 3635 3126 3692 ostenderetur
3155 3637 3379 3705 homini,
3408 3639 3491 3694 cui
3521 3650 3666 3696 esset
3706 3639 3817 3697 sub

2211 3723 2303 3779 tali
2330 3724 2559 3781 Domino
2586 3727 2865 3782 utilissima
2897 3729 3128 3808 servitus
3147 3770 3160 3793 ,
3185 3740 3440 3800 quantum
3471 3741 3613 3789 esset
3635 3733 3817 3790 solius

2211 3814 2530 3873 obedientiae
2558 3818 2780 3884 bonum,
2816 3835 2976 3891 quam
3009 3820 3177 3876 solam
3202 3821 3271 3877 de
3295 3820 3496 3880 fainnlo
3527 3835 3809 3896 exegerat,

2210 3908 2295 3964 cui
2323 3908 2543 3965 obedire
2570 3926 2678 3966 non
2708 3921 2928 3983 propter
2958 3913 3126 3984 ipsius
3145 3913 3507 3982 dominatum,
3539 3914 3634 3972 sed
3684 3931 3819 3987 pro-

2208 4009 2331 4072 pter
2356 4002 2642 4060 servientis
2685 4005 2707 4036 ¹
2755 4005 3039 4062 utilitatem
3090 4006 3268 4078 potius
3295 4009 3607 4080 expediret;
3637 4009 3710 4066 ab
3741 4026 3819 4069 eo

2209 4093 2355 4166 ligno
2393 4104 2520 4151 sunt
2559 4095 2839 4167 prohibiti,
2867 4113 2975 4171 quo
3000 4099 3045 4155 si
3072 4111 3351 4157 uterentur
3378 4117 3481 4159 non
3509 4102 3769 4176 prohibiti
3795 4148 3815 4175 ,

2207 4188 2343 4244 nihil
2396 4189 2522 4245 mali
2569 4191 2787 4248 omnino
2834 4202 3144 4264 paterentur
3193 4212 3207 4249 :
3253 4205 3311 4251 ut
3355 4196 3494 4269 quod
3548 4197 3637 4252 illo
3683 4209 3821 4269 post

2206 4280 2626 4354 prohibitionem
2670 4294 2881 4349 utentes
2923 4287 3059 4356 passi
3103 4296 3260 4355 sunt,
3310 4290 3439 4344 satis
3478 4289 3823 4361 intelligere-

2208 4380 2296 4429 tur
2320 4374 2463 4446 quod
2494 4375 2574 4431 eis
2604 4374 2706 4431 hoc
2736 4391 2840 4431 non
2873 4376 3110 4433 intulerit
3136 4377 3299 4434 arbor
3322 4378 3444 4435 cibo
3484 4379 3645 4436 noxio
3677 4396 3820 4453 per-

2206 4465 2408 4522 niciosa
2430 4507 2445 4533 ,
2477 4467 2573 4522 sed
2600 4476 2806 4524 tantum
2835 4468 3142 4525 obedientia
3172 4470 3388 4526 violata.
3657 4540 3663 4548 .

2275 4560 2506 4619 CAPUT
2547 4561 2716 4618 XXII.
2757 4593 2830 4604 —
2884 4564 2972 4620 56.
3023 4564 3203 4621 Status
3249 4564 3465 4622 hominis
3512 4576 3626 4620 ante
3681 4584 3821 4637 pec-

2202 4666 2394 4714 catum.
2453 4657 2603 4713 Hane
2661 4674 2788 4731 ergo
2848 4658 3158 4731 priusquam
3229 4659 3551 4728 violassent,
3621 4661 3819 4731 placc-

2202 4750 2332 4808 bant
2370 4752 2515 4818 Deo,
2545 4761 2600 4807 et
2640 4753 2884 4824 placebat
2908 4753 2986 4809 eis
3026 4754 3201 4820 Deus;
3233 4764 3290 4811 et
3332 4756 3576 4826 quamvis
3603 4769 3819 4828 corpus

2202 4847 2436 4905 animale
2460 4858 2771 4921 gestarent,
2805 4849 2934 4904 nihil
2963 4848 3280 4906 inobediens
3307 4851 3359 4906 in
3386 4851 3476 4906 illo
3512 4850 3819 4910 adversum

2201 4959 2262 5000 se
2286 4944 2488 5000 moveri
2513 4944 2833 5001 sentiebant.
2858 4942 3109 5001 Faciebat
3133 4943 3330 5017 quippe
3356 4945 3457 5001 hoc
3481 4943 3612 5001 ordo
3632 4944 3821 5015 justi-

2205 5039 2311 5104 tize,
2342 5045 2401 5094 ut
2424 5038 2547 5110 quia
2576 5054 2764 5095 eorum
2794 5042 2970 5095 anima
2996 5038 3254 5095 famulum
3286 5054 3481 5112 corpus
3507 5054 3537 5095 a
3568 5040 3822 5101 Domino

2200 5142 2521 5204 acceperat,
2569 5131 2707 5189 sicut
2757 5131 2873 5204 ipsa
2916 5131 3091 5189 eidem
3133 5131 3361 5188 Domino
3413 5147 3551 5197 suo,
3595 5132 3668 5187 ita
3724 5134 3825 5195 illi

2200 5239 2397 5295 corpus
2424 5228 2539 5297 ejus
2567 5224 2844 5294 obediret,
2874 5234 3035 5297 atque
3079 5225 3359 5282 exhiberet
3382 5225 3504 5281 vitae
3548 5222 3623 5280 illi
3659 5240 3824 5284 con-

2198 5334 2391 5393 gruum
2423 5320 2541 5377 sine
2568 5319 2677 5376 ulla
2716 5320 3020 5377 resistentia
3062 5318 3395 5375 famulatum.
3428 5318 3563 5374 Hinc
3588 5326 3642 5374 et
3666 5321 3822 5382 nudi

2199 5422 2376 5482 erant,
2408 5422 2463 5470 et
2491 5430 2597 5469 non
2622 5412 3106 5470 confundebantur.
3133 5412 3379 5468 Animam
3410 5413 3607 5483 quippe
3637 5421 3826 5469 ratio.

2199 5507 2378 5563 nalem
2430 5507 2655 5562 naturali
2716 5505 3041 5563 verecundia
3099 5521 3241 5562 nunc
3289 5505 3488 5577 pudet,
3549 5506 3696 5577 quod
3754 5510 3820 5567 in

2196 5614 2384 5670 carne,
2414 5601 2468 5658 in
2493 5601 2646 5672 cujus
2671 5600 2982 5658 servitutem
3007 5599 3096 5671 jus
3119 5599 3396 5673 potestatis
3420 5599 3661 5671 accepit,
3700 5618 3824 5659 nc~

2198 5695 2312 5753 scio
2339 5710 2443 5768 qua
2466 5694 2775 5751 inﬁrmitate
2799 5691 3016 5750 efﬁcere
3046 5707 3155 5748 non
3182 5701 3376 5763 potest,
3411 5700 3468 5747 ut
3490 5707 3550 5748 se
3574 5691 3823 5755 nolente

2262 5904 2282 5969 ξ
2315 5898 2422 5950 Sola
2441 5898 2590 5949 editio
2619 5903 2750 5969 tarn,
2769 5909 2857 5969 per
2894 5899 3091 5969 (staturi;
3117 5893 3306 5969 lapsum
3320 5891 3522 5969 portari2

2261 5963 2283 5995 ³
2313 5969 2366 6014 tn
2403 5955 2746 6025 annosa'iptis'
2769 5955 2848 6012 vel
2882 5966 2958 6010 est
2976 5992 2990 6019 ,
3016 5955 3229 6022 clientis;
3252 5956 3333 6011 vel
3351 5989 3367 6019 ,
3390 5955 3577 6009 tuentis
