4016 6508
191 461 282 520 ηε
1522 449 1722 506 LIBER
1762 447 2164 508 SECUNDUS.-

191 593 294 636 nou
333 581 654 632 moveantur
699 569 979 638 membra,
1009 577 1064 626 et
1103 567 1400 624 sevolente
1437 575 1776 622 moveantur.

187 670 318 744 om:
345 675 563 738 prepter
591 664 700 722 hoc
731 663 788 720 in
819 661 1008 735 quovis
1032 667 1202 728 casto,
1232 659 1424 714 merito
1447 657 1786 728 appellantur

191 763 472 838 pudenda,
502 759 650 832 quod
690 760 958 816 adversus
992 755 1266 812 dominam
1309 761 1540 808 mentem
1564 793 1580 818 ,
1630 750 1785 822 quasi

191 871 296 912 sua:
325 854 436 908 sint
463 851 770 922 potestatis,
799 850 936 906 sicut
961 847 1166 904 libitum
1193 851 1308 910 est,
1335 843 1638 900 excitantur
1667 859 1682 896 :
1713 841 1786 896 id-

189 963 290 1018 que
321 945 500 1000 solum
531 943 672 1014 juris
701 943 756 998 in
783 941 870 998 his
909 940 1102 996 habent
1133 936 1282 994 frena
1323 936 1558 1003 virtutis,
1605 945 1664 990 ut
1711 935 1780 990 ad

191 1038 494 1096 immundae
519 1047 576 1092 et
605 1035 826 1092 illicitas
860 1032 1232 1103 corruptiones
1255 1045 1316 1086 ea
1363 1030 1644 1102 pervenire
1675 1043 1784 1084 non

189 1135 380 1190 sinant.
417 1132 548 1186 llaec
575 1130 736 1202 igitur
764 1128 944 1186 carnis
975 1125 1336 1184 inobedientia
1355 1167 1372 1194 ,
1399 1139 1520 1196 quae
1567 1123 1620 1178 in
1667 1123 1784 1192 ipso

187 1237 332 1282 metu
356 1233 448 1280 est
465 1265 482 1288 ,
515 1223 728 1278 etiamsi
765 1221 966 1276 habere
992 1234 1100 1276 non
1127 1217 1467 1290 permittatur
1494 1215 1738 1270 ell‘ectum
1765 1253 1780 1278 ,

187 1335 284 1374 non
329 1323 458 1374 erat
495 1316 556 1370 in
605 1313 711 1370 illis
761 1313 944 1383 primis
997 1309 1345 1376 hominibus,
1395 1306 1608 1380 quando
1655 1305 1782 1360 nudi

185 1417 364 1478 erant,
395 1419 456 1464 et
484 1422 596 1462 non
633 1403 1118 1462 confundebantur.
1149 1401 1398 1458 Nondum
1443 1399 1642 1472 quippe
1667 1399 1785 1454 ani-

183 1519 262 1560 ma
309 1499 600 1556 rationalis
639 1497 860 1554 domina
907 1495 1090 1552 carnis
1139 1493 1452 1550 inobediens
1503 1491 1784 1548 exstiterat

185 1595 408 1650 Domino
433 1605 574 1660 suo,
611 1598 674 1646 ut
701 1604 860 1661 pmna
887 1589 1160 1658 reciproca
1189 1587 1582 1642 inobedieutem
1613 1599 1777 1654 expe-

187 1689 372 1744 riretur
423 1698 654 1740 carnem
699 1681 952 1738 famulam
985 1695 1144 1736 .suam
1187 1693 1310 1734 cum
1353 1691 1512 1734 sensu
1551 1675 1782 1746 quodam

187 1779 514 1836 confusionis
561 1787 620 1832 et
662 1775 924 1832 molestiae
963 1789 1110 1838 suae,
1164 1787 1323 1844 quem
1371 1785 1588 1826 sensum
1637 1777 1784 1826 certe

193 1873 290 1942 ipsa
313 1886 412 1942 per
437 1867 866 1926 inobedientiam
893 1881 1044 1922 suam
1083 1879 1188 1920 non
1216 1863 1395 1920 intulit
1425 1863 1556 1918 Deo.
1601 1861 1784 1934 Neque

189 1966 320 2020 eim
347 1965 464 2020 Deo
493 1961 808 2034 pudendum
833 1969 918 2016 est
939 1969 1029 2016 aut
1051 1960 1338 2014 molestum
1361 1999 1376 2025 ,
1407 1957 1454 2012 si
1485 1971 1582 2012 nos
1603 1957 1652 2012 ei
1676 1972 1782 2012 non

189 2057 466 2114 obedimus
489 2097 506 2123 ,
553 2056 712 2126 cujus
749 2054 806 2110 in
855 2069 953 2110 nos
983 2068 1246 2109 summam
1287 2061 1604 2124 potestatem
1641 2051 1784 2106 nullo

189 2149 340 2204 malo
367 2149 622 2203 minuere
651 2146 892 2202 valemus
925 2163 938 2199 :
979 2143 1074 2200 sed
1119 2143 1274 2200 nobis
1323 2143 1628 2214 pudendum
1662 2149 1780 2210 est,

189 2239 322 2310 quod
349 2239 584 2308 imperio
609 2245 796 2292 nostro
819 2251 946 2292 caro
971 2251 1078 2292 non
1109 2235 1304 2300 servit;
1331 2235 1454 2306 quia
1485 2237 1586 2292 hoc
1610 2235 1666 2290 ﬁt
1689 2251 1786 2306 per

191 2332 552 2388 inﬁmitatem
591 2345 752 2401 quam
794 2329 1064 2400 peccando
1093 2331 1416 2396 meruimus,
1459 2337 1785 2400 vocaturque

191 2435 464 2496 peccatum
503 2424 758 2480 habitans
801 2423 854 2478 in
901 2421 1157 2478 membris
1203 2421 1400 2478 nostris
1453 2421 1632 2492 (Rom.
1675 2438 1782 2490 vn,

193 2519 292 2584 i7,
347 2519 484 2590 25).
538 2517 630 2574 Sic
695 2525 778 2573 est
839 2525 1016 2572 autem
1073 2515 1176 2570 hoc
1229 2525 1542 2586 peccatum,
1603 2525 1660 2571 ut
1717 2517 1834 2573 sit-

191 2625 346 2682 μηδ
393 2611 622 2682 peccati.
669 2609 908 2680 Denique
951 2617 1296 2680 posteaquam
1359 2618 1442 2665 est
1505 2610 1592 2664 illa
1651 2611 1786 2666 facta

193 2703 560 2773 transgressio
583 2743 598 2770 ,
641 2711 695 2758 et
737 2703 918 2758 anima
963 2702 1275 2759 inobediens
1317 2719 1346 2756 a
1391 2703 1508 2774 lege
1551 2703 1636 2760 sui
1679 2703 1804 2759 Βο-⁴

185 2795 336 2852 mini
381 2811 576 2850 aversa
611 2805 716 2862 est,
759 2795 960 2850 habere
1001 2795 1164 2865 είερίι
1209 2805 1394 2852 contra
1438 2811 1558 2852 eam
1601 2811 1788 2854 servus

187 2886 342 2956 ejus,
391 2887 498 2940 hoc
525 2895 602 2942 est
641 2901 834 2956 corpus
874 2887 1020 2956 ejus,
1067 2887 1238 2958 legem
1279 2887 1691 2956 inobedientizc;
1735 2899 1790 2946 et

187 2979 376 3049 puduit
399 2979 526 3036 illos
545 2979 790 3036 homines
811 2979 1064 3036 nuditatis
1085 2995 1196 3036 suae
1216 3023 1232 3048 ,
1257 2981 1630 3040 animadverso
1653 2983 1704 3038 in
1729 2999 1789 3040 se

187 3082 368 3138 motu,
401 3087 564 3142 quem
593 3083 718 3128 ante
743 3087 850 3126 non
877 3081 1157 3128 senserant
1187 3091 1202 3126 :
1231 3089 1350 3144 qua:
1393 3073 1787 3130 animadversio

191 3165 390 3234 upertio
417 3163 560 3218 dicta
590 3173 674 3218 est
697 3165 974 3220 oculorum
1002 3163 1154 3236 (Gen.
1185 3181 1272 3234 ιιι,
1303 3165 1358 3240 7)
1387 3183 1400 3232 ;
1443 3181 1618 3236 neque
1643 3167 1786 3222 enim

187 3255 352 3310 oculis
379 3257 584 3311 clausis
629 3257 772 3312 inter
821 3257 938 3312 illas
982 3257 1203 3312 arbores
1245 3257 1588 3314 oberrabant.
1621 3257 1710 3314 Sic
1736 3269 1790 3316 et

187 3346 254 3402 de
285 3349 430 3418 Agar
455 3350 720 3420 scriptum
747 3357 830 3404 est
847 3390 861 3413 ,
889 3348 1064 3418 Aperti
1105 3359 1222 3404 sunt
1257 3349 1392 3404 oculi
1417 3352 1527 3422 ejus
1547 3391 1564 3418 ,
1589 3359 1638 3404 et
1666 3351 1788 3404 vidit

189 3449 392 3510 puteum
447 3439 562 3512 (Id.
615 3456 740 3508 xxi,
791 3440 907 3512 19).
939 3439 1088 3496 Tunc
1131 3441 1208 3496 illi
1251 3441 1498 3497 homines
1541 3443 1788 3514 pudenda

187 3538 432 3588 texerunt
459 3551 474 3588 :
501 3547 624 3604 quae
653 3533 795 3590 Deus
821 3532 928 3588 illis
947 3533 1186 3588 membra
1203 3573 1219 3600 ,
1253 3533 1354 3605 ipsi
1383 3549 1512 3590 vero
1543 3535 1787 3606 pudenda

187 3624 446 3682 fecerunt.
781 3639 788 3642 '

257 3717 490 3774 CAPUT
527 3715 722 3774 XXIII.
747 3747 820 3758 —-
847 3717 938 3772 57.
969 3715 1187 3773 Natura:
1210 3719 1467 3788 corruptio
1499 3735 1587 3788 per
1611 3735 1788 3790 pecca-

193 3815 292 3862 tum
311 3851 326 3875 ,
371 3820 422 3865 et
473 3811 738 3864 renovatio
767 3827 857 3881 per
886 3809 1162 3878 Christum.
1195 3810 1269 3865 De
1295 3811 1396 3866 bac
1437 3811 1554 3884 lege
1581 3813 1786 3882 peccati

191 3901 422 3956 nascitur
447 3916 580 3956 caro
609 3903 852 3972 peccati,
880 3901 1140 3972 expianda
1181 3917 1277 3972 per
1303 3901 1443 3958 illius
1478 3917 1787 3960 sacramen-

189 4001 318 4060 tum,
347 3995 441 4066 qui
473 3993 621 4050 venit
649 3995 702 4049 in
733 3995 1080 4050 similitudine
1110 3995 1287 4050 carnis
1313 3995 1547 4066 peccati,
1578 4005 1632 4052 ut
1657 4011 1784 4051 eva-

191 4094 370 4140 cuatur
393 4101 602 4156 corpus
635 4087 838 4158 peccati
871 4086 1044 4159 (Rom.
1072 4103 1188 4152 vui,
1219 4085 1298 4158 3),
1340 4087 1483 4158 quod
1511 4098 1565 4143 et
1591 4105 1787 4160 corpus

191 4176 378 4236 mortis
421 4177 590 4249 hujus
635 4178 974 4250 appellatur:
1021 4177 1164 4234 unde
1208 4176 1461 4234 miserum
1515 4179 1784 4236 hominem

185 4283 292 4326 non
319 4269 516 4326 liberat
559 4271 664 4326 nisi
708 4271 874 4342 gratia
905 4271 999 4326 Dei
1031 4286 1126 4342 per
1153 4269 1336 4328 Jesum
1381 4271 1648 4326 Christum
1683 4273 1788 4330 Do-

187 4363 390 4420 minum
433 4373 686 4420 nostrum
721 4361 846 4437 (Id.
875 4379 978 4429 vn,
1010 4361 1100 4429 24,
1132 4361 1248 4436 25).
1283 4363 1372 4418 Sic
1414 4363 1556 4420 enim
1600 4365 1665 4418 ab
1706 4367 1786 4418 eis

189 4457 474 4513 transitum
518 4457 646 4512 fecit
690 4457 740 4510 in
773 4466 1019 4528 posteros
1049 4455 1148 4510 ista
1193 4455 1280 4511 lex
1307 4455 1514 4510 initium
1559 4457 1782 4526 mortis,

191 4549 644 4620 quemadmodum
673 4549 827 4604 labor
846 4563 951 4619 quo
980 4547 1156 4603 cuncti
1189 4547 1432 4602 homines
1461 4545 1703 4602 laborant
1731 4545 1784 4603 in

189 4649 352 4708 terra,
381 4642 840 4713 quemadmodum
872 4642 922 4696 in
953 4639 1182 4698 feminas
1223 4643 1504 4714 parturitio
1533 4658 1654 4696 cum
1684 4641 1782 4697 do-

187 4731 416 4790 loribus.
445 4733 575 4788 Haec
599 4733 764 4800 enim,
794 4749 916 4788 cum
954 4733 1020 4790 de
1049 4743 1266 4804 peccato
1291 4743 1658 4806 arguerentur,
1689 4733 1784 4790 Dei

187 4827 456 4882 sententia
485 4833 816 4892 meruerunt,
851 4841 968 4896 quae
989 4841 1098 4882 non
1125 4827 1176 4881 in
1206 4825 1284 4882 eis
1311 4825 1439 4882 solis
1461 4869 1475 4894 ,
1503 4826 1596 4882 sed
1625 4827 1782 4882 etiam

133 4937 146 4980 ε
187 4916 240 4972 in
257 4918 670 4974 successoribus
691 4933 902 4986 eorum,
931 4918 982 4973 in
1009 4918 1127 4974 aliis
1152 4917 1338 4988 magis,
1369 4917 1421 4972 in
1444 4919 1559 4972 aliis
1586 4917 1776 4984 minus,

187 5009 448 5064 tamenin
473 5009 724 5064 omnibus
747 5009 991 5064 videmus
1031 5009 1260 5079 impleri.
1292 5005 1422 5064 Cum
1463 5008 1640 5079 itaque
1671 5009 1783 5079 pri-

185 5115 404 5155 morum
427 5099 645 5156 illorum
669 5099 946 5156 hominum
973 5099 1134 5156 fuerit
1155 5100 1324 5172 prima
1341 5099 1542 5171 justitia
1565 5101 1785 5157 obedire

187 5195 316 5260 Deo,
347 5203 408 5249 et
435 5193 580 5248 hanc
612 5193 662 5248 in
687 5195 944 5250 membris
974 5195 1233 5250 adversus
1255 5196 1425 5267 legem
1453 5197 1648 5250 mentis
1674 5211 1784 5250 suae

185 5289 358 5358 legem
391 5287 844 5358 concupiscentia:
869 5305 974 5344 non
1005 5289 1240 5345 habere:
1273 5305 1416 5345 nunc
1441 5299 1563 5360 post
1599 5305 1786 5346 eorum

185 5393 474 5450 peccatum
519 5391 644 5437 nata
674 5397 740 5438 ex
769 5382 848 5438 eis
872 5391 1052 5436 nostra
1083 5397 1243 5437 carne
1273 5381 1504 5452 peccati,
1543 5396 1640 5452 pro
1667 5397 1785 5438 ma-

183 5487 288 5544 gno
333 5475 621 5531 obtinetur
656 5474 726 5530 ab
765 5473 852 5530 his
893 5475 984 5544 qui
1025 5473 1278 5530 obediunt
1327 5475 1458 5542 Deo,
1507 5474 1786 5530 desideriis

183 5567 433 5636 ejusdem
465 5566 917 5637 concupiscentiae
963 5579 1070 5620 non
1114 5565 1364 5634 obedire,
1397 5577 1451 5622 et
1477 5565 1786 5637 cruciﬁgere

183 5659 240 5714 in
269 5674 330 5714 se
357 5673 578 5714 carnem
616 5674 740 5714 cum
780 5653 1113 5727 passionibus
1141 5667 1194 5712 et
1219 5657 1698 5728 concupiscentiis;
1731 5665 1788 5712 ut

183 5749 292 5806 sint
321 5750 720 5818 Jesu'Cbristi,
767 5751 874 5820 qui.
900 5749 1000 5804 hoc
1047 5750 1100 5803 in
1141 5765 1236 5804 sua
1277 5765 1432 5805 cruce
1479 5749 1784 5820 ﬁguravit',

181 5843 384 5915 quibus
407 5859 506 5917 per
539 5845 772 5918 gratiam
803 5859 954 5898 suam
991 5843 1136 5900 dedit
1179 5855 1496 5926 puluslul‘cm
1529 5843 1662 5900 ﬁlios
1695 5843 1784 5899 Dei
1821 5881 1828 5886 -

253 5955 272 5987 ⁸
301 5953 522 6008 Gallicani
547 5969 730 6010 omnes
749 5963 873 6018 ιιειςη
899 5954 950 6006 iu
967 5971 1055 6008 sua
1081 5969 1225 6008 au‘uc
1247 5953 1382 6020 [ἱςςη.
1413 5957 1484 6004 r-:'!.

759 6075 784 6082 ν
795 6077 798 6081 .

3381 461 3483 522 ιιι

1892 564 2028 620 ﬁeri.
2061 566 2175 622 Non
2205 567 2348 622 enim
2377 567 2626 625 omnibus
2653 569 2958 628 hominibus
2982 571 3156 642 dedit,
3191 576 3290 634 sed
3317 587 3479 650 quot-

1889 669 2018 732 quot
2040 673 2364 734 receperunt
2389 678 2534 730 eum,
2577 672 2635 720 ut
2667 663 2776 722 Deo
2809 677 3220 726 renascerentur
3243 671 3473 746 spiritu,

1889 751 1978 822 qui
2007 754 2203 808 saeculo
2233 755 2341 810 nati
2375 765 2529 810 erant
2552 771 2731 814 carne.
2774 757 2863 814 Sic
2888 761 3029 816 enim
3060 761 3130 819 de
3157 761 3244 818 his
3269 761 3474 823 dictum

1888 851 1971 898 est
1995 861 2006 898 :
2042 843 2298 918 Quotquot
2326 855 2492 902 autem
2517 859 2808 920 receperunt
2833 868 2962 920 eum,
2993 851 3132 907 dedit
3159 853 3230 909 eis
3257 863 3481 928 potesta-

1889 945 1987 990 tcm
2011 939 2146 1007 ﬁlios
2171 939 2268 994 Dei
2295 941 2426 1010 ﬁeri,
2455 943 2542 1014 qui
2575 961 2676 998 non
2704 961 2769 1000 ea:
2791 961 2964 1012 carne,
2989 963 3090 1002 non
3119 964 3183 1004 ex
3206 949 3478 1022 sanguine,

1887 1046 1986 1084 non
2017 1047 2078 1084 ea:
2105 1033 2358 1088 voluntate
2383 1035 2507 1102 viri,
2549 1051 2651 1091 non
2689 1053 2751 1092 ea:
2787 1037 3044 1094 voluntate
3069 1039 3237 1096 carnis
3255 1081 3272 1110 ,
3298 1041 3390 1098 sed
3413 1057 3480 1100 ea:

1887 1117 1997 1174 Deo
2024 1123 2128 1175 uati
2155 1133 2293 1178 sunt.

1957 1215 2182 1270 CAPUT
2221 1216 2413 1274 XXIV.
2443 1250 2518 1261 —
2544 1221 2634 1277 '58.
2666 1221 3030 1279 lncarnatione
3057 1223 3208 1282 Verbi
3228 1227 3364 1297 quod
3387 1243 3484 1284 no-

1887 1303 1963 1358 bis
2001 1307 2244 1363 collatum
2283 1311 2350 1364 sit
2378 1311 2694 1382 beneﬁcium.
2741 1315 2997 1372 Nativitas
3026 1317 3214 1374 Christi
3241 1319 3306 1374 de
3329 1336 3485 1376 carne

1887 1397 1940 1451 in
1967 1417 2063 1470 quo
2107 1411 2294 1457 nostra?
2319 1404 2500 1460 similis
2527 1415 2574 1460 et
2605 1407 2885 1462 dissimilis.
2919 1407 3176 1464 Fidelium
3206 1411 3356 1465 etiam
3385 1411 3484 1482 ﬁlii

1889 1491 2197 1562 baptizandi.
2239 1495 2464 1554 Secutus
2509 1509 2686 1554 autem
2732 1499 2964 1572 addidit,
3007 1499 3074 1555 Et
3121 1501 3335 1558 Verbum
3362 1519 3485 1560 caro

1888 1587 2078 1654 factum
2107 1595 2198 1652 est,
2230 1595 2275 1640 et
2304 1587 2546 1642 habitavit
2571 1589 2623 1642 in
2655 1590 2796 1644 nobis
2827 1589 3006 1664 (Joan.
3037 1609 3078 1660 ι,
3111 1592 3296 1666 12-14)
3321 1611 3338 1650 :
3365 1601 3486 1650 tan-

1889 1691 2046 1747 quam
2074 1677 2280 1746 dicens,
2313 1679 2558 1750 Magnum
2586 1682 2802 1752 quidem
2833 1681 2936 1740 hoc
2959 1685 3012 1740 in
3039 1685 3124 1740 his
3154 1683 3351 1742 factum
3377 1695 3482 1758 est,

1889 1779 1948 1824 ut
1973 1771 2082 1826 Deo
2111 1781 2460 1830 nascerentur
2481 1790 2548 1830 ex
2575 1775 2706 1844 Deo,
2739 1777 2830 1848 qui
2871 1779 3016 1850 prius
3044 1779 3152 1834 nati
3177 1777 3389 1836 fuerant
3416 1795 3486 1836 ex

1889 1875 2053 1916 carne
2077 1863 2294 1930 smculo,
2330 1867 2571 1934 quamvis
2595 1867 2760 1924 creati
2787 1868 2855 1922 ab
2883 1869 2999 1940 ipso
3021 1869 3130 1926 Deo
3159 1888 3174 1928 :
3205 1869 3300 1926 sed
3329 1871 3486 1943 longe

1889 1953 2183 2008 mirabilius
2219 1955 2418 2012 factum
2447 1967 2560 2026 est,
2591 1959 2734 2030 quod
2763 1975 2886 2016 cum
2927 1959 3044 2016 istis
3081 1969 3285 2018 naturae
3321 1961 3486 2020 fuerit

1889 2042 2038 2098 nasci
2067 2041 2134 2100 de
2163 2059 2326 2102 carne
2346 2089 2362 2114 ,
2395 2047 2640 2104 beneﬁcii
2669 2065 2798 2106 vero
2825 2051 2972 2106 nasci
3003 2066 3070 2106 ex
3105 2051 3239 2120 Deo,
3267 2059 3490 2124 propter

1891 2133 1991 2188 hoc
2013 2135 2426 2206 impertiendum
2459 2139 2776 2196 beneﬁcium
2801 2184 2815 2209 ,
2845 2143 2937 2198 ille
2963 2143 3054 2214 qui
3097 2143 3163 2199 de
3191 2145 3302 2200 Deo
3330 2153 3490 2202 natu-

1889 2225 2072 2280 raliter
2093 2235 2248 2283 natus
2266 2239 2366 2297 est,
2391 2233 2540 2286 nasci
2561 2233 2720 2288 etiam
2746 2233 3168 2292 misericorditer
3189 2235 3206 2268 ¹
3236 2235 3305 2292 de
3324 2251 3488 2294 carne

1890 2317 2137 2392 dignatus
2175 2331 2294 2379 est:
2325 2323 2426 2380 hoc
2453 2335 2534 2382 est
2563 2327 2706 2382 enim
2727 2368 2742 2394 ,
2775 2323 2842 2382 Et
2880 2325 3098 2384 Verbum
3142 2347 3261 2385 caro
3289 2335 3488 2404 factum

1892 2423 1987 2482 est,
2020 2425 2066 2469 et
2099 2415 2336 2472 habitavit
2360 2419 2414 2472 in
2437 2419 2599 2474 nobis.
2631 2419 2734 2476 Per
2760 2421 2895 2488 hoc,
2938 2422 3146 2492 inquit,
3177 2421 3376 2480 factum
3403 2433 3489 2481 est

1892 2513 1950 2559 ut
1973 2506 2084 2560 nati
2104 2507 2172 2562 de
2196 2523 2356 2564 carne
2383 2525 2528 2577 caro,
2555 2519 2738 2581 postea
2768 2513 3036 2582 nascendo
3059 2513 3126 2572 dc
3155 2515 3344 2588 spiritu
3374 2515 3488 2586 spi-

1893 2597 2028 2654 ritus
2058 2615 2321 2670 essemus,
2361 2611 2416 2658 et
2441 2602 2804 2660 habitaremus
2841 2605 2896 2662 in
2937 2607 3048 2660 Deo
3073 2622 3085 2660 :
3115 2607 3240 2678 quia
3265 2617 3318 2663 et
3347 2608 3492 2665 Deus

1893 2697 2049 2746 natus
2089 2691 2156 2746 de
2185 2691 2314 2758 Deo,
2349 2702 2534 2763 postea
2574 2693 2644 2751 de
2673 2711 2836 2752 carne
2873 2696 3141 2752 nascendo
3166 2713 3292 2753 caro
3317 2697 3491 2756 factus

1893 2791 1994 2850 est,
2024 2793 2078 2838 et
2107 2783 2366 2840 habitavit
2391 2786 2444 2840 in
2465 2787 2638 2842 nobis.
2665 2787 2900 2844 Verbum
2923 2789 3065 2844 enim
3089 2789 3232 2862 quod
3261 2805 3386 2848 caro
3407 2787 3490 2847 fa-

1893 2883 2040 2930 ctum
2061 2884 2160 2942 est,
2193 2875 2246 2930 in
2275 2877 2538 2948 principio
2564 2885 2710 2946 erat,
2744 2887 2799 2935 et
2824 2879 2962 2952 apud
2989 2881 3158 2936 Deum
3181 2881 3326 2940 Deus
3346 2891 3488 2940 erat.

1899 2965 2272 3023 Verumtamen
2315 2967 2427 3040 ipsa
2463 2969 2799 3042 participatio
2834 2971 2976 3028 illius
3013 2973 3068 3029 in
3099 2973 3353 3032 inferiora
3393 2991 3491 3032 no-

1893 3063 2026 3126 stra,
2055 3069 2112 3113 ut
2139 3069 2316 3114 nostra
2348 3069 2490 3116 esset
2513 3062 2564 3116 in
2599 3063 2879 3134 superiora
2909 3063 3073 3134 illius,
3101 3066 3274 3122 tenuit
3296 3083 3486 3140 quam-

1893 3149 2014 3205 dam
2047 3160 2100 3206 et
2130 3151 2180 3205 in
2210 3153 2388 3206 carnis
2415 3153 2692 3210 nativitate
2731 3153 3072 3211 medietatem
3099 3175 3114 3214 :
3145 3167 3204 3213 ut
3237 3171 3337 3214 nos
3366 3159 3490 3230 qui-

1893 3241 2014 3298 dem
2047 3243 2154 3297 nati
2186 3259 2426 3299 essemus
2452 3245 2502 3300 in
2533 3261 2696 3302 carne
2722 3248 2954 3317 peccati,
2997 3249 3086 3304 ille
3111 3259 3292 3306 autem
3328 3251 3384 3307 in
3409 3253 3488 3308 si-

1892 3333 2191 3389 militudine
2217 3335 2394 3391 carnis
2419 3339 2620 3406 peccati
2646 3356 2661 3394 :
2689 3354 2790 3394 nos
2821 3356 2928 3394 non
2953 3341 3126 3396 solum
3156 3357 3224 3399 ex
3248 3357 3410 3400 carne
3431 3355 3489 3402 et

1893 3427 2173 3500 sanguine,
2201 3443 2386 3482 verum
2418 3429 2580 3484 etiam
2609 3445 2675 3486 ex
2698 3432 2971 3488 voluntate
2996 3431 3097 3488 viri
3123 3443 3178 3490 et
3204 3450 3271 3491 ex
3295 3435 3489 3492 volun-

1894 3529 2002 3578 tate
2025 3523 2202 3577 carnis
2221 3525 2275 3590 ²;
2309 3523 2397 3578 ille
2425 3533 2602 3578 autem
2627 3534 2831 3580 tantum
2855 3541 2922 3582 ex
2941 3541 3103 3584 carne
3126 3535 3185 3586 et
3207 3529 3487 3600 sanguine,

1894 3627 2003 3668 non
2029 3629 2094 3668 ex
2123 3613 2392 3670 voluntate
2421 3615 2542 3682 viri,
2566 3631 2738 3686 neque
2768 3631 2836 3672 ex
2863 3617 3135 3674 voluntate
3158 3619 3357 3688 carnis,
3389 3621 3487 3676 sed

1891 3719 1958 3762 ex
1981 3705 2092 3761 Deo
2121 3715 2277 3761 natus
2302 3715 2403 3762 est.
2427 3706 2495 3762 Et
2519 3707 2636 3764 ideo
2665 3724 2764 3764 nos
2792 3709 2846 3764 in
2875 3719 3103 3767 mortem
3125 3722 3344 3784 propter
3363 3728 3490 3786 pec-

1891 3805 2092 3866 catum,
2125 3797 2213 3853 ille
2239 3809 2455 3870 propter
2479 3814 2579 3856 nos
2599 3801 2654 3854 in
2681 3809 2909 3856 mortem
2931 3802 3046 3859 sine
3071 3811 3310 3874 peccato.
3336 3803 3490 3861 Sicut

1891 3898 2068 3944 autem
2098 3891 2350 3946 inferiora
2379 3891 2495 3962 ejus
2515 3935 2530 3960 ,
2573 3893 2766 3964 quibus
2799 3891 2866 3948 ad
2897 3907 2996 3950 nos
3031 3895 3342 3964 descendit,
3375 3897 3487 3953 non

1891 3989 2038 4046 omni
2080 3990 2240 4045 modo
2277 3999 2552 4062 coaequata
2595 4002 2720 4048 sunt
2764 3989 3107 4049 inferioribus
3148 3993 3384 4063 nostris,
3431 3993 3485 4050 in

1891 4083 2083 4155 quibus
2108 4097 2207 4138 nos
2235 4083 2326 4140 hic
2365 4085 2606 4140 invenit:
2633 4085 2713 4141 sic
2737 4093 2794 4142 et
2815 4087 3092 4158 superiora
3117 4096 3300 4142 nostra
3317 4128 3333 4154 ,
3363 4083 3488 4158 qui-

1891 4175 1990 4232 bus
2015 4175 2080 4232 ad
2109 4191 2232 4232 eum
2257 4177 2620 4248 ascendimus,
2655 4193 2762 4234 non
2788 4179 3215 4252 comquabuntur
3237 4180 3485 4251 superio-

1889 4271 2036 4326 ribus
2067 4271 2204 4340 cjus,
2235 4270 2290 4325 in
2319 4271 2513 4342 quibus
2541 4287 2662 4328 eum
2689 4271 2798 4328 illic
2827 4271 3096 4328 inventuri
3137 4288 3343 4329 sumus.
3376 4271 3486 4330 Nos

1891 4363 2034 4418 enim
2065 4363 2232 4432 ipsius
2255 4363 2422 4432 gratia
2449 4361 2576 4418 facti
2607 4363 2808 4418 erimus
2837 4363 2932 4417 lilii
2965 4363 3094 4431 Dei,
3139 4365 3228 4420 ille
3267 4379 3486 4434 semper

1889 4463 2076 4512 natura
2102 4455 2382 4510 eratﬁlius
2410 4454 2508 4510 Dei
2533 4472 2548 4512 :
2581 4470 2680 4510 nos
2715 4455 3004 4526 aliquando
3031 4457 3276 4512 conversi
3301 4455 3486 4514 adhae-

1889 4547 2125 4604 rebimus
2151 4547 2384 4618 impares
2424 4547 2570 4614 Deo,
2615 4547 2706 4602 ille
2742 4561 3012 4618 nunquam
3039 4562 3263 4604 aversus
3300 4557 3484 4604 manet

1889 4638 2108 4708 aequalis
2147 4639 2295 4696 Deo:
2324 4655 2423 4695 nos
2454 4639 2738 4710 participes
2779 4639 2900 4695 vitae
2944 4647 3196 4708 aeternae,
3249 4639 3340 4697 ille
3368 4641 3478 4696 vita

1889 4737 2108 4786 aeterna.
2137 4730 2294 4786 Solus
2341 4746 2468 4802 ergo
2497 4729 2587 4786 ille
2634 4730 2796 4786 etiam
2843 4729 3005 4788 homo
3043 4729 3214 4787 factus
3259 4747 3484 4789 manens

1888 4821 2048 4890 Deus,
2083 4831 2358 4893 peccatum
2391 4822 2591 4878 nullum
2623 4821 2806 4880 habuit
2835 4839 3100 4896 unquam,
3129 4841 3228 4882 nec
3253 4825 3484 4898 sumpsit

1888 4931 2102 4972 carnem
2125 4919 2324 4988 peccati
2347 4915 2388 4984 ³,
2417 4917 2658 4989 quamvis
2679 4917 2746 4974 de
2767 4928 3005 4976 materna
3024 4935 3186 4977 carne
3207 4923 3410 4992 peccati
3430 4919 3476 4979 ⁸.

1839 5011 1846 5017 ”
1889 5007 2041 5077 Quod
2066 5010 2208 5064 enim
2233 5010 2408 5066 carnis
2435 5010 2560 5068 inde
2591 5013 2862 5084 suscepit,
2893 5013 2946 5068 id
2975 5013 3213 5084 profecto
3235 5024 3332 5072 aut
3355 5029 3481 5074 sus-

1956 5211 1972 5240 ί
2006 5208 2172 5271 Abest,
2193 5205 2593 5271 misericorditer,
2614 5221 2656 5271 ag
2669 5217 2774 5262 tum.

1953 5267 2220 5344 {Plerique
2242 5277 2370 5344 uss.2
2393 5275 2454 5344 et_
2483 5283 2548 5344 ea:
2577 5267 2820 5344 uoluptate
2859 5272 3053 5334 cumis;
3073 5273 3296 5338 itemque
3333 5273 3480 5340 poqu

1887 5339 2017 5397 post,
2039 5331 2192 5396 neque
2215 5331 2534 5397 exuoluptate
2553 5331 2732 5386 omnis.

1955 5397 1976 5428 ³
1998 5393 2158 5464 Loco,
2181 5407 2268 5446 nec
2309 5393 2512 5457 sumpsit
2549 5409 2746 5464 cantem
2758 5395 2985 5464 peccati;
3007 5393 3236 5464 plerique
3258 5405 3364 5448 Mss.
3393 5397 3482 5448 ha-

1890 5455 2153 5532 bentunec’
2183 5455 2479 5532 eum_.cqrite
2503 5455 2712 5532 Peccati.
2756 5455 2896 5510 Forte
2932 5455 3053 5523 pro,
3093 5455 3246 5524 neque
3283 5469 3479 5510 cantem

1889 5521 2104 5585 peccati;
2125 5521 2346 5580 subaudi,
2367 5521 2550 5570 habtit.
2933 5521 2948 5523 “
3168 5521 3178 5524 ’

1929 5583 1977 5654 ’⁸
2009 5583 2142 5654 ωιιὲ
2169 5583 2236 5654 de
2253 5579 2610 5654 natura'caruis
2645 5581 2846 5654 peccati.
2867 5583 3108 5654 sorbonici
3143 5583 3342 5654 codices.
3363 5580 3480 5654 duo,

1893 5651 1946 5694 et
1967 5656 2093 5694 unus
2109 5642 2374 5693 casalensis
2394 5644 2602 5694 abbatite
2619 5679 2634 5706 ,
2646 5642 2720 5694 ἀθ
2740 5643 2946 5696 materia
2968 5643 3128 5706 carnis
3158 5642 3370 5706 peccati._
3380 5642 3482 5706 ve;

1891 5707 2188 5756 tustissimus
2214 5715 2378 5770 autem
2410 5703 2720 5770 corbeiensis
2740 5707 3006 5770 creterique
3028 5703 3250 5770 Gallicani
3283 5703 3482 5770 codices

1891 5779 2084 5832 necnon
2099 5775 2202 5817 tres
2223 5768 2450 5832 rationm,
2475 5773 2528 5832 et
2547 5773 2665 5832 quot
2687 5779 2713 5817 a
2732 5765 3108 5819 Lovaniénsihus
3127 5769 3216 5832 visi
3237 5765 3484 5832 sungBel-

1929 5830 1986 5880 ici
2009 5838 2215 5892 quatuor
2240 5827 2441 5890 ferunt,
2458 5830 2520 5880 de
2549 5827 2768 5880 mamma
2799 5842 2943 5892 carne
2980 5827 3180 5892 peccati.
3217 5827 3388 5880 Confer
3421 5827 3482 5880 li-

1913 5890 2030 5940 irum
2052 5891 2267 5964 quintum
2290 5899 2456 5964 contra
2478 5891 2730 5954 lulianum,
2883 5891 2945 5955 9;
2967 5890 3018 5944 et
3036 5890 3215 5946 librum
3234 5893 3480 5944 decimum

1913 5953 1958 6002 le
1981 5965 2154 6002 υνιωδι
2179 5953 2238 6002 ad
2259 5959 2505 6004 litteram.
2528 5968 2610 6004 nn.
2637 5953 2696 6004 18
2713 5959 2764 6004 ει
2846 5990 2858 6002 .

1893 5953 1958 6002 de
1981 5953 2154 6002 uenosi
2179 5953 2238 6002 ad
2259 5955 2505 6016 litteram,
2528 5968 2610 6004 nn.
2637 5953 2696 6004 18
2713 5953 2764 6005 et
2780 5953 2858 6004 20.
