4016 6484
526 495 635 558 ἱΊδ

528 607 835 687 cipiendum
861 597 1156 664 mundavit,
1183 601 1276 650 aut
1300 583 1638 660 suscipiendo
1667 576 1963 637 mundavit.
1994 571 2121 629 Ideo

532 670 808 777 Dirginem
825 703 1074 760 matrem,
1096 702 1206 744 non
1222 687 1342 756 lege
1370 680 1547 737 carnis
1566 674 1795 748 peccati,
1815 670 1869 726 id
1896 674 2000 733 est,
2019 678 2125 720 non

443 821 455 876 ξ
531 757 979 867 concupiscentia:
1010 781 1240 842 carnalis
1283 786 1432 833 motu
1458 770 1847 840 concipientem
1876 805 1891 828 ,
1921 758 2017 816 sed
2043 757 2129 828 pia

531 891 640 948 ﬁde
667 888 687 920 ί
707 863 958 942 sanctum
984 889 1207 950 germen
1226 871 1283 927 in
1306 884 1365 925 se
1386 866 1500 923 ﬁeri
1530 866 1944 935 promerentem,
1971 863 2131 922 quam

453 966 470 1053 ί
536 983 761 1054 eligeret
804 948 1009 1032 creavit
1036 972 1083 1040 ³,
1114 969 1183 1025 de
1228 981 1331 1038 qua
1374 969 1648 1019 crearetur
1692 952 1870 1025 elegit.
1921 948 2132 1017 Quanto

537 1052 711 1147 magis
735 1086 863 1143 ergo
903 1083 1032 1125 caro
1058 1060 1263 1137 peccati
1298 1052 1616 1129 baptizanda
1648 1057 1730 1105 est
1758 1052 1977 1118 propter
2005 1054 2134 1096 eva-

538 1138 776 1226 denvdum
799 1138 824 1195 ἶ
849 1160 1111 1234 judicium
1130 1197 1145 1222 ,
1192 1152 1238 1208 si
1285 1147 1554 1220 baptizata
1581 1152 1666 1198 est
1707 1154 1833 1194 caro
1862 1138 1978 1191 sine
2010 1145 2136 1203 pec-

537 1270 661 1319 cato
691 1265 912 1330 propter
943 1245 1254 1307 imitationis
1282 1236 1621 1309 exemplum?

614 1311 843 1408 δΑῖΡῠῖΓ
881 1341 1052 1400 XXV.
1075 1369 1146 1382 —-
1171 1336 1261 1393 '59.
1288 1331 1516 1403 Objectio
1538 1324 1955 1397 Pelagianorum.
1980 1311 2136 1383 Quod

543 1451 723 1500 autem
770 1452 931 1507 supra
960 1428 1338 1503 respondimus
1372 1421 1629 1478 adversus
1670 1427 1765 1471 eos
1800 1411 1890 1482 qui
1918 1408 2138 1472 dicunt,

543 1536 609 1593 Si
639 1503 874 1607 peccator
899 1526 1071 1601 genuit
1107 1530 1419 1592 peccatorem
1439 1558 1455 1583 ,
1495 1514 1672 1585 justus
1710 1521 1906 1580 quoque
1940 1503 2144 1575 justum

541 1597 748 1700 gignere
786 1597 955 1676 debuit
993 1615 1212 1690 (Supra,
1246 1629 1299 1667 n.
1328 1607 1418 1680 ll)
1443 1622 1458 1659 :
1492 1605 1596 1661 hoc
1622 1601 1786 1657 etiam
1812 1597 1896 1651 his
1919 1607 2144 1663 respon-

544 1684 765 1783 demus,
803 1712 893 1784 qui
920 1684 1137 1772 dicunt,
1179 1704 1248 1759 de
1276 1699 1493 1756 homine
1521 1695 1789 1765 baptizato
1819 1695 2003 1744 natum
2031 1684 2145 1754 jam

548 1812 698 1867 velut
736 1805 1066 1876 baptizatum
1092 1796 1276 1853 haberi
1305 1792 1578 1849 debuisse.
1612 1785 1715 1841 Cur
1744 1784 1877 1838 enim
1902 1795 2033 1843 non,
2063 1776 2148 1829 iu-

551 1903 743 1975 quiuut
762 1941 777 1966 ,
808 1873 862 1951 in
889 1893 1071 1950 lumbis
1101 1890 1260 1962 patris
1284 1887 1363 1941 sui
1393 1876 1829 1957 potuit-baptizari
1848 1917 1864 1942 ,
1891 1873 1935 1928 si
1964 1886 2149 1926 secun-

555 1964 679 2050 dum
710 1964 994 2065 Epistolam
1019 2002 1132 2060 qua:
1156 1984 1223 2038 ad
1265 1979 1506 2035 llcbrwos
1535 1975 1725 2045 scripta
1754 1980 1854 2037 est,
1883 1971 1937 2023 in
1970 1964 2154 2022 lumbis

554 2056 774 2143 Αθναίιαὲ
801 2082 924 2137 Levi
950 2056 1111 2152 potuit
1150 2072 1388 2130 decimari
1429 2067 1622 2142 (Hebr.
1664 2081 1768 2131 vn,
1803 2062 1861 2126 9,
1888 2058 2011 2130 tu)?
2040 2056 2156 2112 Hoc

555 2180 648 2252 qui
690 2178 896 2243 dicunt,
924 2171 1204 2228 attendant
1231 2183 1336 2222 non
1366 2172 1649 2235 propterea
1679 2155 1807 2213 Levi
1837 2162 2017 2225 postea
2046 2164 2154 2205 non

555 2271 724 2328 fuisse
748 2269 1092 2333 decimatum,
1120 2261 1246 2333 quia
1269 2259 1379 2330 jam
1407 2254 1581 2310 fuerat
1606 2250 1901 2306 decimatus
1935 2244 1991 2299 in
2013 2242 2157 2297 lum-

555 2366 645 2425 bis
673 2363 937 2428 Abrahae;
967 2358 1064 2415 sed
1105 2354 1229 2428 quia
1276 2353 1356 2408 sic
1383 2348 1661 2406 ordinatus
1698 2352 1783 2400 est
1825 2342 2030 2395 honore
2073 2350 2160 2390 sa-

557 2460 803 2525 cerdotii,
828 2467 889 2513 ut
907 2454 1177 2525 acciperet
1195 2448 1453 2511 decimas,
1472 2457 1578 2498 non
1596 2439 1865 2512 praeberet
1888 2451 1903 2487 :
1925 2428 2161 2500 alioquin

559 2569 663 2611 nec
685 2550 864 2609 caeteri
898 2524 1093 2603 fratres
1117 2543 1257 2613 ejus,
1281 2538 1373 2610 qui
1396 2536 1449 2592 ei
1472 2531 1804 2605 praebebant,
1830 2524 2164 2581 decimaren-

560 2656 670 2714 tur,
693 2644 817 2716 quia
844 2649 897 2697 et
924 2638 1023 2709 ipsi
1044 2637 1099 2692 in
1126 2631 1322 2689 lumbis
1339 2627 1573 2685 Abrahae
1590 2639 1620 2679 a
1642 2614 2036 2677 Melchisedech
2051 2613 2164 2685 jam

561 2736 778 2794 fuerant
800 2729 1071 2789 decimati.

637 2826 728 2884 40.
760 2823 867 2881 Sed
904 2837 973 2877 ne
1011 2818 1135 2890 quis
1177 2814 1356 2879 dicat,
1406 2816 1690 2881 propterea
1738 2809 1885 2858 recte
1929 2796 2169 2870 potuisse

566 2919 798 2978 Abrahae
830 2915 971 2971 ﬁlios
998 2908 1279 2973 decimari,
1306 2900 1678 2977 quamvisjam
1706 2895 1933 2952 fuissent
1956 2892 2011 2947 in
2033 2890 2172 2945 lum-

567 3013 654 3069 bis
682 3009 853 3084 patris
879 3005 966 3062 sui
989 3000 1241 3060 decimati
1261 3040 1278 3067 ,
1307 2997 1429 3069 quia
1456 2990 1742 3050 decimatio
1774 2987 1894 3042 talis
1917 3000 2008 3041 res
2032 2990 2169 3049 erat,

570 3121 690 3177 quae
717 3103 773 3157 in
798 3110 1123 3170 unoquoque
1148 3090 1367 3148 homine
1392 3100 1536 3157 saepe
1565 3082 1736 3138 fuerat
1752 3075 1993 3133 facienda
2005 3073 2047 3140 ⁸,
2068 3073 2175 3129 sic-

573 3206 633 3253 ut
654 3194 908 3252 Israelita:
928 3168 1087 3245 annis
1107 3184 1356 3245 omnibus
1375 3224 1390 3250 ,
1416 3180 1524 3236 imo
1543 3194 1610 3233 ex
1630 3172 1888 3231 fructibus
1927 3168 2175 3226 omnibus

572 3289 811 3346 decimas
837 3293 949 3341 tota
974 3281 1083 3340 vita
1111 3294 1208 3336 sua
1231 3248 1449 3333 crebras
1470 3271 1648 3327 solent
1672 3265 1913 3338 praebere
1941 3248 2173 3324 Levitis;

574 3381 909 3455 Baptismum
940 3382 1118 3431 autem
1145 3370 1250 3426 tale
1272 3372 1669 3424 sacramentum
1697 3373 1817 3414 esse
1842 3353 1983 3426 quod
2007 3349 2178 3408 semel

576 3446 752 3539 datur,
784 3480 841 3528 et
862 3469 908 3525 si
937 3467 1046 3540 jam
1071 3465 1176 3520 hoc
1199 3466 1482 3530 acceperat
1509 3453 1768 3525 quisque,
1797 3462 1920 3505 cum
1946 3446 1998 3500 in
2027 3452 2207 3515 patre-

576 3582 677 3625 suo
707 3534 883 3629 esset,
933 3534 1148 3614 nonnisi
1190 3550 1516 3623 baptizatum
1563 3543 1727 3600 fuisse
1780 3534 2177 3610 deputandum,

578 3676 702 3718 cum
733 3658 802 3713 de
836 3627 929 3711 illo
955 3652 1045 3723 qui
1068 3647 1370 3718 baptizatus
1396 3642 1568 3697 fuerat
1595 3640 1921 3709 gigneretur.
1951 3628 2053 3697 Qui
2080 3627 2182 3683 hoc

580 3751 714 3808 dicit
745 3749 835 3822 (ne
878 3721 986 3801 diu?
1010 3733 1332 3812 disputem),
1380 3727 1844 3790 circumcisiouem
1890 3721 2179 3791 respiciat,

583 3859 707 3916 quae
737 3811 909 3897 semel
934 3811 1114 3901 ﬁebat,
1145 3840 1200 3889 et
1223 3825 1478 3886 tamenin
1500 3821 1723 3894 singulis
1749 3814 2056 3888 singillatim
2084 3811 2183 3868 ﬁe-

584 3908 698 3993 bat.
724 3932 874 3990 Sicut
900 3943 1027 4000 ergo
1054 3936 1298 3995 tempore
1336 3920 1480 3976 illius
1505 3912 1827 3972 sacramenti
1855 3909 1924 3965 de
1951 3908 2183 3963 circum-

591 4027 706 4083 ciso
726 4025 818 4095 qui
848 3994 1181 4082 nasceretur,
1195 4008 1659 4070 circumcidendus
1683 4005 1778 4060 fuit
1802 4020 1817 4057 :
1845 4002 1924 4057 sic
1949 4013 2092 4055 nunc
2117 3994 2186 4052 de

587 4118 861 4192 baptizato
890 4114 980 4186 qui
1004 4119 1162 4168 natus
1186 4107 1363 4173 fuerit,
1392 4099 1741 4173 baptizandus
1766 4104 1868 4153 est.

659 4184 750 4269 λι.
780 4211 850 4265 At
872 4184 1016 4263 enim
1042 4199 1333 4274 Apostolus
1358 4197 1459 4258 ait,
1493 4191 1619 4248 Filii
1644 4189 1793 4245 vestri
1832 4184 2079 4242 immundi
2106 4198 2187 4238 es-

590 4312 720 4368 sent,
743 4316 881 4356 nunc
912 4306 1082 4352 autem
1106 4292 1271 4350 sancti
1297 4296 1417 4346 sunt
1446 4286 1493 4356 (ι
1517 4284 1636 4341 Cor.
1674 4297 1780 4349 vu,
1813 4277 1906 4352 14)
1932 4296 1946 4333 :
1979 4286 2025 4332 et
2052 4276 2187 4343 ideo,

592 4396 858 4468 inquiunt,
884 4390 1114 4463 ﬁdelium
1140 4385 1238 4458 ﬁlii
1252 4384 1369 4456 jam
1394 4377 1644 4451 baptizari
1670 4373 1875 4429 minime
1895 4370 2188 4426 debuerunt.

594 4490 758 4547 Miror
782 4459 893 4542 hoc.
917 4484 1116 4547 dicere,
1151 4478 1243 4550 qui
1273 4481 1468 4546 negant
1494 4478 1772 4542 peccatum
1798 4481 1865 4521 ex
1891 4462 2062 4518 Adam
2084 4459 2194 4515 ori-

593 4582 843 4655 ginaliter
868 4577 1027 4633 trahi.
1056 4574 1114 4630 Si
1151 4572 1296 4627 enim
1335 4569 1473 4623 hanc
1495 4561 1735 4634 Apostoli
1765 4557 2085 4615 sententiam
2114 4556 2194 4608 sic

595 4647 899 4744 accipiunt,
942 4675 1003 4721 ut
1030 4663 1251 4720 credant
1274 4660 1344 4715 de
1373 4656 1618 4713 ﬁdelibus
1655 4650 2016 4708 sanctiﬁcatos
2053 4647 2196 4702 ﬁlios

597 4765 770 4831 nasci,
802 4776 899 4817 cur
924 4773 1020 4814 eos
1049 4756 1209 4812 etiam
1254 4753 1356 4824 ipsi
1383 4747 1642 4819 baptizari
1666 4752 1920 4816 oportere
1962 4757 2069 4797 non
2096 4741 2199 4796 du-

599 4853 805 4914 bitant?
847 4852 952 4907 Cur
979 4847 1209 4918 denique
1248 4843 1438 4899 nolunt
1464 4839 1615 4895 fateri
1645 4837 1713 4893 de
1752 4842 1972 4908 parente
2008 4845 2199 4905 pecca-

600 4960 721 5004 tore
747 4941 959 5015 aliquod
986 4947 1257 5011 pcccatum
1281 4931 1612 5005 originaliter
1639 4928 1798 4995 trahi,
1840 4926 1889 4983 si
1915 4926 1983 4983 de
2011 4933 2198 4982 sancto

603 5040 782 5110 aliqua
822 5034 1077 5091 sanctitas
1105 5025 1366 5085 trahitur?
1412 5023 1481 5080 Et
1504 5033 1688 5079 contra
1713 5029 1951 5077 nostram
1982 5017 2196 5090 quidem

604 5148 715 5189 non
739 5139 824 5188 est
847 5126 1232 5192 assertionem,
1264 5118 1475 5179 etiamsi
1505 5134 1569 5174 ex
1602 5116 1847 5173 ﬁdelibus
1874 5113 2044 5170 sancti
2068 5127 2200 5184 pro-

605 5232 888 5297 pagantur,
918 5218 1062 5292 quod
1083 5232 1179 5275 eos
1209 5215 1455 5283 dicimus,
1484 5213 1530 5268 si
1557 5226 1664 5268 non
1694 5208 2047 5281 baptizantur,
2073 5221 2202 5277 per-

604 5332 732 5391 gere
760 5317 814 5371 in
841 5314 1260 5378 damnationem,
1283 5308 1477 5379 quibus
1501 5313 1557 5362 et
1576 5304 1676 5375 ipsi
1695 5316 1920 5373 regnum
1940 5299 2201 5355 caelorum

603 5407 989 5475 intercludant,
1020 5403 1262 5477 quamvis
1305 5417 1400 5457 eos
1446 5400 1625 5456 dicant
1662 5412 1770 5453 non
1809 5395 2007 5451 habere
2035 5392 2201 5449 ullum

604 5503 692 5559 vel
719 5500 1017 5574 proprium,
1044 5495 1132 5553 vel
1158 5492 1418 5566 originale
1459 5498 1758 5562 peccatum.
1791 5489 1899 5543 Aut
1937 5486 1985 5542 si
2013 5485 2092 5542 eis
2119 5484 2202 5541 in-

672 5664 692 5695 ί
726 5667 779 5712 In
796 5667 928 5722 Mss,
950 5656 1038 5711 sed
1052 5656 1160 5723 ipsa
1174 5654 1292 5723 ﬁde.

672 5727 695 5796 ξ
729 5734 830 5796 Αρι-
856 5712 1028 5796 eis?»
1052 5712 1427 5796 Wﬁlﬁﬁi‘i‘
1443 5712 1641 5767 σνεαυίε-

675 5787 697 5848 _'
729 5786 918 5848 Aliquot
936 5781 1079 5848 MSS”:
1089 5781 1438 5834 evacumtdum.

673 5846 697 5879 δ
719 5833 889 5897 ἱδιῦἐέ
902 5833 1032 5906 uss,
1052 5833 1114 5895 'in
1133 5853 1412 5906 wwthque
1445 5851 1571 5890 arma
1595 5840 1755 5903 fuerat
1773 5835 2001 5906 facienda
2013 5848 2032 5898 ;
2051 5833 2203 5886 omis-

610 5921 686 5982 ρο,
710 5921 856 5982 εςξρθ,
871 5908 1003 5982 quod
1021 5901 1740 5982 'aeterirquoque‘prteter‘cunt
1762 5914 1776 5952 :
1800 5907 1854 5953 et
1874 5901 1997 5954 intra
2011 5911 2116 5963 pro,
2136 5909 2202 5950 ea:

606 5964 852 6036 [lucilius
864 5964 1090 6037 {habent
1104 5964 1293 6034 omnés,
1316 5964 1381 6019 ἐκ
1403 5964 1640 6030 fragilitas.

1166 478 1257 536 DE
1292 462 1759 532 PECCATORUM
1799 454 2078 518 MERITIS
2116 445 2205 509 ET
2237 440 2664 509 REMISSIONE,
2704 440 2764 495 S.
2804 427 3175 493 AUGUSTINI

2228 565 2447 636 dignum
2485 558 2713 621 videtur,
2744 562 2803 609 ut
2827 550 2996 608 sancti
3039 548 3383 607 damnentur,
3425 534 3698 609 quomodo
3742 541 3838 592 est

2231 628 2449 731 dignum
2469 663 2527 710 ut
2552 669 2584 709 a
2610 665 2775 723 regno
2799 646 2892 702 Dei
2921 641 3090 699 sancti
3110 632 3463 710 separentur?
3491 629 3624 687 Illud
3649 628 3835 701 potius

3716 414 3832 476 176

2234 721 2545 814 attendant,
2594 721 2860 817 quomodo
2887 753 2993 793 non
3022 735 3091 791 de
3119 728 3493 805 peccatoribus
3520 721 3839 796 parentibus

2235 844 2479 901 trahatur
2520 835 2737 908 aliquod
2766 841 3042 904 peccatum
3064 869 3079 893 ,
3110 827 3157 882 si
3195 824 3262 880 de
3286 820 3487 878 sanctis
3510 818 3686 887 aliqua
3712 829 3844 871 san-

2237 936 2395 994 ctitas
2418 907 2646 989 trahitur
2674 937 2727 982 et
2749 921 3083 981 immunditia
3109 917 3177 973 de
3198 912 3510 971 immundis.
3534 907 3847 978 Utrumque

2238 1027 2383 1086 enim
2410 1024 2565 1092 dixit,
2597 1020 2689 1093 qui
2717 1017 2881 1084 dixit,
2908 1011 3146 1083 Alioquin
3176 1008 3273 1079 ﬁlii
3300 1004 3453 1060 vestri
3479 1000 3732 1057 immundi
3762 995 3849 1055 εὶ-

2239 1130 2382 1187 sent,
2414 1134 2547 1174 nunc
2590 1123 2757 1169 autem
2786 1109 2948 1166 sancti
2990 1103 3128 1163 'sunt.
3179 1101 3461 1173 Explicent
3503 1097 3664 1153 etiam
3701 1110 3849 1165 quo-

2241 1213 2404 1270 modo
2424 1212 2623 1281 justum
2647 1208 2737 1274 sit,
2769 1214 2831 1260 ut
2853 1200 3023 1258 sancti
3049 1214 3117 1254 ex
3148 1194 3394 1251 ﬁdelibus
3414 1200 3471 1248 et
3492 1187 3753 1246 immundi
3778 1203 3851 1241 ex

2244 1279 2550 1361 inﬁdelibus
2578 1300 2708 1366 uati,
2745 1298 2942 1368 pariter
2972 1304 3187 1355 tamen,
3233 1286 3281 1343 si
3306 1283 3561 1355 baptizati
3593 1296 3700 1337 non
3730 1279 3853 1335 fue-

2245 1399 2375 1464 rint,
2401 1408 2622 1466 regnum
2654 1389 2750 1446 Dei
2774 1403 2879 1444 non
2910 1383 3288 1457 permittantur
3308 1379 3527 1433 intrare.
3551 1372 3690 1442 Quid
3715 1386 3854 1442 ergo

2247 1491 2354 1547 illis
2376 1491 2476 1544 ista
2498 1486 2753 1542 sanctitas
2775 1478 3030 1553 prodest?
3054 1475 3187 1532 Nam
3218 1473 3265 1529 si
3285 1469 3529 1528 damnari
3555 1467 3857 1523 faterentur

2250 1580 2552 1640 immundos
2581 1594 2646 1634 ex
2679 1573 2980 1632 inﬁdelibus
3011 1578 3166 1624 natos
3189 1567 3232 1634 ί,
3262 1571 3477 1620 sanctos
3500 1567 3683 1617 autem
3711 1557 3857 1612 ﬁlios

2254 1676 2490 1732 ﬁdelium
2534 1673 2586 1728 in
2631 1670 2723 1726 Dei
2762 1664 2977 1738 quidem
3005 1675 3230 1732 regnum
3260 1659 3461 1712 intrare
3498 1667 3608 1709 non
3653 1663 3855 1723 posse,

2252 1770 2359 1828 nisi
2385 1768 2583 1825 fuerint
2605 1761 2879 1835 baptizati,
2904 1773 3012 1814 non
3038 1764 3217 1811 tamen
3239 1748 3507 1816 damnari,
3530 1746 3654 1817 quia
3682 1742 3862 1799 sancti

2254 1870 2401 1929 sunt,
2434 1866 2575 1923 esset
2600 1854 3008 1927 qualiscumque
3032 1843 3305 1902 distinctio
3330 1859 3344 1895 :
3372 1852 3516 1922 nunc
3539 1850 3669 1892 vero
3699 1841 3862 1889 natos

2256 1953 2325 2009 de
2353 1949 2553 2007 sanctis
2575 1955 2814 2011 sanctos,
2841 1950 2896 1998 et
2919 1940 2988 1996 de
3014 1935 3304 1994 immundis
3333 1918 3658 1995 immundos,
3678 1940 3864 1997 mqua-

2257 2047 2381 2103 liter
2398 2044 2602 2110 dicunt,
2626 2050 2683 2096 et
2706 2038 2831 2107 quia
2867 2041 3147 2107 peccatum
3181 2044 3289 2085 non
3319 2027 3551 2091 habent,
3602 2037 3709 2078 non
3761 2020 3865 2075 da-

2259 2135 2455 2202 mnari,
2491 2142 2549 2189 et
2574 2132 2696 2203 quia
2735 2128 3065 2199 Baptismum
3090 2139 3198 2179 non
3236 2120 3463 2186 habent,
3491 2132 3523 2172 a
3565 2115 3665 2171 Dei
3694 2127 3869 2184 regno

2262 2228 2521 2301 separari.
2550 2225 2700 2281 Hauc
2728 2219 3112 2277 absurditatem
3141 2214 3264 2271 talia
3292 2211 3501 2283 ingenia
3543 2222 3651 2263 non
3679 2204 3872 2261 videre

2264 2326 2385 2396 quis
2413 2318 2633 2378 credat?
2912 2382 2923 2389 κ

2338 2418 2427 2473 42.
2454 2414 2663 2470 Nostra:
2692 2419 2867 2465 autem
2887 2450 2902 2476 ,
2936 2406 3045 2461 imo
3076 2403 3243 2474 ipsius
3270 2395 3513 2471 Apostoli
3551 2392 3871 2458 sententias,

2268 2515 2357 2587 qui
2395 2511 2557 2575 dixit,
2587 2506 2673 2562 Ea:
2698 2521 2799 2561 uno
2838 2519 3009 2559 omnes
3036 2499 3105 2553 ad
3133 2492 3634 2554 condemnationem;
3667 2496 3755 2552 et,
3790 2484 3879 2538 Ea:

2271 2578 2373 2666 uno
2408 2622 2578 2663 omnes
2606 2603 2673 2657 ad
2698 2597 3118 2674 justiﬁcationem
3144 2592 3262 2646 vita:
3305 2587 3494 2662 (Rom.
3525 2600 3576 2651 v,
3616 2581 3706 2647 16,
3744 2578 3875 2649 l8):

2273 2715 2432 2773 quam
2461 2712 2567 2753 non
2593 2695 2663 2750 sit
2688 2690 3018 2749 contrarium
3048 2686 3151 2740 hoc
3191 2680 3333 2753 quod
3375 2678 3481 2745 ait,
3523 2689 3648 2731 cum
3676 2673 3743 2728 de
3766 2671 3881 2727 alia

2273 2772 2335 2852 re
2352 2799 2554 2865 ageret,
2588 2787 2823 2857 Alioquin
2854 2783 2949 2854 filii
2977 2778 3124 2835 vestri
3143 2772 3395 2831 immundi
3417 2779 3601 2837 essent,
3625 2780 3761 2821 nunc
3787 2778 3884 2816 au-

2277 2898 2376 2943 tem
2400 2883 2562 2941 sancti
2586 2889 2725 2947 sunt,
2754 2874 3025 2947 paululum
3053 2868 3287 2925 attende.

2346 2975 2574 3037 CAPUT
2600 2972 2878 3030 XXVl.-—
2896 2963 3244 3035 Sanctiﬁcatio
3269 2957 3538 3030 multiplex
3566 2953 3887 3010 Sacramen—

2280 3088 2384 3133 tum
2404 3073 2896 3129 catechumenorum.
2914 3062 3033 3118 Non
3051 3059 3210 3115 unius
3234 3054 3379 3112 modi
3397 3045 3849 3108 estsanctiﬁcatio
3867 3060 3889 3100 :

2282 3185 2410 3226 nam
2448 3173 2503 3223 et
2549 3162 2965 3221 catechumenos
2991 3151 3285 3211 secundum
3328 3143 3613 3219 quemdam
3658 3137 3891 3196 modum

2282 3277 2440 3320 suum
2480 3274 2577 3330 per
2601 3257 2815 3327 signum
2843 3248 3042 3307 Christi
3067 3254 3124 3303 et
3158 3242 3453 3301 orationem
3483 3250 3675 3293 manus
3703 3234 3890 3302 impo-

2283 3354 2492 3412 silionis
2516 3353 2538 3384 ²
2565 3357 2695 3421 puto
2721 3341 3040 3402 sanctiﬁcari
3067 3342 3091 3395 ε’
3113 3350 3169 3395 et
3193 3333 3336 3409 quod
3366 3330 3654 3401 accipiunt,
3686 3336 3895 3396 quam-

2285 3449 2365 3504 vis
2407 3460 2514 3501 non
2553 3444 2624 3498 sit
2660 3453 2856 3511 corpus
2894 3434 3123 3499 Christi,
3168 3437 3410 3486 sanctum
3450 3432 3534 3479 est
3568 3431 3783 3485 tamen,
3836 3422 3899 3473 et

2285 3538 2524 3596 sanctius
2563 3548 2726 3606 quam
2769 3529 2874 3586 cibi
2919 3526 3111 3599 quibus
3150 3522 3366 3586 alimur,
3407 3512 3660 3588 quoniam
3708 3523 3900 3566 sacra-

2288 3640 2531 3689 mentum
2555 3604 2639 3686 est
2661 3625 2762 3699 (a).
2798 3622 2998 3679 Verum
3023 3629 3077 3676 et
3109 3619 3255 3689 ipsos
3280 3614 3450 3680 cibos,
3481 3608 3677 3681 quibus
3702 3604 3770 3660 ad
3796 3619 3903 3659 ne-

2290 3725 2600 3784 cessitatem
2628 3715 2992 3777 sustentandae
3010 3712 3167 3782 hujus
3190 3709 3313 3764 vitae
3342 3706 3554 3779 alimur,
3570 3695 3905 3756 sanctiﬁcari

2290 3820 2432 3876 idem
2462 3814 2736 3888 apostolus
2768 3810 2938 3876 dixit,
2981 3820 3078 3877 per
3102 3802 3326 3860 verbum
3373 3797 3467 3853 Dei
3510 3805 3564 3850 et
3591 3792 3907 3848 orationem

2293 3912 2337 3986 (Ι
2361 3882 2599 3975 Tim—iv,
2631 3907 2713 3978 5),
2739 3920 2843 3975 qua
2870 3914 3088 3957 oramus
3106 3941 3121 3965 ,
3150 3897 3331 3966 utique
3359 3894 3544 3947 ucstra
3570 3882 3910 3956 corpuscula

2291 3974 2565 4060 refecturi.
2587 3974 2739 4054 Sicut
2758 3974 2891 4066 ergo
2915 3994 3016 4047 ista
3041 3989 3282 4045 ciborum
3309 3979 3661 4040 sanctiﬁcatio
3684 3991 3798 4032 non
3824 3974 3913 4031 ef-

2295 4096 2406 4152 ﬁcit
2435 4103 2492 4150 ut
2518 4092 2661 4164 quod
2690 4091 2743 4145 in
2782 4103 2844 4145 os
2875 4084 3180 4147 intraverit,
3226 4095 3333 4135 non
3365 4078 3418 4133 in
3448 4083 3694 4131 ventrem
3735 4069 3913 4125 vadat

2293 4191 2421 4248 etin
2438 4201 2709 4244 secessum
2731 4184 3006 4253 emittatur
3027 4191 3122 4251 per
3141 4173 3564 4245 corruptionem,
3585 4183 3690 4240 qua
3712 4167 3914 4222 omnia

2296 4292 2511 4341 terrena
2539 4281 2842 4346 solvuntur,
2874 4274 3016 4331 unde
3041 4280 3096 4327 et
3131 4268 3200 4325 ad
3240 4269 3397 4323 aliam
3432 4278 3607 4320 escam
3636 4275 3761 4331 quae
3794 4273 3916 4315 non

2296 4374 2678 4444 corrumpitur,
2710 4384 2812 4425 nos
2834 4366 3095 4423 Dominus
3121 4362 3441 4419 exhortatur
3461 4354 3636 4429 (Joaa.
3656 4369 3737 4419 vi,
3764 4352 3872 4424 27)
3898 4369 3915 4407 :

2298 4469 2374 4527 ita
2402 4464 2754 4524 sanctiﬁcatio
2779 4457 3171 4525 catechumcni,
3199 4456 3241 4511 si
3265 4468 3371 4509 non
3395 4451 3551 4507 fuerit
3570 4446 3918 4518 baptizatus,

2300 4575 2406 4616 non
2431 4558 2482 4615 ei
2508 4557 2652 4613 valet
2678 4554 2744 4609 ad
2772 4550 3077 4608 intrandum
3107 4550 3160 4603 in
3205 4558 3428 4618 regnum
3470 4540 3730 4598 caelorum
3754 4580 3771 4605 ,
3818 4547 3927 4593 aut

2301 4654 2368 4710 ad
2398 4658 2737 4723 peccatorum
2776 4644 3172 4702 remissionem.
3202 4642 3281 4696 Ac
3321 4653 3416 4710 per
3442 4636 3543 4691 hoc
3568 4642 3620 4689 et
3647 4632 3742 4686 illa
3777 4646 3929 4686 san-

2302 4742 2572 4810 ctiﬁcatio,
2603 4741 2989 4810 cujuscumque
3031 4734 3176 4791 modi
3203 4735 3293 4801 sit,
3326 4746 3484 4802 quam
3514 4729 3569 4783 iu
3599 4724 3726 4780 ﬁliis
3769 4724 3931 4780 ﬁde-

2303 4836 2432 4891 lium
2470 4848 2591 4889 esse
2614 4831 2748 4887 dixit
2773 4827 3097 4903 Apostolus,
3128 4824 3194 4880 ad
3237 4825 3391 4879 istam
3418 4819 3485 4876 de
3525 4816 3807 4887 Baptismo
3866 4823 3935 4872 et

2303 4927 2371 4984 de
2399 4924 2607 4998 peccati
2626 4924 2836 4996 origine
2859 4920 2948 4978 vel
2973 4919 3290 4976 remissione
3310 4914 3658 4988 quaestionem
3679 4910 3936 4965 omnino

2304 5036 2410 5077 non
2440 5017 2690 5091 pertinet.
2718 5014 2850 5071 Nam
2875 5022 2930 5070 et
2952 5012 3209 5082 conjuges
3230 5007 3477 5064 inﬁdeles
3502 5005 3553 5058 in
3580 5001 3931 5071 conjugibus

2306 5111 2555 5170 ﬁdelibus
2584 5106 2912 5169 sanctiﬁcari
2946 5104 3077 5162 dicit
3115 5118 3181 5160 eo
3222 5102 3339 5172 ipso
3376 5099 3493 5154 loco
3524 5095 3594 5151 ita
3637 5094 3937 5163 loquens:

2309 5335 2391 5448 to:
2416 5340 2467 5384 In
2496 5331 2721 5383 omnibus
2733 5327 2845 5379 fere
2864 5324 3205 5387 manuscriptis
3241 5320 3406 5380 deest,
3429 5330 3495 5369 ea:
3513 5309 3809 5381 infidelibus
3838 5328 3945 5365 na-

2356 5410 2398 5491 ".
2426 5457 2737 5521 Remigianus
2775 5461 2893 5515 315.,
2944 5456 2991 5502 ct
3028 5445 3294 5500 orationem
3330 5449 3380 5495 et
3425 5455 3601 5494 manus

2307 5534 2446 5646 “2'23
2481 5580 2786 5646 Accipiebant
2805 5573 3143 5646 catechumeni
3171 5574 3534 5646 sacramentum
3568 5561 3700 5646 salis:
3730 5578 3843 5627 qua
3869 5564 3955 5616 de
3996 5524 3997 5527 Ἴ

2307 5625 2787 5697 re‘éas'iii'aicﬁiii
2812 5625 3553 5700 'éarthaginensisntertiiucanou
3571 5630 3621 5678 5.
3644 5625 3704 5700 ρ
3718 5625 3958 5679 rursum
3996 5648 3997 5653 η

2310 5688 2822 5770 λῖιεῖἐῆιῖίιέῖιῆ-ἰῦιῖο
2836 5688 2904 5751 de
2920 5688 3276 5770 atechizandis
3299 5694 3526 5770 liudibus,
3559 5705 3611 5740 n.
3643 5688 3725 5770 ᾕρι,
3756 5702 3957 5770 sacra-
3996 5716 3997 5729 ι

2310 5749 3114 5841 ἱηῖιιῖῴἶῇᾖίὶὶξίξείξβρθρςω
3151 5757 3497 5841 δεηθόξίξιίοληε
3513 5749 3907 5841 sanctificatum
3935 5767 3954 5803 :

2309 5813 3161 5897 (Ini—etiamwlibroilicoidessionum,
3183 5834 3287 5894 cap.
3314 5820 3390 5881 11,
3415 5818 3587 5897 de‘suo
3608 5813 3767 5889 ipsius
3788 5822 3962 5888 cate-
3996 5830 3997 5859 ι

2311 5877 2606 5966 chumenatu
2629 5889 2853 5966 loquens,
2885 5893 2981 5966 stat
2999 5877 3224 5966 signabar
3240 5877 3399 5948 ianua
3429 5882 3515 5943 ait,
3544 5879 3728 5942 «signo
3759 5877 3962 5932 crucis
3994 5896 3997 5921 λ

2321 5974 2346 6007 ι
2368 5958 2491 6021 ejus,
2518 5961 2570 6006 et
2593 5947 2853 6006 condiebar
2877 5952 2986 6015 ejus
3010 5947 3134 5999 sale.
3159 5964 3183 5994 ι
3996 5956 3997 5987 ι
