4016 6492
151 413 258 472 i7?

153 525 539 596 Sanctiﬁcatnr
562 525 702 580 enim
725 525 806 580 uir
831 526 1054 596 inﬁdelis
1079 527 1132 580 in
1155 541 1326 590 uxore,
1359 533 1404 578 et
1425 525 1770 595 sanctiﬁcatur

155 619 343 674 mulier
388 617 618 684 inﬁdelis
660 617 718 671 in
746 617 928 687 fratre.
957 617 1194 688 Alioquin
1221 617 1318 686 ﬁlii
1347 617 1494 670 vestri
1521 613 1771 668 immundi

155 719 356 778 essent,
401 727 540 764 nunc
569 719 743 765 autem
783 711 950 766 sancti
976 721 1094 764 sunt
1123 711 1166 782 (ι
1194 709 1312 764 Cor.
1337 727 1444 774 vn,
1473 708 1584 782 14).
1615 709 1729 764 Non
1751 751 1769 778 ,

159 804 378 875 opinor,
413 801 704 873 quisquam
733 810 846 858 tam
871 803 1161 858 infideliter
1187 802 1468 872 intelligit,
1497 801 1772 872 quodlibet

159 899 208 952 in
235 897 322 949 his
351 895 546 950 verbis
566 895 854 968 intelligat,
883 903 942 950 ut
964 894 1034 950 ob
1055 894 1158 949 hoc
1177 895 1446 949 existimet
1467 895 1627 950 etiam
1659 909 1772 948 ma-

161 991 315 1044 ritum
365 1003 484 1043 non
525 989 917 1055 christianum,
963 989 1086 1058 quia
1126 987 1414 1044 christiana
1451 987 1610 1042 fuerit
1634 1001 1772 1042 uxor

163 1084 292 1154 ejus,
315 1097 506 1153 neque
529 1083 644 1152 jam
669 1083 932 1154 baptizari
959 1093 1230 1154 Oportere,
1259 1093 1312 1138 et
1333 1084 1400 1138 ad
1425 1093 1770 1154 peccatorum

165 1174 544 1232 remissionem
587 1175 698 1244 jam
753 1175 1098 1244 pervenisse,
1145 1185 1200 1230 et
1241 1176 1294 1229 in
1335 1190 1558 1245 regnum
1601 1175 1771 1230 caelo-

165 1284 272 1324 rum
299 1282 436 1324 esse
473 1268 799 1324 intraturum
817 1308 834 1335 ,
867 1270 990 1340 quia
1017 1267 1376 1324 sanctiﬁcatus
1403 1268 1579 1324 dictus
1602 1277 1686 1324 est
1709 1268 1764 1322 in

171 1377 352 1418 uxore.

209 1453 442 1510 CAPUT
463 1453 508 1508 Χ
519 1452 661 1508 XVII
672 1454 852 1508 .—45.
873 1452 1042 1520 Quare
1058 1453 1371 1524 baptizentur
1379 1453 1468 1524 qui
1476 1453 1592 1524 jam
1607 1451 1670 1506 de
1683 1451 1774 1504 ba-

171 1549 357 1618 ptizari:
373 1557 688 1602 nascuntur.
701 1547 954 1617 Quisquis
973 1561 1102 1602 vero
1116 1547 1290 1602 adhuc
1317 1555 1584 1612 movetur,
1603 1560 1770 1616 quare

169 1641 502 1710 beptizentur
531 1640 626 1710 qui
648 1643 758 1709 jam
785 1639 858 1696 de
895 1640 1175 1712 baptizatis
1195 1649 1502 1706 nascuntur,
1529 1639 1630 1694 hoc
1651 1639 1771 1695 bre—

173 1733 292 1786 viter
307 1731 576 1802 accipiat.
593 1730 741 1786 Sicut
759 1732 1036 1802 generatio
1060 1733 1236 1788 carnis
1265 1731 1466 1802 peccati
1491 1747 1586 1802 per
1605 1747 1770 1786 unum

173 1827 324 1882 Adam
333 1825 402 1880 ad
417 1825 935 1880 condemnationem
951 1825 1109 1880 trahit
1123 1840 1308 1880 omnes
1323 1825 1412 1895 qui
1429 1840 1494 1878 eo
1511 1824 1671 1880 modo
1688 1839 1772 1894 ge-

173 1927 438 1982 nerantur;
457 1918 540 1972 sic
559 1917 838 1987 generatio
857 1917 1072 1986 spiritus
1087 1917 1270 1987 gratia:
1293 1931 1388 1987 per
1403 1932 1562 1972 unum
1579 1915 1764 1970 .Iesum

174 2007 430 2061 Christum
457 2005 528 2061 ad
555 2007 996 2076 justilicationem
1025 2007 1148 2061 vita:
1170 2017 1384 2062 aeternae
1409 2007 1554 2061 ducit
1580 2019 1768 2061 omnes

173 2099 252 2169 qui
279 2114 344 2155 eo
373 2099 546 2154 modo
583 2099 947 2169 predestinati
977 2107 1360 2170 regenerantur
1385 2097 1423 2152 ί.
1447 2096 1766 2154 Sacramen-

174 2201 270 2246 tuni
291 2203 476 2248 autem
505 2191 768 2262 Baptismi
799 2192 1036 2262 profecto
1064 2199 1458 2247 sacramentum
1483 2206 1768 2261 regenera-

171 2287 318 2340 tionis
339 2296 450 2342 est.
483 2285 752 2355 Quocirca
783 2285 922 2340 sicut
948 2285 1110 2340 homo
1133 2287 1224 2356 qui
1251 2301 1356 2340 non
1385 2286 1600 2351 vixerit,
1631 2285 1768 2340 mori

171 2393 268 2432 non
296 2385 502 2448 potest,
531 2385 588 2432 et
609 2377 702 2448 qui
729 2385 976 2432 mortuus
1003 2391 1110 2432 non
1137 2377 1316 2443 fuerit,
1348 2392 1630 2448 resurgere
1658 2393 1764 2431 non

165 2479 336 2540 potest
363 2489 380 2525 :
415 2470 488 2525 ita
532 2472 624 2540 qui
655 2479 814 2524 natus
843 2485 948 2524 non
975 2469 1150 2538 fuerit,
1193 2471 1402 2526 renasci
1432 2485 1538 2526 non
1567 2477 1761 2542 potest.

165 2563 244 2619 Ex
269 2579 380 2634 quo
409 2563 722 2630 coniicitur,
754 2563 1024 2617 neminem
1069 2563 1124 2618 in
1163 2577 1262 2617 suo
1295 2571 1516 2632 parente
1557 2563 1762 2616 renasci

163 2657 404 2724 potuisse
431 2670 540 2710 non
565 2663 768 2709 natum.
793 2653 1020 2724 Oportet
1037 2663 1235 2722 autem,
1261 2655 1382 2708 utsi
1409 2663 1564 2708 natus
1585 2653 1760 2720 fuerit,

161 2756 496 2802 renascatur
525 2764 542 2801 :
569 2748 678 2816 quia
702 2747 804 2801 nisi
833 2747 946 2818 quis
977 2755 1124 2801 natus
1153 2747 1306 2816 fuerit
1332 2747 1516 2814 denuo,
1540 2763 1640 2800 non
1665 2763 1761 2818 po-

161 2848 254 2894 test
275 2839 461 2893 uidere
481 2853 678 2910 regnum
707 2837 808 2893 Dei
838 2838 1016 2910 (Joan.
1047 2853 1124 2906 ιιι,
1153 2839 1230 2908 5).
1266 2837 1488 2908 Oportet
1525 2839 1682 2909 igitur
1707 2847 1764 2892 ut

164 2929 519 2986 Sacramenta
543 2931 998 3002 regenerationis,
1029 2946 1096 2985 ne
1135 2931 1252 2986 sine
1279 2931 1370 2986 illo
1399 2931 1536 2986 male
1563 2931 1632 2986 de
1662 2930 1762 2986 hac

167 3026 260 3078 tita
287 3032 487 3088 exeat,
516 3025 680 3078 etiam
713 3023 968 3094 parvulus
1002 3024 1270 3080 imbuatur
1306 3041 1320 3078 :
1359 3024 1502 3095 quod
1547 3039 1654 3078 non
1703 3023 1762 3079 fit

167 3118 254 3172 nisi
282 3119 336 3172 in
357 3117 746 3173 remissionem
767 3125 1128 3188 peccatorum.
1151 3115 1302 3185 Quod
1323 3117 1482 3172 etiam
1504 3116 1620 3186 ipso
1639 3117 1761 3174 loco

169 3209 392 3264 Christus
419 3209 684 3274 ostendit,
713 3223 834 3264 cum
859 3209 1218 3280 interrogatus
1244 3207 1514 3280 quomodo
1541 3216 1762 3278 possent

167 3301 250 3356 ista
273 3301 412 3370 fieri,
445 3302 900 3357 commemoravit
926 3299 1052 3372 quid
1073 3301 1282 3375 Moyses
1311 3301 1498 3358 fecerit
1525 3301 1579 3356 in
1603 3301 1756 3358 exal-

169 3397 344 3451 tatione
371 3397 676 3466 serpentis.
699 3395 836 3450 Cum
857 3395 1035 3466 itaque
1053 3411 1150 3466 per
1173 3397 1430 3468 Baptismi
1451 3411 1759 3452 sacramen-

167 3495 258 3540 tum
281 3488 444 3542 morti
478 3487 689 3543 Christi
725 3489 1127 3544 conformentur
1155 3489 1412 3556 infantes,
1456 3505 1550 3546 eos
1579 3505 1612 3545 ιι
1640 3507 1756 3546 ser-

170 3579 318 3646 pentis
347 3595 546 3634 morsu
579 3579 854 3634 fatendum
901 3589 984 3634 est
1025 3581 1274 3649 liberari,
1302 3581 1346 3635 si
1383 3597 1414 3638 a
1453 3583 1757 3638 christiana:

169 3669 264 3724 ﬁdei
289 3671 486 3742 regula
515 3671 775 3726 nolumus
803 3671 1078 3728 aberrare.
1106 3671 1276 3741 Quem
1307 3683 1483 3728 tamen
1516 3689 1756 3730 morsum

167 3777 252 3816 non
275 3763 328 3817 in
359 3778 460 3818 sua
489 3762 608 3818 vita
637 3763 874 3833 propria,
907 3763 999 3818 sed
1025 3765 1081 3818 in
1115 3763 1206 3818 illo
1227 3765 1312 3818 cui
1341 3765 1587 3835 primitus
1613 3767 1756 3822 inlli-

169 3865 262 3910 ttus
283 3865 390 3922 est,
425 3863 778 3926 acceperunt.

221 3950 301 4004 LI.
335 3949 578 4021 Objectio
611 3947 1030 4020 Pelagianorum.
1051 3949 1234 4021 Neque
1260 3951 1391 4007 illud
1419 3953 1584 4018 fallat,
1612 3954 1754 4025 quod

167 4057 250 4096 nec
269 4043 483 4113 parenti
502 4044 524 4074 ³
560 4053 681 4112 post
700 4044 1106 4099 conversionem
1121 4044 1142 4076 ³
1171 4045 1368 4100 obsunt
1394 4049 1605 4117 propria
1625 4063 1754 4118 pee-

166 4143 290 4188 rata:
313 4135 566 4202 «Quanto
584 4135 724 4190 enim
745 4137 933 4206 magis,
948 4155 966 4188 ι
991 4137 1256 4207 inquiunt,
1282 4139 1422 4194 «lilio
1435 4141 1550 4210 ejus
1562 4142 1756 4199 obesse

165 4240 255 4279 non
273 4227 558 4297 possunt?)
577 4227 682 4283 Sed
701 4229 788 4297 qui
813 4229 914 4283 hoc
934 4231 1188 4294 sentiunt,
1204 4245 1310 4285 non
1330 4233 1609 4290 attendunt
1625 4235 1750 4306 quia

163 4321 286 4376 sicut
305 4322 540 4392 parenti,
563 4338 666 4393 per
679 4323 780 4377 hoc
792 4323 934 4392 quod
965 4324 1154 4394 spiritu
1173 4337 1390 4382 renatus
1408 4336 1510 4392 est,
1537 4331 1750 4399 propria

159 4427 308 4482 peeca
317 4425 364 4469 ta
379 4431 490 4470 non
506 4415 722 4481 obsunt;
743 4416 814 4470 ita
828 4416 914 4486 qui
927 4416 992 4471 tle
1007 4417 1094 4472 illo
1112 4427 1268 4475 natus
1281 4429 1382 4486 est,
1399 4421 1498 4477 nisi
1519 4439 1583 4477 eo
1595 4425 1756 4478 modo

159 4517 497 4574 renascatur,
531 4525 651 4579 qua:
679 4524 710 4563 a
741 4519 962 4579 parente
988 4520 1152 4568 tracta
1175 4525 1319 4580 sunt,
1339 4515 1586 4570 oberunt.
1621 4517 1753 4586 Quia

161 4610 206 4654 et
229 4603 478 4657 innovati
515 4611 802 4674 parentes,
834 4619 938 4658 non
965 4620 1028 4659 ex
1059 4607 1305 4674 primitiis
1349 4611 1615 4678 novitatis,
1661 4611 1756 4667 sed

163 4707 220 4748 ex
249 4695 496 4764 reliquiis
535 4695 818 4750 vetustatis
859 4697 1146 4752 carnaliter
1171 4697 1509 4768 gignunt;et
1557 4701 1646 4756 filii
1691 4718 1756 4758 ex

161 4799 438 4854 parentum
471 4787 678 4858 reliqua
704 4795 968 4844 vetustate
993 4789 1090 4842 toti
1117 4789 1348 4858 vetusti,
1379 4799 1434 4846 et
1462 4791 1514 4846 in
1556 4795 1756 4862 peccati

159 4893 316 4934 carne
347 4879 699 4950 propagati‘,
735 4879 1134 4936 damnationem
1163 4882 1332 4938 veteri
1373 4883 1574 4938 homini
1609 4887 1756 4941 debi-

161 4981 256 5026 tun
281 4973 639 5028 Sacramenta
663 4972 954 5042 spiritualis
975 4973 995 5004 ⁸
1017 4975 1439 5044 regenerationis
1460 4985 1513 5030 et
1533 4993 1756 5034 renova-

159 5067 314 5120 tionis
340 5065 600 5122 evadunt.
637 5065 766 5121 Illud
791 5081 1020 5136 namque
1048 5069 1334 5138 praecipue,
1364 5079 1585 5140 propter
1608 5087 1756 5142 quae-

155 5159 356 5214 stiones
405 5173 528 5229 qua!
567 5158 634 5213 de
661 5159 762 5213 hac
799 5173 860 5214 re
889 5169 1045 5214 mota:
1075 5168 1202 5214 sunt
1229 5161 1310 5215 vel
1341 5164 1544 5218 moveri
1583 5165 1758 5223 adhuc

157 5259 416 5319 possunt,
451 5251 732 5306 attendere
774 5265 836 5305 ac
863 5251 1172 5307 meminisse
1200 5251 1490 5322 debemus,
1519 5262 1755 5312 tantum-

215 5413 228 5477 ι
267 5419 380 5477 una
411 5423 478 5460 ex
511 5411 750 5477 Vaticanis
783 5417 886 5460 Mss.
904 5449 918 5472 ,
955 5411 1038 5477 qui
1069 5424 1124 5477 eo
1155 5411 1298 5477 modo
1329 5415 1754 5477 praedestinantur.

213 5473 404 5544 ξξλιὶεἱ,
597 5472 644 5523 si
674 5485 762 5522 nec
1041 5475 1206 5544 Abest,
1244 5473 1305 5534 si,
1330 5471 1358 5523 a
1380 5481 1752 5544 manuscriptis;

155 5534 592 5646 sedatilntsequente
611 5547 763 5584 versu
783 5534 988 5597 additur,
1027 5535 1173 5596 enim,
1199 5549 1309 5600 qua:
1335 5537 1566 5600 particula
1581 5534 1755 5594 ἀέρι·θὶ

155 5609 202 5646 in
289 5611 389 5646 1.18.

153 5598 202 5646 in
225 5598 389 5647 editis.

213 5661 236 5692 ³
259 5659 710 5728 Unus_e.\_'aticanis
730 5662 1082 5723 manuscriptis,
1127 5673 1233 5722 pro,
1273 5663 1640 5728 conversionem,
1666 5667 1753 5718 ha-

153 5721 254 5786 bet,
279 5721 649 5786 confessionem.

211 5785 235 5816 δ
249 5795 352 5856 Arn.
370 5785 464 5858 Er._
482 5793 536 5834 et
559 5795 740 5858 omnes
763 5789 906 5858 ξιεδη-
919 5785 1002 5837 ιοιὶ
1019 5785 1186 5836 vetusti
1207 5787 1254 5836 in
1271 5789 1458 5850 peccati
1474 5803 1620 5843 came
1638 5807 1753 5858 pro-

293 5847 342 5910 i;
364 5849 550 5898 omissa
572 5845 831 5910 particula,
860 5852 922 5910 et,

257 5907 488 5976 Plerique
513 5907 648 5970 atris,
671 5907 934 5972 spirituali.

1527 409 1732 466 LIBER
1769 407 2142 467 SECUNDUS.

3373 419 3478 478 I78

1879 521 2043 578 modo
2063 531 2404 593 peccatorum
2425 526 2665 583 omnium
2693 529 2906 600 plenam
2945 535 3343 606 perlectamque
3384 549 3476 592 re-

1879 613 2188 670 missionem
2217 615 2488 686 Baptismo
2517 618 2628 674 fieri
2655 637 2672 688 ;
2699 619 2930 677 hominis
2954 637 3084 678 vero
3111 624 3277 696 ipsius
3307 625 3480 698 quali-

1879 713 2042 762 tatem
2069 723 2176 762 non
2207 717 2372 763 totam
2399 709 2654 766 continuo
2681 716 3002 770 commutari
3031 731 3043 769 :
3087 715 3182 772 sed
3226 717 3480 788 spiritua-

1880 797 1956 854 les
1985 799 2248 870 primitias
2287 802 2340 856 in
2377 803 2516 860 bene
2562 805 2964 874 proﬁcientibus
3007 809 3074 864 de
3112 809 3200 866 die
3244 811 3297 865 in
3329 810 3476 866 diem

1879 895 2115 950 novitate
2156 905 2432 952 crescente
2471 909 2802 956 commutare
2830 901 2884 956 in
2913 917 2972 957 se
3015 903 3158 974 quod
3192 905 3480 960 carnaliter

1879 995 2030 1042 vetus
2046 996 2147 1054 est,
2172 989 2344 1046 donec
2361 998 2528 1046 totum
2547 990 2622 1048 ita
2643 1002 2953 1062 renovetur,
2973 1003 3034 1050 ut
3051 997 3297 1054 animalis
3313 997 3474 1052 etiam

1879 1080 2160 1138 infirmitas
2183 1085 2425 1154 corporis
2453 1085 2522 1142 ad
2545 1086 2853 1144 firmitatem
2881 1091 3211 1160 spiritualem
3233 1093 3480 1149 incorru-

1879 1175 2225 1247 ptionemque
2251 1179 2550 1248 perveniat.

1949 1265 2175 1324 CAPUT
2215 1269 2454 1326 XXVIII.
2477 1303 2550 1313 —
2573 1273 2664 1330 45.
2689 1273 2798 1330 Lex
2824 1279 3016 1346 peccati
3038 1278 3173 1332 dicta
3195 1285 3477 1350 peccatnm‘.

1877 1359 2297 1432 Concupiscentia
2343 1365 2594 1433 quomodo
2654 1369 2706 1420 in
2751 1367 3020 1440 baptizatis
3061 1381 3316 1442 perempto
3369 1371 3480 1440 ejus

1879 1452 2015 1506 malo
2035 1463 2254 1508 maneat.
2281 1453 2404 1510 Ilrec
2427 1465 2606 1512 autem
2635 1457 2720 1512 lex
2745 1461 2974 1528 peccati,
3003 1461 3142 1530 quod
3165 1462 3322 1516 etiam
3355 1477 3482 1530 pec-

1879 1553 2058 1599 catum
2087 1545 2322 1616 appellat
2347 1547 2656 1616 Apostolus,
2679 1539 2800 1604 eum
2825 1550 2973 1618 dicit,
3009 1551 3130 1606 Non
3159 1569 3277 1622 ergo
3305 1561 3478 1624 regnet

1877 1645 2140 1706 peccatum
2167 1637 2220 1690 in
2247 1647 2407 1692 vestro
2429 1641 2634 1694 mortali
2658 1656 2868 1710 corpore
2891 1641 2958 1696 ad
2983 1643 3316 1698 obedientium
3339 1645 3476 1698 desi-

1877 1725 2032 1780 deriis
2051 1729 2159 1796 ejus
2177 1729 2352 1800 (Rom.
2371 1745 2443 1794 vi,
2465 1731 2576 1802 12),
2595 1747 2700 1786 non
2723 1731 2802 1788 sic
2823 1743 3002 1790 manet
3025 1735 3078 1790 in
3101 1736 3358 1792 membris
3383 1753 3478 1793 eo-

1875 1831 1999 1872 rum
2019 1819 2110 1888 qui
2137 1835 2203 1874 ex
2233 1835 2370 1892 aqua
2397 1831 2450 1876 et
2479 1823 2672 1894 spiritu
2713 1827 2886 1880 renati
2913 1836 3057 1896 sunt,
3091 1838 3342 1900 tanquam
3367 1847 3476 1888 non

1874 1907 1945 1962 sit
1970 1909 2086 1980 ejus
2117 1909 2256 1966 facta
2284 1913 2564 1980 remissio,
2593 1914 2685 1970 ubi
2713 1917 2932 1974 omnino
2961 1919 3116 1988 plena
3145 1927 3202 1976 et
3243 1919 3477 1991 perfecta

1876 1999 1936 2054 fit
1974 2001 2222 2056 remissio
2253 1991 2618 2073 peccatorum,
2647 2007 2898 2062 omnibus
2928 2007 3222 2066 inimicitiis
3253 2013 3476 2068 interfe-

1871 2095 1993 2161 ctis,
2017 2095 2210 2165 quibus
2236 2097 2618 2166 separabantur
2646 2113 2676 2152 a
2705 2099 2816 2156 Deo
2847 2119 2860 2155 :
2892 2103 2988 2158 sed
3013 2113 3198 2160 manet
3237 2105 3289 2159 in
3321 2115 3476 2160 vetu-

1873 2197 2012 2244 state
2055 2192 2234 2247 earnis
2283 2201 2538 2264 tanquam
2583 2207 2892 2266 superatum
2925 2207 2981 2254 et
3026 2207 3382 2270 peremptum,
3431 2201 3476 2255 si

1873 2296 1980 2336 non
2011 2281 2210 2339 illicitis
2235 2287 2679 2344 consensionibus
2707 2290 2938 2360 quodam
2971 2291 3132 2346 modo
3167 2291 3472 2362 reviviscat,

1871 2381 1927 2428 et
1952 2373 2004 2428 in
2027 2389 2250 2445 regnum
2286 2379 2562 2448 proprium
2599 2379 3125 2454 dontinationemque
3167 2379 3472 2440 revocetur.

1871 2463 1957 2518 Ab
1997 2463 2098 2520 hac
2125 2477 2304 2523 autem
2347 2479 2613 2528 vetustate
2643 2475 2857 2540 carnis,
2889 2475 2940 2530 in
2987 2491 3092 2546 qua
3121 2485 3203 2531 est
3251 2477 3331 2532 lex
3373 2477 3474 2530 ista

1870 2557 2075 2626 peccati
2096 2559 2180 2612 vel
2209 2569 2486 2628 peccatum
2521 2563 2632 2634 jam
2662 2565 2969 2634 remissum,
3003 2583 3174 2638 usque
3199 2568 3334 2624 adeo
3360 2569 3475 2638 Spi-

1869 2649 2004 2704 ritus
2029 2653 2136 2705 vita
2159 2651 2502 2720 discernitur,
2536 2655 2589 2710 in
2609 2656 2764 2724 cujus
2803 2659 3074 2714 novitate‘
3099 2659 3348 2728 baptizati
3378 2676 3474 2730 per

1869 2740 1966 2796 Dei
2005 2743 2232 2814 gratiam
2284 2757 2664 2816 renascuntur,
2693 2759 2753 2805 ut
2789 2765 2977 2822 parum
3017 2751 3176 2808 fuerit
3213 2753 3472 2824 Apostolo

1867 2830 2068 2899 dicere,
2104 2834 2236 2890 tales
2261 2850 2368 2892 non
2397 2853 2518 2894 esse
2547 2839 2602 2895 in
2632 2851 2853 2911 peccato
2873 2884 2888 2908 ,
2919 2843 3022 2898 nisi
3049 2843 3211 2900 etiam
3239 2844 3468 2913 diceret,

1867 2922 1920 2977 in
1958 2925 2072 2994 ipsa
2101 2940 2262 2984 carne
2288 2929 2410 2984 illos
2449 2946 2558 2988 non
2587 2947 2742 3001 esse,
2773 2943 3058 3006 antequam
3089 2952 3152 2992 ex
3189 2937 3289 2992 hac
3317 2953 3470 2992 mor-

1867 3015 1959 3070 tali
1984 3017 2092 3072 vita
2134 3019 2447 3090 migrarent.
2491 3023 2591 3088 Qui
2629 3026 2760 3080 enim
2791 3027 2845 3080 in
2876 3044 3026 3082 carne
3065 3037 3211 3096 sunt,
3259 3027 3464 3100 inquit,

1863 3104 1977 3162 Deo
1998 3110 2198 3180 placere
2222 3129 2324 3168 non
2345 3125 2558 3186 possunt
2585 3133 2604 3170 .'
2631 3133 2718 3174 vos
2744 3129 2915 3174 autem
2940 3137 3042 3174 non
3063 3123 3180 3176 estis
3211 3123 3264 3176 in
3293 3139 3464 3188 carne,

1864 3201 1954 3254 sed
1991 3203 2045 3255 in
2080 3205 2300 3276 spiritu;
2341 3209 2384 3261 si
2428 3219 2594 3264 tamen
2622 3209 2850 3281 Spiritus
2887 3211 2988 3268 Dei
3023 3215 3213 3268 habitat
3241 3217 3293 3269 in
3329 3217 3468 3272 vobis

1869 3290 2047 3362 (Rom.
2069 3310 2178 3360 VIII,
2204 3296 2258 3362 8,
2287 3297 2367 3368 9).
2392 3298 2776 3357 Verumtamen
2799 3305 2938 3358 sicut
2965 3307 3076 3375 ipsa
3094 3322 3255 3364 carne
3274 3323 3466 3378 qnam-

1867 3386 1949 3440 vis
1965 3388 2296 3458 corruptibili
2315 3390 2450 3448 bene
2471 3401 2707 3462 utuntur,
2733 3395 2822 3465 qui
2851 3398 3090 3452 membra
3113 3399 3227 3468 ejus
3247 3401 3311 3454 ad
3339 3416 3468 3470 ope-

1863 3493 1922 3532 ra
1951 3478 2090 3534 bona
2119 3491 2457 3546 convertunt,
2495 3485 2546 3538 in
2573 3501 2674 3556 qua
2701 3501 2864 3542 carne
2893 3504 3000 3544 non
3027 3499 3173 3556 sunt,
3207 3492 3326 3561 quia
3357 3509 3466 3548 non

1862 3570 2155 3626 secundum
2184 3588 2302 3628 eam
2335 3576 2548 3646 sapiunt
2578 3593 2754 3648 neque
2787 3581 3006 3648 vivunt;
3053 3583 3192 3638 sicut
3233 3584 3466 3656 denique

1861 3663 2024 3718 etiam
2055 3673 2251 3734 morte,
2277 3683 2396 3738 qua:
2427 3670 2582 3738 primi
2607 3673 2814 3741 peccati
2834 3689 2990 3744 paena
3017 3685 3120 3741 est,
3149 3677 3284 3734 bene
3305 3689 3466 3734 utun-

1862 3762 1968 3820 tur,
1999 3755 2088 3826 qui
2116 3771 2234 3812 eam
2263 3775 2362 3828 pro
2401 3759 2677 3830 fratribus,
2717 3781 2815 3836 pro
2847 3767 2968 3831 fide,
3000 3783 3100 3840 pro
3129 3785 3464 3842 quacumque

1860 3859 1988 3900 vera
2014 3854 2070 3901 et
2093 3857 2273 3902 saneta
2291 3849 2496 3919 justitia
2519 3851 2731 3910 fortiter
2755 3865 2810 3912 et
2836 3859 3098 3926 patienter
3126 3861 3462 3931 impendunt:

1861 3935 1940 3990 sic
1971 3935 2056 3990 illa
2087 3937 2248 3992 etiam
2276 3939 2392 4010 lege
2415 3945 2640 4010 peccati,
2673 3945 2814 4015 quod
2835 3947 2946 4016 jam
2974 3951 3257 4005 remissum
3285 3954 3338 4006 in
3365 3969 3460 4006 ve-

1863 4035 2060 4083 tustate
2087 4031 2265 4084 carnis
2289 4043 2492 4100 manet,
2521 4035 2658 4090 bene
2689 4049 2910 4092 utuntur
2939 4041 3210 4112 conjugati
3251 4043 3461 4110 fideles,

1861 4119 1950 4188 qui
1979 4135 2044 4176 ex
2067 4135 2133 4176 eo
2157 4122 2297 4192 quod
2327 4133 2455 4178 sunt
2483 4127 2534 4180 in
2558 4125 2756 4184 Christi
2785 4131 3040 4200 novitate,
3065 4133 3328 4190 dominari
3361 4139 3464 4191 sibi

1861 4211 2136 4268 libidinem
2164 4215 2384 4272 minime
2406 4219 2712 4287 patiuntur;
2739 4237 2802 4276 ex
2831 4239 2896 4278 eo
2925 4233 3102 4282 autem
3125 4229 3264 4298 quod
3287 4230 3464 4285 adhuc

1863 4304 2082 4360 trahunt
2123 4307 2252 4362 Adae
2283 4319 2626 4378 vetustatem,
2661 4317 3058 4384 regenerandos
3089 4319 3465 4377 immortaliter

1861 4398 2004 4453 ﬁlios
2031 4399 2332 4453 mortaliter
2365 4411 2624 4470 generant
2651 4419 2772 4458 cum
2799 4421 2860 4460 ea
2891 4409 3182 4478 propagine
3228 4415 3454 4480 peccati,

1862 4505 1966 4560 qua
1994 4491 2070 4545 illi
2109 4491 2200 4562 qui
2229 4493 2402 4546 renati
2433 4501 2558 4548 sunt
2587 4495 2804 4551 obnoxii
2831 4513 2936 4552 non
2978 4509 3246 4570 tenentur,
3278 4513 3330 4558 et
3357 4520 3460 4575 qua

1863 4583 1936 4638 illi
1953 4583 2042 4654 qui
2063 4594 2356 4640 nascuntur
2373 4587 2705 4644 renascendo
2725 4591 3026 4648 solvuntur.
3048 4595 3310 4660 Quamdiu
3332 4613 3462 4670 ergo

1869 4685 2054 4732 manet
2081 4677 2164 4732 lex
2195 4681 2754 4750 concupiscentialiter
2775 4685 2795 4716 '
2818 4685 2872 4739 in
2901 4687 3181 4754 membris,
3210 4701 3461 4749 manente

1863 4769 1976 4840 ipsa
2015 4777 2196 4826 reatus
2219 4771 2334 4842 ejus
2363 4775 2616 4842 solvitur;
2660 4775 2754 4832 sed
2791 4779 2840 4834 ei
2882 4780 3124 4848 solvitur,
3155 4784 3244 4852 qui
3270 4784 3463 4840 Sacra-

1863 4871 2101 4916 mentum
2115 4865 2534 4933 regenerationis
2550 4869 2756 4938 accepit
2769 4873 3129 4941 renovarique
3141 4873 3253 4942 jam
3271 4879 3456 4946 coepit.

1861 4951 1940 5007 Ex
1957 4952 2045 5006 illa
2059 4952 2268 5007 'autem
2288 4965 2536 5014 manente
2562 4959 3010 5031 concupiscentia:
3031 4973 3294 5022 vetustate
3309 4971 3456 5038 quod

1864 5045 2122 5114 nascitur,
2151 5047 2358 5102 renasci
2387 5049 2590 5122 indiget
2615 5061 2674 5107 ut
2699 5062 2938 5108 sanetur.
2962 5055 3096 5122 Quia
3119 5069 3369 5126 parentes
3393 5063 3460 5115 fi-

1861 5139 2011 5194 deles
2049 5149 2104 5196 et
2145 5141 2254 5194 nati
2293 5143 2578 5199 carnaliter
2601 5153 2656 5200 et
2691 5147 2864 5202 renati
2905 5149 3276 5218 spiritualiter,
3321 5155 3461 5211 tilias

1862 5234 2147 5290 carnaliter
2173 5245 2500 5304 genuerunt;
2521 5236 2616 5292 ﬁlii
2633 5253 2762 5296 vero
2777 5249 3064 5312 antequam
3087 5257 3454 5315 nascerentur,

1865 5325 2072 5382 renasci
2101 5326 2372 5396 quomodo
2399 5331 2713 5398 potuerunt?

1934 5417 2022 5472 46.
2065 5417 2171 5474 Nec
2209 5419 2440 5486 mireris,
2468 5423 2609 5492 quod
2637 5423 2762 5490 dixi,
2795 5435 3044 5483 manente
3065 5432 3452 5504 concupiscen-

1927 5551 1945 5623 ξ
1970 5549 2192 5623 βτιιιίίξειῐιὶ
2210 5566 2382 5623 omnes
2401 5557 2811 5623 manuscripti,_.in
2828 5560 2965 5623 cujus
2983 5563 3254 5616 novitatem.

1926 5614 1945 5642 ²
1969 5619 2019 5662 ιιι
2055 5615 2216 5674 editis,
2235 5615 2321 5680 left:
2339 5614 2802 5680 cortcupisceiitiaiis.
2829 5614 2918 5672 Se'd
2945 5627 3066 5674 infra
3094 5614 3456 5680 infixosteriori-

1861 5673 1954 5723 lius
1979 5683 2164 5750 tantum
2185 5673 2478 5750 etlitionibus
2491 5673 2701 5750 legitur,
2727 5673 3150 5750 concupiscentiuli
3169 5673 3454 5750 agili};-

1861 5749 1962 5814 que
1985 5737 2089 5808 loco
2111 5753 2180 5814 es.
2198 5745 2316 5814 iussi
2331 5737 2658 5814 restituituus,
2672 5737 3162 5810 concupiscentialiter
3213 5737 3345 5814 '1;qu
3357 5737 3446 5804 id.

1861 5801 2089 5864 vt-érhitnn
2111 5801 2323 5850 adhibuit
2347 5817 2509 5864 supra,
2528 5817 2578 5853 ιι.
2609 5806 2684 5854 ll.

1861 5863 1948 5972 iu;
1981 5860 2202 5910 Gallicani
2235 5860 2418 5913 omnes
2441 5860 2751 5931 manuscrip'l
2795 5875 2846 5918 et
2882 5869 2980 5920 duo
3013 5884 3043 5922 e
3077 5872 3346 5940 Vaticanis,
3380 5887 3456 5933 Es

3513 5491 3536 5551 9
