4016 6478
556 422 659 480 179

549 537 750 599 cialiter
771 536 888 610 lege
909 532 1114 611 peccati
1142 541 1347 588 reatum
1375 530 1491 602 ejus
1517 529 1648 586 solvi
1671 544 1765 600 per
1793 529 2018 601 gratiam
2045 528 2146 583 Sa-

553 629 833 689 cramenti.
856 628 1005 686 Sicut
1028 626 1172 683 enim
1196 621 1334 681 facta
1364 631 1417 680 et
1440 623 1582 679 dicta
1609 632 1663 679 et
1682 623 1909 694 cogitata
1937 623 2141 693 iniqua,

551 730 812 795 quantum
836 719 904 777 ad
932 719 1076 791 ipsos
1119 725 1296 773 motus
1323 714 1484 770 animi
1523 722 1579 771 et
1605 714 1847 785 corporis
1875 715 2142 783 pertinet,

546 811 663 888 jam
693 810 1068 884 praeterierunt
1085 816 1139 865 et
1160 823 1269 863 non
1289 814 1445 872 sunt;
1478 806 1556 861 eis
1583 814 1762 861 tamen
1783 804 2072 876 praeteritis
2093 813 2150 861 et

549 923 662 965 non
693 916 805 963 tum
831 902 1185 962 existentibus
1213 907 1395 957 reatus
1420 914 1609 955 eorum
1646 908 1863 965 manet,
1893 897 1993 954 nisi
2019 912 2149 969 pec-

557 1007 800 1056 catorum
842 994 1158 1053 remissione
1189 993 1429 1049 solvatur
1456 1008 1472 1046 :
1500 991 1580 1045 sic
1602 998 1787 1045 contra
1822 989 1876 1045 in
1918 989 2018 1045 hac
2041 1004 2151 1047 non

545 1092 659 1165 jam
685 1090 977 1162 praeterita,
1006 1087 1102 1144 sed
1130 1085 1305 1143 adhuc
1337 1091 1591 1140 manente
1620 1083 1737 1154 lege
1759 1083 2149 1154 concupiscen-

550 1187 663 1252 tiae,
695 1191 879 1239 reatus
908 1181 1026 1253 ejus
1052 1179 1296 1247 solvitur,
1327 1185 1383 1234 et
1416 1190 1525 1232 non
1553 1175 1687 1243 erit,
1718 1191 1837 1231 cum
1866 1175 1928 1231 ﬁt
1970 1176 2023 1231 in
2048 1175 2153 1231 Ba-

548 1280 752 1351 ptismo
772 1276 929 1349 plena
958 1273 1206 1332 remissio
1231 1280 1594 1345 peccatorum.
1634 1270 1878 1340 Denique
1900 1269 1946 1323 si
1975 1269 2150 1325 conti-

551 1388 663 1428 nuo
687 1375 1046 1442 consequatur
1068 1367 1138 1422 ab
1166 1366 1268 1421 hac
1292 1363 1399 1420 vita
1423 1361 1706 1433 emigratio
1724 1404 1740 1430 ,
1767 1375 1873 1416 non
1905 1360 2006 1417 erit
2030 1373 2150 1415 om-

548 1464 681 1521 nino
716 1462 860 1535 quod
888 1460 1178 1518 obnoxium
1206 1457 1481 1513 hominem
1509 1462 1709 1521 teneat,
1755 1453 1942 1509 solutis
1971 1453 2151 1508 omni-

548 1559 653 1615 bus
680 1573 800 1630 quaa
820 1555 1091 1613 tenebant.
1110 1552 1261 1610 Sicut
1286 1565 1417 1622 ergo
1445 1564 1554 1605 non
1578 1555 1661 1605 est
1688 1546 1905 1614 mirum,
1932 1554 2155 1616 praeter-

548 1651 750 1709 itorum
786 1649 1074 1715 dictorum,
1121 1644 1408 1711 factorum,
1453 1649 1616 1713 atque
1646 1638 1999 1710 cogitatorum
2029 1650 2153 1692 rea-

550 1751 666 1800 tum
706 1755 925 1797 manere
949 1746 1075 1795 ante
1105 1743 1445 1808 peccatorum
1474 1731 1848 1787 remissionem
1873 1746 1886 1782 :
1921 1729 1997 1784 sic
2020 1742 2151 1783 con-

552 1845 635 1895 tra
666 1852 774 1893 non
800 1833 963 1890 debet
987 1846 1110 1889 esse
1137 1830 1333 1885 mirum
1357 1869 1371 1895 ,
1413 1826 1681 1883 manentis
1706 1821 2155 1899 concupiscentiae

549 1936 762 1986 reatum
793 1925 1067 1997 przetcrire
1090 1929 1214 1994 post
1236 1927 1580 1993 peccatorum
1608 1915 2006 1973 remissionem.

624 2019 855 2079 CAPUT
893 2015 1261 2076 XXIX—4‘7.
1294 2012 1482 2071 Omnes
1510 2009 1857 2085 praedestinati
1883 2024 1972 2081 per
1996 2022 2157 2061 unum

554 2112 884 2169 mediatorem
925 2109 1183 2167 Christum
1218 2115 1267 2163 et
1306 2122 1397 2179 per
1435 2119 1591 2159 unam
1632 2101 1957 2171 eamdemque
2003 2099 2156 2167 [idem

553 2206 835 2263 salvantur.
865 2202 1207 2258 Parvulorum
1234 2215 1431 2271 quoque
1466 2196 1688 2251 salvator
1715 2193 1966 2249 Christus.
2007 2188 2159 2245 Chri-

554 2308 665 2357 stus
693 2300 845 2355 etiam
872 2299 1044 2371 infans
1070 2293 1361 2367 ignorantia
1386 2290 1552 2345 caruit
1586 2297 1632 2343 et
1652 2287 1810 2341 animi
1835 2284 2153 2353 inﬁrmitate.

557 2391 691 2462 Quae
718 2406 840 2447 cum
868 2390 939 2444 ita
964 2388 1092 2454 sint,
1120 2402 1187 2442 ex
1213 2400 1321 2457 quo
1346 2397 1445 2453 per
1467 2394 1632 2436 unum
1661 2378 1934 2435 hominem
1964 2388 2158 2446 pecca-

555 2494 672 2544 tum
725 2483 943 2540 intravit
994 2482 1048 2538 in
1104 2479 1247 2535 hunc
1300 2474 1580 2539 mundum,
1634 2480 1689 2528 et
1733 2484 1827 2540 per
1883 2477 2160 2539 peccatum

557 2592 729 2648 mors,
757 2585 814 2633 et
840 2577 913 2632 ita
940 2576 994 2630 in
1024 2587 1211 2629 omnes
1247 2569 1496 2626 homines
1529 2563 1834 2637 pertransiit
1876 2561 1896 2636 (
1922 2562 2075 2616 Rom.
2101 2575 2158 2628 v,

558 2670 689 2745 12),
720 2683 892 2739 usque
942 2667 993 2722 in
1024 2664 1184 2720 ﬁnem
1231 2659 1461 2718 carnalis
1506 2656 1663 2727 hujus
1701 2651 2066 2726 generationis
2105 2659 2164 2706 et

557 2758 925 2833 corruptibilis
946 2758 1149 2823 saeculi,
1172 2754 1323 2826 cujus
1349 2751 1443 2807 ﬁlii
1463 2757 1721 2823 generant
1742 2756 1794 2801 et
1815 2754 2157 2816 generantur,

558 2854 708 2912 nullo
735 2853 994 2909 existente
1033 2847 1249 2903 homine
1283 2844 1353 2901 de
1385 2858 1492 2913 quo
1529 2841 1583 2895 in
1614 2839 1716 2894 hac
1739 2838 1843 2892 vita
1873 2837 2162 2892 constituto

562 2946 829 3003 veraciter
855 2941 961 2997 dici
982 2940 1168 3010 possit,
1194 2934 1338 3008 quod
1359 2934 1564 2989 nullum
1591 2930 1786 2986 habeat
1807 2928 2024 2983 omnino
2039 2940 2165 2996 pec-

562 3049 741 3098 catum
762 3079 777 3106 ,
805 3042 1029 3105 excepto
1055 3045 1162 3087 uno
1195 3027 1488 3085 Mediatore
1507 3066 1523 3092 ,
1555 3023 1647 3095 qui
1675 3037 1770 3077 nos
1797 3018 2037 3077 Creatori
2064 3029 2167 3075 no-

564 3138 681 3190 stro
721 3144 820 3202 per
847 3123 1219 3183 remissionem
1262 3117 1576 3176 reconciliat
1614 3121 1992 3186 peccatorum:
2017 3111 2165 3169 idem

564 3223 683 3296 ipse
709 3220 968 3277 Dominus
996 3224 1179 3275 noster
1220 3212 1361 3269 hanc
1388 3226 1536 3266 suam
1578 3207 1843 3264 medelam
1887 3206 2046 3262 nullis
2072 3220 2167 3277 ge-

567 3314 715 3372 neris
734 3310 952 3369 humani
976 3306 1303 3379 temporibus
1322 3312 1448 3359 ante
1467 3302 1711 3357 ultimum
1735 3301 1970 3355 futurum
1989 3298 2166 3353 adhuc

563 3406 822 3481 judicium
851 3400 1135 3474 denegavit
1173 3400 1286 3466 eis,
1317 3411 1449 3469 quos
1490 3409 1587 3465 per
1622 3392 1976 3449 certissimam
2024 3405 2164 3461 prm-

564 3498 843 3558 scientiam
873 3504 928 3553 et
965 3492 1197 3550 futuram
1233 3485 1639 3546 beneﬁcentiam
1657 3486 1678 3517 '
1704 3498 1887 3539 secum
1912 3490 2166 3553 regnatu-

565 3608 656 3649 ros
683 3591 737 3647 in
756 3590 919 3645 vitam
938 3581 1343 3658 praedestinavit
1360 3588 1637 3635 aeternam.
1664 3574 1907 3644 Namque
1936 3580 2059 3626 ante
2080 3586 2167 3625 na-

568 3686 829 3744 tivitatem
848 3680 1026 3738 carnis
1050 3676 1519 3743 inﬁrmitatemque
1547 3667 1814 3742 passionis
1833 3674 1887 3721 et
1913 3666 2167 3719 virtutem

566 3775 977 3839 resurrectionis
1013 3788 1156 3838 suae,
1192 3783 1376 3826 earum
1406 3780 1584 3821 rerum
1611 3762 1907 3818 futurarum
1938 3759 2044 3815 ﬁde
2071 3773 2167 3815 eos

568 3875 660 3948 qui
691 3882 815 3928 tunc
844 3868 1091 3931 fuerant,
1129 3859 1446 3919 inlormabat
1484 3856 1552 3913 ad
1583 3854 1949 3948 htereditatem
1978 3850 2167 3948 salutis

569 3942 821 4029 aeterna};
857 3972 1083 4033 quarum
1112 3969 1290 4011 rerum
1332 3948 1672 4023 praesentium
1722 3945 1824 4000 ﬁde
1864 3942 2169 3998 informavit

570 4071 668 4114 eos
692 4053 784 4127 qui
813 4067 936 4108 cum
964 4055 1280 4122 gererentur
1304 4042 1561 4109 aderant,
1596 4047 1758 4110 atque
1791 4036 2001 4127 impleri
2032 4051 2171 4127 praef

571 4126 1025 4205 dictaicernebant
1043 4157 1057 4206 ;
1079 4151 1303 4210 quarum
1320 4135 1479 4190 etiam
1504 4130 1895 4202 praeteritarum
1919 4126 2023 4182 tide
2040 4126 2060 4158 ³
2077 4126 2170 4197 qui

570 4226 757 4312 postea
778 4234 1018 4299 fuerunt,
1041 4239 1094 4288 et
1114 4244 1215 4285 nos
1237 4229 1401 4298 ipsos,
1424 4234 1479 4281 et
1502 4224 1591 4296 qui
1619 4221 1812 4278 deinde
1838 4220 1999 4275 futuri
2022 4228 2168 4286 sunt,

573 4330 867 4389 informare
897 4341 1003 4383 non
1034 4328 1226 4380 cessat.
1269 4317 1385 4377 Una
1412 4332 1539 4388 ergo
1568 4313 1701 4370 ﬁdes
1730 4321 1815 4369 est
1843 4327 1961 4383 quae
1983 4325 2172 4367 omnes

572 4426 751 4484 salvos
796 4421 940 4489 facit,
973 4419 1063 4492 qui
1093 4433 1159 4475 ex
1202 4412 1404 4472 carnali
1444 4409 1789 4484 generatione
1826 4406 2174 4479 spiritualiter

572 4521 929 4575 renascuntur
945 4510 988 4579 ³,
1023 4508 1305 4565 terminata
1331 4505 1384 4559 in
1410 4518 1476 4558 eo
1506 4501 1594 4571 qui
1624 4501 1767 4555 venit
1789 4513 1885 4568 pro
1912 4497 2065 4551 nobis
2088 4496 2175 4566 ju-

574 4606 742 4664 dicari
763 4613 818 4661 et
846 4602 1005 4668 mori,
1028 4599 1195 4673 judex
1215 4597 1458 4653 vivorum
1484 4603 1537 4649 et
1557 4601 1913 4647 mortuorum.
1943 4589 2048 4645 Sed
2078 4588 2174 4644 hu-

570 4701 661 4772 jus
705 4695 864 4753 unius
908 4693 1030 4749 fidei
1074 4706 1173 4763 pro
1216 4685 1617 4761 signiﬁcationis
1655 4683 2051 4754 opportunitate
2080 4697 2175 4752 per

576 4791 727 4849 varia
756 4800 995 4859 tempora
1018 4790 1350 4841 sacramenta
1378 4780 1579 4835 variata
1598 4787 1742 4833 sunt.

648 4882 739 4940 48.
789 4879 940 4935 Idem
997 4878 1112 4948 ipse
1160 4874 1338 4945 itaque
1392 4872 1635 4927 Salvator
1691 4877 1773 4924 est
1829 4868 2173 4939 parvulorum

578 4987 741 5049 atque
796 4973 1058 5045 majorum
1088 5011 1104 5038 ,
1153 4968 1220 5024 de
1268 4981 1374 5040 quo
1416 4964 1666 5021 dixerunt
1722 4961 1949 5034 Angeli,
2008 4960 2175 5016 Natus

580 5082 654 5128 est
676 5070 815 5126 vobis
844 5067 995 5123 hodie
1019 5062 1241 5120 salvator
1277 5060 1445 5133 (Luc.
1489 5074 1526 5115 tt
1546 5101 1560 5127 ,
1593 5059 1652 5113 ll
1676 5054 1696 5131 )
1724 5075 1735 5110 :
1767 5064 1822 5113 et
1862 5056 1929 5111 de
1958 5071 2065 5127 quo
2095 5055 2176 5110 di-

580 5175 727 5222 ctum
767 5171 849 5220 est
884 5160 952 5217 ad
989 5158 1247 5231 virginem
1290 5155 1545 5221 Mariam,
1597 5149 1809 5207 Vocabis
1846 5166 2026 5203 nomen
2064 5148 2177 5218 ejus

580 5257 800 5320 Iesum;
853 5255 962 5326 ipse
1008 5251 1141 5307 enim
1188 5247 1383 5304 salvum
1433 5246 1585 5317 faciet
1643 5243 1888 5315 populum
1939 5256 2086 5295 suum
2144 5246 2178 5293 α

587 5348 803 5421 peccatis
837 5362 1014 5403 eorum
1034 5342 1248 5415 (Matth.
1280 5357 1318 5409 ι,
1348 5338 1440 5410 21)
1477 5359 1491 5394 :
1523 5336 1610 5392 ubi
1633 5343 1816 5406 aperte
1840 5333 2176 5388 demonstra-

591 5451 838 5509 tumeat,
880 5455 1002 5496 eum
1034 5438 1135 5494 hoc
1165 5434 1399 5499 nomine,
1434 5447 1541 5503 quo
1563 5428 1859 5499 appellatus
1888 5434 1970 5480 est
1998 5426 2171 5488 lusus.

656 5553 831 5612 twn.
847 5558 893 5603 et
906 5547 1225 5615 iustissimam
1249 5534 1991 5615 mensave-.09mb
2007 5547 2180 5615 99928

590 5594 1434 5682 ηηηῶἰιῖίίῖἆιῑξὲῷὶῖζῖρίίέαὶιί,
1460 5602 1659 5667 Belgici,
1684 5606 1728 5651 et
1750 5599 1965 5663 futuram
2004 5594 2180 5662 beneﬁ-

591 5671 951 5754 εετξιέσεῖξίνοιν
975 5671 1371 5754 necesse;

656 5723 839 5801 ῗὲλᾶἷὶἷ,
863 5723 1233 5805 ’ῥτῖξεὶὲὶίιὶινωη
1258 5741 1425 5783 rerum
1461 5724 1579 5795 ﬁde.
1616 5723 1781 5784 Abest,
1806 5733 1990 5782 rerum:
2028 5732 2057 5770 ἃ
2080 5733 2183 5770 m8-

594 5806 871 5867 nuscriptis.

661 5846 1108 5915 ἶῖῑὲΓίἰῖὀωιιίῒηιε
1148 5865 1254 5909 Mss.
1304 5862 1360 5907 At
1403 5855 1454 5903 in
1489 5847 1635 5915 editis
1666 5846 1961 5915 legebatur,
1997 5858 2079 5915 qut
2121 5858 2185 5895 ca:

1186 5921 1238 5974 in
1291 5912 1591 5986 spiritualem
1646 5910 1943 5961 renascendo
1996 5909 2185 5960 snlt'un-

591 5993 698 6043 Μ.

1243 414 1334 472 DE
1371 412 1839 472 PECCATORUM
1880 411 2160 468 MERITIS

2273 412 2288 465 ι’
2328 410 2756 479 ιίωίιεειοΝΕ,
2796 411 2855 468 S.
2895 411 3261 472 AUGUSTINI

3737 414 3846 475 180

2254 536 2475 600 propter
2511 529 2737 586 salutem
2776 545 2933 602 quam
2962 530 3117 587 nobis
3157 530 3375 601 tribuit,
3415 532 3710 601 nominari;
3750 534 3850 592 Je-

2254 633 2346 676 sus
2384 621 2609 693 quippe,
2660 622 2825 678 latine
2866 622 3114 680 Salvator
3150 633 3251 680 est.
3293 624 3423 693 Quis
3448 633 3532 681 est
3572 626 3733 697 igitur
3749 629 3848 700 qui

2254 711 2449 768 audeat
2484 713 2662 769 dicere
2688 714 2970 772 Dominum
3003 715 3270 771 Christum
3308 725 3508 773 tantum
3552 719 3853 791 majoribus

2257 819 2365 860 non
2386 804 2547 860 etiam
2573 805 2808 875 parvulis
2827 821 2947 863 esse
2973 806 3152 863 Jesum
3172 808 3198 862 il
3221 808 3311 879 qui
3335 809 3482 865 venit
3502 808 3554 865 in
3583 810 3842 866 similitu-

2258 893 2383 951 dine
2412 896 2590 951 carnis
2627 898 2852 967 peccati,
2903 906 2961 953 ut
2986 908 3269 954 evacuaret
3296 914 3490 971 corpus
3509 901 3715 971 peccati
3741 945 3757 968 ,
3798 902 3855 958 in

2258 1002 2366 1059 quo
2407 987 2776 1045 inﬁrmissimo
2810 989 2942 1045 nulli
2973 991 3093 1047 usui
3134 992 3385 1063 congruis
3411 994 3498 1050 vel
3530 994 3737 1051 idoneis
3767 995 3855 1049 in-

2258 1079 2532 1137 fantilibus
2559 1082 2835 1152 membris,
2858 1083 3036 1139 anima
3064 1083 3343 1141 rationalis
3374 1086 3666 1142 miserabili
3706 1088 3857 1157 igno-

2259 1178 2434 1232 rantia
2476 1185 2857 1248 praegravatur.
2902 1175 3071 1245 Quam
3114 1178 3272 1249 plane
3314 1180 3669 1250 ignorantiam
3708 1181 3857 1234 nullo

2260 1267 2423 1323 modo
2464 1267 2783 1324 crediderim
2812 1267 2978 1325 fuisse
3011 1269 3066 1324 in
3093 1268 3297 1351 infante
3316 1269 3442 1338 illo,
3490 1271 3543 1325 in
3583 1286 3692 1342 quo
3718 1271 3858 1327 Ver.

2259 1358 2386 1414 bum
2430 1373 2556 1414 caro
2604 1357 2801 1414 factum
2830 1368 2944 1427 est,
2995 1368 3055 1415 ut
3100 1359 3369 1417 habitaret
3414 1360 3469 1416 in
3513 1362 3703 1428 nobis,
3753 1377 3860 1420 nec

2262 1451 2407 1506 illam
2456 1451 2622 1523 ipsius
2666 1450 2830 1507 animi
2878 1450 3242 1509 inﬁrmitatem
3278 1454 3334 1508 in
3371 1451 3592 1510 Christo
3636 1457 3860 1525 parvulo

2262 1541 2453 1599 fuerim
2490 1544 2828 1615 suspicatus,
2876 1559 3034 1615 quam
3076 1545 3320 1601 videmus
3363 1546 3415 1600 in
3444 1545 3702 1616 parvulis.
3751 1546 3859 1603 Per

2261 1636 2402 1691 hanc
2430 1636 2573 1691 enim
2599 1636 2758 1691 etiam
2781 1679 2795 1702 ,
2833 1652 2954 1693 cum
2982 1638 3214 1693 motibus
3258 1637 3712 1695 irrationabilibus
3738 1653 3861 1709 per-

2262 1727 2579 1794 turbantur,
2613 1729 2756 1783 nulla
2799 1729 3042 1795 ratione,
3090 1729 3236 1785 nullo
3262 1730 3518 1802 imperio,
3549 1729 3646 1786 sed
3670 1730 3861 1787 dolore

2262 1823 2547 1894 aliquando
2568 1824 2655 1881 vel
2681 1826 2883 1883 doloris
2917 1835 3125 1883 terrore
3144 1826 3466 1884 cohibentur
3498 1845 3514 1884 :
3546 1838 3606 1885 ut
3635 1831 3861 1887 omnino

2263 1915 2446 1973 videas
2491 1917 2633 1973 illius
2686 1916 3060 1975 inobedientia:
3112 1919 3284 1988 ﬁlios,
3338 1936 3459 1992 quas
3506 1932 3754 1979 movetur
3804 1923 3863 1980 in

2265 2010 2522 2065 membris
2549 2026 2851 2083 repugnans
2872 2011 2977 2084 legi
3007 2013 3203 2069 mentis
3223 2055 3239 2080 ,
3284 2028 3385 2070 nec
3403 2029 3525 2072 cum
3553 2015 3670 2070 vult
3697 2017 3859 2083 ratio,

2263 2104 2595 2173 conquiescit
2630 2122 2641 2157 :
2666 2120 2851 2160 verum
2882 2116 2937 2161 et
2963 2105 3078 2176 ipsa
3106 2121 3250 2179 saepe
3270 2107 3355 2163 vel
3384 2106 3572 2163 dolore
3592 2108 3860 2179 corporis,

2267 2201 2519 2263 tanquam
2571 2194 2872 2265 vapulando
2920 2198 3317 2269 compescitur,
3363 2198 3452 2254 vel
3492 2199 3861 2269 pavescendo,

2266 2286 2351 2340 vel
2384 2286 2471 2340 tali
2494 2286 2674 2358 aliquo
2698 2288 2862 2344 animi
2887 2298 3056 2353 motu,
3086 2306 3191 2345 non
3216 2298 3395 2347 tamen
3416 2292 3689 2348 voluntate
3718 2308 3861 2362 prie-

2270 2377 2501 2448 cipiente
2533 2380 2925 2450 comprimitur.
2953 2380 3058 2436 Sed
3086 2382 3208 2453 quia
3239 2382 3289 2436 in
3313 2397 3378 2438 eo
3405 2393 3522 2439 erat
3564 2383 3864 2441 similitudo

2269 2474 2449 2529 carnis
2480 2473 2718 2543 peccati,
2770 2478 3089 2531 mutationes
3119 2485 3333 2531 aetatum
3360 2477 3569 2547 perpeti
3600 2477 3765 2532 voluit
3792 2477 3865 2533 ab

2270 2566 2385 2637 ipsa
2420 2581 2645 2622 exorsus
2686 2567 2906 2621 infantia
2931 2608 2947 2633 ,
2981 2575 3040 2622 ut
3073 2567 3138 2622 ad
3168 2578 3396 2623 mortem
3429 2569 3672 2625 videatur
3698 2570 3869 2626 etiam

2270 2657 2601 2711 senescendo
2632 2656 2721 2711 illa
2747 2672 2874 2713 caro
2900 2659 3181 2727 pervenire
3204 2658 3444 2729 potuisse
3464 2701 3479 2727 ,
3528 2661 3630 2715 nisi
3651 2661 3869 2730 juvenis

2271 2749 2460 2805 fuisset
2503 2751 2741 2806 occisus.‘
2777 2750 2908 2819 Quae
2957 2760 3132 2806 tamen
3176 2766 3324 2807 mors
3361 2750 3415 2807 in
3458 2767 3618 2808 carne
3660 2754 3867 2824 ρεπιιιί

2273 2842 2652 2898 inobedientia:
2681 2843 2699 2874 ⁸
2729 2841 2907 2897 debita
2933 2842 3190 2909 redditur,
3216 2843 3269 2897 in
3314 2842 3658 2900 similitudine
3682 2854 3868 2901 autem

2272 2934 2453 2990 carnis
2480 2933 2683 3003 peccati
2709 2934 3028 2989 obedientim
3072 2934 3345 2990 voluntate
3374 2944 3620 3006 suscepta
3648 2945 3751 2992 est.
3786 2937 3872 2994 Ad

2272 3041 2393 3083 eam
2428 3026 2624 3097 quippe
2659 3026 2831 3081 iturus
2862 3038 3086 3097 eamque
3111 3040 3367 3099 passurus
3386 3070 3401 3096 ,
3449 3026 3549 3083 hoc
3580 3028 3654 3082 ait
3684 3046 3697 3082 :
3729 3026 3873 3084 Ecce

2271 3118 2404 3173 venit
2441 3118 2674 3188 princeps
2720 3118 2898 3171 mundi
2940 3117 3120 3189 hujus,
3165 3126 3214 3172 et
3240 3118 3294 3173 in
3321 3134 3403 3173 me
3433 3119 3564 3173 nihil
3602 3119 3868 3175 inveniet:

2273 3214 2364 3270 sed
2395 3222 2449 3268 ut
2481 3213 2642 3268 sciant
2686 3228 2858 3268 omnes
2886 3213 3003 3285 quia
3039 3212 3345 3268 voluntatem
3372 3211 3545 3268 Patris
3570 3214 3666 3268 mei
3697 3214 3862 3285 facio,

2273 3308 2480 3378 surgite,
2498 3321 2669 3360 eamus
2681 3305 2797 3359 hinc
2810 3302 3102 3379 (Joanmv,
3119 3304 3207 3373 50,
3222 3306 3333 3379 3i).
3350 3305 3443 3360 llis
3455 3305 3608 3361 dictis
3626 3307 3869 3376 perrexit

2273 3398 2339 3455 ad
2355 3399 2637 3454 indebitam
2651 3396 3075 3464 mortem,factus
3085 3398 3343 3455 obediens
3353 3413 3523 3470 usque
3533 3398 3600 3453 ad
3613 3408 3869 3455 mortem.

2346 3510 2572 3567 CAPUT
2603 3508 2939 3567 XXX—49.
2959 3510 3250 3583 Respondet
3268 3512 3337 3564 ad
3364 3511 3690 3584 objectionem
3711 3510 3874 3566 Pela-

2272 3607 2561 3677 gianorum.
2607 3603 2941 3675 Quapropter
2965 3604 3041 3658 illi
3068 3606 3156 3676 qui
3180 3604 3396 3670 dicunt,
3440 3602 3501 3659 Si
3527 3603 3677 3675 primi
3700 3602 3875 3658 homi-

2277 3699 2355 3753 nis
2394 3706 2595 3770 peccato
2634 3696 2830 3767 factum
2860 3705 2931 3752 est
2961 3706 3017 3750 ut
3045 3712 3355 3751 moreremur
3374 3738 3390 3763 ,
3437 3693 3624 3750 Christi
3651 3696 3880 3749 adventu

2277 3790 2417 3858 ﬁeret
2444 3799 2496 3843 ut
2538 3788 2795 3843 credentes
2831 3788 2886 3842 in
2912 3804 3023 3842 eum
3072 3805 3175 3842 non
3203 3802 3512 3842 moreremur
3527 3802 3549 3851 ;
3593 3795 3647 3842 et
3669 3785 3882 3842 addunt

2276 3883 2427 3955 quasi
2457 3882 2752 3947 rationem,
2784 3880 3023 3937 dicentes
3046 3922 3061 3949 ,
3094 3878 3273 3952 Neque
3301 3880 3435 3934 enim
3468 3879 3883 3950 prazvaricatoris

2278 3975 2607 4047 transgressio
2653 3973 2767 4044 plus
2817 3972 2959 4027 nobis
3007 3973 3216 4038 nocuit,
3263 3990 3417 4044 quam
3462 3972 3746 4028 incarnatio
3796 3960 3883 4030 vel

2277 4069 2556 4138 redemptio
2606 4067 2798 4139 profuit
2826 4065 3113 4123 Saluatoris
3141 4082 3161 4122 :
3190 4082 3287 4123 cur
3311 4082 3418 4121 non
3446 4067 3622 4138 potius
3656 4067 3759 4121 hoc
3790 4076 3885 4123 at-

2279 4163 2523 4229 tendunt,
2553 4162 2654 4218 hoc
2678 4160 2918 4228 audiunt,
2953 4160 3053 4215 hoc
3078 4161 3194 4217 sine
3222 4160 3553 4216 dubitatione
3577 4162 3597 4192 ²
3614 4160 3881 4229 credunt,

2276 4254 2419 4326 quod
2446 4254 2731 4325 Apostolus
2752 4253 2869 4307 sine
2888 4252 3232 4324 ambiguitate
3254 4252 3462 4307 locutus
3485 4262 3586 4319 est,
3620 4251 3754 4317 Quia
3780 4270 3886 4322 per

2279 4346 2533 4401 hominem
2556 4363 2690 4401 mors
2710 4387 2724 4412 ,
2752 4354 2798 4398 et
2829 4361 2918 4415 per
2946 4344 3198 4399 hominem
3219 4344 3511 4398 resurrectio
3534 4353 3887 4404 mortuorum.

2279 4436 2426 4494 Sicut
2452 4437 2584 4492 enim
2609 4438 2663 4491 in
2689 4435 2857 4491 Adam
2882 4452 3055 4490 omnes
3081 4436 3365 4489 moriuntur
3382 4477 3395 4501 ,
3423 4435 3494 4488 sic
3523 4444 3568 4489 et
3588 4435 3645 4489 in
3668 4435 3886 4493 Christo

2281 4548 2450 4587 omnes
2480 4530 2863 4598 viviﬁcabuntur
2892 4527 2935 4601 (ῐ
2965 4527 3082 4585 Cor.
3115 4545 3206 4597 xv,
3239 4528 3331 4596 21,
3359 4528 3491 4600 2‘2)?
3516 4527 3701 4600 Neque
3725 4531 3892 4589 enim

2279 4621 2533 4686 aliunde,
2578 4636 2736 4691 quam
2784 4619 2850 4676 de
2897 4620 3139 4689 corporis
3193 4619 3587 4675 resurrectione
3634 4621 3887 4679 dicebat.

2281 4712 2533 4770 Omnium
2562 4726 2688 4783 ergo
2708 4710 2949 4781 corporis
2980 4719 3204 4766 mortem
3237 4710 3428 4765 factam
3456 4725 3552 4781 per
3581 4727 3747 4766 unum
3776 4712 3892 4770 ho-

2282 4808 2481 4862 minem
2509 4804 2677 4872 dixit,
2724 4813 2778 4860 et
2805 4803 3045 4859 omnium
3073 4804 3313 4875 corporis
3342 4803 3788 4859 resurrectionem
3827 4805 3893 4865 in

2282 4899 2443 4953 vitam
2497 4906 2750 4951 internum
2799 4910 2896 4967 per
2943 4910 3107 4950 unum
3153 4891 3421 4949 Christum
3473 4894 3702 4950 futuram
3754 4911 3897 4955 esse

2284 4976 2545 5061 promisit.
2564 4986 2844 5057 Quomodo
2865 5001 2992 5057 ergo
3009 4987 3123 5058 plus
3140 4986 3281 5041 nobis
3304 4986 3472 5041 nocuit
3488 4987 3574 5040 ille
3592 4988 3894 5058 peccando,

2282 5099 2437 5154 quam
2482 5083 2573 5135 iste
2613 5079 2805 5151 profuit
2847 5077 3175 5144 redimendo;
3214 5094 3335 5133 cum
3379 5095 3474 5149 per
3509 5079 3651 5133 illius
3679 5094 3899 5149 pecca-

2286 5184 2397 5229 tum
2430 5172 2794 5243 temporaliter
2819 5170 3132 5235 moriamur,
3163 5185 3258 5239 pcr
3281 5169 3433 5225 istius
3460 5178 3638 5226 autem
3666 5170 3902 5229 redem-

2286 5265 2522 5336 ptionem
2564 5278 2672 5319 non
2712 5261 2781 5318 ad
2825 5262 3172 5332 temporalem
3212 5261 3373 5316 vitam
3401 5303 3415 5328 ,
3448 5261 3543 5317 sed
3583 5261 3649 5317 ad
3679 5277 3904 5334 perpe-

2287 5367 2429 5413 tuam
2476 5355 2855 5427 resurgamus?
2901 5354 3153 5410 Nostrum
3193 5369 3322 5426 ergo
3364 5369 3559 5425 corpus
3602 5367 3904 5417 mortuum

2287 5460 2369 5505 est
2409 5456 2625 5518 propter
2668 5455 2944 5517 peceatum
2968 5487 2983 5512 ,
3035 5446 3230 5501 Christi
3269 5457 3449 5504 autem
3478 5462 3675 5518 corpus
3701 5453 3905 5509 solum

2291 5550 2555 5597 tnortuum
2608 5549 2689 5594 est
2734 5539 2851 5595 sine
2892 5548 3145 5609 peccato;
3202 5548 3260 5594 nt
3303 5537 3423 5595 fuso
3465 5541 3724 5612 sanguine
3767 5545 3909 5603 sine

2287 5634 2481 5703 culpa,
2535 5629 2775 5686 omnium
2821 5630 3096 5701 culparum
3138 5631 3492 5703 chirographa
3539 5630 3909 5707 delerentur,

2289 5724 2479 5795 quibus
2505 5723 2775 5779 debitores
2800 5722 2888 5792 qui
2915 5723 2968 5777 in
2996 5738 3115 5780 eum
3148 5725 3390 5797 credunt,
3417 5739 3449 5782 a
3476 5724 3693 5783 diabolo
3718 5737 3908 5790 antea

2357 5884 2369 5913 ί
2401 5880 2585 5941 Aliquot
2608 5886 2735 5947 Mss,
2760 5890 2885 5947 nunc
2908 5877 3254 5948 inohediattt'w.

2362 5954 2377 5977 ‘4
2406 5954 2451 5994 in
2475 5952 2599 6003 “.55.,
2619 5954 2720 5993 stlte
2744 5948 3101 6005 atsccpluttoue.
