4016 6492
204 513 533 577 tenebantur.
570 505 645 562 Et
679 501 805 561 ideo
829 543 846 570 ,
883 498 983 555 Hic
1019 505 1127 563 est,
1155 494 1260 560 ait,
1291 490 1501 564 sanguis
1522 506 1681 554 meus,
1710 489 1798 559 qui

204 625 291 683 pro
308 604 480 661 multis
497 597 793 670 eﬂ'undetur
806 595 862 650 in
877 590 1222 650 remissionem
1238 593 1559 659 peccatorum
1581 579 1796 655 (Matth.

205 716 333 758 xxv:
348 740 365 765 ,
394 696 512 767 εδ).

268 765 495 849 CAPUT
542 781 742 842 XXXI.
776 811 848 823 —
892 777 980 836 50.
1010 776 1111 833 Cur
1153 789 1257 829 non
1295 769 1451 828 simul
1487 786 1577 843 per
1613 765 1801 839 Bapti-

204 901 361 943 snann
385 897 506 937 cum
537 875 759 950 peccatis
782 889 920 929 mors
941 871 1091 926 etiam
1120 868 1232 939 ipsa
1261 864 1543 920 abolentur.
1584 860 1803 917 Poterat

205 988 372 1035 autem
412 974 582 1029 etiam
605 970 713 1026 hoc
753 966 960 1023 donare
993 958 1333 1019 credentibus
1359 998 1375 1024 ,
1421 963 1481 1011 ut
1515 967 1616 1010 nec
1642 950 1799 1007 istius

206 1360 365 1418 meet,
408 1356 473 1404 ut
503 1360 614 1402 non
645 1343 717 1399 ob
744 1340 892 1398 aliud
930 1338 1111 1394 felices
1140 1334 1381 1390 dicerent
1410 1343 1528 1386 esse
1552 1325 1807 1383 Christia-

206 1458 315 1509 nos,
344 1416 453 1496 nisi
477 1436 627 1509 quod
656 1433 793 1491 mori
818 1429 1039 1488 omnino
1064 1442 1171 1483 non
1200 1431 1441 1497 possent.
1476 1421 1553 1475 Ac
1582 1434 1676 1490 per
1701 1416 1805 1470 hoc

206 1549 353 1591 nemo
395 1536 629 1600 propter
660 1526 805 1582 illam
834 1524 994 1579 vitam
1014 1562 1031 1588 ,
1079 1533 1197 1589 qua:
1225 1524 1346 1587 post
1387 1513 1541 1568 istam
1571 1516 1804 1565 mortem

208 1627 351 1682 beata
377 1598 571 1678 futura
609 1626 696 1676 est
719 1660 735 1685 ,
785 1632 883 1687 per
921 1613 1172 1669 virtutem
1212 1608 1373 1663 etiam
1398 1598 1806 1661 contemnenda}

212 1718 371 1790 ipsius
400 1712 606 1771 mortis
632 1710 699 1765 ad
727 1706 926 1765 Christi
953 1704 1175 1777 gratiam
1207 1699 1520 1763 festinaret;
1562 1691 1655 1749 sed
1688 1704 1812 1790 pro-

212 1781 316 1884 pter
340 1803 744 1865 removendam
781 1799 972 1859 mortis
1000 1793 1299 1852 molestiam
1330 1786 1608 1884 delicatius
1634 1781 1812 1884 crede-

213 1874 346 1961 retur
386 1902 451 1957 in
489 1898 792 1955 Christum.
839 1892 967 1949 Plus
995 1903 1123 1960 ergo
1151 1884 1335 1959 gratiae
1376 1878 1657 1952 praestitit,
1691 1874 1812 1946 plus

214 1994 452 2052 ﬁdelibus
502 1991 621 2047 suis
666 1989 784 2045 sine
830 1982 1160 2041 dubitatione
1203 1974 1441 2031 donavit.
1490 1968 1625 2040 Quid
1668 1968 1813 2023 enim

216 2101 461 2159 magum
486 2090 611 2139 erat
632 2124 651 2151 ,
694 2075 925 2135 videndo
950 2088 1058 2130 non
1087 2069 1223 2127 mori
1262 2084 1354 2122 eos
1391 2063 1481 2136 qni
1507 2061 1810 2124 crederent,

217 2156 431 2240 credere
449 2194 513 2235 se
544 2192 653 2233 non
675 2166 1039 2230 moriturum?
1064 2165 1272 2235 Quanto
1294 2166 1374 2215 est
1396 2156 1589 2227 majus,
1615 2159 1814 2225 quanto

218 2275 403 2333 fortius
422 2315 438 2337 ,
471 2279 679 2343 quanto
699 2262 1021 2322 laudabilius
1039 2303 1053 2327 ,
1085 2259 1155 2313 ita
1182 2253 1405 2313 credere
1427 2295 1442 2320 ,
1469 2259 1530 2343 ut
1552 2263 1611 2303 se
1635 2252 1818 2343 Sperat

551 2363 669 2417 sine
706 2359 815 2415 ﬁne
856 2350 1161 2410 victurum?
1204 2346 1441 2416 Denique
1467 2341 1571 2397 hoc
1600 2338 1819 2410 quibus-

220 2463 338 2519 dam
364 2461 422 2516 in
471 2460 582 2512 line
623 2452 880 2523 largietur
904 2490 918 2512 ,
965 2455 1022 2501 ut
1063 2450 1292 2497 mortem
1341 2438 1495 2491 istam
1533 2428 1815 2500 repentina

220 2549 642 2611 commutatione
688 2558 798 2598 non
842 2538 1074 2596 sentiant
1102 2533 1214 2605 (α),
1259 2528 1352 2583 sed
1381 2523 1540 2583 simul
1579 2536 1699 2577 cum
1727 2532 1816 2574 re-

220 2644 569 2718 surgentihus
612 2636 891 2709 rapiantur
928 2632 981 2688 in
1011 2628 1239 2685 nubibus
1269 2617 1725 2718 obviam—Cluisto
1762 2614 1818 2669 in

224 2708 361 2797 aera
384 2777 402 2801 ,
441 2743 497 2789 et
517 2733 593 2787 sic
617 2708 828 2799 semper
854 2738 976 2779 cum
1006 2719 1233 2776 Domino
1257 2716 1436 2770 vivant
1465 2709 1505 2783 (1
1536 2708 1713 2763 Thess.
1742 2719 1819 2770 iV,

226 2830 346 2903 16).
388 2799 474 2883 iEt
506 2832 646 2881 recte
674 2822 814 2889 illis,
865 2818 988 2890 quia
1027 2829 1135 2870 non
1167 2817 1324 2867 erunt
1366 2807 1476 2878 jam
1504 2801 1704 2903 posteri
1732 2799 1824 2871 qui

223 2895 447 2995 propter
474 2918 578 2974 hoc
604 2913 848 2981 credant,
879 2925 985 2965 non
1015 2903 1283 2979 sperando
1308 2899 1449 2973 quod
1478 2914 1582 2953 non
1615 2895 1820 2995 vident,

225 2987 339 3073 sed-
354 3009 593 3069 amando
635 3005 779 3078 quod
805 3002 1008 3059 vident.
1053 2998 1182 3068 Qua:
1224 2994 1356 3049 ﬁdes
1399 2999 1482 3047 est
1523 2987 1733 3044 enervis
1770 2992 1827 3041 et

222 3108 456 3174 debilis,
499 3118 602 3160 nec
647 3100 782 3156 ﬁdes
826 3096 1049 3153 omnino
1088 3087 1345 3154 dicenda,
1393 3079 1823 3174 quandoquidem

224 3201 353 3258 ﬁdes
378 3171 455 3254 ita
482 3195 703 3253 deﬁnita
730 3200 815 3248 est
846 3208 859 3245 :
891 3187 1047 3243 Fides
1091 3192 1163 3239 est
1204 3178 1517 3252 sperantium
1545 3175 1561 3206 ¹
1594 3171 1827 3228 διιὺδιίιηει

225 3295 326 3361 tia,
354 3289 608 3346 conuictio
627 3302 801 3341 rerum
825 3296 939 3354 qua:
966 3296 1070 3334 non
1098 3275 1352 3331 videntur.
1407 3267 1556 3327 Unde
1586 3268 1743 3322 etiam
1773 3264 1825 3318 in

223 3357 432 3451 eadem,
457 3382 551 3439 ubi
580 3388 636 3436 et
665 3379 768 3434 hoc
791 3376 1051 3445 scriptum
1077 3377 1178 3436 est,
1202 3366 1268 3422 ad
1287 3365 1544 3421 Hebraeos
1564 3357 1821 3429 Epistula,

224 3494 343 3537 cum
376 3480 783 3546 consequenter
822 3469 1192 3525 enumerasset
1238 3457 1496 3532 quosdam
1523 3496 1540 3524 ,
1579 3453 1668 3525 qui
1718 3451 1828 3507 Deo

224 3570 325 3628 ﬁde
350 3570 681 3643 placuerunt
706 3581 722 3619 :
757 3557 1048 3618 Secundum
1070 3554 1243 3627 ﬁdem,
1273 3549 1465 3621 inquit,
1500 3555 1687 3601 ηιονιιιι
1714 3551 1831 3596 sunt

226 3665 276 3720 hi
529 3675 653 3715 cum
688 3672 791 3713 non
822 3651 1131 3724 accepissent
1159 3643 1537 3719 promissiones,
1566 3637 1654 3693 sed
1683 3637 1831 3707 longe

228 3772 309 3813 aes
336 3755 569 3811 uiderim
611 3760 660 3806 et
695 3748 1003 3810 salutantes,
1051 3750 1099 3796 et
1140 3736 1433 3808 conﬁtentes
1460 3731 1580 3805 quia
1610 3728 1831 3800 hospites

227 3859 272 3905 et
297 3845 562 3920 paegrini
581 3851 703 3899 sunt
723 3855 877 3911 super
906 3846 1113 3891 terram.
1158 3830 1227 3887 Et
1254 3827 1412 3900 paulo
1440 3832 1561 3898 post
1586 3821 1833 3878 eamdem

230 3917 353 3999 ﬁdei
384 3917 607 3997 laudem
652 3938 722 3992 ita
747 3929 1009 3991 conclusit
1033 3947 1048 3983 :
1074 3926 1142 3982 Et
1164 3940 1356 3989 omnes,
1385 3920 1572 3992 inquit,
1606 3917 1831 3972 testimo-

235 4038 371 4093 nium
414 4030 673 4089 consecuti
719 4043 808 4100 per
847 4024 1038 4095 ﬁdem,
1085 4036 1187 4077 non
1214 4014 1436 4071 tulerunt
1477 4011 1834 4085 promissiones

234 4127 327 4183 Dei
356 4143 376 4182 :
405 4134 503 4199 pro
524 4122 671 4178 nobis
695 4098 833 4176 enim
859 4115 1071 4171 meliora
1099 4108 1443 4183 providerunt,
1478 4121 1540 4159 ne
1564 4104 1673 4158 sine
1692 4098 1835 4156 nobis

237 4193 445 4291 perfecti
470 4216 837 4289 perﬁcerentur
866 4207 1050 4282 (Hebr.
1080 4220 1169 4271 ιι,
1198 4205 1223 4258 1
1248 4243 1264 4268 ,
1298 4201 1401 4266 15,
1430 4196 1520 4265 59,
1711 4193 1838 4291 llaec

374 4286 507 4367 ﬁdei
537 4286 648 4365 non
676 4313 858 4371 esset,
889 4315 994 4359 nec
1022 4297 1242 4355 omnino
1266 4337 1282 4363 ,
1313 4301 1374 4348 ut
1392 4291 1502 4364 jam
1532 4288 1675 4355 dixi,
1705 4286 1839 4342 ﬁdes

239 4414 397 4472 esset,
432 4404 481 4460 si
505 4399 760 4459 homines
779 4398 835 4454 in
860 4392 1133 4453 credendo
1154 4387 1372 4462 praemia
1396 4382 1623 4440 visibilia
1649 4395 1842 4472 seque-

237 4471 465 4562 rentur,
513 4492 621 4548 hoc
648 4497 769 4555 est,
816 4488 860 4543 si
892 4484 1139 4542 ﬁdelibus
1180 4492 1386 4537 merces
1426 4471 1840 4529 immortalitatis

238 4588 294 4644 in
318 4588 428 4644 hoc
447 4584 650 4642 sa:cu|o
674 4581 1010 4637 redderetur.

311 4680 406 4737 51.
437 4677 577 4733 Hinc
603 4686 656 4730 et
688 4674 801 4743 ipse
830 4670 1087 4727 Dominus
1121 4664 1259 4721 mori
1302 4661 1502 4729 voluit,
1529 4668 1584 4715 ut
1603 4701 1619 4728 ,
1650 4672 1842 4731 quem-

240 4772 540 4831 admodum
566 4769 636 4825 de
664 4768 756 4823 illo
780 4765 1037 4833 scriptum
1065 4769 1147 4818 est
1165 4800 1181 4827 ,
1218 4774 1308 4831 per
1334 4765 1545 4811 mortem
1582 4758 1845 4809 evacuaret

243 4882 359 4921 eum
399 4864 491 4936 qui
529 4867 827 4934 potestatem
849 4855 1061 4912 habebat
1089 4851 1302 4918 mortis,
1343 4848 1398 4904 id
1437 4858 1532 4912 est,
1563 4845 1842 4936 diabolum,

242 4967 294 5014 et
324 4956 567 5012 liberaret
597 4968 679 5006 eos
718 4950 805 5022 qui
850 4949 1026 5003 timore
1063 4944 1240 4999 mortis
1281 4957 1368 5013 per
1402 4949 1560 4994 totam
1589 4938 1745 4993 vitam
1772 4935 1848 4990 rei

245 5058 396 5105 eram
415 5045 668 5104 servitutis
708 5041 820 5117 (Id.
848 5056 909 5107 ιι,
942 5040 1009 5095 id
1030 5079 1045 5105 ,
1077 5037 1190 5107 15).
1241 5033 1354 5090 lloc
1384 5030 1689 5088 testimonio
1716 5028 1848 5083 satis

249 5147 419 5201 etiam
466 5139 601 5197 illud
642 5143 1007 5199 monstratur,
1056 5140 1113 5187 et
1150 5135 1381 5185 mortem
1424 5130 1578 5181 istam
1605 5122 1849 5194 corporis

249 5236 502 5308 principe
527 5241 688 5304 atque
712 5236 932 5285 auctore
961 5224 1171 5281 diabolo
1196 5265 1211 5291 ,
1250 5221 1356 5278 hoc
1380 5229 1465 5275 est
1484 5260 1500 5285 ,
1533 5233 1597 5273 ex
1631 5222 1851 5308 peccato

248 5304 521 5383 accidisse
544 5366 560 5391 ,
602 5320 744 5393 quod
772 5318 862 5375 ille
899 5314 1199 5387 persuasit;
1245 5325 1417 5382 neque
1442 5308 1585 5366 enim
1613 5306 1682 5364 ob
1705 5304 1851 5362 aliud

248 5425 579 5490 potestatem
601 5414 806 5495 habere
831 5410 1019 5467 mortis
1058 5406 1337 5463 verissime
1364 5403 1634 5460 diceretur
1667 5420 1678 5453 :
1713 5400 1853 5455 unde

322 5530 339 5561 ⁸
360 5535 472 5579 Lov.
490 5561 507 5588 ,
540 5522 914 5589 sperandorzan.
943 5527 1000 5589 At
1031 5528 1141 5589 Am.
1170 5516 1518 5589 Er._et_nostr_i.

1117 5588 1201 5650 ,διο
1230 5579 1292 5629 ιι)
1310 5577 1589 5650 ,ωεξιὲωο
1606 5574 1859 5650 ἕν’ἕῖὲἷῆίέ

249 5635 869 5708 ἧξὲὧῖιῗῆξῖῖιίἷὸῶόζ,
901 5660 954 5696 n.
980 5647 1024 5707 ι,
1052 5645 1167 5696 etin
1188 5635 1521 5708 πμααιιῖ
1539 5649 1589 5687 ιι·
1616 5635 1662 5685 2·
1694 5642 1859 5708 We

257 5696 899 5780 ééi,"£iﬁab}naoﬁfqﬁ§d
920 5696 1043 5780 eum
1078 5709 1143 5777 sit
1164 5706 1368 5755 verbum
1392 5696 1627 5759 medium,
1667 5698 1730 5748 ab
1751 5696 1860 5749 aliis

254 5769 419 5832 wive
437 5769 876 5843 accipiebaturfab
891 5769 995 5843 aliis
1015 5769 1219 5843 passive.

327 5823 417 5901 in).
434 5823 722 5894 ἶῖἆὲνὶῧῖίξ
744 5823 984 5895 detracta
1011 5823 1116 5895 cap.
1139 5831 1227 5894 55;
1254 5835 1303 5881 et
1337 5829 1477 5892 epist.
1517 5825 1625 5887 195,
1659 5823 1722 5875 ad
1744 5831 1864 5875 Mer-

255 5913 472 5959 ωἱΟῙὋῙΠ
479 5942 491 5955 σ

1520 372 1728 431 LIBER
1763 369 2143 430 SECUNDUS.

1906 279 1950 296 -ιο

3399 366 3505 424 182

1917 489 2007 544 ille
2052 486 2143 560 qui
2187 484 2308 542 sine
2348 486 2459 541 ullo
2499 493 2722 559 peccato
2756 482 2844 540 vel
2885 481 3131 555 originali
3169 483 3251 539 vel
3288 483 3507 553 proprio

1911 579 2273 647 moriebatur,
2324 578 2488 647 dixit,
2531 577 2673 650 quod
2716 576 2873 649 paulo
2901 586 3027 633 ante
3065 576 3508 642 commemoravi,

1914 672 2048 729 Ecce
2072 673 2234 728 veniet
2266 672 2501 744 princeps
2531 671 2741 741 mundi,
2769 670 2823 727 id
2847 678 2961 738 est,
2990 669 3252 736 diabolus,
3287 669 3376 741 qui
3404 683 3511 742 po-

1914 777 2161 825 testatem
2192 767 2422 824 habebat
2462 766 2680 830 mortis,
2713 775 2758 819 et
2786 764 2838 819 in
2877 780 2956 819 me
2997 762 3129 819 nihil
3158 764 3407 828 inveniet,
3456 761 3513 818 id

1912 872 2031 929 est,
2065 862 2307 935 peccati,
2356 868 2574 934 propter
2600 859 2740 931 quod
2780 858 3024 914 homines
3069 858 3203 913 mori
3240 855 3387 913 fecit.
3438 856 3511 912 Et

1913 956 2068 1029 quasi
2095 954 2365 1010 diceretur
2383 955 2451 1019 ei,
2472 953 2648 1022 Quare
2677 967 2804 1022 ergo
2831 951 3103 1006 moreris?
3135 950 3241 1007 Sed
3259 959 3317 1005 ut
3340 950 3510 1006 sciant

1913 1066 2088 1105 omnes
2121 1092 2136 1117 ,
2168 1049 2359 1120 inquit,
2391 1048 2510 1117 quia
2531 1046 2836 1101 voluntatem
2868 1042 3042 1098 Patris
3068 1044 3165 1099 mei
3189 1044 3322 1114 facio
3344 1086 3359 1112 ,
3387 1060 3510 1097 sur-

1913 1142 2036 1215 gite,
2069 1157 2241 1197 eamus
2267 1140 2385 1194 hinc
2416 1155 2433 1193 :
2464 1138 2514 1194 id
2545 1146 2647 1206 est,
2690 1144 2747 1192 ut
2772 1134 2975 1190 moriar
2995 1151 3100 1189 non
3129 1135 3331 1191 habens
3359 1149 3511 1191 mor-

1917 1235 1986 1289 tis
2010 1248 2226 1289 causam
2254 1231 2319 1287 de
2347 1238 2570 1303 peccato
2599 1228 2698 1286 sub
2742 1236 2961 1284 auctore
3006 1228 3250 1299 peccati,
3301 1227 3395 1283 sed
3440 1226 3513 1283 de

1914 1324 2223 1381 obedientia
2252 1334 2307 1379 ct
2345 1322 2551 1395 justitia
2578 1322 2749 1377 lactus
2782 1319 3042 1377 obediens
3071 1334 3238 1391 usque
3263 1317 3331 1374 ad
3358 1332 3510 1373 mor-

1917 1428 2046 1476 tem.
2080 1420 2149 1476 Et
2184 1420 2286 1475 hoc
2311 1434 2438 1491 ergo
2482 1417 2571 1473 illo
2607 1417 2913 1474 testimonio
2951 1417 3374 1474 demonstratum
3404 1422 3510 1484 est,

1919 1520 1975 1567 et
2013 1512 2156 1583 quod
2191 1511 2437 1567 timorem
2469 1510 2657 1566 mortis
2690 1509 2874 1566 ﬁdeles
2901 1510 3159 1577 vincunt,
3190 1508 3255 1563 ad
3285 1522 3515 1581 agonem

1920 1603 2088 1675 ipsius
2116 1602 2235 1659 ﬁdei
2269 1603 2539 1675 pertinere
2565 1644 2579 1668 ,
2606 1602 2697 1675 qui
2727 1600 2968 1672 profecto
2998 1601 3255 1658 defuisset
3273 1642 3289 1669 ,
3317 1598 3361 1656 si
3388 1615 3519 1660 mox

1919 1706 2065 1753 esset
2090 1695 2371 1751 credentes
2396 1694 2767 1749 immortalitas
2791 1700 3096 1749 consecuta.

1992 1788 2218 1845 CAPUT
2243 1786 2548 1844 XXXll.——
2571 1787 2661 1844 52.
2680 1785 2782 1843 Cur
2805 1786 3034 1844 Christus
3060 1800 3171 1860 post
3194 1788 3520 1842 resurrectio-

1918 1899 2038 1938 nem
2089 1882 2411 1952 prtesentiam
2455 1897 2600 1935 suam
2649 1880 2840 1935 mundo
2890 1878 3205 1935 subduxerit.
3264 1879 3519 1948 Quamvis

1923 1975 2103 2045 itaque
2128 1972 2296 2029 multa
2329 1973 2586 2028 Dominus
2606 1971 2837 2028 visibilia
2865 1971 3119 2028 miracula
3140 1971 3343 2038 fecerit,
3377 1971 3523 2027 unde

1924 2068 2041 2140 ipsa
2072 2067 2205 2123 ﬁdes
2232 2068 2378 2123 velut
2406 2065 2723 2139 quibusdam
2754 2065 3081 2137 primordiis
3105 2063 3523 2127 lactescentibus

1924 2159 2281 2230 germinaret,
2331 2166 2386 2214 et
2429 2154 2483 2214 in
2525 2173 2678 2213 suum
2719 2158 2883 2213 robur
2925 2173 2992 2214 ex
3030 2158 3118 2213 illa
3157 2157 3519 2213 teneritudine

1929 2253 2256 2306 coalesceret
2289 2251 2458 2322 (tanto
2484 2260 2563 2306 est
2592 2252 2734 2307 enim
2759 2250 2963 2317 fortior,
2993 2260 3193 2323 quanto
3218 2253 3387 2324 magis
3408 2252 3524 2324 jam

1928 2342 2031 2398 ista
2059 2358 2164 2396 non
2192 2344 2403 2415 quaerit)
2435 2359 2447 2397 :
2483 2352 2660 2397 tamen
2690 2341 2821 2398 illud
2861 2342 3004 2413 quod
3046 2343 3365 2414 promissum
3396 2358 3521 2415 spe-

1926 2448 2115 2489 ramus
2141 2476 2155 2502 ,
2208 2433 2546 2490 invisibiliter
2581 2434 2747 2489 voluit
2790 2435 3115 2506 ex5pectari,
3161 2443 3219 2492 ut
3254 2436 3430 2506 justus
3457 2451 3529 2492 ex

1930 2524 2037 2581 ﬁde
2056 2526 2261 2581 viveret
2281 2568 2293 2592 ,
2328 2527 2380 2580 in
2410 2535 2612 2582 tantum
2646 2535 2703 2582 ut
2729 2542 2827 2583 nec
2858 2529 2971 2598 ipse
3009 2528 3100 2600 qui
3139 2528 3226 2585 die
3254 2530 3409 2585 tertio
3432 2546 3519 2585 rc-

1927 2618 2182 2686 surrexit,
2212 2618 2350 2673 inter
2377 2618 2622 2674 homines
2651 2634 2773 2675 esse
2798 2620 3046 2686 voluerit,
3075 2621 3168 2675 sed
3197 2620 3276 2677 eis
3303 2622 3531 2677 demon-

1932 2717 2100 2765 strato
2123 2710 2175 2764 in
2193 2725 2285 2764 sua
2309 2725 2469 2765 carne
2486 2711 2895 2767 resurrectionis
2914 2714 3182 2784 exemplo,
3205 2729 3342 2784 quos
3364 2712 3525 2784 hujus

1929 2802 2010 2858 rei
2054 2809 2215 2857 testes
2246 2802 2443 2858 habere
2468 2801 2716 2873 dignatus
2746 2812 2860 2871 est,
2905 2804 2957 2858 in
2979 2802 3174 2860 cmlum
3203 2804 3529 2874 ascenderit,

1930 2892 2142 2949 illorum
2181 2908 2393 2965 quoque
2422 2909 2480 2951 se
2502 2895 2670 2950 oculis
2699 2894 2948 2951 auferens
2970 2936 2987 2964 ,
3030 2896 3267 2969 nihilque
3304 2895 3410 2953 tale
3439 2913 3534 2954 cu-

1930 2983 2179 3058 jusquam
2225 3002 2410 3042 eorum
2438 2989 2584 3043 carni
2618 2988 2729 3057 jam
2758 2989 3001 3047 tribuens
3023 3032 3039 3060 ,
3085 2990 3243 3062 quale
3286 2990 3341 3046 in
3369 3006 3535 3047 carne

1934 3079 2147 3151 pr0pria
2177 3077 2677 3147 demonstraverat;
2721 3090 2778 3137 ut
2804 3091 2859 3138 et
2889 3083 2989 3154 ipsi
3026 3099 3095 3139 ex
3123 3083 3226 3141 ﬁde
3256 3082 3520 3154 viverent,

1933 3171 2156 3243 ejusque
2193 3172 2444 3243 justitiae,
2491 3173 2545 3228 in
2575 3189 2679 3246 qua
2719 3190 2785 3230 ex
2825 3176 2929 3231 ﬁde
2968 3177 3206 3244 vivitur,
3253 3177 3535 3249 prarmium

1933 3265 2079 3339 quod
2108 3277 2291 3338 postea
2319 3267 2424 3322 erit
2448 3267 2675 3335 visibile,
2705 3285 2846 3324 nunc
2872 3270 3082 3326 interim
3104 3287 3201 3341 per
3222 3272 3537 3343 patientiam

1936 3357 2275 3415 invisibiliter
2302 3368 2697 3432 exspectarent.
2729 3361 2811 3416 Ad
2840 3361 2982 3417 hunc
3020 3363 3346 3419 intellectum
3374 3365 3537 3419 credo

1937 3452 2103 3508 etiam
2152 3450 2282 3507 illud
2332 3466 2454 3508 esse
2496 3452 2872 3522 referendum,
2924 3454 3066 3525 quod
3114 3455 3188 3509 ait
3229 3455 3295 3510 de
3334 3455 3540 3526 Spiritu

1937 3555 2125 3603 sancto
2158 3565 2170 3601 :
2207 3544 2327 3602 Non
2363 3556 2526 3620 potest
2561 3549 2669 3621 ipse
2693 3549 2860 3604 venire
2883 3591 2897 3615 ,
2941 3549 3040 3605 nisi
3064 3567 3153 3624 ego
3182 3549 3374 3605 abiero.
3424 3551 3540 3607 lloc

1938 3640 2081 3695 enim
2109 3649 2224 3696 erat
2249 3640 2429 3696 dicere
2450 3683 2468 3710 ,
2518 3656 2623 3698 non
2653 3643 2897 3716 poteritis
2918 3644 3061 3714 justc
3088 3646 3264 3700 vivere
3302 3660 3368 3702 ex
3408 3646 3535 3713 iide,

1938 3731 2081 3803 quod
2110 3731 2176 3788 de
2206 3748 2329 3790 meo
2355 3732 2497 3789 dono
2518 3776 2531 3800 ,
2580 3733 2631 3789 id
2662 3744 2777 3802 est,
2811 3735 2879 3792 de
2915 3736 3117 3807 Spiritu
3156 3748 3341 3795 sancto
3372 3738 3537 3795 liabe-

1940 3823 2065 3879 bitis
2090 3867 2104 3893 ,
2149 3824 2250 3880 nisi
2273 3840 2303 3881 a
2329 3825 2520 3883 vestris
2548 3828 2714 3883 oculis
2740 3828 2843 3884 hoc
2866 3830 3007 3900 quod
3037 3831 3317 3886 intuemini
3352 3832 3537 3889 abstu-

1940 3914 2073 3985 lero,
2105 3926 2162 3972 ut
2189 3917 2534 3988 Spiritualiter
2564 3933 2657 3975 cor
2682 3928 2917 3975 vestrum
2948 3921 3232 3977 invisibilia
3268 3920 3539 3978 credendo
3578 3932 3579 3935 ‘

1942 4010 2207 4079 proﬁciat.
2260 4011 2410 4067 lianc
2438 4027 2504 4068 ex
2533 4012 2637 4069 ﬁde
2656 4012 2919 4084 justitiam
2948 4013 3270 4084 identidem,
3315 4016 3543 4089 loquens

1942 4100 2009 4159 de
2042 4102 2246 4176 Spiritu
2272 4112 2457 4161 saneto
2478 4147 2494 4174 ,
2531 4105 2600 4161 ita
2634 4106 2976 4163 commendat
3007 4124 3021 4161 :
3054 4107 3188 4179 Ille,
3224 4109 3423 4181 inquit,
3455 4126 3543 4164 ar-

1942 4204 2060 4267 guet
2081 4196 2328 4251 mundum
2355 4196 2418 4251 de
2438 4208 2662 4266 peccato,
2687 4197 2751 4254 de
2774 4198 3012 4269 justitia,
3045 4210 3091 4254 et
3122 4200 3183 4254 de
3204 4200 3404 4272 judicio
3427 4218 3447 4257 :
3477 4203 3543 4258 de

1944 4298 2147 4361 peccato
2168 4291 2372 4360 quidem
2389 4332 2406 4358 ,
2441 4291 2563 4361 quia
2588 4308 2690 4346 non
2715 4292 3040 4348 crediderunt
3073 4292 3126 4347 in
3166 4310 3276 4358 me;
3303 4294 3367 4348 de
3385 4295 3546 4365 justi-

1946 4385 2018 4439 tia
2039 4426 2056 4454 ,
2093 4385 2212 4458 quia
2253 4384 2321 4438 ad
2348 4384 2560 4441 Patrem
2595 4387 2725 4440 vado
2747 4426 2764 4452 ,
2810 4396 2859 4441 et
2894 4387 3011 4457 jam
3057 4402 3158 4441 non
3198 4386 3425 4443 videbitis
3464 4405 3548 4443 me

1945 4475 2126 4548 (loon.
2155 4492 2266 4546 xw,
2300 4475 2476 4553 7-10).
2508 4476 2639 4547 Quae
2666 4486 2750 4532 est
2778 4476 2877 4532 ista
2897 4476 3099 4546 justitia
3119 4519 3135 4544 ,
3158 4493 3261 4549 qua
3289 4493 3412 4533 eum
3436 4494 3547 4535 non

1948 4567 2195 4627 viderent
2224 4570 2241 4602 ί
2268 4611 2285 4639 ,
2332 4569 2436 4626 nisi
2463 4578 2522 4626 ut
2541 4569 2718 4641 justus
2746 4585 2815 4625 ex
2838 4570 2944 4627 ﬁde
2975 4570 3215 4637 viveret,
3245 4580 3300 4627 et
3325 4586 3430 4627 non
3459 4586 3549 4628 re-

1949 4662 2241 4734 spicientes
2268 4677 2386 4733 quae
2416 4661 2693 4729 videntur,
2720 4660 2815 4718 sed
2841 4677 2960 4733 quae
2995 4676 3100 4718 non
3126 4661 3373 4718 videntur
3391 4705 3407 4731 ,
3439 4665 3551 4736 spi-

1917 4766 1923 4772 ’
1949 4754 2055 4810 ritu
2079 4770 2144 4809 ex
2168 4754 2272 4810 ﬁde
2300 4769 2449 4824 spem
2477 4753 2697 4825 justitia:
2718 4754 3194 4826 exspectaremus?

2021 4844 2247 4900 CAPUT
2278 4842 2979 4916 XXXlﬂ.—55.Respondet
2999 4843 3068 4899 ad
3091 4845 3419 4917 objectionem
3436 4846 3545 4905 Pe-

1952 4936 2290 5007 lagianorum.
2333 4936 2432 5005 Qui
2465 4946 2639 4993 autem
2683 4936 2866 4993 dicunt
2896 4953 2911 4992 :
2944 4934 3006 4993 Si
3050 4947 3255 5008 peccato
3284 4956 3417 4995 mors
3444 4942 3543 4996 ista

1953 5029 2179 5100 corporis
2209 5028 2470 5084 accidisset
2490 5070 2506 5096 ,
2536 5046 2637 5084 non
2660 5030 2834 5100 utique
2860 5037 2971 5099 post
2996 5029 3338 5085 remissionem
3367 5048 3551 5103 pecca-

1955 5130 2142 5186 torum,
2169 5136 2325 5188 quam
2351 5120 2661 5191 Redemptor
2682 5121 2824 5175 nobis
2848 5120 3037 5188 tribuit,
3066 5138 3377 5178 moreremur
3400 5138 3420 5179 :
3442 5138 3553 5180 non

1956 5213 2257 5283 intelligunt
2298 5212 2567 5283 quomodo
2592 5227 2680 5268 res
2705 5254 2721 5281 ,
2768 5228 2994 5284 quarum
3032 5221 3239 5270 reatum
3262 5256 3278 5281 ,
3321 5230 3390 5270 ne
3430 5224 3553 5285 post

1956 5303 2095 5362 lianc
2126 5306 2287 5360 vitam
2317 5304 2532 5370 obsint,
2564 5304 2704 5361 Deus
2724 5302 2913 5374 solvit,
2957 5314 3135 5363 tamen
3165 5320 3258 5362 eas
3282 5304 3348 5361 ad
3376 5314 3554 5361 certa-

1958 5413 2081 5454 men
2131 5397 2249 5453 ﬁdei
2292 5397 2420 5453 sinit
2460 5410 2709 5465 manere,
2762 5405 2820 5453 ut
2864 5413 2959 5470 per
3006 5398 3123 5455 illas
3161 5398 3471 5456 erudiantur
3496 5406 3555 5454 et

1960 5500 2313 5548 exerceantur
2362 5488 2705 5561 proﬁcientes
2752 5489 2806 5545 in
2854 5504 3024 5562 agone
3064 5489 3303 5562 iustitiae.
3362 5488 3555 5545 Posset

1964 5585 2106 5641 enim
2142 5593 2197 5639 et
2219 5583 2358 5639 alius
2386 5582 2489 5639 hoc
2520 5598 2625 5638 non
2665 5582 2967 5655 intelligens
2994 5582 3173 5639 dicere
3198 5622 3213 5647 ,
3248 5581 3300 5634 Si
3334 5589 3553 5651 prepter

1966 5685 2241 5748 peccatum
2284 5675 2419 5731 dixit
2455 5675 2593 5731 Deus
2635 5675 2877 5743 homini,
2930 5675 2995 5731 In
3045 5674 3229 5729 sudore
3266 5672 3431 5729 uultus
3478 5676 3555 5729 tui

1966 5768 2080 5823 edes
2108 5785 2287 5838 panem
2317 5778 2475 5834 tuum,
2506 5776 2551 5823 et
2579 5768 2753 5838 spinas
2779 5778 2826 5822 et
2851 5768 3062 5823 tribulos
3084 5767 3242 5837 pariet
3269 5767 3357 5823 tibi
3382 5777 3510 5824 terra
3532 5785 3553 5823 :

2037 5886 2053 5919 ι
2070 5882 2375 5935 Corbclensis
2398 5889 2499 5947 διε»,
2525 5882 2758 5934 viderunt.
