4016 6494
506 401 620 463 183

502 538 674 600 quare
699 531 757 583 et
780 530 902 597 post
937 520 1313 578 remissionem
1356 517 1507 574 labor
1546 517 1636 574 hic
1675 521 1996 586 permanet,
2048 521 2108 570 et

502 617 627 676 haec
651 617 786 673 dura
818 624 873 674 et
891 628 1078 686 aspera
1103 612 1245 685 parit
1277 611 1440 666 etiam
1468 618 1610 666 terra
1640 608 1923 666 ﬁdelium?
1969 606 2100 664 ltem

501 710 550 766 si
601 716 822 780 propter
865 713 1139 778 peccatum
1177 697 1378 759 dictum
1411 710 1496 760 est
1531 699 1773 766 mulieri,
1819 698 1886 754 In
1913 701 2103 771 gemitu

501 802 671 873 paries
699 798 855 870 (Gen.
896 813 978 865 ιιι,
1012 797 1101 865 19,
1130 794 1220 867 16)
1258 810 1399 852 :cur
1417 794 1578 850 etiam
1610 800 1730 864 post
1753 799 2100 862 peccatorum

503 892 881 949 remissionem
921 889 1132 944 feminae
1163 886 1348 942 ﬁdeles
1381 884 1601 942 eosdem
1643 883 1860 940 dolores
1889 882 1942 938 in
1988 898 2084 954 par

498 984 751 1042 turiendo
799 982 1113 1055 patiuntur?
1157 982 1224 1038 Et
1255 991 1431 1037 tamen
1475 986 1687 1036 constat
1724 984 1945 1049 propter
1971 991 2100 1047 pec-

502 1084 708 1144 catum,
749 1076 891 1147 quod
917 1075 1265 1138 admiserant,
1294 1073 1417 1130 illos
1435 1088 1466 1127 a
1487 1071 1598 1127 Deo
1627 1071 1831 1141 primos
1856 1069 2101 1124 homines

502 1166 622 1225 hmo
665 1167 884 1224 audisse
924 1176 1083 1238 atque
1109 1165 1375 1223 meruisse
1406 1181 1420 1218 :
1449 1177 1554 1220 nec
1585 1163 1790 1219 resistit
1815 1161 1898 1217 his
1923 1160 2101 1216 verbis

500 1259 669 1317 divini
696 1261 855 1328 libri,
903 1275 1022 1332 qua:
1046 1259 1198 1330 posui
1225 1257 1291 1312 de
1320 1257 1506 1313 labore
1543 1253 1776 1310 hominis
1807 1261 1862 1309 et
1889 1252 1956 1308 de
1979 1267 2102 1323 par-

501 1353 763 1409 turitione
800 1350 1063 1417 mulieris,
1093 1350 1196 1405 nisi
1227 1348 1316 1419 qui
1343 1359 1564 1418 prorsus
1589 1345 1796 1400 alienus
1823 1359 1854 1399 a
1881 1342 1987 1399 ﬁde
2011 1357 2100 1398 ca-

501 1447 702 1504 tholica
740 1445 942 1501 eisdem
971 1443 1184 1498 Litteris
1205 1441 1538 1497 adversatur.

571 1537 799 1596 CAPUT
819 1535 1064 1594 XXXIV.
1079 1535 1250 1592 —54.
1275 1532 1379 1590 Cur
1389 1532 1596 1587 remisso
1610 1537 1815 1602 peccato
1833 1545 1980 1600 perna
1999 1526 2098 1582 ad-

497 1631 601 1686 huc
626 1630 880 1702 exigatur.
908 1629 1107 1684 Verum
1137 1625 1260 1698 quia
1288 1633 1344 1680 et
1372 1625 1507 1680 tales
1538 1639 1645 1678 non
1662 1622 1888 1687 desunt;
1911 1635 2102 1690 quem-

500 1723 794 1779 admodum
823 1721 902 1777 eis
931 1719 1032 1775 hac
1058 1718 1356 1789 quaestione
1385 1715 1660 1786 proposita
1686 1710 2095 1782 respondemus,

498 1815 764 1882 dicentes,
791 1820 915 1867 ante
940 1809 1310 1866 remissionem
1338 1823 1460 1864 esse
1498 1805 1588 1861 illa
1615 1803 1874 1875 supplicia
1904 1817 2098 1874 pecea-

496 1915 695 1974 torum,
726 1915 848 1977 post
876 1905 1248 1962 remissionem
1286 1911 1466 1958 autem
1495 1900 1787 1957 certamina
1831 1899 2099 1954 exercita-

493 1999 779 2069 tionesque
799 1997 1066 2068 justorum
1096 2014 1110 2050 :
1142 1996 1212 2050 ita
1239 2003 1294 2050 et
1318 1994 1422 2048 illis
1442 2009 1578 2064 quos
1609 1992 1676 2048 de
1703 2000 1876 2048 morte
1901 2006 2099 2062 corpo-

492 2091 574 2147 ris
603 2090 854 2146 similiter
881 2097 1083 2155 movet,
1134 2086 1464 2158 respondere
1504 2085 1784 2152 debemus,
1816 2093 1876 2140 ut
1899 2100 2016 2140 eam
2046 2093 2100 2141 et

493 2189 722 2252 peccato
751 2179 1012 2236 accidisse
1043 2179 1328 2246 fateamur,
1360 2187 1416 2235 et
1454 2187 1576 2250 post
1622 2187 1964 2248 peccatorum
2009 2193 2098 2233 re-

492 2274 834 2340 missionem,
854 2283 912 2328 ut
937 2288 1164 2344 magnus
1196 2273 1355 2328 timor
1381 2272 1497 2343 ejus
1528 2287 1555 2324 a
1588 2271 1994 2342 proficientibus
2008 2287 2100 2326 su-

490 2374 736 2436 peretur,
768 2365 836 2420 ad
874 2374 1147 2421 certamen
1189 2364 1347 2420 nobis
1390 2364 1633 2419 relictam
1662 2378 1783 2420 esse
1807 2380 1914 2419 non
1944 2363 2097 2418 dedi-

495 2473 748 2528 gnemur.
777 2456 833 2514 Si
882 2461 1026 2512 enim
1079 2473 1235 2528 parva
1280 2457 1450 2514 virtus
1492 2467 1636 2513 esset
1676 2457 1822 2525 ﬁdei,
1853 2475 1973 2529 qua:
2004 2473 2101 2529 per

497 2548 843 2604 dilectionem
892 2557 1165 2619 operatur,
1212 2549 1404 2604 mortis
1446 2558 1651 2605 metum
1703 2549 1940 2616 vincere,
1990 2565 2099 2606 non

500 2648 649 2696 esset
695 2647 844 2696 tanta
884 2649 1180 2712 martyrum
1222 2640 1426 2712 gloria,
1461 2655 1561 2696 nec
1586 2641 1846 2696 Dominus
1871 2641 2096 2710 diceret,

495 2733 754 2806 Majorem
781 2735 878 2788 hac
902 2734 1202 2788 cltaritatem
1231 2751 1376 2788 nemo
1403 2733 1570 2799 habet,
1600 2751 1752 2805 quam
1782 2744 1838 2787 ut
1868 2735 2093 2789 animam

493 2843 645 2881 suam
684 2836 840 2895 ponat
891 2843 984 2896 pro
1022 2825 1199 2880 amicis
1242 2826 1346 2879 suis
1377 2823 1556 2896 (Joan.
1586 2841 1682 2891 xv,
1717 2824 1830 2896 15).
1862 2825 2014 2894 Quod
2043 2826 2096 2883 in

492 2919 736 2989 Epistola
784 2933 878 2973 sua
933 2918 1166 2974 Joannes
1224 2919 1296 2973 ita
1349 2917 1688 2974 dicit:Sicut
1738 2918 1828 2973 ille
1875 2919 2099 2973 animam

495 3028 646 3066 suam
673 3027 767 3082 pro
804 3011 948 3090 nobis
978 3011 1167 3080 posuit,
1198 3011 1270 3064 sic
1314 3019 1360 3064 et
1392 3027 1484 3064 nos
1522 3010 1758 3065 debemus
1783 3011 1980 3066 animas
2005 3029 2098 3083 pro

497 3102 740 3176 fratribus
786 3118 978 3174 ponere
1019 3101 1075 3174 (ι
1099 3101 1258 3156 Joan.
1287 3117 1381 3169 ιιι,
1416 3102 1528 3172 16).
1561 3100 1904 3173 Nequaquam
1937 3104 2100 3175 igitur

495 3196 553 3251 in
581 3201 758 3250 morte
790 3209 888 3265 pro
910 3194 1114 3264 justitia
1143 3194 1422 3249 subeunda
1449 3194 1535 3249 vel
1560 3195 1949 3250 contemnenda
1983 3195 2098 3250 lau-

498 3285 718 3342 daretur
754 3285 1022 3356 praacipua
1047 3286 1323 3356 patientia,
1353 3286 1396 3340 si
1433 3287 1623 3340 mortis
1673 3301 1780 3340 non
1808 3297 1952 3342 esset
1983 3303 2098 3342 ma-

497 3393 604 3449 gna
642 3379 979 3450 multumque
1019 3380 1153 3434 dura
1199 3379 1469 3435 molestia.
1518 3377 1684 3448 Cujus
1730 3380 1975 3434 timorem
2007 3381 2098 3452 qui

496 3473 664 3528 vincit
689 3489 755 3529 ex
783 3472 910 3540 ﬁde,
941 3487 1189 3544 magnam
1220 3472 1390 3542 ipsius
1417 3470 1540 3526 ﬁdei
1573 3480 1848 3540 comparat
1870 3473 2096 3544 gloriam

493 3563 800 3636 justamque
840 3565 1169 3620 mercedem.
1205 3562 1360 3620 Unde
1410 3563 1714 3619 mirandum
1758 3580 1863 3618 non
1909 3574 2012 3634 est,
2045 3575 2100 3622 et

493 3665 728 3713 mortem
759 3656 1000 3726 corporis
1043 3671 1152 3710 non
1197 3653 1365 3711 fuisse
1394 3665 1708 3711 eventuram
1739 3656 1964 3724 homini,
1993 3659 2097 3713 nisi

497 3748 868 3820 praecessisset
895 3756 1198 3819 peccatum,
1230 3747 1384 3817 cujus
1424 3747 1586 3803 etiam
1630 3748 1749 3803 talis
1776 3763 1932 3818 poena
1961 3765 2094 3806 con-

494 3848 845 3910 sequeretur;
894 3848 951 3896 et
997 3848 1119 3910 post
1163 3841 1539 3895 remissionem
1588 3850 1931 3913 peccatorum
1975 3858 2095 3898 eam

497 3931 750 3987 ﬁdelibus
779 3932 1017 3998 evenire,
1047 3938 1105 3986 ut
1131 3932 1184 3986 in
1215 3931 1330 4002 ejus
1359 3933 1556 3987 timore
1579 3932 1840 3988 vincendo
1871 3948 2096 3990 exerce-

497 4034 651 4080 retur
676 4023 932 4080 fortitudo
956 4024 1200 4094 iustitiae.

570 4115 660 4171 55.
689 4114 830 4170 Caro
857 4116 1000 4170 enim
1030 4131 1152 4185 qua:
1179 4115 1356 4185 primo
1383 4113 1523 4169 facta
1564 4123 1666 4178 est,
1699 4129 1806 4170 non
1828 4124 1946 4172 erat
1969 4131 2094 4173 caro

494 4207 728 4278 peccati,
759 4207 811 4262 in
862 4223 964 4278 qua
1011 4206 1182 4261 noluit
1221 4206 1380 4262 homo
1431 4206 1569 4261 inter
1607 4206 1825 4262 delicias
1861 4208 2093 4278 paradisi

499 4313 723 4354 servare
764 4296 1050 4369 justitiam.
1080 4297 1233 4354 Unde
1281 4299 1466 4352 statuit
1511 4298 1673 4363 Deus,
1705 4308 1763 4353 ut
1810 4308 1932 4370 post
1977 4301 2094 4370 ejus

495 4400 776 4463 peccatum
828 4399 1120 4462 propagata
1167 4405 1295 4445 caro
1334 4391 1571 4460 peccati,
1618 4390 1685 4445 ad
1731 4392 2092 4463 recipiendam

490 4483 754 4554 justitiam
799 4483 1072 4539 laboribus
1115 4493 1170 4538 et
1213 4483 1474 4538 molestiis
1511 4484 1822 4539 eniteretur.
1866 4485 2092 4556 Propter

494 4575 603 4632 hoc
625 4577 785 4633 etiam
814 4577 881 4631 de
907 4576 1156 4646 paradiso
1183 4575 1436 4631 dimissus
1470 4576 1640 4630 Adam
1660 4578 1699 4641 ³,
1726 4587 1910 4631 contra
1941 4578 2091 4632 Eden

493 4668 780 4734 habitavit,
823 4670 876 4722 id
906 4678 1009 4734 est,
1041 4679 1227 4724 contra
1263 4669 1445 4724 sedem
1472 4669 1782 4724 deliciarum
1810 4687 1822 4721 :
1848 4680 1906 4724 ut
1931 4672 2094 4742 signi-

497 4760 687 4816 ﬁcaret
723 4759 868 4830 quod
897 4760 948 4814 in
980 4759 1274 4826 laboribus,
1307 4761 1398 4830 qui
1423 4769 1549 4814 sunt
1577 4760 1785 4816 deliciis
1810 4765 2088 4827 contrarii,

498 4853 795 4909 erudienda
825 4862 970 4908 esset
1017 4867 1145 4908 caro
1190 4852 1416 4923 peccati,
1448 4868 1568 4923 quae
1612 4854 1666 4907 in
1711 4853 1917 4910 deliciis
1957 4857 2091 4912 obc-

495 4944 753 4999 dientiam
783 4959 889 4998 non
920 4944 1151 5000 servavit
1191 4951 1476 5014 antequam
1522 4954 1668 5000 esset
1703 4960 1829 5001 caro
1860 4951 2087 5018 peccati.

497 5037 648 5091 Sicut
675 5051 804 5107 ergo
847 5037 920 5091 illi
965 5036 1122 5106 primi
1163 5033 1408 5091 homines
1454 5047 1643 5108 postea
1667 5039 1809 5107 juste
1836 5041 2088 5108 vivendo,

494 5128 638 5183 unde
688 5129 883 5184 merito
928 5127 1222 5183 creduntur
1268 5143 1362 5198 per
1402 5129 1616 5185 Domini
1663 5134 1976 5202 sanguinem
2023 5135 2092 5189 ab

494 5229 740 5280 extremo
768 5222 1031 5293 supplicio
1054 5223 1285 5289 liberati,
1317 5239 1422 5279 non
1454 5233 1632 5281 tamen
1663 5226 1715 5280 in
1739 5227 1824 5280 illa
1844 5229 1949 5281 vita
1974 5245 2089 5286 me-

495 5322 724 5376 ruerunt
765 5315 830 5369 ad
878 5314 1182 5386 paradisum
1214 5317 1456 5372 revocari
1481 5334 1493 5370 :
1518 5317 1596 5372 sic
1623 5326 1680 5372 et
1707 5331 1834 5373 caro
1861 5322 2086 5389 peccati,

495 5409 708 5464 etiamsi
739 5409 978 5464 remissis
1023 5410 1256 5478 peccatis
1297 5410 1457 5466 homo
1499 5411 1551 5464 in
1596 5425 1658 5466 ea
1694 5411 1837 5481 juste
1869 5413 2087 5479 vixerit,

494 5516 603 5556 non
629 5501 883 5556 continuo
905 5509 1142 5555 meretur
1162 5517 1279 5556 eam
1301 5512 1529 5558 mortem
1552 5516 1656 5558 non
1681 5505 1907 5573 perpeti,
1927 5520 2086 5576 quam

504 5595 659 5648 traxit
687 5592 755 5647 de
782 5592 1076 5664 propagine
1107 5595 1334 5663 peccati.

569 5682 659 5738 56.
689 5682 816 5739 Tale
844 5684 1040 5753 aliquid
1069 5685 1222 5739 nobis
1273 5685 1594 5742 insinuatum
1634 5696 1717 5744 est
1759 5689 1828 5746 de
1856 5692 2085 5762 patriar-

495 5836 724 5957 81;Editl
747 5869 766 5901 ,
800 5837 863 5889 de
897 5835 1128 5901 paradiso
1169 5836 1352 5901 eiectus
1407 5837 1575 5893 Adam.
1631 5848 1687 5896 At
1734 5849 1873 5906 Mss,
1916 5845 2084 5899 dimis-

1149 398 1241 457 DE
1278 395 1742 455 PECCATORUM
1778 393 2060 453 MERITIS
2098 393 2191 452 ET
2232 395 2663 464 REMISSIONE,
2703 397 2764 455 S.
2804 396 3178 456 AUGUSTINI

3679 402 3794 462 εει

2211 513 2311 570 cba
2338 515 2499 571 David
2526 516 2580 571 in
2611 515 2748 572 libro
2770 516 3101 588 Regnorum,
3129 516 3194 572 ad
3217 531 3373 586 quem
3396 516 3652 591 pr0pheta
3674 534 3808 578 cum

2211 607 2410 662 missus
2448 617 2608 675 esset,
2643 609 2801 680 eique
2843 616 3062 680 propter
3091 617 3372 678 peccatum
3399 610 3542 680 quod
3565 611 3810 670 admise-

2212 707 2317 764 rat,
2343 709 2598 756 eventura
2639 700 2778 756 mala
2816 716 2882 756 ex
2927 699 3202 756 iracundia
3229 701 3323 756 Dei
3357 702 3804 773 comminaretur,

2210 789 2551 848 confessione
2579 792 2785 864 peccati
2805 792 3012 847 veniam
3045 791 3261 859 meruit,
3289 793 3647 864 respondente
3669 812 3805 866 pro-

2209 883 2368 953 pheta
2393 883 2537 955 quod
2568 885 2618 940 ei
2658 883 2910 955 ﬂagitium
2956 883 3270 956 facinusque
3313 885 3598 942 remissum
3623 887 3694 942 sit
3717 887 3805 961 (ll

2163 991 2178 1007 ι
2209 976 2338 1050 Reg.
2372 994 2470 1045 xu,
2502 978 2591 1051 15)
2629 997 2642 1034 :
2681 987 2737 1034 et
2784 988 2962 1034 tamen
3007 987 3297 1035 consecuta
3339 987 3466 1034 sunt
3502 996 3620 1050 quae
3657 981 3809 1037 Deus

2209 1069 2381 1126 fuerat
2404 1071 2784 1140 comminatus,
2813 1080 2874 1127 ut
2901 1072 2980 1128 sic
3008 1070 3383 1126 humiliaretur
3411 1086 3440 1125 a
3466 1071 3597 1127 ﬁlio.
3622 1072 3807 1140 Quare

2207 1171 2261 1217 et
2310 1161 2398 1218 hic
2442 1179 2549 1219 non
2585 1163 2799 1232 dicitur,
2830 1163 2888 1220 Si
2935 1163 3077 1220 Deus
3116 1170 3338 1236 propter
3361 1173 3638 1234 peccatum
3666 1166 3804 1221 illud

2207 1253 2383 1310 fuerat
2418 1258 2795 1326 comminatus,
2824 1272 2922 1314 cur
2969 1256 3194 1312 dimisso
3238 1266 3458 1327 peccato
3499 1257 3640 1326 quod
3684 1267 3808 1313 erat

2206 1347 2440 1403 minatus
2462 1349 2736 1420 implevit?
2766 1350 2868 1404 nisi
2895 1350 3018 1421 quia
3045 1349 3366 1414 rectissime,
3396 1349 3441 1403 si
3475 1349 3674 1405 dictum
3695 1349 3808 1404 fue-

2205 1442 2300 1509 rit,
2331 1443 2744 1513 respondebitur
2771 1443 3141 1499 remissionem
3171 1442 3316 1497 illam
3347 1443 3549 1512 peccati
3579 1441 3798 1511 factam,

2205 1551 2276 1591 ne
2304 1536 2465 1591 homo
2485 1551 2518 1592 a
2542 1537 2884 1608 percipienda
2908 1537 3015 1591 vita
3045 1535 3395 1606 impediretur
3409 1543 3609 1589 aeterna
3631 1552 3645 1601 ;
3669 1536 3804 1590 sub-

2205 1635 2450 1684 secutum
2467 1644 2597 1684 vero
2617 1629 2760 1684 illius
2786 1628 3216 1684 comminationis
3241 1625 3514 1694 effectum,
3544 1634 3603 1680 ut
3630 1627 3804 1696 pietas

2209 1719 2439 1776 hominis
2484 1720 2539 1776 in
2576 1720 2664 1776 illa
2707 1719 3004 1774 humilitate
3032 1727 3381 1774 exerceretur
3407 1725 3569 1787 atque
3605 1717 3804 1787 proba-

2207 1825 2375 1872 retur.
2405 1816 2496 1872 Sic
2519 1823 2574 1870 et
2617 1825 2844 1872 mortem
2892 1814 3135 1887 corporis
3173 1821 3230 1869 et
3271 1821 3490 1884 propter
3517 1819 3800 1882 peccatum

2204 1910 2348 1966 Deus
2373 1910 2575 1966 homini
2600 1910 2812 1978 inflixit,
2830 1917 2887 1966 et
2913 1918 3034 1981 post
3058 1916 3400 1978 peccatorum
3423 1905 3800 1961 remissionem

2205 2015 2428 2075 propter
2452 2003 2808 2059 exercendam
2831 2001 3092 2072 justitiam
3123 2015 3232 2055 non
3253 1998 3474 2055 ademit.

2275 2094 2502 2153 CAPUT
2523 2095 2734 2152 XXXV.
2750 2097 2920 2152 —57.
2948 2093 3070 2150 Non
3095 2093 3457 2148 declinandum
3482 2093 3540 2147 in
3564 2091 3802 2146 dextram

2205 2196 2292 2242 aut
2362 2188 2416 2242 in
2479 2188 2760 2242 sinistram.
2812 2187 3115 2242 Teneamus
3185 2201 3314 2256 ergo
3362 2183 3802 2239 indeclinabilem

2204 2279 2328 2334 ﬁdei
2353 2279 2770 2336 confessionem.
2802 2279 2960 2336 Solus
2985 2294 3122 2334 unus
3160 2286 3246 2334 est
3288 2279 3377 2350 qui
3421 2278 3541 2333 sine
3574 2289 3802 2348 peccato

2204 2381 2363 2429 natus
2388 2381 2471 2428 est
2496 2374 2552 2428 in
2580 2372 2930 2428 similitudine
2955 2373 3134 2428 carnis
3162 2372 3399 2443 peccati,
3430 2372 3547 2427 sine
3574 2379 3802 2442 peccato

2204 2467 2337 2522 vixit
2375 2467 2516 2522 inter
2559 2468 2732 2524 aliena
2778 2476 3018 2539 peccata,
3047 2467 3165 2524 sine
3192 2475 3414 2538 peccato
3443 2475 3688 2520 mortuus
3713 2473 3801 2520 est

2204 2570 2426 2632 propter
2464 2571 2646 2617 nostra
2681 2571 2918 2633 peccata.
2952 2561 3074 2616 Non
3113 2561 3420 2615 declinemus
3467 2560 3520 2613 in
3565 2559 3801 2614 dextram

2205 2662 2297 2706 aut
2329 2654 2384 2707 in
2419 2654 2698 2708 sinistram.
2732 2654 2788 2709 In
2815 2653 3094 2709 dexteram
3125 2656 3266 2708 enim
3305 2651 3605 2716 declinare,
3629 2660 3709 2705 est
3736 2665 3801 2705 se

2203 2745 2381 2818 ipsum
2409 2747 2656 2818 decipere
2682 2746 2912 2803 dicendo
2931 2763 2991 2803 se
3009 2763 3127 2802 csse
3143 2746 3261 2801 sine
3296 2755 3518 2816 peccato
3544 2761 3556 2798 :
3583 2745 3635 2798 in
3661 2743 3800 2798 sini-

2204 2847 2371 2894 stram
2407 2848 2606 2905 autem,
2637 2855 2735 2910 per
2759 2840 2941 2895 nescio
2966 2854 3124 2910 quam
3159 2852 3462 2909 perversam
3492 2845 3547 2891 ct
3573 2851 3797 2904 pravam

2205 2930 2545 2986 securitatem
2588 2945 2646 2986 se
2684 2939 2934 3001 tanquam
2977 2931 3194 3002 impune
3217 2930 3351 2984 dare
3381 2929 3629 3000 peccatis.
3673 2927 3801 2983 Vias

2204 3025 2345 3079 enim
2367 3040 2482 3095 quae
2503 3041 2533 3077 a
2554 3025 2744 3079 dextris
2767 3034 2883 3080 sunt
2909 3026 3043 3079 novit
3072 3024 3339 3090 Dominus,
3374 3022 3462 3094 qui
3502 3021 3648 3076 solus
3673 3020 3801 3076 sine

2204 3124 2424 3186 peccato
2449 3125 2552 3182 est,
2585 3125 2639 3171 et
2659 3125 2838 3170 nostra
2863 3123 3039 3186 potest
3058 3114 3236 3169 delere
3267 3122 3518 3185 peccata;
3548 3127 3801 3184 perversa:

2203 3217 2372 3262 autem
2414 3217 2532 3262 sunt
2570 3223 2684 3278 qua:
2719 3225 2752 3261 a
2791 3207 3009 3261 sinistris
3053 3204 3232 3277 (Prov.
3268 3221 3342 3271 IV,
3371 3204 3498 3276 27),
3547 3203 3800 3257 amicitiae

2203 3313 2325 3354 cum
2355 3301 2608 3370 peccatis.
2649 3300 2808 3354 Tales
2851 3300 3011 3354 etiam
3056 3299 3129 3352 illi
3157 3298 3342 3368 uiginti
3373 3313 3632 3352 annorum
3665 3296 3802 3350 ado-

2204 3391 2486 3448 lescentuli
2530 3392 2751 3462 ﬁguram
2802 3392 2924 3446 novi
2969 3391 3150 3461 pepuli
3199 3391 3597 3459 praemiserunt,
3623 3389 3711 3459 qui
3741 3388 3799 3444 in

2203 3490 2401 3537 terram
2441 3482 2814 3552 promissionis
2852 3483 3140 3545 intrarunt,
3170 3482 3258 3551 qui
3296 3496 3396 3535 nec
3435 3481 3488 3534 in
3517 3479 3799 3534 dexteram

2202 3589 2304 3630 nec
2331 3575 2383 3629 in
2410 3574 2682 3629 sinistram
2721 3574 2848 3629 dicti
2884 3583 3008 3629 sunt
3047 3573 3346 3628 declinasse
3373 3571 3472 3643 (α).
3506 3572 3621 3627 Non
3647 3571 3796 3626 enim

2202 3666 2389 3738 viginti
2413 3682 2675 3722 annorum
2697 3676 2828 3721 aetas
2849 3665 3207 3736 comparanda
3223 3673 3308 3720 est
3332 3665 3651 3720 innocentia:
3672 3679 3802 3735 par-

2201 3762 2448 3816 vulorum
2475 3779 2488 3815 :
2513 3759 2632 3826 sed,
2660 3761 2714 3816 ni
2741 3760 2917 3828 fallor,
2947 3759 3035 3815 hic
3073 3773 3326 3814 numerus
3373 3759 3654 3828 mysticum
3692 3758 3799 3812 ali-

2201 3853 2328 3924 quid
2350 3851 2634 3907 adumbrat
2659 3859 2715 3906 et
2741 3860 2980 3906 resonat.
3018 3850 3180 3906 Vetus
3210 3852 3354 3905 enim
3385 3850 3797 3904 Testamentum

2200 3946 2254 3999 in
2281 3945 2516 4014 quinque
2556 3943 2726 4016 Moysi
2767 3942 2920 3998 libris
2948 3943 3192 4010 excellit,
3219 3941 3424 3997 Novum
3453 3953 3630 3998 autem
3659 3957 3802 4011 qua-

2200 4047 2323 4092 tuor
2348 4036 2762 4108 Evangeliorum
2786 4037 3104 4091 auctoritate
3126 4034 3440 4108 praefulget;
3471 4035 3561 4106 qui
3579 4036 3798 4089 numeri

2198 4144 2298 4200 per
2339 4143 2400 4183 se
2446 4127 2780 4198 multiplicati
2825 4128 2892 4184 ad
2937 4130 3181 4184 vicenum
3221 4128 3803 4198 perveniuntzquatcr

2199 4222 2344 4276 enim
2370 4221 2540 4292 quini,
2573 4221 2659 4275 vel
2686 4220 2972 4291 quinquies
2999 4221 3270 4291 quaterni,
3296 4221 3478 4290 viginti
3507 4228 3650 4274 sunt.
3682 4219 3801 4273 Tu-

2199 4311 2266 4366 lis
2312 4311 2558 4382 populus,
2590 4319 2649 4365 ut
2679 4311 2925 4381 praedixi,
2960 4310 3199 4365 eruditus
3238 4311 3290 4364 in
3332 4325 3497 4381 regno
3525 4309 3794 4364 cwlorum

2199 4417 2297 4473 per
2323 4403 2430 4458 duo
2458 4401 2822 4470 Testamenta,
2855 4401 3024 4457 Vetus
3044 4411 3097 4457 et
3117 4402 3342 4468 Novum,
3373 4417 3482 4457 non
3510 4401 3796 4457 declinans

2199 4496 2252 4548 in
2279 4495 2554 4551 dexteram
2577 4496 2806 4564 superba
2833 4495 3249 4566 praesumptione
3265 4494 3508 4565 justitia},
3530 4510 3706 4565 neque
3737 4496 3797 4550 in

2199 4585 2470 4641 sinistram
2497 4601 2683 4641 secura
2701 4587 3056 4641 delectatione
3078 4587 3280 4656 peccati
3303 4587 3342 4652 ί,
3367 4587 3418 4640 in
3446 4595 3638 4640 terram
3660 4602 3792 4656 pro-

2199 4676 2472 4730 missionis
2503 4677 2721 4731 intrabit
2745 4694 2757 4728 :
2781 4677 2866 4732 ubi
2892 4677 3003 4747 jam
3052 4686 3267 4747 peccata
3308 4677 3529 4733 ulterius
3559 4693 3657 4733 nec
3693 4694 3802 4732 no-

2199 4767 2284 4824 bis
2307 4769 2553 4825 donanda
2577 4779 2845 4840 optemus,
2879 4786 2977 4826 nec
3016 4772 3068 4825 iu
3111 4773 3266 4826 nobis
3306 4771 3571 4842 punienda
3602 4772 3801 4826 timea-

2199 4878 2339 4930 mus,
2371 4863 2438 4917 ab
2465 4864 2559 4918 illo
2588 4863 2948 4934 Redemptore
2975 4863 3205 4931 liberati,
3239 4866 3329 4934 qui
3360 4881 3464 4920 non
3490 4865 3796 4920 venumda-

2198 4963 2284 5010 tus
2306 4956 2406 5010 sub
2433 4967 2673 5026 peccato,
2706 4959 2933 5013 redemit
2964 4959 3122 5014 Israel
3156 4960 3223 5013 ab
3253 4960 3502 5022 omnibus
3533 4960 3798 5030 iniquita-

2197 5048 2340 5105 tibus
2373 5048 2508 5120 ejus,
2551 5051 2663 5106 sive
2702 5053 2917 5123 propria
2949 5052 3262 5123 cujusquam
3282 5055 3303 5086 ⁸
3326 5054 3430 5108 vita
3458 5055 3792 5121 commissis,

2203 5143 2317 5197 sive
2341 5144 2671 5214 originaliter
2692 5147 2896 5200 tractis.
3661 5183 3665 5185 -

2267 5233 2493 5290 CAPUT
2514 5233 2922 5294 XXXVI.—58.
2943 5238 3022 5292 An
3042 5239 3213 5293 anima
3232 5256 3296 5294 ea:
3314 5239 3538 5294 traduce.
3560 5237 3627 5292 In
3639 5241 3802 5297 rebus

2262 5414 2528 5529 :ctlitglicani
2563 5424 2787 5481 quatuor,
2823 5426 2875 5470 et
2897 5426 3003 5471 tres
3036 5419 3245 5471 Vaticani
3281 5420 3492 5481 codices,
3535 5419 3804 5474 dilectione

2194 5489 2394 5540 peccati.

2259 5542 2376 5609 tsic
2412 5555 2585 5591 omnes
2626 5541 3212 5609 Gallicanimanuscripti.
3249 5550 3305 5595 At
3342 5544 3490 5606 editi,
3531 5544 3798 5609 cujusque.

2192 5607 2287 5674 Hae
2323 5602 2457 5674 forte
2481 5618 2601 5674 voce
2631 5605 2703 5654 uti
2741 5602 3211 5674 noluit‘Atpgustinus
3242 5609 3305 5656 ob
3339 5602 3508 5674 eorum
3548 5602 3802 5674 errorem),

2191 5666 2506 5732 gniprOprize
2525 5667 2653 5732 vita:
2677 5678 2872 5732 peccata
2894 5666 3293 5732 hmiiiuiﬂcuique
3329 5669 3475 5718 etiam
3509 5670 3675 5720 inl'anti
3700 5666 3806 5720 tri;

2191 5725 2428 5793 ﬂuebant.
2459 5727 2574 5793 vide
2598 5725 2762 5793 supra,
2788 5729 2873 5779 lib.
2904 5732 3054 5793 l,inn.
3080 5731 3157 5790 2:2,
3183 5725 3262 5793 δί,
3287 5733 3363 5789 65,
3391 5732 3470 5780 64.

2255 5789 2326 5861 (α)
2362 5791 2616 5861 [respicere
2640 5789 2832 5861 videtur
2868 5789 3116 5843 in’locum
3139 5789 3272 5861 anni.
3312 5809 3406 5852 xw,
3450 5795 3531 5861 ubi
3565 5795 3802 5861 omnibus

2190 5853 2274 5911 qui
2300 5863 2326 5898 a
2350 5853 2680 5916 vigintiannis
2698 5862 2748 5902 ut
2771 5868 2914 5916 supra
2934 5859 3174 5906 numerati
3192 5864 3322 5912 sunt,
3348 5859 3486 5905 morti
3513 5871 3561 5906 ιη
3584 5858 3799 5910 deserto

2190 5912 2429 5962 obeunda:
2455 5913 2669 5976 addictis,
2687 5912 2909 5969 decrevit
2929 5926 3058 5968 Deus
3078 5928 3285 5971 caeteros
3302 5922 3349 5970 in
3374 5929 3554 5970 terram
3579 5921 3797 5981 promis-

3847 5360 3898 5411 ἰ)

3833 5451 3897 5565 ἃ
