4016 6482
220 439 304 496 185
1575 433 1779 492 LIBER
1815 431 2131 490 TERTIUS.

218 551 446 618 obscuris,
461 549 552 606 uti
580 551 878 623 Scriptura:
896 567 997 606 non
1015 551 1280 624 adjuvant,
1299 551 1520 606 cavenda
1540 550 1812 625 judicandi

226 645 482 703 temeritas.
517 643 820 715 Scriptura:
841 645 993 700 clara:
1017 644 1069 698 in
1089 644 1168 699 Itis
1191 659 1304 714 qua:
1323 643 1391 697 ad
1413 642 1626 698 salutent
1650 660 1814 698 neces-

222 739 618 798 sm'asunhNon
631 740 782 795 enim
798 755 983 810 parum
999 739 1311 810 paginarum
1325 737 1622 794 divinarum
1638 749 1814 793 aucto-

222 835 356 891 ritati
390 833 715 904 veritatique
745 842 1044 897 cesserunt,
1068 833 1158 904 qui
1186 835 1286 888 etsi
1314 833 1601 888 noluerunt
1621 833 1813 888 litteris

222 929 324 983 suis
346 935 536 997 aperte
557 925 888 996 exprimere,
910 926 1144 996 parvulis
1169 925 1540 980 remissionem
1575 940 1814 980 necessa-

219 1022 342 1076 riam
373 1027 745 1090 peccatorum,
776 1017 1204 1088 redemptionem
1234 1026 1412 1072 tamen
1433 1018 1512 1072 eis
1533 1033 1666 1090 opus
1691 1032 1813 1074 esse

219 1115 444 1171 confessi
465 1122 611 1167 sunt.
632 1113 755 1168 Alio
767 1114 964 1184 quippe
978 1113 1162 1179 verbo,
1183 1113 1342 1168 etiam
1361 1113 1478 1183 ipso
1494 1113 1559 1167 de
1572 1112 1814 1167 christia-

219 1224 276 1263 na
297 1207 606 1263 eruditione
620 1207 960 1277 deprompto,
987 1207 1121 1262 nihil
1136 1207 1279 1261 aliud
1295 1208 1515 1262 omnino
1536 1207 1805 1262 dixerunt.

214 1302 312 1357 Nec
339 1299 703 1356 dubitandum
743 1311 828 1354 est
853 1303 872 1331 ί
906 1300 988 1354 his
1015 1299 1103 1370 qui
1147 1299 1325 1354 divina
1357 1301 1554 1370 scripta
1584 1301 1812 1355 ﬁdeliter

214 1396 426 1466 legunt,
480 1392 717 1448 ﬁdeliter
756 1391 1000 1458 audiunt,
1049 1391 1277 1446 ﬁdeliter
1319 1400 1524 1458 tenent,
1557 1391 1700 1462 quod
1743 1393 1811 1446 ab

214 1487 291 1542 illa
318 1501 492 1540 carne
522 1500 643 1554 quae
671 1484 821 1554 prius
851 1483 1379 1553 voluntate’peccati
1413 1483 1547 1536 facta
1575 1493 1657 1538 est
1684 1498 1810 1538 caro

214 1577 433 1648 peccati,
485 1575 749 1645 deinceps
800 1591 896 1646 per
945 1574 1342 1632 successionem
1393 1583 1702 1631 transeunte
1756 1577 1808 1631 in

215 1685 392 1724 omnes
450 1667 851 1738 proscriptione
896 1665 1189 1737 iniquitatis
1236 1677 1290 1722 et
1329 1667 1516 1721 mortis
1560 1682 1687 1722 caro
1741 1668 1810 1722 sit

213 1769 498 1832 propagata
547 1759 777 1828 peccati,
820 1766 1043 1828 excepta
1089 1773 1192 1812 una
1243 1757 1596 1814 similitudine
1630 1760 1809 1815 carnis

217 1853 429 1925 peccati,
461 1865 588 1922 quae
613 1859 792 1906 tamen
821 1866 926 1905 non
950 1859 1116 1917 esset,
1142 1849 1246 1904 nisi
1273 1857 1416 1905 esset
1442 1858 1497 1906 et
1519 1865 1646 1906 caro
1676 1866 1806 1921 pee-

215 1948 325 2001 cati.

274 2038 362 2094 59.
388 2036 468 2093 De
489 2036 674 2091 anima
698 2050 848 2101 vero,
872 2044 1050 2091 utrum
1077 2045 1133 2092 et
1154 2035 1266 2106 ipsa
1294 2036 1485 2092 eodem
1512 2037 1674 2092 modo
1692 2052 1809 2108 pro-

213 2139 416 2204 pagata,
444 2138 601 2186 reatu
652 2129 744 2200 qui
785 2128 837 2184 ei
881 2128 1181 2184 dimittatur
1218 2129 1474 2185 obstricta
1502 2129 1572 2185 sit
1597 2131 1808 2201 (neque

214 2225 340 2279 enim
379 2237 678 2294 possumus
724 2220 926 2288 dicere,
968 2221 1138 2276 solam
1176 2237 1392 2278 carnem
1441 2224 1670 2294 parvuli,
1699 2240 1805 2280 non

214 2318 364 2372 etiam
404 2315 648 2369 animam
697 2312 938 2384 indigere
986 2313 1281 2370 Salvatoris
1329 2322 1384 2370 et
1430 2315 1808 2386 Redemptoris

212 2409 422 2473 auxilio,
455 2407 800 2476 alienamque
822 2405 891 2460 ab
911 2421 972 2461 ea
999 2421 1118 2461 esse
1141 2408 1432 2478 gratiarum
1461 2408 1672 2464 actione
1687 2425 1805 2480 qua:

213 2504 258 2559 in
289 2502 524 2559 Psalmis
551 2509 657 2568 est,
690 2499 781 2554 ubi
817 2499 1042 2570 legimus
1066 2508 1122 2556 et
1143 2500 1392 2568 dicimus,
1424 2501 1665 2570 Benedic,
1688 2505 1803 2558 ani-

211 2612 287 2648 ma
313 2600 448 2658 mea;
472 2593 788 2658 Dominum;
809 2601 857 2645 et
885 2593 991 2646 noli
1013 2592 1239 2648 oblivisci
1261 2609 1433 2647 onmes
1454 2594 1806 2651 retributiones

207 2688 320 2749 eius
346 2702 363 2740 :
385 2687 471 2754 qui
492 2685 736 2755 propitius
764 2685 824 2754 fit
848 2684 1077 2740 omnibus
1102 2686 1449 2756 iniquitatibus
1470 2688 1586 2754 tuis,
1619 2690 1706 2760 qui
1721 2706 1805 2743 sa-

213 2788 306 2832 nat
344 2794 519 2833 omnes
559 2779 822 2850 languores
862 2787 994 2846 tuos,
1024 2779 1111 2850 qui
1149 2779 1351 2834 redimit
1393 2779 1458 2834 de
1485 2783 1806 2852 corruptione

385 2917 884 2988 introducereuzetate
899 2919 1136 2988 juniores,
1171 2920 1256 2984 qui
1286 2928 1449 2988 ἶιοξιιεξ,
1488 2935 1625 2980 nm,
1665 2924 1715 2985 6,
1753 2925 1802 2988 8,

209 2978 453 3052 laudantur
475 2995 574 3029 non
604 2981 887 3031 declinasse
901 2978 939 3029 'a
963 2980 1098 3044 lege,
1123 2978 1218 3032 nec
1244 2983 1304 3033 ad
1325 2978 1586 3035 dexteram
1613 2978 1712 3039 nec
1743 2978 1805 3040 ad

207 3051 450 3091 εωιδιηω.

265 3144 280 3174 ⁸
304 3151 401 3192 Am.
426 3149 505 3193 Er.
534 3152 587 3194 et
609 3153 743 3205 Mss.,
770 3158 897 3196 esse.

263 3207 282 3237 ³
301 3207 433 3269 Editi,
465 3205 728 3271 voluptate.
755 3215 884 3258 'tres
905 3215 1030 3271 Msa,
1055 3207 1311 3262 voltmtate.

1921 548 2074 602 vitam
2102 558 2238 603 tuam
2262 548 2430 623 [Psal.
2453 555 2523 610 cit
2543 597 2555 620 ,
2573 557 2718 632 24])
2743 575 2844 615 :an
2870 562 3032 620 etiam
3058 580 3168 623 non
3196 582 3510 645 propagata,

1922 655 1988 695 eo
2011 641 2125 711 ipso
2160 658 2268 713 quo
2311 646 2458 700 carni
2497 651 2700 716 peccati
2727 657 3063 724 aggravanda
3095 641 3373 731 miscetur,
3399 668 3511 736 jam

1921 733 2089 804 ipsius
2135 737 2341 806 peccati
2384 741 2702 798 remissione
2743 755 2800 800 et
2838 762 2932 804 sua
2977 752 3348 826 redemptione
3377 774 3512 830 opus

1920 824 2133 892 habeat,
2167 829 2275 884 Deo
2319 846 2416 900 per
2455 848 2716 891 summam
2756 843 3144 908 przescientiam
3171 824 3508 922 v‘judicante,

1920 919 2011 988 qui
2059 922 2380 990 parvuli'ab
2435 927 2539 982 isto
2585 939 2736 986 reatu
2787 949 2894 989 non
2941 950 3248 998 mereantur
3284 945 3508 1016 absolvi,

1921 1012 2081 1068 etiam
2109 1017 2198 1086 qui
2226 1018 2460 1075 nondum
2489 1023 2598 1077 nati
2628 1024 2761 1080 nihil
2796 1029 2990 1086 alicubi
3029 1037 3244 1106 pr0pria
3275 1053 3368 1093 sua
3398 1012 3508 1095 vita

1921 1117 2144 1174 egerunt
2181 1109 2262 1164 vel
2298 1109 2424 1166 boni
2452 1114 2536 1168 vel
2562 1115 2687 1171 mali
2716 1128 2808 1174 :et
2836 1124 3107 1191 quomodo
3131 1127 3271 1182 Deus
3298 1131 3508 1187 etiamsi

1919 1209 2026 1249 non
2053 1195 2121 1251 de
2146 1199 2366 1256 traduce
2400 1204 2608 1259 animas
2645 1218 2813 1274 creat,
2839 1227 2946 1267 non
2986 1214 3057 1269 sit
3095 1224 3273 1273 tamen
3319 1232 3506 1277 auctor

1919 1299 2100 1345 reatus
2128 1292 2387 1360 ejusdem,
2420 1309 2642 1369 propter
2661 1318 2820 1372 quem
2845 1305 3146 1378 redemptio
3175 1311 3509 1372 Sacramentl

1920 1385 2220 1439 necessaria
2247 1397 2329 1441 est
2353 1397 2406 1443 et
2428 1392 2620 1447 anima:
2644 1398 2847 1463 parvuli
2864 1399 2885 1430 ⁸
2911 1417 2923 1452 :
2949 1417 3136 1473 magna
3159 1407 3384 1474 quaestio
3404 1417 3506 1477 est,

1918 1476 2184 1548 aliamque
2199 1478 2612 1550 disputationem
2635 1487 2924 1559 desiderat,
2943 1509 3009 1548 eo
3028 1505 3226 1563 tamen,
3251 1476 3507 1570 quantum

1917 1569 2170 1637 arbitror,
2193 1573 2559 1632 moderamine
2577 1587 2948 1653 temperatam,
2972 1597 3031 1643 ut
3049 1592 3218 1662 magis
3236 1569 3508 1664 inquisitio

1917 1669 2072 1712 cauta
2102 1659 2368 1728 laudetur,
2393 1681 2550 1735 quam
2590 1673 2919 1742 praecipitata
2955 1659 3380 1747 reprehendatur
3416 1700 3499 1739 as-

1917 1750 2104 1804 sertio.
2132 1751 2230 1807 Ubi
2260 1755 2404 1809 enim
2446 1756 2513 1812 de
2544 1775 2603 1814 re
2629 1762 3008 1820 obscurissima
3037 1768 3358 1841 disputatur,
3398 1791 3504 1832 non

1916 1842 2290 1913 adjuvantibus
2316 1848 2616 1906 divinarum
2645 1853 3040 1926 Scripturarum
3062 1864 3224 1918 certis
3243 1865 3509 1939 elatisque

1915 1932 2281 2003 documentis,
2314 1941 2566 1999 cohibere
2596 1959 2654 2000 se
2681 1946 2842 2004 debet
2874 1949 3107 2008 humana
3134 1959 3506 2028 praesumptio,

1915 2026 2049 2081 nihil
2076 2026 2278 2085 faciens
2297 2032 2348 2086 in
2369 2045 2574 2104 partem
2603 2038 2825 2096 alteram
2847 2043 3187 2102 declinando.
3212 2050 3278 2104 Et
3297 2051 3340 2104 si
3363 2026 3507 2108 enim

1915 2119 2190 2188 quodlibet
2219 2122 2430 2192 horum,
2461 2131 2910 2198 quemadmodum
2936 2135 3293 2195 demonstrari
3323 2151 3379 2197 et
3407 2159 3502 2199 ex-

1915 2209 2102 2278 plicari
2156 2215 2348 2282 possit,
2402 2217 2678 2288 ignorem;
2727 2223 2854 2279 illud
2911 2235 3088 2283 tamen
3138 2231 3319 2299 credo,
3361 2235 3508 2304 quod

1917 2302 2078 2356 etiam
2110 2303 2234 2361 hinc
2261 2307 2563 2366 divinorum
2593 2314 2928 2385 eloquiorum
2954 2320 3250 2377 clarissima
3280 2329 3506 2383 auctori-

1915 2404 1996 2448 tas
2020 2406 2185 2463 esset,
2215 2399 2258 2454 si
2292 2401 2454 2457 bomo
2482 2404 2534 2459 id
2558 2405 2675 2461 sine
2704 2408 2986 2480 dispendio
3013 2416 3291 2483 promissze
3317 2419 3505 2474 salutis

1915 2490 2161 2560 ignorare
2206 2509 2309 2549 non
2342 2507 2541 2565 posset.
2580 2501 2756 2557 Ilabes
2785 2504 3140 2573 elaboratum,
3165 2511 3365 2565 utinam
3399 2522 3506 2567 tam

1911 2583 2254 2640 commodum
2293 2605 2452 2658 quam
2497 2595 2784 2660 prolixum,
2815 2612 2912 2666 pro
2952 2601 3087 2656 meis
3119 2603 3318 2658 viribus
3346 2620 3502 2674 opus,

1913 2671 2068 2742 cujus
2091 2676 2448 2744 prolixitatem
2480 2680 2710 2739 fortasse
2741 2685 3105 2757 defenderem,
3135 2693 3236 2747 nisi
3268 2694 3318 2749 id
3347 2671 3504 2753 vere-

1913 2777 2002 2818 rer
2030 2763 2205 2822 facere
2233 2767 2577 2828 defendendo
2603 2776 2881 2844 prolixius.

1978 2962 2200 3046 LBelgici
2222 2972 2332 3018 Mss.
2353 2977 2406 3020 et
2426 2971 2523 3022 duo
2541 2985 2602 3022 ex
2620 2972 2868 3025 Gallicanis
2887 3013 2902 3039 ,
2944 2991 3032 3042 per
3071 2993 3210 3032 suam
3245 2982 3506 3046 prcescien-

2105 3020 2132 3027 ν
2502 3020 2513 3022 ἡ
2631 3020 2681 3023 -_
2704 3020 2902 3039 ,-.._---_,
2945 3020 3016 3042 Γ-.
3071 3020 3210 3032 νη...
3247 3020 3350 3046 ,ηιν

1911 3020 2165 3169 antiqui,
2213 3092 2311 3169 qui
2341 3095 2680 3169 parvulorum._
2716 3107 2772 3150 At
2793 3106 2918 3169 μεθ.
2941 3139 2956 3164 ,
3011 3103 3095 3166 qui
3145 3107 3350 3169 parvuli.

1977 3148 2000 3180 ⁸
2025 3148 2400 3235 l’leri‘que'ﬂss,
2437 3159 2710 3232 necessaria
2731 3148 2800 3235 est
2823 3148 3126 3234 exterminia
3348 3183 3368 3233 ἰ
3389 3184 3505 3235 sui"

1913 3207 2016 3272 ple,
2041 3207 2226 3264 auctor.
2253 3207 2399 3279 aditi,
2416 3207 3202 3292 necessariiaieslariin'ue‘parui’ntl'i."

1101 3311 3487 3373 ea.“

1242 3371 1723 3484 LIBER
1811 3381 2130 3496 TER
2149 3392 2319 3499 TI
2328 3396 2512 3504 US
2545 3481 2578 3520 ,

259 3793 304 3837 tn
318 3800 413 3853 qua
428 3789 730 3851 Augustinus
747 3786 941 3862 pelagii
963 3788 1089 3840 circa
1104 3792 1427 3862 qtuestionem
1447 3795 1513 3845 de

201 3858 356 3900 contra
388 3858 652 3915 peccatum
687 3858 814 3915 origi

204 4001 503 4059 Charissimo
554 4005 664 4074 [ilio
702 4003 1084 4071 MARCELLINO,
1125 4005 1464 4063 AUGUSTINUS
1515 4010 1802 4084 episcOpus,

270 4113 436 4150 servus
456 4094 650 4152 Christi
661 4112 1018 4166 seruorumque
1032 4096 1239 4164 Christi,
1260 4102 1312 4153 in
1327 4099 1545 4157 Domino
1565 4105 1802 4163 salutem.

269 4188 494 4245 CAPUT
539 4189 826 4245 PRIMUM.
867 4219 938 4229 --
988 4189 1039 4245 1.
1079 4189 1320 4264 Pelagius
1373 4196 1684 4253 existimatus
1731 4201 1808 4254 vir

205 4293 420 4338 sanctus.
481 4282 616 4354 Ejus
658 4282 995 4354 expositiones
1037 4281 1090 4337 in
1133 4282 1378 4340 Paulum.
1435 4288 1511 4344 De
1552 4291 1806 4360 quaestio-

205 4376 355 4431 nibus
407 4393 547 4448 quas
613 4377 744 4432 mihi
812 4391 1169 4448 proposueras
1203 4421 1217 4444 ,
1277 4388 1333 4435 ut
1391 4379 1457 4435 ad
1504 4390 1554 4436 te
1607 4383 1805 4453 aliquid

201 4471 497 4526 Scriberem
531 4469 790 4526 adversus
817 4485 911 4526 eos
939 4471 1028 4541 qui
1057 4471 1239 4526 dicunt
1261 4472 1431 4527 Adam
1462 4474 1670 4529 etiamsi
1697 4490 1802 4531 non

203 4571 502 4630 peccasset,
552 4560 717 4618 fuisse
766 4562 1123 4629 moriturum,
1172 4578 1272 4618 nec
1314 4579 1379 4619 ex
1422 4565 1539 4634 ejus
1585 4575 1805 4636 peccato

200 4653 492 4724 quidquam
545 4652 612 4706 ad
663 4651 780 4723 ejus
825 4661 1069 4723 posteros
1116 4655 1459 4724 propagando
1507 4656 1801 4724 transisse,

199 4749 439 4802 maxime
467 4754 690 4818 propter
715 4746 1042 4816 Baptismum
1074 4747 1442 4816 parvulorum,
1469 4763 1628 4818 quem
1655 4764 1805 4806 more

199 4839 445 4908 piissimo
471 4846 632 4908 atque
658 4847 901 4893 materno
930 4839 1175 4893 universa
1204 4837 1504 4908 frequentat
1527 4840 1763 4897 Ecclesia
1784 4885 1798 4907 ,

199 4942 249 4986 ct
274 4932 421 5007 quod
447 4932 500 4986 in
532 4931 632 4986 hac
661 4932 768 4985 vita
800 4930 932 4996 sint,
986 4930 1205 4996 fuerint,
1251 4930 1520 5001 futurique
1563 4933 1670 4987 sint
1707 4934 1803 4988 filii

198 5025 486 5079 hominum
527 5022 734 5077 nullum
783 5021 1040 5077 habentes
1079 5023 1297 5079 omnino
1336 5033 1648 5094 peccatum,
1691 5024 1802 5094 jam

194 5117 333 5173 duos
365 5118 614 5190 prolixos
656 5116 988 5171 absolveram
1022 5116 1225 5171 libros:
1272 5117 1464 5186 quibus
1500 5118 1626 5172 mihi
1658 5120 1804 5174 visus

196 5223 343 5274 sum,
365 5223 477 5262 non
505 5207 724 5277 quidem
752 5205 998 5261 omnibus
1031 5206 1269 5261 omnium
1301 5209 1599 5264 occurrisse
1629 5209 1679 5263 iu
1703 5209 1804 5266 hac

190 5316 355 5356 causa
373 5301 611 5357 motibus
627 5301 946 5366 animorum,
965 5300 1104 5370 quod
1119 5301 1247 5355 vela
1263 5316 1371 5365 me,
1395 5303 1478 5356 vel
1494 5317 1521 5355 a
1537 5318 1801 5373 quoquam

193 5404 376 5448 utrum
403 5393 519 5448 ﬁeri
546 5393 718 5465 possit
744 5393 952 5462 ignoro,
982 5393 1090 5446 imo
1119 5391 1230 5446 ﬁeri
1258 5407 1363 5446 non
1392 5407 1548 5462 posse
1573 5409 1676 5448 non
1704 5395 1804 5451 du-

194 5487 350 5552 bito;
379 5487 475 5542 sed
518 5495 699 5542 tamen
739 5485 914 5555 egisse
950 5483 1170 5554 aliquid,
1212 5499 1318 5554 quo
1355 5485 1424 5539 de
1453 5485 1535 5540 his
1573 5486 1733 5541 rebus
1771 5503 1802 5542 a

192 5578 491 5648 majoribus
524 5576 735 5631 traditze
786 5573 911 5629 ﬁdei
956 5573 1268 5630 defensores
1307 5583 1492 5629 contra
1538 5576 1801 5632 novitates

190 5685 386 5726 eorum
415 5669 508 5740 qui
537 5670 696 5724 aliter
721 5667 986 5730 sentiunt,
1021 5681 1126 5721 non
1160 5666 1392 5722 inermes
1422 5682 1802 5737 usquequaque

192 5763 580 5817 consisterent.
609 5759 811 5814 Verum
845 5765 965 5826 post
993 5758 1342 5828 paucissimos
1372 5758 1486 5812 dies
1517 5760 1614 5829 legi
1649 5759 1801 5814 Pela-

189 5857 264 5926 gii
300 5857 540 5926 quaedam
570 5854 798 5921 scripta,
822 5851 921 5904 viri
945 5859 1003 5906 ut
1026 5850 1182 5905 audio
1209 5851 1398 5916 sancti,
1425 5859 1479 5907 ct
1505 5867 1608 5905 non
1639 5867 1800 5921 parvo

191 5957 453 6020 provectu
482 5944 790 6013 christiani,
829 5957 949 6014 quae
990 5941 1044 5999 in
1088 5943 1236 6000 Pauli
1274 5943 1499 6016 apostoli
1545 5944 1799 6016 epistolas

1393 3805 2066 3891 ﬂqg'gﬁcnc‘aio'rug
2082 3813 2232 3891 etde
2264 3817 2572 3891 parvulorum
2611 3825 2848 3891 Baptismo
2871 3841 3084 3891 errores,
3116 3834 3223 3884 sive
3255 3835 3512 3890 nonnullas

902 3863 951 3912 e,
994 3865 1116 3915 quas
1145 3853 1232 3904 ille
1267 3856 1370 3905 suis
1391 3855 1441 3906 in
1463 3853 1658 3908 Paulum
1682 3853 2069 3926 expositionith
2085 3853 3175 3957 iisﬁéri’éiéi'ﬁé‘éiné’il‘ﬁiigfes”

1913 4025 2275 4094 expositiones
2317 4031 2663 4095 brevissimas
2706 4043 3044 4126 continerent
3075 4045 3152 4118 (a)
3193 4067 3207 4104 :
3245 4058 3402 4121 atque
3432 4051 3506 4107 ibi

1912 4119 2180 4186 comperi,
2203 4135 2326 4176 cum
2356 4124 2423 4179 ad
2457 4127 2604 4184 illum
2625 4134 2860 4191 venisset
2879 4119 3074 4206 locum,
3103 4140 3192 4196 ubi
3214 4140 3340 4197 dicit
3366 4143 3511 4213 Apo-

1911 4207 2100 4275 stolus,
2130 4227 2226 4281 per
2247 4230 2408 4271 unum
2428 4219 2698 4279 hominem
2721 4239 2996 4295 peccatum
3016 4233 3244 4290 intrasse
3267 4236 3319 4290 in
3342 4251 3502 4292 mun-

1912 4296 2060 4366 dum,
2080 4310 2132 4356 et
2153 4318 2248 4372 per
2263 4318 2537 4375 peceatum
2565 4326 2816 4383 mortem,
2831 4328 2988 4391 atque
3015 4323 3087 4378 ita
3118 4325 3172 4380 in
3190 4339 3378 4381 omnes
3405 4327 3511 4383 ho-

1913 4389 2086 4446 mines
2106 4392 2278 4465 (Rom.
2305 4414 2362 4467 v,
2388 4400 2476 4473 12)
2504 4411 2879 4476 pertransisse,
2906 4389 3190 4480 quamdam
3211 4430 3396 4471 eorum
3418 4433 3510 4473 ar-

1911 4485 2362 4550 gumentationem
2378 4493 2464 4561 qui
2481 4507 2674 4566 negant
2695 4501 2948 4568 parvulos
2964 4514 3236 4572 peceatum
3253 4508 3512 4578 originale

1911 4585 2125 4646 gestare
2152 4595 2166 4633 :
2199 4595 2360 4650 quam
2391 4584 2562 4642 fateor
2587 4589 2640 4643 in
2671 4591 2776 4646 illis
2805 4602 2909 4647 tam
2955 4594 3126 4665 longis
3151 4597 3511 4659 voluminibus

1913 4668 2050 4725 meis
2078 4685 2184 4726 non
2214 4673 2420 4744 refelli,
2465 4681 2582 4748 quia
2630 4683 2680 4736 in
2723 4695 2956 4741 mentem
2988 4689 3118 4744 mihi
3143 4692 3365 4747 omnino
3400 4709 3510 4751 non

1913 4772 2155 4832 venerat,
2183 4781 2504 4840 quemquam
2531 4789 2689 4843 posse
2719 4778 2843 4833 talia
2867 4781 3102 4851 cogitare
3127 4825 3140 4849 ,
3186 4785 3270 4839 vel
3308 4786 3510 4845 dicere.

1913 4854 2248 4928 Quapropter
2288 4866 2538 4932 quoniam
2568 4867 2640 4922 illi
2673 4871 2844 4940 Operi,
2887 4873 3030 4942 quod
3065 4875 3176 4945 jam
3215 4887 3365 4934 certo
3406 4881 3514 4938 ﬁne

1914 4948 2306 5017 concluseram,
2351 4955 2483 5012 nihil
2530 4959 2727 5015 addere
2769 4963 2948 5031 volui;
2994 4973 3048 5021 et
3091 4967 3259 5038 ipsam
3307 4971 3510 5029 eisdem

1917 5043 2092 5098 verbis
2118 5045 2312 5115 quibus
2343 5063 2461 5104 eam
2494 5052 2618 5122 legi,
2647 5064 2700 5108 et
2728 5057 2854 5126 quid
2880 5058 3008 5114 mihi
3035 5070 3221 5116 contra
3242 5063 3509 5136 videatur,

1916 5134 2039 5191 huic
2067 5140 2308 5208 epistolae
2335 5141 2678 5202 inserendum
2709 5151 2912 5218 putavi.

1985 5230 2209 5288 CAPUT
2247 5234 2404 5290 IL—
2431 5238 2486 5293 2.
2528 5239 2757 5313 Objectio
2804 5243 3025 5318 Pelagii.
3060 5247 3276 5305 Parvuli
3314 5251 3367 5305 in
3405 5269 3511 5306 rre-

1913 5324 2135 5378 dentium
2159 5337 2205 5381 et
2235 5329 2463 5398 fidelium
2493 5351 2700 5390 numero
2730 5337 2978 5406 deputati.
3025 5341 3114 5398 Sic
3139 5358 3267 5413 ergo
3297 5345 3385 5398 illa
3421 5360 3511 5399 aro
3577 5334 3586 5341 ’

1910 5422 2242 5487 gumentatio
2289 5426 2461 5495 posita
2502 5437 2582 5482 est
2627 5447 2641 5482 :
2678 5428 2748 5483 lli
2800 5441 2990 5498 autem,
3023 5433 3211 5502 inquit,
3242 5436 3328 5503 qui
3373 5449 3499 5489 con-

1912 5520 1990 5564 tra
2038 5515 2298 5570 traducem
2353 5520 2542 5588 peccati
2595 5532 2740 5588 sunt,
2791 5524 2864 5576 ita
2900 5525 3043 5578 illaut
3079 5525 3379 5594 impugnare
3420 5526 3501 5578 ni-

1912 5612 2120 5661 tuntur:
2142 5607 2204 5662 Si
2225 5609 2371 5677 Adae,
2400 5611 2664 5682 inquiunt,
2696 5623 2953 5686 peccatum
2981 5617 3130 5669 etiam
3159 5631 3260 5667 non
3289 5631 3506 5684 peccan-

1974 5769 2048 5842 (a)
2067 5769 2244 5842 Pelagii
2268 5770 2316 5818 in
2325 5769 2532 5843 APaulum
2545 5773 3048 5843 Commentarioscit‘at
3058 5775 3286 5843 Mercator
3302 5771 3354 5820 in
3372 5780 3510 5843 (ξοπι-

1910 5832 2305 5894 ιῐιοῐιὶιονίοίρθν.
2325 5832 2374 5892 2,
2400 5842 2451 5883 et
2473 5837 2742 5908 sentgntias
2759 5832 2888 5904 illius
2908 5833 3086 5908 ibidem
3111 5833 3294 5908 profert
3311 5834 3505 5908 multas,

1906 5908 2020 5956 qua!
2042 5895 2245 5943 totidem
2259 5895 2376 5957 Al'erc
2400 5898 2564 5957 verbis
2587 5895 2814 5957 leguntur
2839 5897 2888 5945 in
2919 5896 3284 5946 Commentariis
3304 5895 3504 5948 nomine

1911 5955 2182 6018 Hieronymi
2209 5955 2329 6005 falso
2348 5970 2365 6014 ι
2383 5956 2620 6005 ublicatis.
