4016 6516
523 302 592 329 σε-
664 320 706 329 ..κ

507 405 623 473 Hs}

503 522 633 581 tinus
659 524 847 588 nocuit,
875 533 1070 597 ergoet
1094 522 1281 579 Christi
1298 523 1502 595 justitia
1529 524 1678 579 etiam
1705 538 1808 579 non
1849 523 2092 579 credenti-

508 616 598 674 bus
640 619 880 689 prodest;
927 619 1049 692 quia
1089 619 1341 686 similiter,
1391 620 1496 675 imo
1546 629 1593 674 et
1630 620 1792 689 magis
1829 618 1954 673 dicit
2004 635 2094 690 per

501 726 657 767 unum
676 711 882 779 salvari,
904 727 1054 782 quam
1072 728 1161 783 per
1178 729 1337 766 unum
1356 721 1471 767 ante
1487 712 1756 783 perierunt.
1786 712 1916 766 lluic
1936 725 2063 781 ergo
2076 750 2092 777 ,

502 810 561 859 ut
601 803 750 871 dixi,
793 815 1105 876 argumento
1133 805 1189 861 in
1217 805 1322 860 illis
1355 805 1561 861 duobus
1591 804 1738 860 libris
1766 818 1899 875 quos
1925 803 1992 858 ad
2036 811 2089 858 te

498 896 710 967 scripsi,
743 896 872 950 nihil
899 897 1170 967 respondi,
1194 912 1369 969 neque
1399 896 1453 953 id
1487 896 1617 953 mihi
1654 909 1870 966 prorsus
1901 894 2087 950 redar-

498 985 765 1057 guendum
813 988 1082 1060 proposui.
1115 987 1266 1045 Nunc
1309 1003 1437 1060 ergo
1476 988 1621 1059 prius
1660 986 1789 1042 illud
1829 985 2087 1054 attende,

498 1079 947 1150 quemadmodum
958 1095 1080 1141 cum
1099 1081 1301 1149 dicunt,
1323 1080 1523 1137 SiAdas
1541 1091 1802 1152 peccatum
1822 1081 1971 1134 etiam
1989 1096 2092 1134 non

500 1174 817 1245 peccantibus
837 1183 997 1243 nocet,
1012 1185 1058 1232 et
1074 1174 1258 1232 Christi
1270 1176 1474 1248 justitia
1486 1174 1639 1231 etiam
1654 1191 1756 1228 non
1775 1172 2091 1228 credentibus

498 1267 735 1337 prodest,
766 1268 1207 1329 absurdissimum
1238 1268 1421 1340 utique
1461 1278 1516 1324 et
1555 1267 1899 1322 falsissimum
1939 1266 2088 1336 judi-

495 1369 640 1427 cant,
667 1368 726 1416 ut
749 1360 945 1416 Christi
966 1360 1173 1431 justitia
1198 1361 1359 1416 etiam
1384 1374 1490 1415 non
1515 1358 1856 1417 credentibus
1883 1358 2085 1428 prosit;

495 1452 638 1510 unde
656 1461 846 1525 putant
865 1452 1077 1521 conﬁci,
1105 1468 1207 1510 nec
1234 1454 1392 1525 primi
1413 1453 1645 1510 hominis
1664 1461 1941 1524 peccatum
1962 1467 2088 1522 paro

494 1546 641 1603 vulis
666 1563 773 1603 non
805 1547 1147 1619 peccantibus
1170 1561 1369 1605 nocere
1398 1546 1655 1618 potuisse,
1681 1549 1819 1603 sicut
1851 1555 1906 1602 et
1939 1545 2092 1605 Chrio

492 1637 782 1709 stijustitia
813 1639 1068 1710 prodesse
1099 1639 1221 1697 ullis
1250 1654 1356 1696 non
1386 1639 1726 1696 credentibus
1755 1653 1864 1695 non
1891 1648 2086 1710 potest.

494 1730 683 1790 Dicant
726 1733 937 1804 itaque,
970 1732 1169 1789 Christi
1208 1733 1414 1805 iustitia
1463 1732 1592 1804 quid
1636 1732 1918 1803 baptizatis
1966 1747 2090 1802 par-

493 1825 631 1883 vulis
678 1829 847 1897 prosit
883 1844 896 1881 :
931 1827 1112 1884 dicant
1153 1828 1373 1885 omnino
1417 1828 1560 1900 quod
1585 1828 1790 1884 volunt.
1833 1826 2085 1883 Profecto

494 1917 659 1984 enim,
704 1917 751 1972 si
798 1931 858 1974 se
899 1916 1233 1975 Christianos
1281 1934 1405 1976 esse
1456 1920 1845 1983 meminerunt,
1891 1917 2090 1989 aliquid

494 2012 752 2084 prodesse
771 2028 878 2070 non
901 2014 1194 2086 ambigunt.
1218 2014 1509 2083 Quodlibet
1534 2014 1694 2086 igitur
1715 2013 1902 2085 prosit,
1925 2012 2093 2085 prod-

493 2120 636 2174 esse,
659 2107 799 2163 sicut
821 2107 984 2164 etiam
1010 2108 1113 2179 ipsi
1139 2117 1410 2175 asserunt,
1447 2123 1554 2164 non
1592 2108 1933 2164 credentibus
1980 2122 2091 2163 non

494 2208 688 2271 potest.
733 2200 882 2258 Unde
925 2210 1192 2274 coguntur
1232 2201 1486 2274 parvulos
1530 2202 1828 2273 baptizatos
1869 2201 1924 2255 in
1965 2215 2088 2256 cre-

495 2293 735 2349 dentium
782 2310 1009 2351 numero
1065 2295 1345 2366 deputare;
1392 2304 1450 2351 et
1493 2295 1797 2351 auctoritati
1841 2302 2042 2349 sancta:
2069 2293 2089 2325 ⁸

505 2385 704 2458 ubique
746 2388 999 2445 Ecclesia;
1024 2390 1328 2445 consentire
1351 2431 1366 2456 ,
1412 2404 1532 2461 quae
1572 2388 1810 2445 ﬁdelium
1857 2402 1950 2445 eos
1993 2402 2090 2442 no-

496 2478 645 2534 mine
686 2493 794 2535 nan
837 2488 1024 2537 censet
1062 2480 1350 2552 indignos,
1398 2481 1590 2551 quibus
1633 2480 1840 2551 iustitia
1887 2478 2089 2535 Christi

494 2570 657 2627 etiam
685 2571 982 2627 secundam
1011 2572 1144 2628 istos
1188 2572 1444 2643 prodesse
1487 2573 1701 2628 nonnisi
1744 2572 2091 2628 credentibus

494 2671 698 2732 posset.
738 2662 891 2720 Sicut
927 2678 1058 2735 ergo
1097 2679 1286 2721 eorum
1328 2678 1424 2735 per
1450 2679 1585 2734 quos
1614 2672 1987 2727 renascuntur,
2011 2663 2091 2733 ju-

458 2802 464 2808 ι
494 2756 654 2813 stitia:
681 2757 901 2829 spiritus
930 2759 1285 2829 responsione
1312 2772 1408 2814 sua
1437 2758 1634 2827 trajicit
1660 2758 1713 2812 in
1753 2771 1849 2813 eos
1891 2756 2049 2811 ﬁdem
2071 2797 2087 2824 ,

494 2863 655 2920 quam
682 2850 957 2906 voluntate
988 2851 1200 2922 propria
1228 2849 1463 2906 nondum
1507 2850 1705 2905 habere
1747 2857 2038 2920 potuerunt
2073 2867 2088 2904 :

495 2942 577 3000 sic
601 2958 788 3021 eorum
816 2958 913 3014 per
937 2959 1070 3015 quos
1094 2952 1410 3012 nascuntur,
1432 2958 1558 2999 caro
1584 2944 1787 3014 peccati
1814 2942 2008 3013 trajicit
2031 2942 2087 2997 in

495 3050 591 3093 eos
620 3051 840 3104 noxam,
869 3052 1027 3109 quam
1052 3037 1288 3095 nondum
1317 3038 1423 3094 vita
1445 3038 1661 3109 propria
1686 3043 2087 3093 contraxerunt.

496 3127 569 3186 Et
604 3129 743 3185 sicut
784 3145 879 3187 eos
918 3130 1044 3187 vitae
1070 3132 1288 3201 spiritus
1315 3132 1370 3187 in
1399 3131 1612 3187 Christo
1637 3140 1919 3201 regenerat
1959 3128 2091 3187 ﬁde-

495 3219 597 3287 les,
627 3220 705 3277 sic
730 3235 823 3277 eos
849 3236 1047 3292 corpus
1075 3222 1265 3279 mortis
1306 3223 1358 3276 in
1390 3221 1560 3276 Adam
1590 3230 1938 3293 generaverat
1965 3235 2092 3292 pec-

496 3326 711 3372 catores
736 3333 749 3370 :
777 3316 866 3370 illa
893 3317 1037 3372 enim
1066 3315 1295 3371 carnalis
1318 3315 1594 3386 generatio
1638 3324 1740 3383 est,
1789 3314 1906 3370 haec
1933 3314 2092 3384 spiri-

494 3406 655 3462 tualis
700 3425 715 3463 :
753 3406 841 3462 illa
885 3407 1011 3464 facit
1055 3408 1195 3463 ﬁlios
1240 3408 1439 3475 carnis,
1482 3404 1598 3465 [me
1641 3406 1781 3463 ﬁlios
1820 3407 2085 3476 Spiritus:

494 3497 589 3554 illa
619 3498 760 3554 ﬁlios
784 3500 992 3565 mortis,
1031 3499 1148 3555 haec
1176 3499 1314 3554 ﬁlios
1357 3498 1801 3565 resurrectionis;
1831 3498 1918 3552 illa
1952 3498 2089 3554 ﬁlios

494 3592 704 3657 steculi,
733 3593 849 3649 haec
878 3594 1017 3649 ﬁlios
1045 3595 1177 3661 Dei;
1210 3595 1299 3649 illa
1330 3595 1467 3650 ﬁlios
1492 3595 1606 3662 irae,
1634 3596 1750 3649 haec
1774 3593 1912 3648 ﬁlios
1936 3592 2093 3649 mise-

495 3684 779 3752 ricordite;
814 3701 875 3741 ac
902 3702 997 3757 per
1023 3686 1125 3742 hoc
1154 3687 1241 3743 illa
1274 3696 1494 3759 peccato
1522 3687 1768 3759 originali
1804 3686 2086 3759 obligatos,

494 3775 600 3835 ista
629 3778 805 3835 omnis
832 3781 1035 3850 peccati
1061 3780 1276 3837 vinculo
1303 3782 1577 3839 liberatos.

568 3870 623 3924 5.
664 3869 945 3926 Postremo
970 3872 1036 3926 ad
1068 3872 1120 3927 id
1145 3873 1287 3943 quod
1324 3874 1595 3930 intellectu
1626 3875 2089 3946 perspicacissimo

495 3962 708 4032 assequi
753 3977 859 4017 non
886 3964 1160 4030 valemus,
1203 3967 1519 4020 auctoritate
1561 3966 1737 4021 divina
1784 3967 2091 4022 consentire

495 4065 770 4123 cogamur.
816 4053 962 4109 Bene
1004 4055 1146 4125 quod
1185 4055 1287 4127 ipsi
1330 4072 1428 4113 nos
1463 4057 1787 4126 admonent,
1826 4058 2087 4129 justitiam

494 4145 698 4202 Christi
724 4145 827 4201 nisi
855 4146 1195 4204 credentibus
1223 4148 1476 4219 prodesse
1503 4165 1608 4205 non
1636 4166 1814 4221 posse,
1854 4160 1906 4205 et
1931 4152 2091 4221 prod-

496 4254 618 4296 esse
646 4240 843 4310 aliquid
876 4242 1113 4312 parvulis
1143 4244 1506 4299 conﬁtentur:
1541 4243 1702 4311 unde,
1748 4254 1804 4299 ut
1833 4245 2086 4310 diximus,

494 4347 717 4390 necesse
744 4342 825 4390 est
850 4350 943 4390 eos
970 4335 1265 4407 baptizatos
1292 4336 1343 4390 in
1363 4336 1694 4393 credentium
1723 4352 1949 4393 numero
1971 4339 2089 4393 sine

494 4425 602 4483 ulla
628 4427 1062 4498 tergiversatione
1101 4428 1449 4485 constituant.
1473 4428 1791 4501 Consequen
1802 4439 1880 4485 ter
1902 4431 2084 4502 igitur,

495 4519 541 4576 si
569 4535 676 4576 non
699 4518 1055 4592 baptizentur,
1076 4522 1218 4577 inter
1242 4538 1336 4578 eos
1363 4524 1454 4594 qui
1487 4538 1591 4578 non
1621 4524 1864 4592 credunt,
1894 4533 2084 4591 erunt;

494 4624 557 4666 ac
583 4625 679 4681 per
702 4610 804 4667 hoc
829 4627 930 4668 nec
951 4613 1112 4667 vitam
1140 4612 1432 4679 habebunt,
1457 4613 1551 4670 sed
1579 4615 1655 4669 ira
1684 4614 1775 4670 Dei
1805 4625 1984 4672 manet
2008 4632 2093 4673 su-

495 4717 593 4773 per
615 4717 743 4770 cos;
768 4705 1018 4775 quoniam
1048 4708 1135 4779 qui
1164 4724 1267 4762 non
1292 4707 1448 4762 credit
1480 4707 1639 4774 Filio,
1662 4725 1762 4763 non
1792 4710 1989 4764 habebit
2012 4712 2088 4765 vi-

498 4803 619 4861 tam,
646 4797 736 4850 sed
753 4797 832 4850 ira
852 4796 948 4852 Dei
963 4809 1130 4853 manet
1144 4816 1295 4867 super
1312 4817 1424 4854 eum
1443 4816 1461 4853 :
1482 4811 1533 4855 et
1548 4800 1767 4870 iudicati
1789 4810 1941 4869 sunt;
1965 4820 2090 4875 quo-

496 4886 639 4942 niam
665 4888 751 4958 qui
778 4905 878 4944 non
906 4889 1085 4956 credit,
1113 4891 1229 4963 jam
1260 4891 1521 4963 judicatus
1547 4900 1617 4946 est
1664 4892 1681 4963 (
1705 4892 1860 4948 Joan.
1893 4911 1972 4963 nt,
1997 4898 2086 4962 56,

498 4978 568 5035 18
600 4980 620 5050 )
646 4998 658 5035 2
691 4988 747 5037 et
774 4981 1307 5049 condemnabuntur;
1336 4984 1586 5053 quoniam
1617 4986 1703 5053 qui
1734 4987 2001 5043 crediderit
2038 5002 2084 5045 et

498 5072 781 5144 baptizatus
810 5077 984 5147 fuerit,
1006 5075 1176 5133 salvus
1204 5081 1338 5145 erit;
1372 5079 1458 5149 qui
1487 5088 1653 5135 autem
1678 5098 1775 5136 non
1799 5083 2087 5151 crediderit,

497 5166 913 5225 condemnabitur
940 5168 1129 5239 (Marc.
1156 5186 1272 5240 xvt,
1298 5171 1409 5245 16).
1432 5172 1546 5228 Jam
1575 5190 1717 5231 nunc
1740 5175 1951 5232 videant
1981 5178 2086 5243 isti,

497 5276 600 5333 qua
643 5260 846 5330 justitia
895 5270 1101 5320 tentent
1136 5265 1222 5321 vel
1252 5277 1515 5323 conentur
1554 5284 1835 5340 asserere,
1873 5287 1978 5325 non
2023 5272 2090 5326 ad

498 5353 666 5411 vitam
707 5363 982 5423 :eternam,
1031 5356 1123 5413 sed
1169 5358 1234 5414 ad
1286 5359 1419 5415 iram
1461 5360 1557 5415 Dei
1586 5361 1884 5432 pertinere,
1917 5371 1969 5418 et
2009 5363 2089 5418 di-

498 5445 697 5501 vinitus
723 5446 953 5521 judicari
976 5456 1135 5520 atque
1164 5449 1401 5505 damnari
1432 5451 1675 5507 homines
1704 5453 1793 5523 qui
1821 5454 1936 5510 sine
1966 5470 2090 5524 pec-

500 5548 620 5595 cato
646 5547 803 5608 sunt;
836 5541 880 5596 si
924 5543 1371 5613 quemadmodum
1414 5546 1712 5616 proprium,
1765 5551 1837 5602 ita
1881 5549 2084 5605 nullum

501 5630 558 5688 in
584 5633 662 5690 eis
688 5642 773 5690 est
799 5635 959 5691 etiam
988 5636 1244 5708 originale
1269 5647 1565 5709 peccatum.

505 5853 661 5966 delita
688 5855 1034 5968 ἐξιλὲιὲιαῗοτίριὶε
1064 5853 1315 5919 plerisque
1344 5851 1429 5906 vel
1465 5854 1625 5916 deest,
1661 5854 1969 5922 auctoritati;
2003 5858 2085 5911 vel

650 5951 663 5979 ’
688 5951 795 5967 υυυοι
801 5951 863 5968 ἰν
870 5953 881 5966 Ι

1144 408 1234 466 DE
1272 405 1729 466 PECCATORUM
1767 405 2044 464 MERITIS
2072 403 2161 463 ET
2189 406 2625 480 REMISSIONE,
2664 411 2724 468 S.
2765 411 3145 471 AUGUSTINI

3686 413 3795 473 188

2269 523 2323 578 4.
2353 521 2472 579 iam
2500 526 2740 594 caeteris,
2766 541 2885 600 qua:
2910 528 3156 602 Pelagius
3181 528 3416 585 insinuat
3452 542 3548 585 eos
3581 527 3788 595 dicere,

2197 616 2286 685 qui
2312 625 2499 673 contra
2526 617 2785 689 originale
2811 628 3082 690 peccatum
3105 620 3401 691 disputant,
3430 620 3487 677 in
3516 619 3623 676 illis
3651 619 3790 675 duo.

2197 706 2298 764 bus
2322 709 2517 781 prolixi
2545 711 2653 767 mei
2676 711 2853 782 operis
2879 712 3030 768 libris
3055 713 3186 768 satis
3203 752 3219 779 ,
3247 720 3504 783 quantum
3530 711 3787 777 arbitror,

2197 800 2535 873 dilucideque
2557 803 2831 875 respondi.
2853 805 3005 874 Quod
3026 803 3128 862 etsi
3148 803 3464 876 quibusdam
3486 802 3573 859 vel
3597 817 3787 873 parum

2196 897 2279 953 vel
2308 898 2594 954 obscurum
2627 898 2927 965 videbitur,
2953 898 3085 956 dent
3109 899 3317 954 veniam
3341 939 3355 962 ,
3382 906 3437 953 et
3460 903 3792 966 componant

2196 1006 2318 1049 cum
2348 993 2427 1049 eis
2446 1035 2460 1059 ,
2488 993 2576 1064 qui
2604 992 2829 1049 fortasse
2859 993 2988 1050 illud
3026 1008 3133 1050 non
3170 994 3294 1063 quia
3323 1006 3510 1064 parum
3539 996 3624 1045 est
3645 1032 3658 1054 ,
3693 986 3789 1043 sed

2196 1085 2320 1155 quia
2352 1085 2604 1151 nimium,
2636 1086 3036 1157 reprehendunt
3069 1104 3083 1141 :
3115 1095 3171 1143 et
3193 1084 3284 1157 qui
3308 1100 3391 1151 ea,
3421 1100 3539 1155 qua:
3567 1097 3664 1153 pro
3692 1098 3792 1136 na-

2203 1185 2320 1234 tura
2349 1180 2709 1251 quaestionum
2738 1181 2969 1237 dilucide
2997 1180 3137 1236 dicta
3166 1179 3441 1244 existimo,
3474 1175 3651 1233 adhuc
3678 1191 3791 1232 non

2195 1275 2537 1347 intelligunt,
2579 1293 2685 1332 non
2730 1277 2859 1333 mihi
2898 1276 3299 1333 calumnientur
3336 1289 3435 1347 pro
3463 1271 3793 1345 negligentia

2193 1367 2282 1424 vel
2325 1384 2422 1439 pro
2458 1385 2592 1425 meat
2634 1370 2903 1427 facultatis
2947 1369 3259 1442 indigentia,
3291 1367 3384 1425 sed
3415 1367 3580 1422 Deum
3613 1364 3794 1435 potius

2192 1476 2292 1532 pro
2315 1463 2623 1531 accipienda
2654 1462 3004 1536 intelligentia
3030 1462 3405 1533 deprecentur.

2266 1551 2493 1611 CAPUT
2532 1554 2617 1610 lll.
2660 1586 2732 1597 ——
2774 1556 2829 1611 5.
2877 1554 3120 1628 Pelagius
3151 1553 3391 1609 laudatus
3430 1568 3463 1606 a
3505 1549 3791 1605 nonnullis.

2191 1645 2506 1718 Argumenta
2555 1655 2733 1703 contra
2776 1658 3035 1719 peccatum
3080 1646 3325 1719 originis,
3373 1660 3487 1716 qua:
3543 1642 3794 1714 Pelagius

2193 1738 2248 1793 in
2276 1737 2648 1796 Commentario
2687 1758 2778 1799 suo
2824 1741 3082 1813 proponit.
3122 1739 3503 1798 Verumtamen
3542 1752 3641 1793 nos
3680 1752 3794 1792 non

2196 1831 2530 1903 negligenter
2557 1841 2771 1903 oportet
2799 1834 3080 1891 attendere
3099 1873 3116 1899 ,
3149 1832 3310 1888 istum
3331 1873 3347 1898 ,
3384 1831 3524 1885 sicut
3546 1844 3670 1884 eum
3698 1826 3793 1900 qui

2194 1931 2459 1979 noverunt
2482 1925 2789 1994 loquuntur,
2814 1926 3012 1980 bonum
3034 1940 3096 1980 ac
3117 1925 3135 1957 ί
3158 1920 3558 1994 praedicandum
3581 1921 3787 1988 virum,

2196 2013 2335 2070 hanc
2363 2016 2880 2085 argumentationem
2925 2025 3111 2075 contra
3156 2014 3363 2084 peccati
3400 2012 3749 2084 propaginem
3771 2054 3792 2080 ,

2196 2122 2304 2162 non
2327 2122 2394 2163 ex
2420 2109 2636 2179 propria
2666 2108 2915 2165 intulisse
2941 2122 3192 2178 persona,
3226 2106 3319 2163 sed
3344 2104 3473 2177 quid
3501 2104 3579 2160 illi
3606 2104 3793 2161 dicant

2194 2200 2286 2272 qui
2316 2216 2434 2257 eam
2465 2217 2570 2257 non
2617 2202 2916 2273 approbant
2961 2201 3279 2267 intimasse,
3324 2214 3425 2254 nec
3466 2198 3644 2255 solum
3687 2196 3795 2253 hoc

2196 2293 2340 2363 quod
2384 2293 2547 2350 modo
2585 2294 2840 2364 proposui
2878 2293 3035 2364 eique
3073 2289 3368 2363 respondi,
3397 2304 3583 2346 verum
3625 2288 3795 2345 etiam

2196 2394 2390 2442 caetera
2415 2386 2610 2456 quibus
2635 2401 2722 2443 me
2752 2385 2806 2447 in
2842 2385 2947 2441 illis
2990 2385 3143 2440 libris
3173 2384 3285 2456 jam
3323 2381 3669 2454 respondisse
3705 2396 3796 2436 re-

2194 2478 2354 2534 colui.
2386 2477 2519 2533 Nam
2547 2492 2670 2535 cum
2690 2477 2934 2545 dixisset,
2966 2474 3028 2533 Si
3060 2476 3204 2543 Adae,
3234 2474 3500 2546 inquiunt,
3532 2481 3799 2545 peccatum

2196 2569 2352 2624 etiam
2367 2587 2470 2624 non
2485 2570 2800 2640 peccantibus
2816 2569 3005 2637 nocuit,
3020 2585 3139 2641 ergo
3158 2578 3205 2622 et
3221 2566 3409 2623 Christi
3415 2565 3620 2640 justitia
3641 2565 3797 2620 etiam

2195 2679 2301 2718 non
2320 2664 2635 2720 credentibus
2653 2663 2884 2736 prodest;
2905 2662 3047 2736 quod
3071 2664 3123 2718 in
3150 2662 3215 2717 iis
3233 2648 3354 2733 qua:
3377 2656 3651 2732 respondi,
3674 2674 3800 2715 cer-

2203 2756 2288 2813 nis
2316 2771 2474 2827 quam
2501 2771 2607 2813 non
2646 2756 2817 2814 solum
2842 2772 2951 2813 non
2971 2762 3241 2827 expugnet
3266 2753 3408 2825 quod
3431 2753 3678 2820 dicimus,
3696 2749 3799 2810 sed

2205 2847 2368 2903 etiam
2386 2862 2484 2902 nos
2502 2847 2789 2903 admoneat
2801 2847 2925 2918 quid
2946 2847 3187 2903 dicamus
3205 2848 3226 2879 ³
3247 2864 3261 2900 :
3294 2854 3510 2901 secutus
3528 2842 3798 2915 adjunxit,

2199 2934 2399 2992 Deinde
2426 2936 2586 3003 aiunt,
2620 2936 2684 2995 Si
2708 2937 3005 3009 Baptismus
3025 2936 3239 2991 mundat
3262 2937 3520 3008 antiquum
3542 2932 3679 2989 illud
3706 2934 3803 2988 de-

2200 3027 2397 3096 lictum,
2430 3028 2516 3098 qui
2543 3027 2605 3083 de
2631 3027 2824 3084 duobus
2848 3026 3115 3098 baptizatis
3136 3028 3244 3082 nati
3266 3027 3470 3098 fuerint,
3493 3023 3671 3079 debent
3698 3024 3803 3080 hoc

2198 3136 2371 3175 carere
2399 3131 2602 3191 peccato
2619 3137 2639 3176 :
2668 3137 2771 3175 non
2796 3120 2929 3175 enim
2958 3128 3229 3191 potuerunt
3252 3120 3321 3174 ad
3348 3126 3574 3191 posteros
3618 3124 3799 3172 trans-

2202 3213 2421 3278 mittere,
2447 3212 2583 3282 quod
2607 3213 2707 3284 ipsi
2732 3212 2937 3266 minisac
2964 3212 3263 3266 habuerunt.
3299 3209 3446 3265 Illud
3472 3225 3668 3280 quoque
3704 3224 3800 3262 ac—

2199 3303 2349 3369 cedit,
2382 3304 2591 3375 inquit,
2624 3305 2746 3377 quia
2787 3305 2832 3359 si
2870 3306 3041 3358 anima
3082 3320 3182 3358 non
3226 3312 3298 3357 est
3338 3319 3401 3358 ea:
3436 3304 3673 3366 traduce,
3704 3301 3801 3357 sed

2196 3395 2308 3451 sola
2345 3412 2485 3463 caro,
2516 3396 2628 3469 ipsa
2655 3404 2850 3451 tantum
2880 3395 3025 3450 habet
3051 3395 3308 3449 traducem
3350 3394 3560 3465 peccati,
3592 3404 3637 3447 et
3679 3394 3801 3463 ipsa

2196 3489 2306 3543 sola
2338 3504 2537 3558 poenam
2559 3496 2775 3542 meretur
2811 3502 2829 3541 :
2871 3487 3121 3557 injustam
3150 3502 3255 3540 esse
3278 3486 3519 3551 dicentes,
3548 3494 3603 3538 ut
3644 3484 3804 3539 hodie

2198 3588 2321 3633 nata
2345 3579 2519 3632 anima
2537 3595 2639 3632 non
2656 3594 2719 3633 ex
2746 3594 2913 3632 massa
2931 3576 3076 3641 Adte,
3113 3585 3215 3629 tam
3235 3576 3497 3645 antiquum
3533 3584 3803 3646 peccatum

2198 3680 2360 3742 portet
2389 3672 2630 3727 alienum.
2658 3670 2846 3726 Dicunt
2870 3671 3039 3732 etiam,
3069 3669 3257 3739 inquit,
3290 3667 3432 3723 nulla
3458 3670 3649 3722 ratione
3679 3683 3806 3721 con-1

2195 3765 2389 3829 cedi,ut
2406 3764 2543 3821 Deus
2562 3764 2648 3837 qui
2673 3764 2884 3835 propria
2905 3771 3114 3835 peccata
3130 3762 3356 3829 remittit,
3375 3763 3582 3833 imputet
3601 3761 3801 3817 aliena.

2269 3859 2322 3912 6.
2366 3857 2617 3924 Videsne,
2660 3856 2923 3921 obsecro,
2965 3853 3420 3924 quemadmodum
3467 3852 3570 3908 hee
3618 3861 3804 3908 totum

2197 3950 2464 4022 Pelagius,
2491 3965 2597 4006 non
2627 3965 2691 4005 ex
2715 3964 2830 4014 sua,
2861 3948 2954 4004 sed
2983 3964 3047 4003 ex
3070 3947 3297 4002 aliorum
3325 3960 3550 4016 persona
3580 3944 3803 4000 indide-

2195 4044 2267 4097 rit
2294 4041 2507 4112 scriptis
2531 4041 2663 4109 suis,
2695 4053 2868 4108 usque
2889 4032 3024 4094 adc‘o
3051 4039 3227 4095 sciens
3256 4037 3392 4093 hanc
3421 4036 3602 4092 nescio
3632 4051 3806 4105 quam

2196 4149 2317 4189 esse
2353 4132 2640 4189 novitatem
2668 4176 2682 4199 ,
2711 4148 2830 4203 qua:
2860 4140 3044 4187 contra
3073 4130 3344 4201 antiquam
3374 4128 3626 4184 Ecclesiae
3656 4128 3802 4183 insi-

2197 4233 2305 4280 tam
2345 4225 2651 4295 opinionem
2694 4239 2887 4279 sonare
2936 4238 3075 4278 nunc
3116 4222 3373 4291 coeperit,
3407 4230 3466 4276 ut
3509 4235 3625 4276 eam
3676 4220 3805 4290 ipse

2195 4316 2441 4373 conﬁteri
2461 4325 2553 4371 aut
2582 4315 2991 4381 verecundatus,
3016 4322 3107 4370 aut
3130 4313 3331 4369 veritus
3358 4311 3538 4368 fuerit.
3562 4312 3627 4366 Et
3650 4310 3803 4369 forte

2196 4409 2301 4464 hoc
2323 4410 2436 4481 ipse
2459 4425 2564 4464 non
2588 4408 2772 4473 sentit,
2792 4406 2931 4478 quod
2955 4407 3071 4462 sine
3094 4415 3312 4477 peccato
3333 4415 3583 4461 nascatur
3604 4403 3800 4473 homo,

2195 4503 2280 4557 cui
2312 4502 2503 4557 fatetur
2530 4500 2895 4557 necessarium
2934 4514 3054 4555 esse
3094 4499 3462 4570 Baptismum,
3502 4497 3556 4551 in
3585 4510 3697 4568 quo
3737 4496 3808 4553 ﬁt

2196 4593 2441 4648 remissio
2468 4600 2809 4662 peccatorum
2837 4610 2851 4646 :
2881 4599 2936 4646 et
2960 4590 2983 4622 ³
3012 4589 3153 4661 quod
3182 4590 3299 4646 sine
3323 4597 3543 4662 peccato
3567 4588 3807 4645 damne-

2195 4693 2283 4739 tur
2322 4683 2482 4739 homo
2508 4725 2521 4749 ,
2558 4697 2715 4752 quem
2748 4696 2966 4738 necesse
2992 4690 3074 4737 est
3100 4698 3205 4737 non
3246 4681 3569 4752 baptizatum
3596 4679 3649 4735 in
3685 4697 3807 4738 non

2196 4774 2534 4831 credentibus
2572 4775 2845 4845 deputari;
2876 4776 3000 4846 quia
3039 4776 3221 4845 utique
3253 4775 3527 4845 Scriptura
3557 4790 3807 4847 evange-

2198 4868 2298 4924 lica
2329 4867 2510 4924 fallere
2537 4883 2641 4923 non
2684 4877 2899 4939 potest,
2944 4869 2997 4922 in
3038 4881 3143 4939 qua
3186 4867 3521 4938 apertissime
3557 4867 3761 4937 legitur
3787 4911 3805 4936 ,

2200 4961 2300 5026 Qui
2342 4980 2441 5016 non
2469 4961 2757 5027 crediderit,
2804 4960 3228 5016 condemnabitur
3266 4976 3285 5016 :
3325 4968 3617 5031 postremo,
3648 4963 3811 5032 quod

2196 5055 2313 5110 sine
2352 5062 2569 5125 peccato
2610 5056 2784 5125 imago
2829 5054 2922 5110 Dei
2965 5070 3067 5108 non
3113 5052 3425 5107 admittatur
3466 5052 3534 5107 ad
3565 5067 3810 5122 regnum

2194 5146 2312 5212 Dei,
2344 5148 2589 5216 quoniam
2620 5147 2717 5200 nisi
2746 5146 2857 5217 quis
2880 5154 3084 5199 renatus
3104 5147 3257 5217 fuerit
3280 5161 3342 5198 ea:
3361 5160 3494 5213 aqua
3514 5152 3558 5198 et
3578 5145 3803 5213 spiritu,

2261 5241 2277 5271 ί
2301 5238 2521 5289 Gallicani
2554 5251 2725 5289 omnes
2750 5238 3058 5301 manuscripti
3080 5238 3324 5301 omittunt,
3363 5234 3571 5301 bonum;
3592 5243 3815 5292 retenta

2194 5300 2504 5353 nihilominus
2540 5303 2588 5352 in
2612 5301 2860 5365 plerisque
2883 5297 3241 5365 praepositione,
3265 5311 3349 5360 ac,
3377 5297 3457 5365 vel
3493 5299 3566 5350 sic
3589 5307 3811 5363 mutata,

2194 5371 2250 5414 ut
2271 5364 2320 5413 in
2337 5359 2627 5428 quibusdam
2641 5359 2852 5427 legatur,
2874 5359 2938 5411 ad
2957 5359 3325 5428 praedicandum
3339 5359 3519 5428 uirum.

2258 5429 2278 5457 ²
2304 5420 2472 5476 Plures
2504 5434 2629 5487 Mss.,
2654 5420 2746 5488 non
2770 5420 3053 5488 expugnent
3099 5424 3226 5488 quod
3263 5421 3497 5488 dicimus,
3519 5420 3607 5488 sed
3646 5422 3813 5474 etiam

2193 5500 2279 5538 nos
2288 5458 2583 5551 HW
2417 5458 2472 5476 ””
2506 5458 3069 5551 ““⁰“⁷Μᾶ’άῖε’ἷι’ἷὶἱὲἰέἶ”ἰὶὀ
3099 5458 3247 5548 {alio
3263 5458 3811 5549 ῖιόἑὶῗτιίιὶἐῗφῖὸὶὶἲέἓ

2192 5549 2414 5611 addunt;
2438 5564 2542 5611 pro,
2559 5548 2765 5600 accedit.

2256 5613 2277 5643 ³
2298 5608 2545 5671 Particulo,
2562 5618 2624 5670 et,
2650 5612 2797 5673 abest
2813 5622 2842 5659 a
2858 5610 3222 5673 manuscriptis;
3245 5608 3333 5660 sed
3366 5616 3530 5661 exstat
3551 5609 3601 5659 in
3626 5609 3808 5671 editis,

2191 5686 2395 5736 quorum
2435 5675 2738 5736 antiquiores
2769 5671 2894 5736 duo,
2924 5682 3022 5720 Am.
3051 5671 3112 5721 et
3136 5671 3216 5736 Er.
3240 5674 3312 5723 sic
3343 5673 3546 5732 habent,
3581 5673 3629 5722 et
3655 5677 3809 5736 quod

2190 5732 2293 5785 sine
2317 5732 2827 5798 nuptismo'dmrmetur
2850 5733 3021 5798 homo;
3044 5742 3095 5783 et
3118 5735 3253 5795 infra,
3275 5742 3509 5798 postremo
3537 5732 3811 5797 quod‘sine

2191 5794 2434 5867 paptisn'to
2464 5797 2627 5867 ἱιηιςῃς)⁵
2647 5794 2893 5867 Dei,_etc.,
2933 5797 3079 5857 male,
3124 5811 3179 5847 ac
3202 5794 3558 5867 reluctazmtibus
3575 5802 3808 5867 utroque

2192 5858 2301 5972 lcoaqoo
2319 5858 2674 5923 ntanusa'iptis,
2692 5860 2775 5924 qui
2793 5871 2903 5909 cum
2920 5866 3029 5910 Lov.
3053 5868 3328 5912 constanter
3346 5860 3529 5923 ferunt,
3552 5858 3655 5910 sine
3679 5858 3812 5924 pec-

2193 5933 2319 5970 οαιο.
