  <div class='ocr_page' id='page_1' title='image "/cluster/home/n/w/nwhite01/storage/ocr_20150623/44/hvd.32044015706336/100.png"; bbox 0 0 4016 6476; ppageno 0'>
   <div class='ocr_carea' id='block_1_1' title="bbox 1675 361 1786 374">
    <p class='ocr_par' dir='ltr' id='par_1_1' title="bbox 1675 361 1786 374">
     <span class='ocr_line' id='line_1_1' title="bbox 1675 361 1786 374; baseline 0 0"><span class='ocrx_word' id='word_1_1' title='bbox 1675 361 1724 374; x_wconf 60' lang='grc' dir='ltr'><strong>-υ</strong></span> <span class='ocrx_word' id='word_1_2' title='bbox 1781 365 1786 368; x_wconf 93' lang='grc'>·</span> 
     </span>
    </p>
   </div>
   <div class='ocr_carea' id='block_1_2' title="bbox 245 489 2182 562">
    <p class='ocr_par' dir='ltr' id='par_1_2' title="bbox 245 489 2182 562">
     <span class='ocr_line' id='line_1_2' title="bbox 245 489 2182 562; baseline 0.001 -17"><span class='ocrx_word' id='word_1_3' title='bbox 245 501 344 562; x_wconf 71' lang='grc' dir='ltr'><strong>ιεθ</strong></span> <span class='ocrx_word' id='word_1_4' title='bbox 1621 489 1828 548; x_wconf 73' lang='lat' dir='ltr'><strong>unus</strong></span> <span class='ocrx_word' id='word_1_5' title='bbox 1861 489 2182 548; x_wconf 69' lang='lat' dir='ltr'><strong>manus.</strong></span> 
     </span>
    </p>
   </div>
   <div class='ocr_carea' id='block_1_3' title="bbox 241 605 1839 688">
    <p class='ocr_par' dir='ltr' id='par_1_3' title="bbox 241 605 1839 688">
     <span class='ocr_line' id='line_1_3' title="bbox 241 605 1839 688; baseline -0.007 -17"><span class='ocrx_word' id='word_1_6' title='bbox 241 635 340 672; x_wconf 81' lang='lat' dir='ltr'><strong>non</strong></span> <span class='ocrx_word' id='word_1_7' title='bbox 365 619 530 688; x_wconf 79' lang='lat' dir='ltr'><strong>potest</strong></span> <span class='ocrx_word' id='word_1_8' title='bbox 545 610 840 667; x_wconf 80' lang='lat' dir='ltr'><strong>introirein</strong></span> <span class='ocrx_word' id='word_1_9' title='bbox 863 625 1074 683; x_wconf 76' lang='lat' dir='ltr'><strong>regnum</strong></span> <span class='ocrx_word' id='word_1_10' title='bbox 1101 607 1200 664; x_wconf 85' lang='lat' dir='ltr'><strong>Dei</strong></span> <span class='ocrx_word' id='word_1_11' title='bbox 1229 607 1406 682; x_wconf 81' lang='lat' dir='ltr'><strong>(Joan.</strong></span> <span class='ocrx_word' id='word_1_12' title='bbox 1433 621 1510 672; x_wconf 86' lang='lat' dir='ltr'><strong>tn,</strong></span> <span class='ocrx_word' id='word_1_13' title='bbox 1541 605 1600 677; x_wconf 83' lang='lat'><strong>5)</strong></span> <span class='ocrx_word' id='word_1_14' title='bbox 1631 623 1646 660; x_wconf 87' lang='lat'><strong>:</strong></span> <span class='ocrx_word' id='word_1_15' title='bbox 1678 613 1839 674; x_wconf 83' lang='lat' dir='ltr'><strong>atque</strong></span> 
     </span>
    </p>
   </div>
   <div class='ocr_carea' id='block_1_4' title="bbox 183 697 1837 770">
    <p class='ocr_par' dir='ltr' id='par_1_4' title="bbox 183 697 1837 770">
     <span class='ocr_line' id='line_1_4' title="bbox 183 697 1837 770; baseline -0.007 -6"><span class='ocrx_word' id='word_1_16' title='bbox 241 709 314 764; x_wconf 76' lang='lat' dir='ltr'><strong>ita</strong></span> <span class='ocrx_word' id='word_1_17' title='bbox 343 707 426 762; x_wconf 88' lang='lat' dir='ltr'><strong>vel</strong></span> <span class='ocrx_word' id='word_1_18' title='bbox 449 704 508 762; x_wconf 88' lang='lat' dir='ltr'><strong>in</strong></span> <span class='ocrx_word' id='word_1_19' title='bbox 537 711 804 760; x_wconf 66' lang='lat' dir='ltr'><strong>aeternam</strong></span> <span class='ocrx_word' id='word_1_20' title='bbox 825 711 1052 758; x_wconf 88' lang='lat' dir='ltr'><strong>mortem</strong></span> <span class='ocrx_word' id='word_1_21' title='bbox 1075 701 1190 758; x_wconf 84' lang='lat' dir='ltr'><strong>sine</strong></span> <span class='ocrx_word' id='word_1_22' title='bbox 1215 707 1436 770; x_wconf 79' lang='lat' dir='ltr'><strong>peccato</strong></span> <span class='ocrx_word' id='word_1_23' title='bbox 1457 697 1837 770; x_wconf 73' lang='lat' dir='ltr'><strong>pnecipitetur,</strong></span> 
     </span>
    </p>
   </div>
   <div class='ocr_carea' id='block_1_5' title="bbox 241 791 1844 870">
    <p class='ocr_par' dir='ltr' id='par_1_5' title="bbox 241 791 1844 870">
     <span class='ocr_line' id='line_1_5' title="bbox 241 791 1844 870; baseline -0.006 -14"><span class='ocrx_word' id='word_1_24' title='bbox 241 802 328 856; x_wconf 82' lang='lat' dir='ltr'><strong>vel</strong></span> <span class='ocrx_word' id='word_1_25' title='bbox 373 797 514 870; x_wconf 87' lang='lat' dir='ltr'><strong>quod</strong></span> <span class='ocrx_word' id='word_1_26' title='bbox 563 805 652 854; x_wconf 89' lang='lat' dir='ltr'><strong>est</strong></span> <span class='ocrx_word' id='word_1_27' title='bbox 689 797 996 862; x_wconf 84' lang='lat' dir='ltr'><strong>absurdius,</strong></span> <span class='ocrx_word' id='word_1_28' title='bbox 1047 803 1196 852; x_wconf 73' lang='lat' dir='ltr'><strong>extra</strong></span> <span class='ocrx_word' id='word_1_29' title='bbox 1241 809 1464 866; x_wconf 78' lang='lat' dir='ltr'><strong>regnum</strong></span> <span class='ocrx_word' id='word_1_30' title='bbox 1515 793 1608 848; x_wconf 90' lang='lat' dir='ltr'><strong>Dei</strong></span> <span class='ocrx_word' id='word_1_31' title='bbox 1649 791 1844 848; x_wconf 86' lang='lat' dir='ltr'><strong>habeat</strong></span> 
     </span>
    </p>
   </div>
   <div class='ocr_carea' id='block_1_6' title="bbox 241 883 1838 960">
    <p class='ocr_par' dir='ltr' id='par_1_6' title="bbox 241 883 1838 960">
     <span class='ocr_line' id='line_1_6' title="bbox 241 883 1838 960; baseline -0.007 -10"><span class='ocrx_word' id='word_1_32' title='bbox 241 895 402 950; x_wconf 83' lang='lat' dir='ltr'><strong>vitam</strong></span> <span class='ocrx_word' id='word_1_33' title='bbox 427 901 728 956; x_wconf 67' lang='lat' dir='ltr'><strong>aeternam;</strong></span> <span class='ocrx_word' id='word_1_34' title='bbox 755 905 880 948; x_wconf 88' lang='lat' dir='ltr'><strong>cum</strong></span> <span class='ocrx_word' id='word_1_35' title='bbox 904 891 1158 946; x_wconf 85' lang='lat' dir='ltr'><strong>Dominus</strong></span> <span class='ocrx_word' id='word_1_36' title='bbox 1185 887 1480 960; x_wconf 80' lang='lat' dir='ltr'><strong>praedicens</strong></span> <span class='ocrx_word' id='word_1_37' title='bbox 1499 885 1626 958; x_wconf 87' lang='lat' dir='ltr'><strong>quid</strong></span> <span class='ocrx_word' id='word_1_38' title='bbox 1653 883 1764 942; x_wconf 84' lang='lat' dir='ltr'><strong>suis</strong></span> <span class='ocrx_word' id='word_1_39' title='bbox 1785 885 1838 940; x_wconf 90' lang='lat' dir='ltr'><strong>in</strong></span> 
     </span>
    </p>
   </div>
   <div class='ocr_carea' id='block_1_7' title="bbox 243 979 1834 1050">
    <p class='ocr_par' dir='ltr' id='par_1_7' title="bbox 243 979 1834 1050">
     <span class='ocr_line' id='line_1_7' title="bbox 243 979 1834 1050; baseline -0.007 -8"><span class='ocrx_word' id='word_1_40' title='bbox 243 986 348 1042; x_wconf 81' lang='lat' dir='ltr'><strong>line</strong></span> <span class='ocrx_word' id='word_1_41' title='bbox 373 985 618 1042; x_wconf 85' lang='lat' dir='ltr'><strong>dicturus</strong></span> <span class='ocrx_word' id='word_1_42' title='bbox 663 985 766 1050; x_wconf 90' lang='lat' dir='ltr'><strong>sit,</strong></span> <span class='ocrx_word' id='word_1_43' title='bbox 837 983 1026 1050; x_wconf 82' lang='lat' dir='ltr'><strong>Venite,</strong></span> <span class='ocrx_word' id='word_1_44' title='bbox 1081 981 1328 1038; x_wconf 70' lang='lat' dir='ltr'><strong>benedicti</strong></span> <span class='ocrx_word' id='word_1_45' title='bbox 1355 979 1532 1035; x_wconf 84' lang='lat' dir='ltr'><strong>Patris</strong></span> <span class='ocrx_word' id='word_1_46' title='bbox 1557 979 1692 1044; x_wconf 85' lang='lat' dir='ltr'><strong>mei,</strong></span> <span class='ocrx_word' id='word_1_47' title='bbox 1717 993 1834 1048; x_wconf 84' lang='lat' dir='ltr'><strong>per-</strong></span> 
     </span>
    </p>
   </div>
   <div class='ocr_carea' id='block_1_8' title="bbox 241 1071 1840 1152">
    <p class='ocr_par' dir='ltr' id='par_1_8' title="bbox 241 1071 1840 1152">
     <span class='ocr_line' id='line_1_8' title="bbox 241 1071 1840 1152; baseline -0.006 -17"><span class='ocrx_word' id='word_1_48' title='bbox 241 1081 390 1152; x_wconf 83' lang='lat' dir='ltr'><strong>cipite</strong></span> <span class='ocrx_word' id='word_1_49' title='bbox 415 1095 632 1150; x_wconf 83' lang='lat' dir='ltr'><strong>regnum</strong></span> <span class='ocrx_word' id='word_1_50' title='bbox 665 1079 805 1150; x_wconf 77' lang='lat' dir='ltr'><strong>quod</strong></span> <span class='ocrx_word' id='word_1_51' title='bbox 833 1077 972 1132; x_wconf 80' lang='lat' dir='ltr'><strong>uobis</strong></span> <span class='ocrx_word' id='word_1_52' title='bbox 995 1085 1228 1146; x_wconf 84' lang='lat' dir='ltr'><strong>paratum</strong></span> <span class='ocrx_word' id='word_1_53' title='bbox 1251 1083 1324 1130; x_wconf 85' lang='lat' dir='ltr'><strong>est</strong></span> <span class='ocrx_word' id='word_1_54' title='bbox 1347 1075 1410 1128; x_wconf 83' lang='lat' dir='ltr'><strong>ab</strong></span> <span class='ocrx_word' id='word_1_55' title='bbox 1443 1073 1590 1128; x_wconf 85' lang='lat' dir='ltr'><strong>initio</strong></span> <span class='ocrx_word' id='word_1_56' title='bbox 1627 1071 1840 1138; x_wconf 84' lang='lat' dir='ltr'><strong>mundi,</strong></span> 
     </span>
    </p>
   </div>
   <div class='ocr_carea' id='block_1_9' title="bbox 243 1165 1846 1242">
    <p class='ocr_par' dir='ltr' id='par_1_9' title="bbox 243 1165 1846 1242">
     <span class='ocr_line' id='line_1_9' title="bbox 243 1165 1846 1242; baseline -0.007 -12"><span class='ocrx_word' id='word_1_57' title='bbox 243 1171 674 1230; x_wconf 76' lang='lat' dir='ltr'><strong>manifestarerit</strong></span> <span class='ocrx_word' id='word_1_58' title='bbox 697 1172 864 1226; x_wconf 88' lang='lat' dir='ltr'><strong>etiam</strong></span> <span class='ocrx_word' id='word_1_59' title='bbox 887 1171 1012 1242; x_wconf 90' lang='lat' dir='ltr'><strong>quid</strong></span> <span class='ocrx_word' id='word_1_60' title='bbox 1039 1171 1108 1226; x_wconf 92' lang='lat' dir='ltr'><strong>sit</strong></span> <span class='ocrx_word' id='word_1_61' title='bbox 1133 1171 1306 1240; x_wconf 88' lang='lat' dir='ltr'><strong>ipsum</strong></span> <span class='ocrx_word' id='word_1_62' title='bbox 1347 1183 1572 1240; x_wconf 87' lang='lat' dir='ltr'><strong>regnum</strong></span> <span class='ocrx_word' id='word_1_63' title='bbox 1597 1165 1740 1238; x_wconf 89' lang='lat' dir='ltr'><strong>quod</strong></span> <span class='ocrx_word' id='word_1_64' title='bbox 1765 1165 1846 1220; x_wconf 84' lang='lat' dir='ltr'><strong>di-</strong></span> 
     </span>
    </p>
   </div>
   <div class='ocr_carea' id='block_1_10' title="bbox 243 1259 1848 1332">
    <p class='ocr_par' dir='ltr' id='par_1_10' title="bbox 243 1259 1848 1332">
     <span class='ocr_line' id='line_1_10' title="bbox 243 1259 1848 1332; baseline -0.004 -12"><span class='ocrx_word' id='word_1_65' title='bbox 243 1266 400 1320; x_wconf 85' lang='lat' dir='ltr'><strong>ccbat</strong></span> <span class='ocrx_word' id='word_1_66' title='bbox 421 1305 440 1332; x_wconf 90' lang='lat'><strong>,</strong></span> <span class='ocrx_word' id='word_1_67' title='bbox 467 1265 544 1319; x_wconf 88' lang='lat' dir='ltr'><strong>ita</strong></span> <span class='ocrx_word' id='word_1_68' title='bbox 569 1263 904 1320; x_wconf 83' lang='lat' dir='ltr'><strong>concludens</strong></span> <span class='ocrx_word' id='word_1_69' title='bbox 929 1303 944 1328; x_wconf 88' lang='lat'><strong>,</strong></span> <span class='ocrx_word' id='word_1_70' title='bbox 973 1263 1064 1320; x_wconf 88' lang='lat' dir='ltr'><strong>Sic</strong></span> <span class='ocrx_word' id='word_1_71' title='bbox 1091 1263 1230 1316; x_wconf 77' lang='lat' dir='ltr'><strong>ibunt</strong></span> <span class='ocrx_word' id='word_1_72' title='bbox 1269 1261 1350 1316; x_wconf 85' lang='lat' dir='ltr'><strong>illi</strong></span> <span class='ocrx_word' id='word_1_73' title='bbox 1387 1263 1440 1316; x_wconf 86' lang='lat' dir='ltr'><strong>in</strong></span> <span class='ocrx_word' id='word_1_74' title='bbox 1481 1259 1848 1316; x_wconf 78' lang='lat' dir='ltr'><strong>ismbustionem</strong></span> 
     </span>
    </p>
   </div>
   <div class='ocr_carea' id='block_1_11' title="bbox 245 1355 1844 1431">
    <p class='ocr_par' dir='ltr' id='par_1_11' title="bbox 245 1355 1844 1431">
     <span class='ocr_line' id='line_1_11' title="bbox 245 1355 1844 1431; baseline -0.003 -16"><span class='ocrx_word' id='word_1_75' title='bbox 245 1371 488 1415; x_wconf 63' lang='lat' dir='ltr'><strong>uernant</strong></span> <span class='ocrx_word' id='word_1_76' title='bbox 509 1399 528 1426; x_wconf 94' lang='lat'><strong>,</strong></span> <span class='ocrx_word' id='word_1_77' title='bbox 547 1359 682 1431; x_wconf 80' lang='lat' dir='ltr'><strong>justi</strong></span> <span class='ocrx_word' id='word_1_78' title='bbox 705 1369 876 1413; x_wconf 82' lang='lat' dir='ltr'><strong>autem</strong></span> <span class='ocrx_word' id='word_1_79' title='bbox 915 1359 970 1412; x_wconf 90' lang='lat' dir='ltr'><strong>in</strong></span> <span class='ocrx_word' id='word_1_80' title='bbox 1007 1359 1160 1412; x_wconf 77' lang='lat' dir='ltr'><strong>vitam</strong></span> <span class='ocrx_word' id='word_1_81' title='bbox 1189 1367 1430 1412; x_wconf 70' lang='lat' dir='ltr'><strong>ater-nam</strong></span> <span class='ocrx_word' id='word_1_82' title='bbox 1453 1355 1670 1426; x_wconf 73' lang='lat' dir='ltr'><strong>(Matth.</strong></span> <span class='ocrx_word' id='word_1_83' title='bbox 1699 1369 1844 1420; x_wconf 76' lang='lat' dir='ltr'><strong>xxv,</strong></span> 
     </span>
    </p>
   </div>
   <div class='ocr_carea' id='block_1_12' title="bbox 249 1449 1848 1522">
    <p class='ocr_par' dir='ltr' id='par_1_12' title="bbox 249 1449 1848 1522">
     <span class='ocr_line' id='line_1_12' title="bbox 249 1449 1848 1522; baseline -0.001 -16"><span class='ocrx_word' id='word_1_84' title='bbox 249 1451 334 1517; x_wconf 65' lang='grc' dir='ltr'><strong>Μ,</strong></span> <span class='ocrx_word' id='word_1_85' title='bbox 357 1449 478 1522; x_wconf 69' lang='grc' dir='ltr'><strong>ιδ).</strong></span> <span class='ocrx_word' id='word_1_86' title='bbox 515 1450 646 1506; x_wconf 65' lang='lat' dir='ltr'><strong>Haec</strong></span> <span class='ocrx_word' id='word_1_87' title='bbox 669 1465 802 1522; x_wconf 84' lang='lat' dir='ltr'><strong>ergo</strong></span> <span class='ocrx_word' id='word_1_88' title='bbox 821 1457 878 1507; x_wconf 90' lang='lat' dir='ltr'><strong>et</strong></span> <span class='ocrx_word' id='word_1_89' title='bbox 911 1451 1014 1504; x_wconf 87' lang='lat' dir='ltr'><strong>alia</strong></span> <span class='ocrx_word' id='word_1_90' title='bbox 1043 1465 1160 1521; x_wconf 75' lang='lat' dir='ltr'><strong>qua:</strong></span> <span class='ocrx_word' id='word_1_91' title='bbox 1181 1451 1342 1504; x_wconf 86' lang='lat' dir='ltr'><strong>istum</strong></span> <span class='ocrx_word' id='word_1_92' title='bbox 1367 1457 1664 1519; x_wconf 87' lang='lat' dir='ltr'><strong>sequuntur</strong></span> <span class='ocrx_word' id='word_1_93' title='bbox 1693 1463 1848 1504; x_wconf 81' lang='lat' dir='ltr'><strong>erro-</strong></span> 
     </span>
    </p>
   </div>
   <div class='ocr_carea' id='block_1_13' title="bbox 249 1543 1848 1614">
    <p class='ocr_par' dir='ltr' id='par_1_13' title="bbox 249 1543 1848 1614">
     <span class='ocr_line' id='line_1_13' title="bbox 249 1543 1848 1614; baseline -0.001 -14"><span class='ocrx_word' id='word_1_94' title='bbox 249 1559 400 1611; x_wconf 85' lang='lat' dir='ltr'><strong>rem,</strong></span> <span class='ocrx_word' id='word_1_95' title='bbox 449 1545 683 1600; x_wconf 88' lang='lat' dir='ltr'><strong>nimium</strong></span> <span class='ocrx_word' id='word_1_96' title='bbox 731 1559 986 1614; x_wconf 82' lang='lat' dir='ltr'><strong>perversa</strong></span> <span class='ocrx_word' id='word_1_97' title='bbox 1033 1553 1088 1600; x_wconf 89' lang='lat' dir='ltr'><strong>et</strong></span> <span class='ocrx_word' id='word_1_98' title='bbox 1139 1544 1446 1600; x_wconf 75' lang='lat' dir='ltr'><strong>christiante</strong></span> <span class='ocrx_word' id='word_1_99' title='bbox 1499 1543 1848 1614; x_wconf 86' lang='lat' dir='ltr'><strong>rcpgnantia</strong></span> 
     </span>
    </p>
   </div>
   <div class='ocr_carea' id='block_1_14' title="bbox 253 1635 1850 1708">
    <p class='ocr_par' dir='ltr' id='par_1_14' title="bbox 253 1635 1850 1708">
     <span class='ocr_line' id='line_1_14' title="bbox 253 1635 1850 1708; baseline 0 -16"><span class='ocrx_word' id='word_1_100' title='bbox 253 1637 458 1692; x_wconf 66' lang='lat' dir='ltr'><strong>veritati</strong></span> <span class='ocrx_word' id='word_1_101' title='bbox 480 1679 494 1704; x_wconf 90' lang='lat'><strong>,</strong></span> <span class='ocrx_word' id='word_1_102' title='bbox 541 1635 708 1692; x_wconf 84' lang='lat' dir='ltr'><strong>credo</strong></span> <span class='ocrx_word' id='word_1_103' title='bbox 745 1637 888 1708; x_wconf 85' lang='lat' dir='ltr'><strong>quod</strong></span> <span class='ocrx_word' id='word_1_104' title='bbox 918 1637 1000 1692; x_wconf 89' lang='lat' dir='ltr'><strong>vir</strong></span> <span class='ocrx_word' id='word_1_105' title='bbox 1025 1637 1116 1692; x_wconf 87' lang='lat' dir='ltr'><strong>ille</strong></span> <span class='ocrx_word' id='word_1_106' title='bbox 1143 1647 1250 1692; x_wconf 87' lang='lat' dir='ltr'><strong>tam</strong></span> <span class='ocrx_word' id='word_1_107' title='bbox 1277 1635 1488 1708; x_wconf 88' lang='lat' dir='ltr'><strong>egregie</strong></span> <span class='ocrx_word' id='word_1_108' title='bbox 1525 1635 1850 1692; x_wconf 85' lang='lat' dir='ltr'><strong>cbristianus</strong></span> 
     </span>
    </p>
   </div>
   <div class='ocr_carea' id='block_1_15' title="bbox 253 1729 1851 1800">
    <p class='ocr_par' dir='ltr' id='par_1_15' title="bbox 253 1729 1851 1800">
     <span class='ocr_line' id='line_1_15' title="bbox 253 1729 1851 1800; baseline -0.001 -15"><span class='ocrx_word' id='word_1_109' title='bbox 253 1729 474 1785; x_wconf 79' lang='lat' dir='ltr'><strong>omnino</strong></span> <span class='ocrx_word' id='word_1_110' title='bbox 503 1745 614 1784; x_wconf 83' lang='lat' dir='ltr'><strong>non</strong></span> <span class='ocrx_word' id='word_1_111' title='bbox 647 1731 860 1786; x_wconf 86' lang='lat' dir='ltr'><strong>sentiat.</strong></span> <span class='ocrx_word' id='word_1_112' title='bbox 889 1729 996 1786; x_wconf 86' lang='lat' dir='ltr'><strong>Sed</strong></span> <span class='ocrx_word' id='word_1_113' title='bbox 1021 1730 1134 1786; x_wconf 81' lang='lat' dir='ltr'><strong>ﬁeri</strong></span> <span class='ocrx_word' id='word_1_114' title='bbox 1163 1739 1336 1800; x_wconf 91' lang='lat' dir='ltr'><strong>potest</strong></span> <span class='ocrx_word' id='word_1_115' title='bbox 1365 1738 1421 1784; x_wconf 90' lang='lat' dir='ltr'><strong>ut</strong></span> <span class='ocrx_word' id='word_1_116' title='bbox 1439 1730 1598 1786; x_wconf 87' lang='lat' dir='ltr'><strong>etiam</strong></span> <span class='ocrx_word' id='word_1_117' title='bbox 1627 1729 1851 1786; x_wconf 80' lang='lat' dir='ltr'><strong>istorum</strong></span> 
     </span>
    </p>
   </div>
   <div class='ocr_carea' id='block_1_16' title="bbox 255 1821 1849 1893">
    <p class='ocr_par' dir='ltr' id='par_1_16' title="bbox 255 1821 1849 1893">
     <span class='ocr_line' id='line_1_16' title="bbox 255 1821 1849 1893; baseline -0.002 -14"><span class='ocrx_word' id='word_1_118' title='bbox 255 1823 590 1892; x_wconf 70' lang='lat' dir='ltr'><strong>argumentis</strong></span> <span class='ocrx_word' id='word_1_119' title='bbox 613 1863 628 1887; x_wconf 95' lang='lat'><strong>,</strong></span> <span class='ocrx_word' id='word_1_120' title='bbox 665 1823 756 1893; x_wconf 86' lang='lat' dir='ltr'><strong>qui</strong></span> <span class='ocrx_word' id='word_1_121' title='bbox 797 1831 984 1878; x_wconf 88' lang='lat' dir='ltr'><strong>contra</strong></span> <span class='ocrx_word' id='word_1_122' title='bbox 1023 1823 1230 1892; x_wconf 86' lang='lat' dir='ltr'><strong>peccati</strong></span> <span class='ocrx_word' id='word_1_123' title='bbox 1277 1821 1550 1878; x_wconf 91' lang='lat' dir='ltr'><strong>traducem</strong></span> <span class='ocrx_word' id='word_1_124' title='bbox 1577 1823 1849 1889; x_wconf 86' lang='lat' dir='ltr'><strong>sentiunt,</strong></span> 
     </span>
    </p>
   </div>
   <div class='ocr_carea' id='block_1_17' title="bbox 255 1912 1852 1984">
    <p class='ocr_par' dir='ltr' id='par_1_17' title="bbox 255 1912 1852 1984">
     <span class='ocr_line' id='line_1_17' title="bbox 255 1912 1852 1984; baseline -0.001 -15"><span class='ocrx_word' id='word_1_125' title='bbox 255 1916 426 1970; x_wconf 74' lang='lat' dir='ltr'><strong>adhuc</strong></span> <span class='ocrx_word' id='word_1_126' title='bbox 445 1914 686 1970; x_wconf 74' lang='lat' dir='ltr'><strong>fortasse</strong></span> <span class='ocrx_word' id='word_1_127' title='bbox 709 1914 782 1970; x_wconf 82' lang='lat' dir='ltr'><strong>ita</strong></span> <span class='ocrx_word' id='word_1_128' title='bbox 807 1923 1104 1980; x_wconf 73' lang='lat' dir='ltr'><strong>moveatur,</strong></span> <span class='ocrx_word' id='word_1_129' title='bbox 1137 1923 1198 1968; x_wconf 91' lang='lat' dir='ltr'><strong>ut</strong></span> <span class='ocrx_word' id='word_1_130' title='bbox 1215 1915 1400 1970; x_wconf 88' lang='lat' dir='ltr'><strong>audire</strong></span> <span class='ocrx_word' id='word_1_131' title='bbox 1421 1915 1504 1970; x_wconf 86' lang='lat' dir='ltr'><strong>vel</strong></span> <span class='ocrx_word' id='word_1_132' title='bbox 1537 1929 1698 1970; x_wconf 88' lang='lat' dir='ltr'><strong>nosse</strong></span> <span class='ocrx_word' id='word_1_133' title='bbox 1725 1912 1852 1984; x_wconf 89' lang='lat' dir='ltr'><strong>quid</strong></span> 
     </span>
    </p>
   </div>
   <div class='ocr_carea' id='block_1_18' title="bbox 255 2005 1852 2078">
    <p class='ocr_par' dir='ltr' id='par_1_18' title="bbox 255 2005 1852 2078">
     <span class='ocr_line' id='line_1_18' title="bbox 255 2005 1852 2078; baseline -0.001 -14"><span class='ocrx_word' id='word_1_134' title='bbox 255 2017 436 2064; x_wconf 85' lang='lat' dir='ltr'><strong>contra</strong></span> <span class='ocrx_word' id='word_1_135' title='bbox 463 2021 564 2064; x_wconf 83' lang='lat' dir='ltr'><strong>eos</strong></span> <span class='ocrx_word' id='word_1_136' title='bbox 589 2005 820 2076; x_wconf 77' lang='lat' dir='ltr'><strong>dicetur,</strong></span> <span class='ocrx_word' id='word_1_137' title='bbox 846 2017 1120 2078; x_wconf 84' lang='lat' dir='ltr'><strong>exspectet</strong></span> <span class='ocrx_word' id='word_1_138' title='bbox 1151 2026 1164 2062; x_wconf 89' lang='lat'><strong>:</strong></span> <span class='ocrx_word' id='word_1_139' title='bbox 1189 2015 1244 2064; x_wconf 88' lang='lat' dir='ltr'><strong>et</strong></span> <span class='ocrx_word' id='word_1_140' title='bbox 1264 2007 1388 2064; x_wconf 89' lang='lat' dir='ltr'><strong>ideo</strong></span> <span class='ocrx_word' id='word_1_141' title='bbox 1405 2009 1532 2078; x_wconf 89' lang='lat' dir='ltr'><strong>quid</strong></span> <span class='ocrx_word' id='word_1_142' title='bbox 1557 2009 1628 2064; x_wconf 85' lang='lat' dir='ltr'><strong>illi</strong></span> <span class='ocrx_word' id='word_1_143' title='bbox 1650 2007 1852 2074; x_wconf 88' lang='lat' dir='ltr'><strong>dicant,</strong></span> 
     </span>
    </p>
   </div>
   <div class='ocr_carea' id='block_1_19' title="bbox 259 2097 1853 2169">
    <p class='ocr_par' dir='ltr' id='par_1_19' title="bbox 259 2097 1853 2169">
     <span class='ocr_line' id='line_1_19' title="bbox 259 2097 1853 2169; baseline 0.001 -15"><span class='ocrx_word' id='word_1_144' title='bbox 259 2101 338 2169; x_wconf 87' lang='lat' dir='ltr'><strong>qui</strong></span> <span class='ocrx_word' id='word_1_145' title='bbox 365 2107 560 2156; x_wconf 88' lang='lat' dir='ltr'><strong>contra</strong></span> <span class='ocrx_word' id='word_1_146' title='bbox 593 2097 798 2169; x_wconf 89' lang='lat' dir='ltr'><strong>peccati</strong></span> <span class='ocrx_word' id='word_1_147' title='bbox 825 2099 1096 2154; x_wconf 88' lang='lat' dir='ltr'><strong>traducem</strong></span> <span class='ocrx_word' id='word_1_148' title='bbox 1133 2099 1388 2168; x_wconf 88' lang='lat' dir='ltr'><strong>sentiunt,</strong></span> <span class='ocrx_word' id='word_1_149' title='bbox 1419 2115 1518 2156; x_wconf 89' lang='lat' dir='ltr'><strong>nec</strong></span> <span class='ocrx_word' id='word_1_150' title='bbox 1549 2109 1728 2156; x_wconf 88' lang='lat' dir='ltr'><strong>tacere</strong></span> <span class='ocrx_word' id='word_1_151' title='bbox 1757 2113 1853 2155; x_wconf 84' lang='lat' dir='ltr'><strong>vo-</strong></span> 
     </span>
    </p>
   </div>
   <div class='ocr_carea' id='block_1_20' title="bbox 261 2189 1855 2262">
    <p class='ocr_par' dir='ltr' id='par_1_20' title="bbox 261 2189 1855 2262">
     <span class='ocr_line' id='line_1_20' title="bbox 261 2189 1855 2262; baseline 0.003 -18"><span class='ocrx_word' id='word_1_152' title='bbox 261 2189 370 2258; x_wconf 79' lang='lat' dir='ltr'><strong>luit,</strong></span> <span class='ocrx_word' id='word_1_153' title='bbox 399 2199 460 2246; x_wconf 88' lang='lat' dir='ltr'><strong>ut</strong></span> <span class='ocrx_word' id='word_1_154' title='bbox 483 2190 720 2260; x_wconf 73' lang='lat' dir='ltr'><strong>qutestio</strong></span> <span class='ocrx_word' id='word_1_155' title='bbox 743 2190 1078 2247; x_wconf 73' lang='lat' dir='ltr'><strong>discutienda</strong></span> <span class='ocrx_word' id='word_1_156' title='bbox 1099 2192 1476 2258; x_wconf 87' lang='lat' dir='ltr'><strong>insinuaretur,</strong></span> <span class='ocrx_word' id='word_1_157' title='bbox 1506 2201 1560 2248; x_wconf 88' lang='lat' dir='ltr'><strong>et</strong></span> <span class='ocrx_word' id='word_1_158' title='bbox 1577 2209 1606 2247; x_wconf 86' lang='lat' dir='ltr'><strong>a</strong></span> <span class='ocrx_word' id='word_1_159' title='bbox 1629 2207 1855 2262; x_wconf 80' lang='lat' dir='ltr'><strong>persona</strong></span> 
     </span>
    </p>
   </div>
   <div class='ocr_carea' id='block_1_21' title="bbox 263 2283 1780 2356">
    <p class='ocr_par' dir='ltr' id='par_1_21' title="bbox 263 2283 1780 2356">
     <span class='ocr_line' id='line_1_21' title="bbox 263 2283 1780 2356; baseline 0.003 -18"><span class='ocrx_word' id='word_1_160' title='bbox 263 2297 350 2338; x_wconf 78' lang='lat' dir='ltr'><strong>sua</strong></span> <span class='ocrx_word' id='word_1_161' title='bbox 377 2283 636 2350; x_wconf 69' lang='lat' dir='ltr'><strong>removit,</strong></span> <span class='ocrx_word' id='word_1_162' title='bbox 663 2297 732 2338; x_wconf 90' lang='lat' dir='ltr'><strong>ne</strong></span> <span class='ocrx_word' id='word_1_163' title='bbox 760 2283 866 2338; x_wconf 79' lang='lat' dir='ltr'><strong>hoc</strong></span> <span class='ocrx_word' id='word_1_164' title='bbox 887 2285 1046 2340; x_wconf 89' lang='lat' dir='ltr'><strong>etiam</strong></span> <span class='ocrx_word' id='word_1_165' title='bbox 1070 2285 1184 2356; x_wconf 90' lang='lat' dir='ltr'><strong>ipse</strong></span> <span class='ocrx_word' id='word_1_166' title='bbox 1213 2286 1412 2342; x_wconf 85' lang='lat' dir='ltr'><strong>sentire</strong></span> <span class='ocrx_word' id='word_1_167' title='bbox 1432 2286 1780 2356; x_wconf 82' lang='lat' dir='ltr'><strong>judicaretur.</strong></span> 
     </span>
    </p>
   </div>
   <div class='ocr_carea' id='block_1_22' title="bbox 323 2373 1852 2448">
    <p class='ocr_par' dir='ltr' id='par_1_22' title="bbox 323 2373 1852 2448">
     <span class='ocr_line' id='line_1_22' title="bbox 323 2373 1852 2448; baseline 0.003 -18"><span class='ocrx_word' id='word_1_168' title='bbox 323 2373 558 2430; x_wconf 78' lang='lat' dir='ltr'><strong>CAPUT</strong></span> <span class='ocrx_word' id='word_1_169' title='bbox 587 2374 678 2429; x_wconf 76' lang='grc' dir='ltr'><strong>Π.</strong></span> <span class='ocrx_word' id='word_1_170' title='bbox 701 2403 772 2416; x_wconf 66' lang='grc' dir='ltr'><strong>κ-</strong></span> <span class='ocrx_word' id='word_1_171' title='bbox 803 2377 858 2430; x_wconf 89' lang='grc'><strong>7.</strong></span> <span class='ocrx_word' id='word_1_172' title='bbox 893 2375 1046 2432; x_wconf 74' lang='lat' dir='ltr'><strong>Iesus</strong></span> <span class='ocrx_word' id='word_1_173' title='bbox 1091 2379 1242 2432; x_wconf 85' lang='lat' dir='ltr'><strong>etiam</strong></span> <span class='ocrx_word' id='word_1_174' title='bbox 1281 2379 1554 2448; x_wconf 79' lang='lat' dir='ltr'><strong>infantium</strong></span> <span class='ocrx_word' id='word_1_175' title='bbox 1580 2380 1732 2434; x_wconf 68' lang='lat' dir='ltr'><strong>Iesus</strong></span> <span class='ocrx_word' id='word_1_176' title='bbox 1757 2387 1852 2434; x_wconf 88' lang='lat' dir='ltr'><strong>est.</strong></span> 
     </span>
    </p>
   </div>
   <div class='ocr_carea' id='block_1_23' title="bbox 265 2467 1858 2546">
    <p class='ocr_par' dir='ltr' id='par_1_23' title="bbox 265 2467 1858 2546">
     <span class='ocr_line' id='line_1_23' title="bbox 265 2467 1858 2546; baseline 0.002 -22"><span class='ocrx_word' id='word_1_177' title='bbox 265 2467 492 2524; x_wconf 73' lang='lat' dir='ltr'><strong>Ostendit</strong></span> <span class='ocrx_word' id='word_1_178' title='bbox 507 2475 700 2524; x_wconf 65' lang='lat' dir='ltr'><strong>netues</strong></span> <span class='ocrx_word' id='word_1_179' title='bbox 711 2468 842 2523; x_wconf 68' lang='lat' dir='ltr'><strong>nihil</strong></span> <span class='ocrx_word' id='word_1_180' title='bbox 857 2469 1112 2524; x_wconf 75' lang='lat' dir='ltr'><strong>dubitasse</strong></span> <span class='ocrx_word' id='word_1_181' title='bbox 1125 2471 1190 2524; x_wconf 82' lang='lat' dir='ltr'><strong>de</strong></span> <span class='ocrx_word' id='word_1_182' title='bbox 1203 2471 1444 2542; x_wconf 82' lang='lat' dir='ltr'><strong>originali</strong></span> <span class='ocrx_word' id='word_1_183' title='bbox 1457 2473 1732 2546; x_wconf 79' lang='lat' dir='ltr'><strong>infantium</strong></span> <span class='ocrx_word' id='word_1_184' title='bbox 1749 2489 1858 2542; x_wconf 86' lang='lat' dir='ltr'><strong>pec-</strong></span> 
     </span>
    </p>
   </div>
   <div class='ocr_carea' id='block_1_24' title="bbox 265 2561 1856 2636">
    <p class='ocr_par' dir='ltr' id='par_1_24' title="bbox 265 2561 1856 2636">
     <span class='ocr_line' id='line_1_24' title="bbox 265 2561 1856 2636; baseline 0.004 -20"><span class='ocrx_word' id='word_1_185' title='bbox 265 2571 398 2617; x_wconf 70' lang='lat' dir='ltr'><strong>cato.</strong></span> <span class='ocrx_word' id='word_1_186' title='bbox 415 2561 534 2632; x_wconf 80' lang='lat' dir='ltr'><strong>Ego</strong></span> <span class='ocrx_word' id='word_1_187' title='bbox 555 2571 734 2616; x_wconf 86' lang='lat' dir='ltr'><strong>autem</strong></span> <span class='ocrx_word' id='word_1_188' title='bbox 755 2562 860 2616; x_wconf 87' lang='lat' dir='ltr'><strong>etsi</strong></span> <span class='ocrx_word' id='word_1_189' title='bbox 887 2563 1130 2618; x_wconf 76' lang='lat' dir='ltr'><strong>refellere</strong></span> <span class='ocrx_word' id='word_1_190' title='bbox 1159 2565 1380 2620; x_wconf 87' lang='lat' dir='ltr'><strong>istorum</strong></span> <span class='ocrx_word' id='word_1_191' title='bbox 1411 2573 1722 2636; x_wconf 85' lang='lat' dir='ltr'><strong>argumenta</strong></span> <span class='ocrx_word' id='word_1_192' title='bbox 1749 2579 1856 2622; x_wconf 90' lang='lat' dir='ltr'><strong>non</strong></span> 
     </span>
    </p>
   </div>
   <div class='ocr_carea' id='block_1_25' title="bbox 267 2653 1854 2730">
    <p class='ocr_par' dir='ltr' id='par_1_25' title="bbox 267 2653 1854 2730">
     <span class='ocr_line' id='line_1_25' title="bbox 267 2653 1854 2730; baseline 0.008 -26"><span class='ocrx_word' id='word_1_193' title='bbox 267 2653 498 2716; x_wconf 77' lang='lat' dir='ltr'><strong>valeam,</strong></span> <span class='ocrx_word' id='word_1_194' title='bbox 515 2653 666 2707; x_wconf 82' lang='lat' dir='ltr'><strong>video</strong></span> <span class='ocrx_word' id='word_1_195' title='bbox 683 2661 866 2710; x_wconf 76' lang='lat' dir='ltr'><strong>tamen</strong></span> <span class='ocrx_word' id='word_1_196' title='bbox 883 2653 1252 2712; x_wconf 77' lang='lat' dir='ltr'><strong>inluerendum</strong></span> <span class='ocrx_word' id='word_1_197' title='bbox 1273 2673 1394 2712; x_wconf 88' lang='lat' dir='ltr'><strong>esse</strong></span> <span class='ocrx_word' id='word_1_198' title='bbox 1411 2659 1474 2714; x_wconf 87' lang='lat' dir='ltr'><strong>iis</strong></span> <span class='ocrx_word' id='word_1_199' title='bbox 1503 2675 1624 2730; x_wconf 80' lang='lat' dir='ltr'><strong>quae</strong></span> <span class='ocrx_word' id='word_1_200' title='bbox 1641 2660 1693 2714; x_wconf 90' lang='lat' dir='ltr'><strong>in</strong></span> <span class='ocrx_word' id='word_1_201' title='bbox 1709 2659 1854 2716; x_wconf 88' lang='lat' dir='ltr'><strong>Scri-</strong></span> 
     </span>
    </p>
   </div>
   <div class='ocr_carea' id='block_1_26' title="bbox 279 2743 1851 2818">
    <p class='ocr_par' dir='ltr' id='par_1_26' title="bbox 279 2743 1851 2818">
     <span class='ocr_line' id='line_1_26' title="bbox 279 2743 1851 2818; baseline 0.008 -21"><span class='ocrx_word' id='word_1_202' title='bbox 279 2743 450 2812; x_wconf 86' lang='lat' dir='ltr'><strong>pturis</strong></span> <span class='ocrx_word' id='word_1_203' title='bbox 463 2753 584 2798; x_wconf 87' lang='lat' dir='ltr'><strong>sunt</strong></span> <span class='ocrx_word' id='word_1_204' title='bbox 606 2746 960 2814; x_wconf 84' lang='lat' dir='ltr'><strong>apertissima,</strong></span> <span class='ocrx_word' id='word_1_205' title='bbox 981 2755 1040 2802; x_wconf 90' lang='lat' dir='ltr'><strong>ut</strong></span> <span class='ocrx_word' id='word_1_206' title='bbox 1063 2763 1132 2804; x_wconf 79' lang='lat' dir='ltr'><strong>ex</strong></span> <span class='ocrx_word' id='word_1_207' title='bbox 1163 2749 1244 2804; x_wconf 87' lang='lat' dir='ltr'><strong>his</strong></span> <span class='ocrx_word' id='word_1_208' title='bbox 1271 2751 1576 2807; x_wconf 85' lang='lat' dir='ltr'><strong>revelentur</strong></span> <span class='ocrx_word' id='word_1_209' title='bbox 1597 2753 1851 2818; x_wconf 87' lang='lat' dir='ltr'><strong>obscura;</strong></span> 
     </span>
    </p>
   </div>
   <div class='ocr_carea' id='block_1_27' title="bbox 273 2837 1856 2912">
    <p class='ocr_par' dir='ltr' id='par_1_27' title="bbox 273 2837 1856 2912">
     <span class='ocr_line' id='line_1_27' title="bbox 273 2837 1856 2912; baseline 0.008 -22"><span class='ocrx_word' id='word_1_210' title='bbox 273 2843 372 2890; x_wconf 83' lang='lat' dir='ltr'><strong>sat</strong></span> <span class='ocrx_word' id='word_1_211' title='bbox 395 2837 442 2892; x_wconf 88' lang='lat' dir='ltr'><strong>si</strong></span> <span class='ocrx_word' id='word_1_212' title='bbox 465 2851 612 2892; x_wconf 84' lang='lat' dir='ltr'><strong>mens</strong></span> <span class='ocrx_word' id='word_1_213' title='bbox 633 2838 874 2894; x_wconf 87' lang='lat' dir='ltr'><strong>nondum</strong></span> <span class='ocrx_word' id='word_1_214' title='bbox 891 2847 974 2895; x_wconf 88' lang='lat' dir='ltr'><strong>est</strong></span> <span class='ocrx_word' id='word_1_215' title='bbox 993 2839 1200 2908; x_wconf 86' lang='lat' dir='ltr'><strong>idonea,</strong></span> <span class='ocrx_word' id='word_1_216' title='bbox 1231 2857 1350 2912; x_wconf 71' lang='lat' dir='ltr'><strong>quae</strong></span> <span class='ocrx_word' id='word_1_217' title='bbox 1381 2845 1546 2912; x_wconf 86' lang='lat' dir='ltr'><strong>possit</strong></span> <span class='ocrx_word' id='word_1_218' title='bbox 1567 2859 1629 2900; x_wconf 88' lang='lat' dir='ltr'><strong>ea</strong></span> <span class='ocrx_word' id='word_1_219' title='bbox 1661 2845 1740 2900; x_wconf 81' lang='lat' dir='ltr'><strong>vel</strong></span> <span class='ocrx_word' id='word_1_220' title='bbox 1761 2845 1856 2902; x_wconf 89' lang='lat' dir='ltr'><strong>de-</strong></span> 
     </span>
    </p>
   </div>
   <div class='ocr_carea' id='block_1_28' title="bbox 269 2933 1856 3006">
    <p class='ocr_par' dir='ltr' id='par_1_28' title="bbox 269 2933 1856 3006">
     <span class='ocr_line' id='line_1_28' title="bbox 269 2933 1856 3006; baseline 0.006 -22"><span class='ocrx_word' id='word_1_221' title='bbox 269 2937 562 2984; x_wconf 83' lang='lat' dir='ltr'><strong>monstrata</strong></span> <span class='ocrx_word' id='word_1_222' title='bbox 609 2945 866 2998; x_wconf 89' lang='lat' dir='ltr'><strong>cernere,</strong></span> <span class='ocrx_word' id='word_1_223' title='bbox 915 2933 998 2988; x_wconf 86' lang='lat' dir='ltr'><strong>vel</strong></span> <span class='ocrx_word' id='word_1_224' title='bbox 1041 2933 1286 2990; x_wconf 86' lang='lat' dir='ltr'><strong>abstrusa</strong></span> <span class='ocrx_word' id='word_1_225' title='bbox 1335 2937 1688 3006; x_wconf 84' lang='lat' dir='ltr'><strong>investigare,</strong></span> <span class='ocrx_word' id='word_1_226' title='bbox 1739 2939 1856 2995; x_wconf 88' lang='lat' dir='ltr'><strong>sine</strong></span> 
     </span>
    </p>
   </div>
   <div class='ocr_carea' id='block_1_29' title="bbox 271 3021 1860 3100">
    <p class='ocr_par' dir='ltr' id='par_1_29' title="bbox 271 3021 1860 3100">
     <span class='ocr_line' id='line_1_29' title="bbox 271 3021 1860 3100; baseline 0.006 -24"><span class='ocrx_word' id='word_1_227' title='bbox 271 3021 376 3076; x_wconf 70' lang='lat' dir='ltr'><strong>tuis</strong></span> <span class='ocrx_word' id='word_1_228' title='bbox 407 3021 750 3079; x_wconf 59' lang='lat' dir='ltr'><strong>haeitatione</strong></span> <span class='ocrx_word' id='word_1_229' title='bbox 787 3023 1096 3080; x_wconf 81' lang='lat' dir='ltr'><strong>credantur.</strong></span> <span class='ocrx_word' id='word_1_230' title='bbox 1131 3025 1270 3094; x_wconf 83' lang='lat' dir='ltr'><strong>Quid</strong></span> <span class='ocrx_word' id='word_1_231' title='bbox 1313 3035 1488 3082; x_wconf 87' lang='lat' dir='ltr'><strong>autem</strong></span> <span class='ocrx_word' id='word_1_232' title='bbox 1519 3029 1754 3100; x_wconf 82' lang='lat' dir='ltr'><strong>apertius</strong></span> <span class='ocrx_word' id='word_1_233' title='bbox 1782 3039 1860 3086; x_wconf 88' lang='lat' dir='ltr'><strong>tot</strong></span> 
     </span>
    </p>
   </div>
   <div class='ocr_carea' id='block_1_30' title="bbox 269 3115 1857 3194">
    <p class='ocr_par' dir='ltr' id='par_1_30' title="bbox 269 3115 1857 3194">
     <span class='ocr_line' id='line_1_30' title="bbox 269 3115 1857 3194; baseline 0.006 -24"><span class='ocrx_word' id='word_1_234' title='bbox 269 3115 536 3186; x_wconf 82' lang='lat' dir='ltr'><strong>tantisque</strong></span> <span class='ocrx_word' id='word_1_235' title='bbox 579 3117 908 3174; x_wconf 84' lang='lat' dir='ltr'><strong>testimoniis</strong></span> <span class='ocrx_word' id='word_1_236' title='bbox 935 3118 1238 3174; x_wconf 84' lang='lat' dir='ltr'><strong>divinorum</strong></span> <span class='ocrx_word' id='word_1_237' title='bbox 1266 3121 1596 3192; x_wconf 86' lang='lat' dir='ltr'><strong>eloquiorum</strong></span> <span class='ocrx_word' id='word_1_238' title='bbox 1615 3163 1628 3188; x_wconf 91' lang='lat'><strong>,</strong></span> <span class='ocrx_word' id='word_1_239' title='bbox 1665 3123 1857 3194; x_wconf 83' lang='lat' dir='ltr'><strong>quibus</strong></span> 
     </span>
    </p>
   </div>
   <div class='ocr_carea' id='block_1_31' title="bbox 269 3208 1856 3282">
    <p class='ocr_par' dir='ltr' id='par_1_31' title="bbox 269 3208 1856 3282">
     <span class='ocr_line' id='line_1_31' title="bbox 269 3208 1856 3282; baseline 0.004 -18"><span class='ocrx_word' id='word_1_240' title='bbox 269 3208 652 3264; x_wconf 84' lang='lat' dir='ltr'><strong>dilucidissime</strong></span> <span class='ocrx_word' id='word_1_241' title='bbox 675 3218 900 3282; x_wconf 82' lang='lat' dir='ltr'><strong>apparet</strong></span> <span class='ocrx_word' id='word_1_242' title='bbox 917 3249 933 3276; x_wconf 89' lang='lat'><strong>,</strong></span> <span class='ocrx_word' id='word_1_243' title='bbox 957 3227 1058 3268; x_wconf 88' lang='lat' dir='ltr'><strong>nec</strong></span> <span class='ocrx_word' id='word_1_244' title='bbox 1086 3221 1282 3282; x_wconf 80' lang='lat' dir='ltr'><strong>praeter</strong></span> <span class='ocrx_word' id='word_1_245' title='bbox 1311 3213 1510 3269; x_wconf 87' lang='lat' dir='ltr'><strong>Christi</strong></span> <span class='ocrx_word' id='word_1_246' title='bbox 1547 3215 1856 3272; x_wconf 86' lang='lat' dir='ltr'><strong>societatem</strong></span> 
     </span>
    </p>
   </div>
   <div class='ocr_carea' id='block_1_32' title="bbox 271 3301 1860 3378">
    <p class='ocr_par' dir='ltr' id='par_1_32' title="bbox 271 3301 1860 3378">
     <span class='ocr_line' id='line_1_32' title="bbox 271 3301 1860 3378; baseline 0.005 -22"><span class='ocrx_word' id='word_1_247' title='bbox 271 3301 332 3356; x_wconf 85' lang='lat' dir='ltr'><strong>ad</strong></span> <span class='ocrx_word' id='word_1_248' title='bbox 355 3302 524 3358; x_wconf 82' lang='lat' dir='ltr'><strong>vitam</strong></span> <span class='ocrx_word' id='word_1_249' title='bbox 551 3303 892 3374; x_wconf 83' lang='lat' dir='ltr'><strong>salutemque</strong></span> <span class='ocrx_word' id='word_1_250' title='bbox 919 3315 1174 3360; x_wconf 66' lang='lat' dir='ltr'><strong>aeternam</strong></span> <span class='ocrx_word' id='word_1_251' title='bbox 1213 3319 1372 3377; x_wconf 87' lang='lat' dir='ltr'><strong>posse</strong></span> <span class='ocrx_word' id='word_1_252' title='bbox 1405 3323 1725 3378; x_wconf 83' lang='lat' dir='ltr'><strong>quemquam</strong></span> <span class='ocrx_word' id='word_1_253' title='bbox 1757 3310 1860 3364; x_wconf 79' lang='lat' dir='ltr'><strong>ho-</strong></span> 
     </span>
    </p>
   </div>
   <div class='ocr_carea' id='block_1_33' title="bbox 271 3394 1860 3472">
    <p class='ocr_par' dir='ltr' id='par_1_33' title="bbox 271 3394 1860 3472">
     <span class='ocr_line' id='line_1_33' title="bbox 271 3394 1860 3472; baseline 0.005 -23"><span class='ocrx_word' id='word_1_254' title='bbox 271 3394 470 3450; x_wconf 80' lang='lat' dir='ltr'><strong>mitium</strong></span> <span class='ocrx_word' id='word_1_255' title='bbox 519 3396 842 3465; x_wconf 75' lang='lat' dir='ltr'><strong>pervenire,</strong></span> <span class='ocrx_word' id='word_1_256' title='bbox 875 3411 976 3452; x_wconf 87' lang='lat' dir='ltr'><strong>nec</strong></span> <span class='ocrx_word' id='word_1_257' title='bbox 1013 3397 1194 3454; x_wconf 82' lang='lat' dir='ltr'><strong>divino</strong></span> <span class='ocrx_word' id='word_1_258' title='bbox 1227 3397 1426 3468; x_wconf 89' lang='lat' dir='ltr'><strong>judicio</strong></span> <span class='ocrx_word' id='word_1_259' title='bbox 1469 3400 1662 3470; x_wconf 84' lang='lat' dir='ltr'><strong>injuste</strong></span> <span class='ocrx_word' id='word_1_260' title='bbox 1703 3413 1860 3472; x_wconf 88' lang='lat' dir='ltr'><strong>posse</strong></span> 
     </span>
    </p>
   </div>
   <div class='ocr_carea' id='block_1_34' title="bbox 269 3486 1864 3568">
    <p class='ocr_par' dir='ltr' id='par_1_34' title="bbox 269 3486 1864 3568">
     <span class='ocr_line' id='line_1_34' title="bbox 269 3486 1864 3568; baseline 0.005 -26"><span class='ocrx_word' id='word_1_261' title='bbox 269 3487 500 3558; x_wconf 82' lang='lat' dir='ltr'><strong>aliquem</strong></span> <span class='ocrx_word' id='word_1_262' title='bbox 535 3486 802 3553; x_wconf 86' lang='lat' dir='ltr'><strong>damnari,</strong></span> <span class='ocrx_word' id='word_1_263' title='bbox 831 3487 933 3544; x_wconf 84' lang='lat' dir='ltr'><strong>hoc</strong></span> <span class='ocrx_word' id='word_1_264' title='bbox 959 3499 1060 3558; x_wconf 90' lang='lat' dir='ltr'><strong>est,</strong></span> <span class='ocrx_word' id='word_1_265' title='bbox 1087 3491 1156 3546; x_wconf 88' lang='lat' dir='ltr'><strong>ab</strong></span> <span class='ocrx_word' id='word_1_266' title='bbox 1185 3491 1272 3546; x_wconf 89' lang='lat' dir='ltr'><strong>illa</strong></span> <span class='ocrx_word' id='word_1_267' title='bbox 1297 3493 1404 3548; x_wconf 84' lang='lat' dir='ltr'><strong>vita</strong></span> <span class='ocrx_word' id='word_1_268' title='bbox 1429 3501 1485 3549; x_wconf 91' lang='lat' dir='ltr'><strong>et</strong></span> <span class='ocrx_word' id='word_1_269' title='bbox 1511 3494 1682 3550; x_wconf 86' lang='lat' dir='ltr'><strong>salute</strong></span> <span class='ocrx_word' id='word_1_270' title='bbox 1708 3511 1864 3568; x_wconf 73' lang='lat' dir='ltr'><strong>sepa-</strong></span> 
     </span>
    </p>
   </div>
   <div class='ocr_carea' id='block_1_35' title="bbox 269 3581 1864 3660">
    <p class='ocr_par' dir='ltr' id='par_1_35' title="bbox 269 3581 1864 3660">
     <span class='ocr_line' id='line_1_35' title="bbox 269 3581 1864 3660; baseline 0.005 -22"><span class='ocrx_word' id='word_1_271' title='bbox 269 3585 408 3638; x_wconf 72' lang='lat' dir='ltr'><strong>rari?</strong></span> <span class='ocrx_word' id='word_1_272' title='bbox 435 3581 594 3640; x_wconf 88' lang='lat' dir='ltr'><strong>Unde</strong></span> <span class='ocrx_word' id='word_1_273' title='bbox 637 3585 698 3638; x_wconf 86' lang='lat' dir='ltr'><strong>lit</strong></span> <span class='ocrx_word' id='word_1_274' title='bbox 735 3597 1072 3655; x_wconf 84' lang='lat' dir='ltr'><strong>cOnsequens</strong></span> <span class='ocrx_word' id='word_1_275' title='bbox 1117 3593 1176 3640; x_wconf 90' lang='lat' dir='ltr'><strong>ut</strong></span> <span class='ocrx_word' id='word_1_276' title='bbox 1219 3587 1468 3656; x_wconf 87' lang='lat' dir='ltr'><strong>quoniam</strong></span> <span class='ocrx_word' id='word_1_277' title='bbox 1515 3587 1644 3643; x_wconf 84' lang='lat' dir='ltr'><strong>nihil</strong></span> <span class='ocrx_word' id='word_1_278' title='bbox 1691 3591 1864 3660; x_wconf 83' lang='lat' dir='ltr'><strong>agitur</strong></span> 
     </span>
    </p>
   </div>
   <div class='ocr_carea' id='block_1_36' title="bbox 269 3673 1864 3751">
    <p class='ocr_par' dir='ltr' id='par_1_36' title="bbox 269 3673 1864 3751">
     <span class='ocr_line' id='line_1_36' title="bbox 269 3673 1864 3751; baseline 0.008 -24"><span class='ocrx_word' id='word_1_279' title='bbox 269 3673 430 3740; x_wconf 74' lang='lat' dir='ltr'><strong>aliud,</strong></span> <span class='ocrx_word' id='word_1_280' title='bbox 465 3687 592 3728; x_wconf 86' lang='lat' dir='ltr'><strong>eum</strong></span> <span class='ocrx_word' id='word_1_281' title='bbox 623 3676 828 3745; x_wconf 77' lang='lat' dir='ltr'><strong>parvuli</strong></span> <span class='ocrx_word' id='word_1_282' title='bbox 855 3676 1212 3746; x_wconf 82' lang='lat' dir='ltr'><strong>haptizantur,</strong></span> <span class='ocrx_word' id='word_1_283' title='bbox 1235 3677 1336 3732; x_wconf 86' lang='lat' dir='ltr'><strong>nisi</strong></span> <span class='ocrx_word' id='word_1_284' title='bbox 1367 3689 1424 3732; x_wconf 89' lang='lat' dir='ltr'><strong>ut</strong></span> <span class='ocrx_word' id='word_1_285' title='bbox 1453 3678 1864 3751; x_wconf 87' lang='lat' dir='ltr'><strong>incorporentur</strong></span> 
     </span>
    </p>
   </div>
   <div class='ocr_carea' id='block_1_37' title="bbox 271 3765 1865 3844">
    <p class='ocr_par' dir='ltr' id='par_1_37' title="bbox 271 3765 1865 3844">
     <span class='ocr_line' id='line_1_37' title="bbox 271 3765 1865 3844; baseline 0.006 -22"><span class='ocrx_word' id='word_1_286' title='bbox 271 3767 548 3834; x_wconf 63' lang='lat' dir='ltr'><strong>Ecclesiae,</strong></span> <span class='ocrx_word' id='word_1_287' title='bbox 581 3767 636 3820; x_wconf 90' lang='lat' dir='ltr'><strong>id</strong></span> <span class='ocrx_word' id='word_1_288' title='bbox 671 3777 780 3835; x_wconf 86' lang='lat' dir='ltr'><strong>est,</strong></span> <span class='ocrx_word' id='word_1_289' title='bbox 809 3765 1006 3824; x_wconf 83' lang='lat' dir='ltr'><strong>Christi</strong></span> <span class='ocrx_word' id='word_1_290' title='bbox 1035 3771 1244 3840; x_wconf 90' lang='lat' dir='ltr'><strong>corpori</strong></span> <span class='ocrx_word' id='word_1_291' title='bbox 1273 3773 1632 3844; x_wconf 88' lang='lat' dir='ltr'><strong>membrisque</strong></span> <span class='ocrx_word' id='word_1_292' title='bbox 1656 3777 1865 3832; x_wconf 52' lang='lat' dir='ltr'><strong>socien-</strong></span> 
     </span>
    </p>
   </div>
   <div class='ocr_carea' id='block_1_38' title="bbox 271 3857 1864 3934">
    <p class='ocr_par' dir='ltr' id='par_1_38' title="bbox 271 3857 1864 3934">
     <span class='ocr_line' id='line_1_38' title="bbox 271 3857 1864 3934; baseline 0.008 -22"><span class='ocrx_word' id='word_1_293' title='bbox 271 3865 384 3926; x_wconf 88' lang='lat' dir='ltr'><strong>tur;</strong></span> <span class='ocrx_word' id='word_1_294' title='bbox 413 3857 762 3914; x_wconf 83' lang='lat' dir='ltr'><strong>manifestum</strong></span> <span class='ocrx_word' id='word_1_295' title='bbox 791 3861 862 3914; x_wconf 88' lang='lat' dir='ltr'><strong>sit</strong></span> <span class='ocrx_word' id='word_1_296' title='bbox 881 3873 976 3915; x_wconf 89' lang='lat' dir='ltr'><strong>cos</strong></span> <span class='ocrx_word' id='word_1_297' title='bbox 995 3862 1062 3916; x_wconf 88' lang='lat' dir='ltr'><strong>ad</strong></span> <span class='ocrx_word' id='word_1_298' title='bbox 1085 3861 1502 3934; x_wconf 82' lang='lat' dir='ltr'><strong>damnationem,</strong></span> <span class='ocrx_word' id='word_1_299' title='bbox 1533 3867 1634 3920; x_wconf 82' lang='lat' dir='ltr'><strong>nisi</strong></span> <span class='ocrx_word' id='word_1_300' title='bbox 1663 3867 1764 3923; x_wconf 92' lang='lat' dir='ltr'><strong>hoc</strong></span> <span class='ocrx_word' id='word_1_301' title='bbox 1786 3869 1864 3924; x_wconf 88' lang='lat' dir='ltr'><strong>eis</strong></span> 
     </span>
    </p>
   </div>
   <div class='ocr_carea' id='block_1_39' title="bbox 273 3951 1866 4033">
    <p class='ocr_par' dir='ltr' id='par_1_39' title="bbox 273 3951 1866 4033">
     <span class='ocr_line' id='line_1_39' title="bbox 273 3951 1866 4033; baseline 0.008 -28"><span class='ocrx_word' id='word_1_302' title='bbox 273 3951 524 4006; x_wconf 83' lang='lat' dir='ltr'><strong>collatum</strong></span> <span class='ocrx_word' id='word_1_303' title='bbox 547 3951 706 4007; x_wconf 79' lang='lat' dir='ltr'><strong>fuerit</strong></span> <span class='ocrx_word' id='word_1_304' title='bbox 729 3955 768 4020; x_wconf 75' lang='grc'><strong>⁸,</strong></span> <span class='ocrx_word' id='word_1_305' title='bbox 801 3953 1087 4024; x_wconf 88' lang='lat' dir='ltr'><strong>pertinere.</strong></span> <span class='ocrx_word' id='word_1_306' title='bbox 1119 3955 1234 4010; x_wconf 85' lang='lat' dir='ltr'><strong>Non</strong></span> <span class='ocrx_word' id='word_1_307' title='bbox 1265 3965 1440 4012; x_wconf 85' lang='lat' dir='ltr'><strong>autem</strong></span> <span class='ocrx_word' id='word_1_308' title='bbox 1471 3959 1712 4016; x_wconf 87' lang='lat' dir='ltr'><strong>damnari</strong></span> <span class='ocrx_word' id='word_1_309' title='bbox 1741 3977 1866 4033; x_wconf 88' lang='lat' dir='ltr'><strong>pos-</strong></span> 
     </span>
    </p>
   </div>
   <div class='ocr_carea' id='block_1_40' title="bbox 277 4043 1867 4124">
    <p class='ocr_par' dir='ltr' id='par_1_40' title="bbox 277 4043 1867 4124">
     <span class='ocr_line' id='line_1_40' title="bbox 277 4043 1867 4124; baseline 0.007 -26"><span class='ocrx_word' id='word_1_310' title='bbox 277 4051 416 4110; x_wconf 86' lang='lat' dir='ltr'><strong>sent,</strong></span> <span class='ocrx_word' id='word_1_311' title='bbox 439 4043 486 4098; x_wconf 88' lang='lat' dir='ltr'><strong>si</strong></span> <span class='ocrx_word' id='word_1_312' title='bbox 517 4053 796 4114; x_wconf 87' lang='lat' dir='ltr'><strong>peccatum</strong></span> <span class='ocrx_word' id='word_1_313' title='bbox 817 4045 998 4116; x_wconf 85' lang='lat' dir='ltr'><strong>utique</strong></span> <span class='ocrx_word' id='word_1_314' title='bbox 1027 4061 1132 4100; x_wconf 86' lang='lat' dir='ltr'><strong>non</strong></span> <span class='ocrx_word' id='word_1_315' title='bbox 1163 4047 1440 4104; x_wconf 87' lang='lat' dir='ltr'><strong>haberent.</strong></span> <span class='ocrx_word' id='word_1_316' title='bbox 1487 4051 1598 4108; x_wconf 87' lang='lat' dir='ltr'><strong>Hoc</strong></span> <span class='ocrx_word' id='word_1_317' title='bbox 1623 4053 1746 4124; x_wconf 85' lang='lat' dir='ltr'><strong>quia</strong></span> <span class='ocrx_word' id='word_1_318' title='bbox 1779 4055 1867 4110; x_wconf 88' lang='lat' dir='ltr'><strong>illa</strong></span> 
     </span>
    </p>
   </div>
   <div class='ocr_carea' id='block_1_41' title="bbox 277 4135 1868 4213">
    <p class='ocr_par' dir='ltr' id='par_1_41' title="bbox 277 4135 1868 4213">
     <span class='ocr_line' id='line_1_41' title="bbox 277 4135 1868 4213; baseline 0.008 -25"><span class='ocrx_word' id='word_1_319' title='bbox 277 4143 402 4190; x_wconf 66' lang='lat' dir='ltr'><strong>artas</strong></span> <span class='ocrx_word' id='word_1_320' title='bbox 449 4135 598 4190; x_wconf 87' lang='lat' dir='ltr'><strong>nulla</strong></span> <span class='ocrx_word' id='word_1_321' title='bbox 627 4135 682 4189; x_wconf 88' lang='lat' dir='ltr'><strong>in</strong></span> <span class='ocrx_word' id='word_1_322' title='bbox 701 4137 808 4190; x_wconf 80' lang='lat' dir='ltr'><strong>vita</strong></span> <span class='ocrx_word' id='word_1_323' title='bbox 835 4138 1048 4206; x_wconf 90' lang='lat' dir='ltr'><strong>propria</strong></span> <span class='ocrx_word' id='word_1_324' title='bbox 1073 4139 1096 4170; x_wconf 76' lang='grc'>³</span> <span class='ocrx_word' id='word_1_325' title='bbox 1125 4139 1444 4198; x_wconf 83' lang='lat' dir='ltr'><strong>contrahere</strong></span> <span class='ocrx_word' id='word_1_326' title='bbox 1479 4145 1668 4213; x_wconf 90' lang='lat' dir='ltr'><strong>potuit,</strong></span> <span class='ocrx_word' id='word_1_327' title='bbox 1701 4155 1868 4202; x_wconf 86' lang='lat' dir='ltr'><strong>restat</strong></span> 
     </span>
    </p>
   </div>
   <div class='ocr_carea' id='block_1_42' title="bbox 277 4225 1867 4305">
    <p class='ocr_par' dir='ltr' id='par_1_42' title="bbox 277 4225 1867 4305">
     <span class='ocr_line' id='line_1_42' title="bbox 277 4225 1867 4305; baseline 0.008 -23"><span class='ocrx_word' id='word_1_328' title='bbox 277 4225 574 4299; x_wconf 73' lang='lat' dir='ltr'><strong>intelligere</strong></span> <span class='ocrx_word' id='word_1_329' title='bbox 627 4229 714 4284; x_wconf 86' lang='lat' dir='ltr'><strong>vel</strong></span> <span class='ocrx_word' id='word_1_330' title='bbox 761 4229 806 4282; x_wconf 88' lang='lat' dir='ltr'><strong>si</strong></span> <span class='ocrx_word' id='word_1_331' title='bbox 850 4229 952 4284; x_wconf 86' lang='lat' dir='ltr'><strong>hoc</strong></span> <span class='ocrx_word' id='word_1_332' title='bbox 995 4231 1231 4286; x_wconf 90' lang='lat' dir='ltr'><strong>nondum</strong></span> <span class='ocrx_word' id='word_1_333' title='bbox 1288 4249 1608 4305; x_wconf 87' lang='lat' dir='ltr'><strong>possumus,</strong></span> <span class='ocrx_word' id='word_1_334' title='bbox 1679 4238 1867 4294; x_wconf 88' lang='lat' dir='ltr'><strong>saltem</strong></span> 
     </span>
    </p>
   </div>
   <div class='ocr_carea' id='block_1_43' title="bbox 277 4319 1644 4396">
    <p class='ocr_par' dir='ltr' id='par_1_43' title="bbox 277 4319 1644 4396">
     <span class='ocr_line' id='line_1_43' title="bbox 277 4319 1644 4396; baseline 0.006 -22"><span class='ocrx_word' id='word_1_335' title='bbox 277 4319 522 4389; x_wconf 84' lang='lat' dir='ltr'><strong>credere,</strong></span> <span class='ocrx_word' id='word_1_336' title='bbox 543 4321 760 4376; x_wconf 84' lang='lat' dir='ltr'><strong>trahere</strong></span> <span class='ocrx_word' id='word_1_337' title='bbox 791 4323 1038 4392; x_wconf 84' lang='lat' dir='ltr'><strong>parvulos</strong></span> <span class='ocrx_word' id='word_1_338' title='bbox 1065 4325 1322 4394; x_wconf 79' lang='lat' dir='ltr'><strong>originale</strong></span> <span class='ocrx_word' id='word_1_339' title='bbox 1353 4337 1644 4396; x_wconf 88' lang='lat' dir='ltr'><strong>peccatum.</strong></span> 
     </span>
    </p>
   </div>
   <div class='ocr_carea' id='block_1_44' title="bbox 345 4412 1868 4492">
    <p class='ocr_par' dir='ltr' id='par_1_44' title="bbox 345 4412 1868 4492">
     <span class='ocr_line' id='line_1_44' title="bbox 345 4412 1868 4492; baseline 0.008 -26"><span class='ocrx_word' id='word_1_340' title='bbox 345 4413 400 4466; x_wconf 89' lang='lat'><strong>8.</strong></span> <span class='ocrx_word' id='word_1_341' title='bbox 429 4413 506 4468; x_wconf 77' lang='lat' dir='ltr'><strong>Ac</strong></span> <span class='ocrx_word' id='word_1_342' title='bbox 531 4427 630 4482; x_wconf 88' lang='lat' dir='ltr'><strong>per</strong></span> <span class='ocrx_word' id='word_1_343' title='bbox 653 4412 756 4470; x_wconf 90' lang='lat' dir='ltr'><strong>hoc</strong></span> <span class='ocrx_word' id='word_1_344' title='bbox 777 4413 824 4468; x_wconf 89' lang='lat' dir='ltr'><strong>si</strong></span> <span class='ocrx_word' id='word_1_345' title='bbox 847 4413 1082 4484; x_wconf 81' lang='lat' dir='ltr'><strong>ambigui</strong></span> <span class='ocrx_word' id='word_1_346' title='bbox 1104 4416 1300 4486; x_wconf 86' lang='lat' dir='ltr'><strong>aliquid</strong></span> <span class='ocrx_word' id='word_1_347' title='bbox 1335 4417 1532 4474; x_wconf 83' lang='lat' dir='ltr'><strong>habent</strong></span> <span class='ocrx_word' id='word_1_348' title='bbox 1557 4421 1714 4478; x_wconf 84' lang='lat' dir='ltr'><strong>verba</strong></span> <span class='ocrx_word' id='word_1_349' title='bbox 1736 4439 1868 4492; x_wconf 88' lang='lat' dir='ltr'><strong>apo-</strong></span> 
     </span>
    </p>
   </div>
   <div class='ocr_carea' id='block_1_45' title="bbox 278 4505 1869 4586">
    <p class='ocr_par' dir='ltr' id='par_1_45' title="bbox 278 4505 1869 4586">
     <span class='ocr_line' id='line_1_45' title="bbox 278 4505 1869 4586; baseline 0.008 -28"><span class='ocrx_word' id='word_1_350' title='bbox 278 4505 462 4559; x_wconf 85' lang='lat' dir='ltr'><strong>stolica</strong></span> <span class='ocrx_word' id='word_1_351' title='bbox 509 4505 704 4573; x_wconf 85' lang='lat' dir='ltr'><strong>quibus</strong></span> <span class='ocrx_word' id='word_1_352' title='bbox 747 4505 915 4572; x_wconf 87' lang='lat' dir='ltr'><strong>dicit,</strong></span> <span class='ocrx_word' id='word_1_353' title='bbox 961 4505 1066 4562; x_wconf 88' lang='lat' dir='ltr'><strong>Per</strong></span> <span class='ocrx_word' id='word_1_354' title='bbox 1108 4523 1268 4562; x_wconf 87' lang='lat' dir='ltr'><strong>unum</strong></span> <span class='ocrx_word' id='word_1_355' title='bbox 1313 4509 1565 4566; x_wconf 82' lang='lat' dir='ltr'><strong>hominem</strong></span> <span class='ocrx_word' id='word_1_356' title='bbox 1610 4525 1869 4586; x_wconf 69' lang='lat' dir='ltr'><strong>peccatum</strong></span> 
     </span>
    </p>
   </div>
   <div class='ocr_carea' id='block_1_46' title="bbox 277 4599 1868 4677">
    <p class='ocr_par' dir='ltr' id='par_1_46' title="bbox 277 4599 1868 4677">
     <span class='ocr_line' id='line_1_46' title="bbox 277 4599 1868 4677; baseline 0.01 -25"><span class='ocrx_word' id='word_1_357' title='bbox 277 4599 482 4654; x_wconf 76' lang='lat' dir='ltr'><strong>intrarit</strong></span> <span class='ocrx_word' id='word_1_358' title='bbox 511 4601 564 4652; x_wconf 89' lang='lat' dir='ltr'><strong>in</strong></span> <span class='ocrx_word' id='word_1_359' title='bbox 595 4599 844 4654; x_wconf 83' lang='lat' dir='ltr'><strong>mundum</strong></span> <span class='ocrx_word' id='word_1_360' title='bbox 869 4643 882 4668; x_wconf 91' lang='lat'><strong>,</strong></span> <span class='ocrx_word' id='word_1_361' title='bbox 911 4609 960 4657; x_wconf 88' lang='lat' dir='ltr'><strong>et</strong></span> <span class='ocrx_word' id='word_1_362' title='bbox 999 4619 1090 4674; x_wconf 85' lang='lat' dir='ltr'><strong>per</strong></span> <span class='ocrx_word' id='word_1_363' title='bbox 1117 4613 1374 4676; x_wconf 81' lang='lat' dir='ltr'><strong>peccatum</strong></span> <span class='ocrx_word' id='word_1_364' title='bbox 1403 4623 1537 4662; x_wconf 84' lang='lat' dir='ltr'><strong>mors</strong></span> <span class='ocrx_word' id='word_1_365' title='bbox 1560 4651 1573 4677; x_wconf 92' lang='lat'><strong>,</strong></span> <span class='ocrx_word' id='word_1_366' title='bbox 1618 4617 1662 4664; x_wconf 90' lang='lat' dir='ltr'><strong>et</strong></span> <span class='ocrx_word' id='word_1_367' title='bbox 1703 4611 1773 4664; x_wconf 85' lang='lat' dir='ltr'><strong>ita</strong></span> <span class='ocrx_word' id='word_1_368' title='bbox 1815 4613 1868 4668; x_wconf 85' lang='lat' dir='ltr'><strong>in</strong></span> 
     </span>
    </p>
   </div>
   <div class='ocr_carea' id='block_1_47' title="bbox 279 4691 1870 4774">
    <p class='ocr_par' dir='ltr' id='par_1_47' title="bbox 279 4691 1870 4774">
     <span class='ocr_line' id='line_1_47' title="bbox 279 4691 1870 4774; baseline 0.011 -32"><span class='ocrx_word' id='word_1_369' title='bbox 279 4705 450 4744; x_wconf 74' lang='lat' dir='ltr'><strong>omnes</strong></span> <span class='ocrx_word' id='word_1_370' title='bbox 489 4691 720 4745; x_wconf 78' lang='lat' dir='ltr'><strong>homines</strong></span> <span class='ocrx_word' id='word_1_371' title='bbox 761 4693 1050 4763; x_wconf 76' lang='lat' dir='ltr'><strong>pertransiit</strong></span> <span class='ocrx_word' id='word_1_372' title='bbox 1075 4695 1252 4766; x_wconf 83' lang='lat' dir='ltr'><strong>(Rom.</strong></span> <span class='ocrx_word' id='word_1_373' title='bbox 1285 4713 1348 4762; x_wconf 76' lang='grc' dir='ltr'><strong>ν,</strong></span> <span class='ocrx_word' id='word_1_374' title='bbox 1387 4695 1512 4774; x_wconf 73' lang='grc'><strong>12),</strong></span> <span class='ocrx_word' id='word_1_375' title='bbox 1545 4711 1870 4774; x_wconf 86' lang='lat' dir='ltr'><strong>possuntque</strong></span> 
     </span>
    </p>
   </div>
   <div class='ocr_carea' id='block_1_48' title="bbox 283 4781 1872 4866">
    <p class='ocr_par' dir='ltr' id='par_1_48' title="bbox 283 4781 1872 4866">
     <span class='ocr_line' id='line_1_48' title="bbox 283 4781 1872 4866; baseline 0.013 -32"><span class='ocrx_word' id='word_1_376' title='bbox 283 4781 334 4836; x_wconf 89' lang='lat' dir='ltr'><strong>in</strong></span> <span class='ocrx_word' id='word_1_377' title='bbox 373 4781 534 4836; x_wconf 84' lang='lat' dir='ltr'><strong>aliam</strong></span> <span class='ocrx_word' id='word_1_378' title='bbox 564 4781 686 4836; x_wconf 91' lang='lat' dir='ltr'><strong>duci</strong></span> <span class='ocrx_word' id='word_1_379' title='bbox 719 4785 1098 4856; x_wconf 77' lang='lat' dir='ltr'><strong>transferrique</strong></span> <span class='ocrx_word' id='word_1_380' title='bbox 1127 4791 1446 4845; x_wconf 88' lang='lat' dir='ltr'><strong>sententiam</strong></span> <span class='ocrx_word' id='word_1_381' title='bbox 1489 4809 1501 4846; x_wconf 91' lang='lat'><strong>:</strong></span> <span class='ocrx_word' id='word_1_382' title='bbox 1537 4797 1792 4866; x_wconf 85' lang='lat' dir='ltr'><strong>numquid</strong></span> <span class='ocrx_word' id='word_1_383' title='bbox 1818 4807 1872 4854; x_wconf 88' lang='lat' dir='ltr'><strong>et</strong></span> 
     </span>
    </p>
   </div>
   <div class='ocr_carea' id='block_1_49' title="bbox 281 4873 1872 4962">
    <p class='ocr_par' dir='ltr' id='par_1_49' title="bbox 281 4873 1872 4962">
     <span class='ocr_line' id='line_1_49' title="bbox 281 4873 1872 4962; baseline 0.012 -35"><span class='ocrx_word' id='word_1_384' title='bbox 281 4873 410 4928; x_wconf 86' lang='lat' dir='ltr'><strong>illud</strong></span> <span class='ocrx_word' id='word_1_385' title='bbox 437 4875 744 4946; x_wconf 86' lang='lat' dir='ltr'><strong>ambiguum</strong></span> <span class='ocrx_word' id='word_1_386' title='bbox 771 4885 876 4942; x_wconf 86' lang='lat' dir='ltr'><strong>est,</strong></span> <span class='ocrx_word' id='word_1_387' title='bbox 909 4875 1030 4933; x_wconf 84' lang='lat' dir='ltr'><strong>Nisi</strong></span> <span class='ocrx_word' id='word_1_388' title='bbox 1053 4881 1166 4950; x_wconf 85' lang='lat' dir='ltr'><strong>quis</strong></span> <span class='ocrx_word' id='word_1_389' title='bbox 1185 4893 1390 4938; x_wconf 81' lang='lat' dir='ltr'><strong>renatus</strong></span> <span class='ocrx_word' id='word_1_390' title='bbox 1419 4887 1570 4958; x_wconf 74' lang='lat' dir='ltr'><strong>{itcrit</strong></span> <span class='ocrx_word' id='word_1_391' title='bbox 1591 4905 1652 4943; x_wconf 71' lang='lat' dir='ltr'><strong>ex</strong></span> <span class='ocrx_word' id='word_1_392' title='bbox 1671 4907 1802 4962; x_wconf 81' lang='lat' dir='ltr'><strong>aqua</strong></span> <span class='ocrx_word' id='word_1_393' title='bbox 1825 4901 1872 4946; x_wconf 81' lang='lat' dir='ltr'><strong>et</strong></span> 
     </span>
    </p>
   </div>
   <div class='ocr_carea' id='block_1_50' title="bbox 279 4971 1872 5060">
    <p class='ocr_par' dir='ltr' id='par_1_50' title="bbox 279 4971 1872 5060">
     <span class='ocr_line' id='line_1_50' title="bbox 279 4971 1872 5060; baseline 0.015 -39"><span class='ocrx_word' id='word_1_394' title='bbox 279 4971 480 5038; x_wconf 79' lang='lat' dir='ltr'><strong>spiritu,</strong></span> <span class='ocrx_word' id='word_1_395' title='bbox 507 4987 608 5024; x_wconf 91' lang='lat' dir='ltr'><strong>non</strong></span> <span class='ocrx_word' id='word_1_396' title='bbox 633 4979 798 5040; x_wconf 82' lang='lat' dir='ltr'><strong>potest</strong></span> <span class='ocrx_word' id='word_1_397' title='bbox 821 4973 1014 5027; x_wconf 83' lang='lat' dir='ltr'><strong>intrare</strong></span> <span class='ocrx_word' id='word_1_398' title='bbox 1037 4975 1090 5028; x_wconf 90' lang='lat' dir='ltr'><strong>in</strong></span> <span class='ocrx_word' id='word_1_399' title='bbox 1113 4991 1323 5046; x_wconf 81' lang='lat' dir='ltr'><strong>regnum</strong></span> <span class='ocrx_word' id='word_1_400' title='bbox 1345 4979 1442 5034; x_wconf 82' lang='lat' dir='ltr'><strong>Dei</strong></span> <span class='ocrx_word' id='word_1_401' title='bbox 1467 4983 1646 5054; x_wconf 80' lang='lat' dir='ltr'><strong>(Joan.</strong></span> <span class='ocrx_word' id='word_1_402' title='bbox 1675 5003 1748 5052; x_wconf 82' lang='grc' dir='ltr'>ιιι,</span> <span class='ocrx_word' id='word_1_403' title='bbox 1775 4989 1872 5060; x_wconf 82' lang='lat'><strong>5)?</strong></span> 
     </span>
    </p>
   </div>
   <div class='ocr_carea' id='block_1_51' title="bbox 281 5059 1874 5152">
    <p class='ocr_par' dir='ltr' id='par_1_51' title="bbox 281 5059 1874 5152">
     <span class='ocr_line' id='line_1_51' title="bbox 281 5059 1874 5152; baseline 0.013 -38"><span class='ocrx_word' id='word_1_404' title='bbox 281 5059 550 5132; x_wconf 79' lang='lat' dir='ltr'><strong>quuid</strong></span> <span class='ocrx_word' id='word_1_405' title='bbox 589 5073 644 5117; x_wconf 88' lang='lat' dir='ltr'><strong>et</strong></span> <span class='ocrx_word' id='word_1_406' title='bbox 679 5063 811 5118; x_wconf 86' lang='lat' dir='ltr'><strong>illud</strong></span> <span class='ocrx_word' id='word_1_407' title='bbox 836 5105 851 5131; x_wconf 92' lang='lat'><strong>,</strong></span> <span class='ocrx_word' id='word_1_408' title='bbox 897 5063 1110 5120; x_wconf 80' lang='lat' dir='ltr'><strong>Vocabis</strong></span> <span class='ocrx_word' id='word_1_409' title='bbox 1153 5085 1334 5125; x_wconf 87' lang='lat' dir='ltr'><strong>nomen</strong></span> <span class='ocrx_word' id='word_1_410' title='bbox 1373 5073 1482 5144; x_wconf 66' lang='lat' dir='ltr'><strong>ejus</strong></span> <span class='ocrx_word' id='word_1_411' title='bbox 1514 5075 1730 5144; x_wconf 82' lang='lat' dir='ltr'><strong>Jesmn;</strong></span> <span class='ocrx_word' id='word_1_412' title='bbox 1767 5059 1874 5152; x_wconf 80' lang='lat' dir='ltr'><strong>ipse</strong></span> 
     </span>
    </p>
   </div>
   <div class='ocr_carea' id='block_1_52' title="bbox 283 5153 1873 5234">
    <p class='ocr_par' dir='ltr' id='par_1_52' title="bbox 283 5153 1873 5234">
     <span class='ocr_line' id='line_1_52' title="bbox 283 5153 1873 5234; baseline 0.014 -30"><span class='ocrx_word' id='word_1_413' title='bbox 283 5153 416 5206; x_wconf 77' lang='lat' dir='ltr'><strong>enim</strong></span> <span class='ocrx_word' id='word_1_414' title='bbox 459 5153 656 5207; x_wconf 76' lang='lat' dir='ltr'><strong>salvum</strong></span> <span class='ocrx_word' id='word_1_415' title='bbox 692 5155 844 5224; x_wconf 74' lang='lat' dir='ltr'><strong>faciet</strong></span> <span class='ocrx_word' id='word_1_416' title='bbox 891 5159 1136 5230; x_wconf 81' lang='lat' dir='ltr'><strong>populum</strong></span> <span class='ocrx_word' id='word_1_417' title='bbox 1177 5177 1323 5216; x_wconf 85' lang='lat' dir='ltr'><strong>suum</strong></span> <span class='ocrx_word' id='word_1_418' title='bbox 1366 5181 1398 5216; x_wconf 88' lang='lat' dir='ltr'><strong>a</strong></span> <span class='ocrx_word' id='word_1_419' title='bbox 1443 5171 1656 5234; x_wconf 74' lang='lat' dir='ltr'><strong>peccatis</strong></span> <span class='ocrx_word' id='word_1_420' title='bbox 1699 5189 1873 5227; x_wconf 77' lang='lat' dir='ltr'><strong>eorum</strong></span> 
     </span>
    </p>
   </div>
   <div class='ocr_carea' id='block_1_53' title="bbox 285 5239 1874 5324">
    <p class='ocr_par' dir='ltr' id='par_1_53' title="bbox 285 5239 1874 5324">
     <span class='ocr_line' id='line_1_53' title="bbox 285 5239 1874 5324; baseline 0.018 -33"><span class='ocrx_word' id='word_1_421' title='bbox 285 5239 498 5310; x_wconf 75' lang='lat' dir='ltr'><strong>(Matth.</strong></span> <span class='ocrx_word' id='word_1_422' title='bbox 527 5257 574 5309; x_wconf 85' lang='grc' dir='ltr'><strong>ι,</strong></span> <span class='ocrx_word' id='word_1_423' title='bbox 619 5243 746 5316; x_wconf 71' lang='lat'><strong>21)?</strong></span> <span class='ocrx_word' id='word_1_424' title='bbox 779 5245 1046 5320; x_wconf 85' lang='lat' dir='ltr'><strong>Numquid</strong></span> <span class='ocrx_word' id='word_1_425' title='bbox 1091 5253 1250 5308; x_wconf 88' lang='lat' dir='ltr'><strong>etiam</strong></span> <span class='ocrx_word' id='word_1_426' title='bbox 1293 5255 1454 5322; x_wconf 89' lang='lat' dir='ltr'><strong>illud,</strong></span> <span class='ocrx_word' id='word_1_427' title='bbox 1487 5259 1620 5324; x_wconf 83' lang='lat' dir='ltr'><strong>Quia</strong></span> <span class='ocrx_word' id='word_1_428' title='bbox 1655 5280 1758 5316; x_wconf 87' lang='lat' dir='ltr'><strong>non</strong></span> <span class='ocrx_word' id='word_1_429' title='bbox 1801 5276 1874 5320; x_wconf 78' lang='lat' dir='ltr'><strong>est</strong></span> 
     </span>
    </p>
   </div>
   <div class='ocr_carea' id='block_1_54' title="bbox 285 5339 1874 5428">
    <p class='ocr_par' dir='ltr' id='par_1_54' title="bbox 285 5339 1874 5428">
     <span class='ocr_line' id='line_1_54' title="bbox 285 5339 1874 5428; baseline 0.019 -42"><span class='ocrx_word' id='word_1_430' title='bbox 285 5351 410 5406; x_wconf 88' lang='lat' dir='ltr'><strong>opus</strong></span> <span class='ocrx_word' id='word_1_431' title='bbox 439 5339 578 5393; x_wconf 85' lang='lat' dir='ltr'><strong>sanis</strong></span> <span class='ocrx_word' id='word_1_432' title='bbox 604 5339 852 5410; x_wconf 80' lang='lat' dir='ltr'><strong>medicus,</strong></span> <span class='ocrx_word' id='word_1_433' title='bbox 877 5343 968 5398; x_wconf 83' lang='lat' dir='ltr'><strong>sed</strong></span> <span class='ocrx_word' id='word_1_434' title='bbox 993 5349 1352 5418; x_wconf 74' lang='lat' dir='ltr'><strong>wgrotantibus</strong></span> <span class='ocrx_word' id='word_1_435' title='bbox 1383 5351 1490 5422; x_wconf 81' lang='lat' dir='ltr'><strong>(Id.</strong></span> <span class='ocrx_word' id='word_1_436' title='bbox 1519 5371 1588 5422; x_wconf 83' lang='lat' dir='ltr'><strong>Ix,</strong></span> <span class='ocrx_word' id='word_1_437' title='bbox 1619 5357 1737 5428; x_wconf 69' lang='lat'><strong>12);</strong></span> <span class='ocrx_word' id='word_1_438' title='bbox 1771 5359 1874 5416; x_wconf 84' lang='lat' dir='ltr'><strong>hoc</strong></span> 
     </span>
    </p>
   </div>
   <div class='ocr_carea' id='block_1_55' title="bbox 358 5539 1378 5618">
    <p class='ocr_par' dir='ltr' id='par_1_55' title="bbox 358 5539 1378 5618">
     <span class='ocr_line' id='line_1_55' title="bbox 358 5539 1378 5618; baseline 0.021 -33"><span class='ocrx_word' id='word_1_439' title='bbox 358 5539 559 5618; x_wconf 41' lang='lat' dir='ltr'><strong>:lr&#39;lirres</strong></span> <span class='ocrx_word' id='word_1_440' title='bbox 581 5550 708 5618; x_wconf 64' lang='lat' dir='ltr'><strong>Mss,</strong></span> <span class='ocrx_word' id='word_1_441' title='bbox 845 5545 1198 5618; x_wconf 52' lang='lat' dir='ltr'><strong>eisconsttitttnt</strong></span> <span class='ocrx_word' id='word_1_442' title='bbox 1219 5555 1378 5618; x_wconf 82' lang='lat' dir='ltr'><strong>fuerit.</strong></span> 
     </span>
    </p>
   </div>
   <div class='ocr_carea' id='block_1_56' title="bbox 359 5603 1874 5688">
    <p class='ocr_par' dir='ltr' id='par_1_56' title="bbox 359 5603 1874 5688">
     <span class='ocr_line' id='line_1_56' title="bbox 359 5603 1874 5688; baseline 0.018 -38"><span class='ocrx_word' id='word_1_443' title='bbox 983 5603 1195 5688; x_wconf 81' lang='lat' dir='ltr'><strong>propria.</strong></span> <span class='ocrx_word' id='word_1_444' title='bbox 1205 5603 1450 5688; x_wconf 69' lang='lat' dir='ltr'><strong>_&#39;Ca_llicam</strong></span> <span class='ocrx_word' id='word_1_445' title='bbox 1473 5634 1594 5672; x_wconf 85' lang='lat' dir='ltr'><strong>vero</strong></span> <span class='ocrx_word' id='word_1_446' title='bbox 1615 5637 1704 5688; x_wconf 78' lang='lat' dir='ltr'><strong>sex</strong></span> <span class='ocrx_word' id='word_1_447' title='bbox 1745 5633 1874 5688; x_wconf 68' lang='lat' dir='ltr'><strong>Mss,</strong></span> 
     </span>
    </p>
   </div>
   <div class='ocr_carea' id='block_1_57' title="bbox 291 5663 1870 5752">
    <p class='ocr_par' dir='ltr' id='par_1_57' title="bbox 291 5663 1870 5752">
     <span class='ocr_line' id='line_1_57' title="bbox 291 5663 1870 5752; baseline 0.009 0"><span class='ocrx_word' id='word_1_448' title='bbox 291 5663 1085 5752; x_wconf 44' lang='lat' dir='ltr'><strong>filiifiuiiamnieusus</strong></span> <span class='ocrx_word' id='word_1_449' title='bbox 1108 5663 1552 5752; x_wconf 49' lang='lat' dir='ltr'><strong>iiidd&#39;ﬁié&#39;iiebi&#39;</strong></span> <span class='ocrx_word' id='word_1_450' title='bbox 1566 5663 1870 5752; x_wconf 64' lang='grc' dir='ltr'><strong>ἒπῖἐιῖιάἶῖιῖέί</strong></span> 
     </span>
    </p>
   </div>
   <div class='ocr_carea' id='block_1_58' title="bbox 293 5725 1878 5808">
    <p class='ocr_par' dir='ltr' id='par_1_58' title="bbox 293 5725 1878 5808">
     <span class='ocr_line' id='line_1_58' title="bbox 293 5725 1878 5808; baseline 0.017 -34"><span class='ocrx_word' id='word_1_451' title='bbox 293 5725 537 5808; x_wconf 36' lang='lat' dir='ltr'><strong>adiuuans.</strong></span> <span class='ocrx_word' id='word_1_452' title='bbox 546 5725 816 5808; x_wconf 70' lang='lat' dir='ltr'><strong>nt&#39;ahtilius</strong></span> <span class='ocrx_word' id='word_1_453' title='bbox 830 5725 1088 5808; x_wconf 3' lang='lat' dir='ltr'><strong>(peceatum</strong></span> <span class='ocrx_word' id='word_1_454' title='bbox 1111 5725 1878 5808; x_wconf 51' lang='lat' dir='ltr'><strong>vita?ilEt}?ri1§,&quot;aui&quot;5}{i‘é&quot;53i~i</strong></span> 
     </span>
    </p>
   </div>
   <div class='ocr_carea' id='block_1_59' title="bbox 293 5799 1872 5874">
    <p class='ocr_par' dir='ltr' id='par_1_59' title="bbox 293 5799 1872 5874">
     <span class='ocr_line' id='line_1_59' title="bbox 293 5799 1872 5874; baseline 0.017 -38"><span class='ocrx_word' id='word_1_455' title='bbox 293 5799 504 5874; x_wconf 50' lang='lat' dir='ltr'><strong>aut</strong></span> <span class='ocrx_word' id='word_1_456' title='bbox 529 5799 957 5874; x_wconf 40' lang='lat' dir='ltr'><strong>llita&#39;til&#39;lrfll&#39;t—BHECF&#39;P.</strong></span> <span class='ocrx_word' id='word_1_457' title='bbox 981 5801 1096 5874; x_wconf 77' lang='lat' dir='ltr'><strong>Hine</strong></span> <span class='ocrx_word' id='word_1_458' title='bbox 1115 5804 1162 5852; x_wconf 88' lang='lat' dir='ltr'><strong>in</strong></span> <span class='ocrx_word' id='word_1_459' title='bbox 1177 5799 1402 5874; x_wconf 59' lang='lat' dir='ltr'><strong>,ep&#39;istrfla</strong></span> <span class='ocrx_word' id='word_1_460' title='bbox 1425 5799 1534 5869; x_wconf 65' lang='lat'><strong>217,</strong></span> <span class='ocrx_word' id='word_1_461' title='bbox 1559 5813 1616 5860; x_wconf 81' lang='lat' dir='ltr'><strong>ad</strong></span> <span class='ocrx_word' id='word_1_462' title='bbox 1644 5799 1872 5874; x_wconf 12' lang='lat' dir='ltr'><strong>rt‘ibalem,</strong></span> 
     </span>
    </p>
   </div>
   <div class='ocr_carea' id='block_1_60' title="bbox 295 5851 1876 5940">
    <p class='ocr_par' dir='ltr' id='par_1_60' title="bbox 295 5851 1876 5940">
     <span class='ocr_line' id='line_1_60' title="bbox 295 5851 1876 5940; baseline 0 0"><span class='ocrx_word' id='word_1_463' title='bbox 295 5851 478 5940; x_wconf 57' lang='grc' dir='ltr'><strong>’ἔοι</strong></span> <span class='ocrx_word' id='word_1_464' title='bbox 495 5851 938 5940; x_wconf 58' lang='grc' dir='ltr'><strong>,ξηθξξῖξιὲξῖεξιξξξξιυηι</strong></span> <span class='ocrx_word' id='word_1_465' title='bbox 965 5851 1218 5938; x_wconf 48' lang='lat' dir='ltr'><strong>rerum?</strong></span> <span class='ocrx_word' id='word_1_466' title='bbox 1233 5851 1406 5940; x_wconf 52' lang='lat' dir='ltr'><strong>suum“.</strong></span> <span class='ocrx_word' id='word_1_467' title='bbox 1427 5851 1876 5940; x_wconf 59' lang='grc' dir='ltr'><strong>ῖιέιτίέἓέῖίε’άῦέἔιᾙιίἒ</strong></span> 
     </span>
    </p>
   </div>
   <div class='ocr_carea' id='block_1_61' title="bbox 303 5918 1866 5998">
    <p class='ocr_par' dir='ltr' id='par_1_61' title="bbox 303 5918 1866 5998">
     <span class='ocr_line' id='line_1_61' title="bbox 303 5918 1866 5998; baseline 0.009 -24"><span class='ocrx_word' id='word_1_468' title='bbox 303 5918 844 5998; x_wconf 42' lang='grc' dir='ltr'><strong>εὶξξξεξεῃὲθιξξέιιι]ι³ξυ</strong></span> <span class='ocrx_word' id='word_1_469' title='bbox 861 5925 1106 5998; x_wconf 49' lang='lat' dir='ltr'><strong>prcipuam</strong></span> <span class='ocrx_word' id='word_1_470' title='bbox 1127 5918 1314 5996; x_wconf 70' lang='lat' dir='ltr'><strong>singuli</strong></span> <span class='ocrx_word' id='word_1_471' title='bbox 1329 5918 1524 5986; x_wconf 64' lang='lat' dir='ltr'><strong>habere</strong></span> <span class='ocrx_word' id='word_1_472' title='bbox 1539 5918 1866 5998; x_wconf 43' lang='lat' dir='ltr'><strong>iniiinii&quot;;</strong></span> 
     </span>
    </p>
   </div>
   <div class='ocr_carea' id='block_1_62' title="bbox 295 5972 940 6044">
    <p class='ocr_par' dir='ltr' id='par_1_62' title="bbox 295 5972 940 6044">
     <span class='ocr_line' id='line_1_62' title="bbox 295 5972 940 6044; baseline 0.019 -22"><span class='ocrx_word' id='word_1_473' title='bbox 295 5972 410 6024; x_wconf 66' lang='lat' dir='ltr'><strong>Vide</strong></span> <span class='ocrx_word' id='word_1_474' title='bbox 425 5972 584 6042; x_wconf 75' lang='lat' dir='ltr'><strong>supra,</strong></span> <span class='ocrx_word' id='word_1_475' title='bbox 605 5980 688 6033; x_wconf 83' lang='lat' dir='ltr'><strong>lib.</strong></span> <span class='ocrx_word' id='word_1_476' title='bbox 723 5982 764 6044; x_wconf 88' lang='lat' dir='ltr'><strong>l,</strong></span> <span class='ocrx_word' id='word_1_477' title='bbox 787 5994 836 6030; x_wconf 90' lang='lat' dir='ltr'><strong>n.</strong></span> <span class='ocrx_word' id='word_1_478' title='bbox 861 5972 940 6034; x_wconf 78' lang='lat' dir='ltr'><strong>3t.</strong></span> 
     </span>
    </p>
   </div>
   <div class='ocr_carea' id='block_1_63' title="bbox 3429 493 3534 556">
    <p class='ocr_par' dir='ltr' id='par_1_63' title="bbox 3429 493 3534 556">
     <span class='ocr_line' id='line_1_63' title="bbox 3429 493 3534 556; baseline 0.019 -2"><span class='ocrx_word' id='word_1_479' title='bbox 3429 493 3534 556; x_wconf 76' lang='grc'><strong>190</strong></span> 
     </span>
    </p>
   </div>
   <div class='ocr_carea' id='block_1_64' title="bbox 1949 605 3533 683">
    <p class='ocr_par' dir='ltr' id='par_1_64' title="bbox 1949 605 3533 683">
     <span class='ocr_line' id='line_1_64' title="bbox 1949 605 3533 683; baseline 0.007 -24"><span class='ocrx_word' id='word_1_480' title='bbox 1949 612 2061 670; x_wconf 90' lang='lat' dir='ltr'><strong>est,</strong></span> <span class='ocrx_word' id='word_1_481' title='bbox 2095 605 2216 674; x_wconf 84' lang='lat' dir='ltr'><strong>quia</strong></span> <span class='ocrx_word' id='word_1_482' title='bbox 2245 619 2348 660; x_wconf 90' lang='lat' dir='ltr'><strong>non</strong></span> <span class='ocrx_word' id='word_1_483' title='bbox 2373 611 2458 662; x_wconf 88' lang='lat' dir='ltr'><strong>est</strong></span> <span class='ocrx_word' id='word_1_484' title='bbox 2481 607 2814 664; x_wconf 83' lang='lat' dir='ltr'><strong>necessarius</strong></span> <span class='ocrx_word' id='word_1_485' title='bbox 2835 607 2992 666; x_wconf 73' lang='lat' dir='ltr'><strong>Iesus</strong></span> <span class='ocrx_word' id='word_1_486' title='bbox 3021 612 3036 642; x_wconf 76' lang='grc' dir='ltr'>ί</span> <span class='ocrx_word' id='word_1_487' title='bbox 3065 610 3146 667; x_wconf 89' lang='lat' dir='ltr'><strong>eis</strong></span> <span class='ocrx_word' id='word_1_488' title='bbox 3173 612 3262 683; x_wconf 87' lang='lat' dir='ltr'><strong>qui</strong></span> <span class='ocrx_word' id='word_1_489' title='bbox 3293 629 3401 670; x_wconf 88' lang='lat' dir='ltr'><strong>non</strong></span> <span class='ocrx_word' id='word_1_490' title='bbox 3432 613 3533 670; x_wconf 83' lang='lat' dir='ltr'><strong>ha-</strong></span> 
     </span>
    </p>
   </div>
   <div class='ocr_carea' id='block_1_65' title="bbox 1948 695 3538 778">
    <p class='ocr_par' dir='ltr' id='par_1_65' title="bbox 1948 695 3538 778">
     <span class='ocr_line' id='line_1_65' title="bbox 1948 695 3538 778; baseline 0.008 -28"><span class='ocrx_word' id='word_1_491' title='bbox 1948 695 2076 752; x_wconf 86' lang='lat' dir='ltr'><strong>bent</strong></span> <span class='ocrx_word' id='word_1_492' title='bbox 2109 706 2380 766; x_wconf 84' lang='lat' dir='ltr'><strong>peccatum</strong></span> <span class='ocrx_word' id='word_1_493' title='bbox 2399 740 2412 764; x_wconf 92' lang='lat'><strong>,</strong></span> <span class='ocrx_word' id='word_1_494' title='bbox 2449 699 2544 754; x_wconf 90' lang='lat' dir='ltr'><strong>sed</strong></span> <span class='ocrx_word' id='word_1_495' title='bbox 2578 701 2656 756; x_wconf 90' lang='lat' dir='ltr'><strong>eis</strong></span> <span class='ocrx_word' id='word_1_496' title='bbox 2683 703 2774 772; x_wconf 85' lang='lat' dir='ltr'><strong>qui</strong></span> <span class='ocrx_word' id='word_1_497' title='bbox 2803 701 3044 758; x_wconf 86' lang='lat' dir='ltr'><strong>salvandi</strong></span> <span class='ocrx_word' id='word_1_498' title='bbox 3071 714 3194 760; x_wconf 88' lang='lat' dir='ltr'><strong>sunt</strong></span> <span class='ocrx_word' id='word_1_499' title='bbox 3221 721 3250 760; x_wconf 89' lang='lat' dir='ltr'><strong>a</strong></span> <span class='ocrx_word' id='word_1_500' title='bbox 3275 703 3538 778; x_wconf 64' lang='lat' dir='ltr'><strong>peccato?</strong></span> 
     </span>
    </p>
   </div>
   <div class='ocr_carea' id='block_1_66' title="bbox 1951 787 3536 860">
    <p class='ocr_par' dir='ltr' id='par_1_66' title="bbox 1951 787 3536 860">
     <span class='ocr_line' id='line_1_66' title="bbox 1951 787 3536 860; baseline 0.009 -19"><span class='ocrx_word' id='word_1_501' title='bbox 1951 787 2214 859; x_wconf 85' lang='lat' dir='ltr'><strong>Numquid</strong></span> <span class='ocrx_word' id='word_1_502' title='bbox 2237 791 2396 845; x_wconf 84' lang='lat' dir='ltr'><strong>etiam</strong></span> <span class='ocrx_word' id='word_1_503' title='bbox 2421 791 2571 860; x_wconf 87' lang='lat' dir='ltr'><strong>illud,</strong></span> <span class='ocrx_word' id='word_1_504' title='bbox 2599 791 2732 860; x_wconf 85' lang='lat' dir='ltr'><strong>Quia</strong></span> <span class='ocrx_word' id='word_1_505' title='bbox 2761 793 2860 848; x_wconf 89' lang='lat' dir='ltr'><strong>nisi</strong></span> <span class='ocrx_word' id='word_1_506' title='bbox 2889 795 3327 853; x_wconf 85' lang='lat' dir='ltr'><strong>manducaverint</strong></span> <span class='ocrx_word' id='word_1_507' title='bbox 3357 797 3536 855; x_wconf 86' lang='lat' dir='ltr'><strong>homi-</strong></span> 
     </span>
    </p>
   </div>
   <div class='ocr_carea' id='block_1_67' title="bbox 1951 885 3540 961">
    <p class='ocr_par' dir='ltr' id='par_1_67' title="bbox 1951 885 3540 961">
     <span class='ocr_line' id='line_1_67' title="bbox 1951 885 3540 961; baseline 0.008 -23"><span class='ocrx_word' id='word_1_508' title='bbox 1951 897 2052 938; x_wconf 87' lang='lat' dir='ltr'><strong>nes</strong></span> <span class='ocrx_word' id='word_1_509' title='bbox 2095 899 2312 940; x_wconf 88' lang='lat' dir='ltr'><strong>carnem</strong></span> <span class='ocrx_word' id='word_1_510' title='bbox 2359 885 2510 956; x_wconf 89' lang='lat' dir='ltr'><strong>ejus,</strong></span> <span class='ocrx_word' id='word_1_511' title='bbox 2557 885 2660 942; x_wconf 88' lang='lat' dir='ltr'><strong>hoc</strong></span> <span class='ocrx_word' id='word_1_512' title='bbox 2699 895 2814 956; x_wconf 85' lang='lat' dir='ltr'><strong>est,</strong></span> <span class='ocrx_word' id='word_1_513' title='bbox 2861 891 3146 961; x_wconf 84' lang='lat' dir='ltr'><strong>participes</strong></span> <span class='ocrx_word' id='word_1_514' title='bbox 3175 890 3302 948; x_wconf 83' lang='lat' dir='ltr'><strong>facti</strong></span> <span class='ocrx_word' id='word_1_515' title='bbox 3341 893 3540 950; x_wconf 77' lang='lat' dir='ltr'><strong>iuerint</strong></span> 
     </span>
    </p>
   </div>
   <div class='ocr_carea' id='block_1_68' title="bbox 1951 975 3538 1056">
    <p class='ocr_par' dir='ltr' id='par_1_68' title="bbox 1951 975 3538 1056">
     <span class='ocr_line' id='line_1_68' title="bbox 1951 975 3538 1056; baseline 0.006 -26"><span class='ocrx_word' id='word_1_516' title='bbox 1951 977 2192 1046; x_wconf 84' lang='lat' dir='ltr'><strong>corporis</strong></span> <span class='ocrx_word' id='word_1_517' title='bbox 2223 975 2372 1046; x_wconf 84' lang='lat' dir='ltr'><strong>ejus,</strong></span> <span class='ocrx_word' id='word_1_518' title='bbox 2417 993 2524 1034; x_wconf 91' lang='lat' dir='ltr'><strong>non</strong></span> <span class='ocrx_word' id='word_1_519' title='bbox 2569 977 2840 1034; x_wconf 88' lang='lat' dir='ltr'><strong>habebunt</strong></span> <span class='ocrx_word' id='word_1_520' title='bbox 2883 981 3046 1036; x_wconf 86' lang='lat' dir='ltr'><strong>vitam</strong></span> <span class='ocrx_word' id='word_1_521' title='bbox 3085 981 3262 1050; x_wconf 82' lang='lat' dir='ltr'><strong>(Joan.</strong></span> <span class='ocrx_word' id='word_1_522' title='bbox 3291 1001 3378 1050; x_wconf 78' lang='lat' dir='ltr'><strong>rt,</strong></span> <span class='ocrx_word' id='word_1_523' title='bbox 3409 983 3538 1056; x_wconf 73' lang='lat' dir='ltr'><strong>5i)?</strong></span> 
     </span>
    </p>
   </div>
   <div class='ocr_carea' id='block_1_69' title="bbox 1951 1067 3540 1144">
    <p class='ocr_par' dir='ltr' id='par_1_69' title="bbox 1951 1067 3540 1144">
     <span class='ocr_line' id='line_1_69' title="bbox 1951 1067 3540 1144; baseline 0.005 -20"><span class='ocrx_word' id='word_1_524' title='bbox 1951 1067 2048 1124; x_wconf 83' lang='lat' dir='ltr'><strong>llis</strong></span> <span class='ocrx_word' id='word_1_525' title='bbox 2073 1077 2232 1139; x_wconf 85' lang='lat' dir='ltr'><strong>atque</strong></span> <span class='ocrx_word' id='word_1_526' title='bbox 2263 1069 2570 1140; x_wconf 86' lang='lat' dir='ltr'><strong>bujusmodi</strong></span> <span class='ocrx_word' id='word_1_527' title='bbox 2595 1071 2736 1140; x_wconf 86' lang='lat' dir='ltr'><strong>aliis,</strong></span> <span class='ocrx_word' id='word_1_528' title='bbox 2769 1089 2886 1142; x_wconf 75' lang='lat' dir='ltr'><strong>qua:</strong></span> <span class='ocrx_word' id='word_1_529' title='bbox 2915 1089 3056 1130; x_wconf 88' lang='lat' dir='ltr'><strong>nunc</strong></span> <span class='ocrx_word' id='word_1_530' title='bbox 3077 1085 3360 1144; x_wconf 68' lang='lat' dir='ltr'><strong>praetereo,</strong></span> <span class='ocrx_word' id='word_1_531' title='bbox 3393 1079 3540 1133; x_wconf 84' lang='lat' dir='ltr'><strong>testi-</strong></span> 
     </span>
    </p>
   </div>
   <div class='ocr_carea' id='block_1_70' title="bbox 1951 1163 3540 1234">
    <p class='ocr_par' dir='ltr' id='par_1_70' title="bbox 1951 1163 3540 1234">
     <span class='ocr_line' id='line_1_70' title="bbox 1951 1163 3540 1234; baseline 0.006 -14"><span class='ocrx_word' id='word_1_532' title='bbox 1951 1163 2148 1220; x_wconf 85' lang='lat' dir='ltr'><strong>moniis</strong></span> <span class='ocrx_word' id='word_1_533' title='bbox 2177 1163 2356 1220; x_wconf 84' lang='lat' dir='ltr'><strong>divina</strong></span> <span class='ocrx_word' id='word_1_534' title='bbox 2379 1165 2495 1222; x_wconf 89' lang='lat' dir='ltr'><strong>luce</strong></span> <span class='ocrx_word' id='word_1_535' title='bbox 2517 1165 2850 1234; x_wconf 85' lang='lat' dir='ltr'><strong>clarissimis,</strong></span> <span class='ocrx_word' id='word_1_536' title='bbox 2882 1167 3056 1222; x_wconf 83' lang='lat' dir='ltr'><strong>divina</strong></span> <span class='ocrx_word' id='word_1_537' title='bbox 3079 1171 3396 1226; x_wconf 86' lang='lat' dir='ltr'><strong>auctoritate</strong></span> <span class='ocrx_word' id='word_1_538' title='bbox 3417 1185 3540 1228; x_wconf 80' lang='lat' dir='ltr'><strong>cer-</strong></span> 
     </span>
    </p>
   </div>
   <div class='ocr_carea' id='block_1_71' title="bbox 1953 1257 3542 1330">
    <p class='ocr_par' dir='ltr' id='par_1_71' title="bbox 1953 1257 3542 1330">
     <span class='ocr_line' id='line_1_71' title="bbox 1953 1257 3542 1330; baseline 0.003 -18"><span class='ocrx_word' id='word_1_539' title='bbox 1953 1257 2174 1312; x_wconf 87' lang='lat' dir='ltr'><strong>tissimis</strong></span> <span class='ocrx_word' id='word_1_540' title='bbox 2193 1297 2208 1323; x_wconf 92' lang='lat'><strong>,</strong></span> <span class='ocrx_word' id='word_1_541' title='bbox 2241 1271 2418 1314; x_wconf 86' lang='lat' dir='ltr'><strong>nonne</strong></span> <span class='ocrx_word' id='word_1_542' title='bbox 2455 1258 2654 1314; x_wconf 88' lang='lat' dir='ltr'><strong>veritas</strong></span> <span class='ocrx_word' id='word_1_543' title='bbox 2679 1259 2794 1316; x_wconf 87' lang='lat' dir='ltr'><strong>sine</strong></span> <span class='ocrx_word' id='word_1_544' title='bbox 2825 1259 2928 1314; x_wconf 88' lang='lat' dir='ltr'><strong>ulla</strong></span> <span class='ocrx_word' id='word_1_545' title='bbox 2957 1259 3302 1330; x_wconf 78' lang='lat' dir='ltr'><strong>ambiguitate</strong></span> <span class='ocrx_word' id='word_1_546' title='bbox 3329 1259 3542 1330; x_wconf 73' lang='lat' dir='ltr'><strong>procla-</strong></span> 
     </span>
    </p>
   </div>
   <div class='ocr_carea' id='block_1_72' title="bbox 1953 1351 3544 1424">
    <p class='ocr_par' dir='ltr' id='par_1_72' title="bbox 1953 1351 3544 1424">
     <span class='ocr_line' id='line_1_72' title="bbox 1953 1351 3544 1424; baseline 0.004 -18"><span class='ocrx_word' id='word_1_547' title='bbox 1953 1358 2084 1414; x_wconf 86' lang='lat' dir='ltr'><strong>mat,</strong></span> <span class='ocrx_word' id='word_1_548' title='bbox 2101 1365 2206 1406; x_wconf 89' lang='lat' dir='ltr'><strong>non</strong></span> <span class='ocrx_word' id='word_1_549' title='bbox 2225 1351 2398 1406; x_wconf 87' lang='lat' dir='ltr'><strong>solum</strong></span> <span class='ocrx_word' id='word_1_550' title='bbox 2417 1351 2466 1406; x_wconf 91' lang='lat' dir='ltr'><strong>in</strong></span> <span class='ocrx_word' id='word_1_551' title='bbox 2491 1367 2714 1422; x_wconf 90' lang='lat' dir='ltr'><strong>regnum</strong></span> <span class='ocrx_word' id='word_1_552' title='bbox 2741 1352 2834 1408; x_wconf 87' lang='lat' dir='ltr'><strong>Dei</strong></span> <span class='ocrx_word' id='word_1_553' title='bbox 2853 1367 2964 1408; x_wconf 90' lang='lat' dir='ltr'><strong>non</strong></span> <span class='ocrx_word' id='word_1_554' title='bbox 2983 1352 3278 1424; x_wconf 71' lang='lat' dir='ltr'><strong>baptizatos</strong></span> <span class='ocrx_word' id='word_1_555' title='bbox 3295 1354 3544 1424; x_wconf 86' lang='lat' dir='ltr'><strong>parvulos</strong></span> 
     </span>
    </p>
   </div>
   <div class='ocr_carea' id='block_1_73' title="bbox 1955 1445 3546 1518">
    <p class='ocr_par' dir='ltr' id='par_1_73' title="bbox 1955 1445 3546 1518">
     <span class='ocr_line' id='line_1_73' title="bbox 1955 1445 3546 1518; baseline 0.003 -18"><span class='ocrx_word' id='word_1_556' title='bbox 1955 1445 2156 1501; x_wconf 84' lang='lat' dir='ltr'><strong>intrare</strong></span> <span class='ocrx_word' id='word_1_557' title='bbox 2207 1461 2310 1500; x_wconf 89' lang='lat' dir='ltr'><strong>non</strong></span> <span class='ocrx_word' id='word_1_558' title='bbox 2359 1459 2536 1516; x_wconf 80' lang='lat' dir='ltr'><strong>posse,</strong></span> <span class='ocrx_word' id='word_1_559' title='bbox 2581 1445 2674 1502; x_wconf 88' lang='lat' dir='ltr'><strong>sed</strong></span> <span class='ocrx_word' id='word_1_560' title='bbox 2725 1461 2826 1502; x_wconf 87' lang='lat' dir='ltr'><strong>nec</strong></span> <span class='ocrx_word' id='word_1_561' title='bbox 2871 1445 3033 1502; x_wconf 85' lang='lat' dir='ltr'><strong>vitam</strong></span> <span class='ocrx_word' id='word_1_562' title='bbox 3081 1457 3338 1502; x_wconf 70' lang='lat' dir='ltr'><strong>aeternam</strong></span> <span class='ocrx_word' id='word_1_563' title='bbox 3385 1463 3546 1518; x_wconf 78' lang='lat' dir='ltr'><strong>posse</strong></span> 
     </span>
    </p>
   </div>
   <div class='ocr_carea' id='block_1_74' title="bbox 1957 1537 3544 1610">
    <p class='ocr_par' dir='ltr' id='par_1_74' title="bbox 1957 1537 3544 1610">
     <span class='ocr_line' id='line_1_74' title="bbox 1957 1537 3544 1610; baseline 0.003 -18"><span class='ocrx_word' id='word_1_564' title='bbox 1957 1539 2154 1594; x_wconf 86' lang='lat' dir='ltr'><strong>habere</strong></span> <span class='ocrx_word' id='word_1_565' title='bbox 2183 1547 2376 1608; x_wconf 55' lang='lat' dir='ltr'><strong>printer</strong></span> <span class='ocrx_word' id='word_1_566' title='bbox 2399 1537 2600 1594; x_wconf 88' lang='lat' dir='ltr'><strong>Christi</strong></span> <span class='ocrx_word' id='word_1_567' title='bbox 2627 1553 2820 1608; x_wconf 87' lang='lat' dir='ltr'><strong>corpus</strong></span> <span class='ocrx_word' id='word_1_568' title='bbox 2839 1581 2856 1606; x_wconf 89' lang='lat'><strong>,</strong></span> <span class='ocrx_word' id='word_1_569' title='bbox 2888 1539 2974 1594; x_wconf 90' lang='lat' dir='ltr'><strong>cui</strong></span> <span class='ocrx_word' id='word_1_570' title='bbox 3007 1548 3063 1594; x_wconf 90' lang='lat' dir='ltr'><strong>ut</strong></span> <span class='ocrx_word' id='word_1_571' title='bbox 3103 1539 3544 1610; x_wconf 84' lang='lat' dir='ltr'><strong>incorporentur,</strong></span> 
     </span>
    </p>
   </div>
   <div class='ocr_carea' id='block_1_75' title="bbox 1957 1632 3544 1702">
    <p class='ocr_par' dir='ltr' id='par_1_75' title="bbox 1957 1632 3544 1702">
     <span class='ocr_line' id='line_1_75' title="bbox 1957 1632 3544 1702; baseline 0.004 -16"><span class='ocrx_word' id='word_1_572' title='bbox 1957 1641 2292 1688; x_wconf 87' lang='lat' dir='ltr'><strong>sacramento</strong></span> <span class='ocrx_word' id='word_1_573' title='bbox 2341 1633 2678 1702; x_wconf 84' lang='lat' dir='ltr'><strong>Baptismatis</strong></span> <span class='ocrx_word' id='word_1_574' title='bbox 2723 1633 3066 1688; x_wconf 79' lang='lat' dir='ltr'><strong>imbuuntur?</strong></span> <span class='ocrx_word' id='word_1_575' title='bbox 3109 1632 3300 1690; x_wconf 83' lang='lat' dir='ltr'><strong>Nonne</strong></span> <span class='ocrx_word' id='word_1_576' title='bbox 3350 1635 3544 1692; x_wconf 81' lang='lat' dir='ltr'><strong>veritas</strong></span> 
     </span>
    </p>
   </div>
   <div class='ocr_carea' id='block_1_76' title="bbox 1957 1725 3548 1791">
    <p class='ocr_par' dir='ltr' id='par_1_76' title="bbox 1957 1725 3548 1791">
     <span class='ocr_line' id='line_1_76' title="bbox 1957 1725 3548 1791; baseline 0.001 -10"><span class='ocrx_word' id='word_1_577' title='bbox 1957 1727 2073 1782; x_wconf 86' lang='lat' dir='ltr'><strong>sine</strong></span> <span class='ocrx_word' id='word_1_578' title='bbox 2103 1727 2208 1780; x_wconf 87' lang='lat' dir='ltr'><strong>ulla</strong></span> <span class='ocrx_word' id='word_1_579' title='bbox 2235 1725 2570 1781; x_wconf 87' lang='lat' dir='ltr'><strong>dubitatione</strong></span> <span class='ocrx_word' id='word_1_580' title='bbox 2613 1733 2840 1780; x_wconf 84' lang='lat' dir='ltr'><strong>testatur</strong></span> <span class='ocrx_word' id='word_1_581' title='bbox 2863 1767 2878 1791; x_wconf 91' lang='lat'><strong>,</strong></span> <span class='ocrx_word' id='word_1_582' title='bbox 2911 1741 3008 1782; x_wconf 89' lang='lat' dir='ltr'><strong>eos</strong></span> <span class='ocrx_word' id='word_1_583' title='bbox 3051 1741 3160 1782; x_wconf 88' lang='lat' dir='ltr'><strong>non</strong></span> <span class='ocrx_word' id='word_1_584' title='bbox 3203 1726 3274 1780; x_wconf 88' lang='lat' dir='ltr'><strong>ob</strong></span> <span class='ocrx_word' id='word_1_585' title='bbox 3309 1727 3452 1782; x_wconf 80' lang='lat' dir='ltr'><strong>aliud</strong></span> <span class='ocrx_word' id='word_1_586' title='bbox 3477 1726 3548 1782; x_wconf 88' lang='lat' dir='ltr'><strong>ad</strong></span> 
     </span>
    </p>
   </div>
   <div class='ocr_carea' id='block_1_77' title="bbox 1957 1817 3548 1886">
    <p class='ocr_par' dir='ltr' id='par_1_77' title="bbox 1957 1817 3548 1886">
     <span class='ocr_line' id='line_1_77' title="bbox 1957 1817 3548 1886; baseline 0.001 -12"><span class='ocrx_word' id='word_1_587' title='bbox 1957 1817 2140 1874; x_wconf 81' lang='lat' dir='ltr'><strong>Jesum</strong></span> <span class='ocrx_word' id='word_1_588' title='bbox 2161 1859 2176 1886; x_wconf 92' lang='lat'><strong>,</strong></span> <span class='ocrx_word' id='word_1_589' title='bbox 2207 1817 2308 1874; x_wconf 89' lang='lat' dir='ltr'><strong>hoc</strong></span> <span class='ocrx_word' id='word_1_590' title='bbox 2333 1825 2418 1874; x_wconf 88' lang='lat' dir='ltr'><strong>est</strong></span> <span class='ocrx_word' id='word_1_591' title='bbox 2435 1857 2450 1884; x_wconf 93' lang='lat'><strong>,</strong></span> <span class='ocrx_word' id='word_1_592' title='bbox 2479 1817 2548 1872; x_wconf 88' lang='lat' dir='ltr'><strong>ad</strong></span> <span class='ocrx_word' id='word_1_593' title='bbox 2575 1818 2900 1874; x_wconf 83' lang='lat' dir='ltr'><strong>salvatorem</strong></span> <span class='ocrx_word' id='word_1_594' title='bbox 2929 1829 2984 1874; x_wconf 89' lang='lat' dir='ltr'><strong>et</strong></span> <span class='ocrx_word' id='word_1_595' title='bbox 3009 1818 3076 1874; x_wconf 89' lang='lat' dir='ltr'><strong>ad</strong></span> <span class='ocrx_word' id='word_1_596' title='bbox 3099 1818 3366 1874; x_wconf 87' lang='lat' dir='ltr'><strong>medicum</strong></span> <span class='ocrx_word' id='word_1_597' title='bbox 3391 1819 3548 1876; x_wconf 85' lang='lat' dir='ltr'><strong>Chri-</strong></span> 
     </span>
    </p>
   </div>
   <div class='ocr_carea' id='block_1_78' title="bbox 1959 1909 3549 1982">
    <p class='ocr_par' dir='ltr' id='par_1_78' title="bbox 1959 1909 3549 1982">
     <span class='ocr_line' id='line_1_78' title="bbox 1959 1909 3549 1982; baseline 0.002 -17"><span class='ocrx_word' id='word_1_598' title='bbox 1959 1919 2100 1966; x_wconf 86' lang='lat' dir='ltr'><strong>stum</strong></span> <span class='ocrx_word' id='word_1_599' title='bbox 2129 1911 2230 1980; x_wconf 87' lang='lat' dir='ltr'><strong>piis</strong></span> <span class='ocrx_word' id='word_1_600' title='bbox 2257 1911 2578 1980; x_wconf 83' lang='lat' dir='ltr'><strong>gestanlium</strong></span> <span class='ocrx_word' id='word_1_601' title='bbox 2605 1911 2850 1966; x_wconf 87' lang='lat' dir='ltr'><strong>manibus</strong></span> <span class='ocrx_word' id='word_1_602' title='bbox 2889 1909 3054 1978; x_wconf 82' lang='lat' dir='ltr'><strong>ferri,</strong></span> <span class='ocrx_word' id='word_1_603' title='bbox 3087 1911 3188 1968; x_wconf 87' lang='lat' dir='ltr'><strong>nisi</strong></span> <span class='ocrx_word' id='word_1_604' title='bbox 3217 1920 3272 1968; x_wconf 90' lang='lat' dir='ltr'><strong>ut</strong></span> <span class='ocrx_word' id='word_1_605' title='bbox 3302 1927 3398 1982; x_wconf 88' lang='lat' dir='ltr'><strong>per</strong></span> <span class='ocrx_word' id='word_1_606' title='bbox 3431 1927 3549 1968; x_wconf 86' lang='lat' dir='ltr'><strong>me-</strong></span> 
     </span>
    </p>
   </div>
   <div class='ocr_carea' id='block_1_79' title="bbox 1959 2001 3551 2075">
    <p class='ocr_par' dir='ltr' id='par_1_79' title="bbox 1959 2001 3551 2075">
     <span class='ocr_line' id='line_1_79' title="bbox 1959 2001 3551 2075; baseline 0.004 -19"><span class='ocrx_word' id='word_1_607' title='bbox 1959 2001 2190 2058; x_wconf 86' lang='lat' dir='ltr'><strong>dicinam</strong></span> <span class='ocrx_word' id='word_1_608' title='bbox 2215 2003 2680 2058; x_wconf 88' lang='lat' dir='ltr'><strong>Sacramentorum</strong></span> <span class='ocrx_word' id='word_1_609' title='bbox 2711 2003 2827 2074; x_wconf 88' lang='lat' dir='ltr'><strong>ejus</strong></span> <span class='ocrx_word' id='word_1_610' title='bbox 2863 2004 3074 2074; x_wconf 90' lang='lat' dir='ltr'><strong>possint</strong></span> <span class='ocrx_word' id='word_1_611' title='bbox 3111 2021 3138 2056; x_wconf 86' lang='lat' dir='ltr'><strong>a</strong></span> <span class='ocrx_word' id='word_1_612' title='bbox 3169 2004 3370 2074; x_wconf 83' lang='lat' dir='ltr'><strong>peccati</strong></span> <span class='ocrx_word' id='word_1_613' title='bbox 3401 2013 3551 2075; x_wconf 85' lang='lat' dir='ltr'><strong>peste</strong></span> 
     </span>
    </p>
   </div>
   <div class='ocr_carea' id='block_1_80' title="bbox 1961 2095 3552 2168">
    <p class='ocr_par' dir='ltr' id='par_1_80' title="bbox 1961 2095 3552 2168">
     <span class='ocr_line' id='line_1_80' title="bbox 1961 2095 3552 2168; baseline 0.001 -17"><span class='ocrx_word' id='word_1_614' title='bbox 1961 2096 2176 2152; x_wconf 86' lang='lat' dir='ltr'><strong>sanari?</strong></span> <span class='ocrx_word' id='word_1_615' title='bbox 2216 2095 2294 2168; x_wconf 91' lang='lat' dir='ltr'><strong>(a)</strong></span> <span class='ocrx_word' id='word_1_616' title='bbox 2321 2095 2456 2164; x_wconf 84' lang='lat' dir='ltr'><strong>Quid</strong></span> <span class='ocrx_word' id='word_1_617' title='bbox 2487 2111 2616 2167; x_wconf 89' lang='lat' dir='ltr'><strong>ergo</strong></span> <span class='ocrx_word' id='word_1_618' title='bbox 2641 2105 2956 2152; x_wconf 84' lang='lat' dir='ltr'><strong>cunctamur</strong></span> <span class='ocrx_word' id='word_1_619' title='bbox 2975 2096 3218 2166; x_wconf 77' lang='lat' dir='ltr'><strong>Apostoli</strong></span> <span class='ocrx_word' id='word_1_620' title='bbox 3263 2097 3424 2152; x_wconf 86' lang='lat' dir='ltr'><strong>verba</strong></span> <span class='ocrx_word' id='word_1_621' title='bbox 3445 2137 3458 2164; x_wconf 94' lang='lat'><strong>,</strong></span> <span class='ocrx_word' id='word_1_622' title='bbox 3485 2096 3552 2154; x_wconf 89' lang='lat' dir='ltr'><strong>de</strong></span> 
     </span>
    </p>
   </div>
   <div class='ocr_carea' id='block_1_81' title="bbox 1961 2187 3550 2260">
    <p class='ocr_par' dir='ltr' id='par_1_81' title="bbox 1961 2187 3550 2260">
     <span class='ocr_line' id='line_1_81' title="bbox 1961 2187 3550 2260; baseline 0.001 -17"><span class='ocrx_word' id='word_1_623' title='bbox 1961 2189 2154 2260; x_wconf 87' lang='lat' dir='ltr'><strong>quibus</strong></span> <span class='ocrx_word' id='word_1_624' title='bbox 2183 2187 2320 2244; x_wconf 82' lang='lat' dir='ltr'><strong>forte</strong></span> <span class='ocrx_word' id='word_1_625' title='bbox 2350 2187 2754 2254; x_wconf 86' lang='lat' dir='ltr'><strong>dubitabamus,</strong></span> <span class='ocrx_word' id='word_1_626' title='bbox 2781 2189 2942 2244; x_wconf 88' lang='lat' dir='ltr'><strong>etiam</strong></span> <span class='ocrx_word' id='word_1_627' title='bbox 2981 2189 3098 2258; x_wconf 88' lang='lat' dir='ltr'><strong>ipsa</strong></span> <span class='ocrx_word' id='word_1_628' title='bbox 3123 2189 3202 2244; x_wconf 88' lang='lat' dir='ltr'><strong>sic</strong></span> <span class='ocrx_word' id='word_1_629' title='bbox 3231 2188 3550 2260; x_wconf 75' lang='lat' dir='ltr'><strong>intelligere,</strong></span> 
     </span>
    </p>
   </div>
   <div class='ocr_carea' id='block_1_82' title="bbox 1961 2281 3552 2354">
    <p class='ocr_par' dir='ltr' id='par_1_82' title="bbox 1961 2281 3552 2354">
     <span class='ocr_line' id='line_1_82' title="bbox 1961 2281 3552 2354; baseline 0.003 -18"><span class='ocrx_word' id='word_1_630' title='bbox 1961 2289 2022 2336; x_wconf 93' lang='lat' dir='ltr'><strong>ut</strong></span> <span class='ocrx_word' id='word_1_631' title='bbox 2043 2281 2130 2336; x_wconf 88' lang='lat' dir='ltr'><strong>his</strong></span> <span class='ocrx_word' id='word_1_632' title='bbox 2149 2291 2442 2352; x_wconf 87' lang='lat' dir='ltr'><strong>congruant</strong></span> <span class='ocrx_word' id='word_1_633' title='bbox 2473 2282 2810 2349; x_wconf 88' lang='lat' dir='ltr'><strong>testimoniis,</strong></span> <span class='ocrx_word' id='word_1_634' title='bbox 2839 2283 2906 2338; x_wconf 89' lang='lat' dir='ltr'><strong>de</strong></span> <span class='ocrx_word' id='word_1_635' title='bbox 2933 2283 3128 2354; x_wconf 88' lang='lat' dir='ltr'><strong>quibus</strong></span> <span class='ocrx_word' id='word_1_636' title='bbox 3161 2283 3406 2340; x_wconf 83' lang='lat' dir='ltr'><strong>dubitare</strong></span> <span class='ocrx_word' id='word_1_637' title='bbox 3443 2297 3552 2340; x_wconf 89' lang='lat' dir='ltr'><strong>non</strong></span> 
     </span>
    </p>
   </div>
   <div class='ocr_carea' id='block_1_83' title="bbox 1963 2375 2294 2443">
    <p class='ocr_par' dir='ltr' id='par_1_83' title="bbox 1963 2375 2294 2443">
     <span class='ocr_line' id='line_1_83' title="bbox 1963 2375 2294 2443; baseline 0.009 -18"><span class='ocrx_word' id='word_1_638' title='bbox 1963 2387 2248 2443; x_wconf 86' lang='lat' dir='ltr'><strong>possumus</strong></span> <span class='ocrx_word' id='word_1_639' title='bbox 2269 2375 2294 2428; x_wconf 75' lang='grc' dir='ltr'>τ</span> 
     </span>
    </p>
   </div>
   <div class='ocr_carea' id='block_1_84' title="bbox 2033 2465 3556 2540">
    <p class='ocr_par' dir='ltr' id='par_1_84' title="bbox 2033 2465 3556 2540">
     <span class='ocr_line' id='line_1_84' title="bbox 2033 2465 3556 2540; baseline 0.003 -18"><span class='ocrx_word' id='word_1_640' title='bbox 2033 2465 2088 2522; x_wconf 87' lang='lat'><strong>9.</strong></span> <span class='ocrx_word' id='word_1_641' title='bbox 2117 2465 2430 2538; x_wconf 84' lang='lat' dir='ltr'><strong>Quanquam</strong></span> <span class='ocrx_word' id='word_1_642' title='bbox 2462 2475 2572 2524; x_wconf 90' lang='lat' dir='ltr'><strong>toto</strong></span> <span class='ocrx_word' id='word_1_643' title='bbox 2597 2467 2716 2538; x_wconf 88' lang='lat' dir='ltr'><strong>ipso</strong></span> <span class='ocrx_word' id='word_1_644' title='bbox 2743 2468 2864 2524; x_wconf 91' lang='lat' dir='ltr'><strong>loco</strong></span> <span class='ocrx_word' id='word_1_645' title='bbox 2883 2509 2900 2536; x_wconf 93' lang='lat'><strong>,</strong></span> <span class='ocrx_word' id='word_1_646' title='bbox 2937 2469 3028 2526; x_wconf 87' lang='lat' dir='ltr'><strong>ubi</strong></span> <span class='ocrx_word' id='word_1_647' title='bbox 3059 2485 3154 2540; x_wconf 86' lang='lat' dir='ltr'><strong>per</strong></span> <span class='ocrx_word' id='word_1_648' title='bbox 3181 2471 3340 2526; x_wconf 90' lang='lat' dir='ltr'><strong>unius</strong></span> <span class='ocrx_word' id='word_1_649' title='bbox 3363 2483 3556 2540; x_wconf 87' lang='lat' dir='ltr'><strong>pecca-</strong></span> 
     </span>
    </p>
   </div>
   <div class='ocr_carea' id='block_1_85' title="bbox 1967 2559 3552 2636">
    <p class='ocr_par' dir='ltr' id='par_1_85' title="bbox 1967 2559 3552 2636">
     <span class='ocr_line' id='line_1_85' title="bbox 1967 2559 3552 2636; baseline 0.004 -22"><span class='ocrx_word' id='word_1_650' title='bbox 1967 2567 2078 2614; x_wconf 88' lang='lat' dir='ltr'><strong>tum</strong></span> <span class='ocrx_word' id='word_1_651' title='bbox 2113 2559 2408 2616; x_wconf 87' lang='lat' dir='ltr'><strong>multorum</strong></span> <span class='ocrx_word' id='word_1_652' title='bbox 2431 2561 2932 2620; x_wconf 86' lang='lat' dir='ltr'><strong>condemnationem</strong></span> <span class='ocrx_word' id='word_1_653' title='bbox 2953 2603 2968 2630; x_wconf 94' lang='lat'><strong>,</strong></span> <span class='ocrx_word' id='word_1_654' title='bbox 3009 2573 3064 2619; x_wconf 87' lang='lat' dir='ltr'><strong>et</strong></span> <span class='ocrx_word' id='word_1_655' title='bbox 3091 2580 3186 2634; x_wconf 88' lang='lat' dir='ltr'><strong>per</strong></span> <span class='ocrx_word' id='word_1_656' title='bbox 3211 2566 3368 2620; x_wconf 85' lang='lat' dir='ltr'><strong>unius</strong></span> <span class='ocrx_word' id='word_1_657' title='bbox 3396 2565 3552 2636; x_wconf 83' lang='lat' dir='ltr'><strong>justi-</strong></span> 
     </span>
    </p>
   </div>
   <div class='ocr_carea' id='block_1_86' title="bbox 1963 2651 3554 2726">
    <p class='ocr_par' dir='ltr' id='par_1_86' title="bbox 1963 2651 3554 2726">
     <span class='ocr_line' id='line_1_86' title="bbox 1963 2651 3554 2726; baseline 0.003 -20"><span class='ocrx_word' id='word_1_658' title='bbox 1963 2651 2092 2706; x_wconf 87' lang='lat' dir='ltr'><strong>tiam</strong></span> <span class='ocrx_word' id='word_1_659' title='bbox 2135 2651 2422 2708; x_wconf 89' lang='lat' dir='ltr'><strong>multorum</strong></span> <span class='ocrx_word' id='word_1_660' title='bbox 2463 2653 2902 2724; x_wconf 82' lang='lat' dir='ltr'><strong>justiticationem</strong></span> <span class='ocrx_word' id='word_1_661' title='bbox 2951 2655 3240 2726; x_wconf 81' lang='lat' dir='ltr'><strong>Apostolus</strong></span> <span class='ocrx_word' id='word_1_662' title='bbox 3287 2655 3554 2726; x_wconf 88' lang='lat' dir='ltr'><strong>loquitur,</strong></span> 
     </span>
    </p>
   </div>
   <div class='ocr_carea' id='block_1_87' title="bbox 1963 2744 3550 2819">
    <p class='ocr_par' dir='ltr' id='par_1_87' title="bbox 1963 2744 3550 2819">
     <span class='ocr_line' id='line_1_87' title="bbox 1963 2744 3550 2819; baseline 0.001 -19"><span class='ocrx_word' id='word_1_663' title='bbox 1963 2744 2094 2800; x_wconf 85' lang='lat' dir='ltr'><strong>nihil</strong></span> <span class='ocrx_word' id='word_1_664' title='bbox 2117 2745 2246 2800; x_wconf 84' lang='lat' dir='ltr'><strong>mihi</strong></span> <span class='ocrx_word' id='word_1_665' title='bbox 2269 2745 2508 2802; x_wconf 80' lang='lat' dir='ltr'><strong>videatur</strong></span> <span class='ocrx_word' id='word_1_666' title='bbox 2531 2747 2786 2818; x_wconf 87' lang='lat' dir='ltr'><strong>ambigui,</strong></span> <span class='ocrx_word' id='word_1_667' title='bbox 2807 2746 2912 2802; x_wconf 88' lang='lat' dir='ltr'><strong>nisi</strong></span> <span class='ocrx_word' id='word_1_668' title='bbox 2937 2747 3080 2818; x_wconf 90' lang='lat' dir='ltr'><strong>quod</strong></span> <span class='ocrx_word' id='word_1_669' title='bbox 3103 2748 3214 2814; x_wconf 86' lang='lat' dir='ltr'><strong>ait,</strong></span> <span class='ocrx_word' id='word_1_670' title='bbox 3247 2747 3414 2802; x_wconf 79' lang='lat' dir='ltr'><strong>Adam</strong></span> <span class='ocrx_word' id='word_1_671' title='bbox 3438 2752 3550 2819; x_wconf 79' lang='lat' dir='ltr'><strong>for-</strong></span> 
     </span>
    </p>
   </div>
   <div class='ocr_carea' id='block_1_88' title="bbox 1965 2838 3558 2910">
    <p class='ocr_par' dir='ltr' id='par_1_88' title="bbox 1965 2838 3558 2910">
     <span class='ocr_line' id='line_1_88' title="bbox 1965 2838 3558 2910; baseline 0.004 -18"><span class='ocrx_word' id='word_1_672' title='bbox 1965 2853 2100 2892; x_wconf 85' lang='lat' dir='ltr'><strong>mam</strong></span> <span class='ocrx_word' id='word_1_673' title='bbox 2131 2840 2292 2909; x_wconf 70' lang='grc' dir='ltr'><strong>[αωιὶ</strong></span> <span class='ocrx_word' id='word_1_674' title='bbox 2317 2839 2496 2910; x_wconf 81' lang='lat' dir='ltr'><strong>(Rom.</strong></span> <span class='ocrx_word' id='word_1_675' title='bbox 2519 2855 2576 2906; x_wconf 77' lang='grc' dir='ltr'><strong>γ,</strong></span> <span class='ocrx_word' id='word_1_676' title='bbox 2601 2841 2712 2910; x_wconf 65' lang='lat' dir='ltr'><strong>li).</strong></span> <span class='ocrx_word' id='word_1_677' title='bbox 2743 2839 2856 2896; x_wconf 91' lang='lat' dir='ltr'><strong>lloc</strong></span> <span class='ocrx_word' id='word_1_678' title='bbox 2879 2838 3024 2896; x_wconf 87' lang='lat' dir='ltr'><strong>enim</strong></span> <span class='ocrx_word' id='word_1_679' title='bbox 3045 2853 3232 2896; x_wconf 82' lang='lat' dir='ltr'><strong>revera</strong></span> <span class='ocrx_word' id='word_1_680' title='bbox 3253 2855 3362 2896; x_wconf 91' lang='lat' dir='ltr'><strong>non</strong></span> <span class='ocrx_word' id='word_1_681' title='bbox 3383 2841 3558 2898; x_wconf 80' lang='lat' dir='ltr'><strong>solum</strong></span> 
     </span>
    </p>
   </div>
   <div class='ocr_carea' id='block_1_89' title="bbox 1967 2931 3558 3004">
    <p class='ocr_par' dir='ltr' id='par_1_89' title="bbox 1967 2931 3558 3004">
     <span class='ocr_line' id='line_1_89' title="bbox 1967 2931 3558 3004; baseline 0.004 -19"><span class='ocrx_word' id='word_1_682' title='bbox 1967 2931 2088 2988; x_wconf 86' lang='lat' dir='ltr'><strong>huic</strong></span> <span class='ocrx_word' id='word_1_683' title='bbox 2111 2932 2392 2988; x_wconf 65' lang='lat' dir='ltr'><strong>sententiae</strong></span> <span class='ocrx_word' id='word_1_684' title='bbox 2419 2933 2700 3000; x_wconf 85' lang='lat' dir='ltr'><strong>convenit,</strong></span> <span class='ocrx_word' id='word_1_685' title='bbox 2730 2947 2830 3004; x_wconf 89' lang='lat' dir='ltr'><strong>qua</strong></span> <span class='ocrx_word' id='word_1_686' title='bbox 2859 2932 3176 3004; x_wconf 85' lang='lat' dir='ltr'><strong>intelligitur</strong></span> <span class='ocrx_word' id='word_1_687' title='bbox 3205 2931 3414 2988; x_wconf 80' lang='lat' dir='ltr'><strong>futuros</strong></span> <span class='ocrx_word' id='word_1_688' title='bbox 3437 2933 3558 3004; x_wconf 85' lang='lat' dir='ltr'><strong>ejus</strong></span> 
     </span>
    </p>
   </div>
   <div class='ocr_carea' id='block_1_90' title="bbox 1967 3027 3558 3098">
    <p class='ocr_par' dir='ltr' id='par_1_90' title="bbox 1967 3027 3558 3098">
     <span class='ocr_line' id='line_1_90' title="bbox 1967 3027 3558 3098; baseline 0 -16"><span class='ocrx_word' id='word_1_689' title='bbox 1967 3035 2208 3097; x_wconf 87' lang='lat' dir='ltr'><strong>posteros</strong></span> <span class='ocrx_word' id='word_1_690' title='bbox 2238 3041 2302 3082; x_wconf 78' lang='lat' dir='ltr'><strong>ex</strong></span> <span class='ocrx_word' id='word_1_691' title='bbox 2329 3027 2516 3082; x_wconf 86' lang='lat' dir='ltr'><strong>eadem</strong></span> <span class='ocrx_word' id='word_1_692' title='bbox 2539 3027 2708 3082; x_wconf 81' lang='lat' dir='ltr'><strong>forma</strong></span> <span class='ocrx_word' id='word_1_693' title='bbox 2739 3029 2758 3060; x_wconf 83' lang='grc'><strong><em>²</em></strong></span> <span class='ocrx_word' id='word_1_694' title='bbox 2787 3043 2906 3082; x_wconf 89' lang='lat' dir='ltr'><strong>cum</strong></span> <span class='ocrx_word' id='word_1_695' title='bbox 2939 3037 3160 3098; x_wconf 87' lang='lat' dir='ltr'><strong>peccato</strong></span> <span class='ocrx_word' id='word_1_696' title='bbox 3187 3041 3308 3083; x_wconf 88' lang='lat' dir='ltr'><strong>esse</strong></span> <span class='ocrx_word' id='word_1_697' title='bbox 3329 3041 3558 3098; x_wconf 86' lang='lat' dir='ltr'><strong>genera-</strong></span> 
     </span>
    </p>
   </div>
   <div class='ocr_carea' id='block_1_91' title="bbox 1969 3119 3562 3189">
    <p class='ocr_par' dir='ltr' id='par_1_91' title="bbox 1969 3119 3562 3189">
     <span class='ocr_line' id='line_1_91' title="bbox 1969 3119 3562 3189; baseline 0 -14"><span class='ocrx_word' id='word_1_698' title='bbox 1969 3129 2086 3184; x_wconf 89' lang='lat' dir='ltr'><strong>tos;</strong></span> <span class='ocrx_word' id='word_1_699' title='bbox 2117 3119 2215 3174; x_wconf 89' lang='lat' dir='ltr'><strong>sed</strong></span> <span class='ocrx_word' id='word_1_700' title='bbox 2255 3119 2414 3174; x_wconf 88' lang='lat' dir='ltr'><strong>etiam</strong></span> <span class='ocrx_word' id='word_1_701' title='bbox 2457 3120 2512 3174; x_wconf 89' lang='lat' dir='ltr'><strong>in</strong></span> <span class='ocrx_word' id='word_1_702' title='bbox 2553 3120 2686 3174; x_wconf 85' lang='lat' dir='ltr'><strong>alios</strong></span> <span class='ocrx_word' id='word_1_703' title='bbox 2725 3127 2780 3174; x_wconf 90' lang='lat' dir='ltr'><strong>et</strong></span> <span class='ocrx_word' id='word_1_704' title='bbox 2819 3119 2952 3176; x_wconf 88' lang='lat' dir='ltr'><strong>alios</strong></span> <span class='ocrx_word' id='word_1_705' title='bbox 2993 3120 3298 3176; x_wconf 89' lang='lat' dir='ltr'><strong>intellectus</strong></span> <span class='ocrx_word' id='word_1_706' title='bbox 3339 3125 3562 3189; x_wconf 85' lang='lat' dir='ltr'><strong>possunt</strong></span> 
     </span>
    </p>
   </div>
   <div class='ocr_carea' id='block_1_92' title="bbox 1967 3210 3563 3283">
    <p class='ocr_par' dir='ltr' id='par_1_92' title="bbox 1967 3210 3563 3283">
     <span class='ocr_line' id='line_1_92' title="bbox 1967 3210 3563 3283; baseline -0.001 -15"><span class='ocrx_word' id='word_1_707' title='bbox 1967 3213 2084 3268; x_wconf 68' lang='lat' dir='ltr'><strong>hare</strong></span> <span class='ocrx_word' id='word_1_708' title='bbox 2109 3215 2270 3270; x_wconf 87' lang='lat' dir='ltr'><strong>verba</strong></span> <span class='ocrx_word' id='word_1_709' title='bbox 2309 3214 2522 3268; x_wconf 88' lang='lat' dir='ltr'><strong>deduci.</strong></span> <span class='ocrx_word' id='word_1_710' title='bbox 2561 3213 2692 3268; x_wconf 86' lang='lat' dir='ltr'><strong>Nam</strong></span> <span class='ocrx_word' id='word_1_711' title='bbox 2727 3221 2780 3268; x_wconf 89' lang='lat' dir='ltr'><strong>et</strong></span> <span class='ocrx_word' id='word_1_712' title='bbox 2821 3229 2920 3268; x_wconf 90' lang='lat' dir='ltr'><strong>nos</strong></span> <span class='ocrx_word' id='word_1_713' title='bbox 2949 3213 3094 3268; x_wconf 86' lang='lat' dir='ltr'><strong>aliud</strong></span> <span class='ocrx_word' id='word_1_714' title='bbox 3123 3211 3250 3268; x_wconf 88' lang='lat' dir='ltr'><strong>inde</strong></span> <span class='ocrx_word' id='word_1_715' title='bbox 3276 3210 3563 3283; x_wconf 83' lang='lat' dir='ltr'><strong>aliquando</strong></span> 
     </span>
    </p>
   </div>
   <div class='ocr_carea' id='block_1_93' title="bbox 1967 3303 3563 3374">
    <p class='ocr_par' dir='ltr' id='par_1_93' title="bbox 1967 3303 3563 3374">
     <span class='ocr_line' id='line_1_93' title="bbox 1967 3303 3563 3374; baseline -0.002 -11"><span class='ocrx_word' id='word_1_716' title='bbox 1967 3307 2214 3372; x_wconf 75' lang='lat' dir='ltr'><strong>diximus,</strong></span> <span class='ocrx_word' id='word_1_717' title='bbox 2245 3317 2300 3362; x_wconf 88' lang='lat' dir='ltr'><strong>et</strong></span> <span class='ocrx_word' id='word_1_718' title='bbox 2327 3307 2470 3362; x_wconf 86' lang='lat' dir='ltr'><strong>aliud</strong></span> <span class='ocrx_word' id='word_1_719' title='bbox 2499 3307 2724 3361; x_wconf 79' lang='lat' dir='ltr'><strong>fortasse</strong></span> <span class='ocrx_word' id='word_1_720' title='bbox 2755 3305 2998 3360; x_wconf 88' lang='lat' dir='ltr'><strong>dicemus</strong></span> <span class='ocrx_word' id='word_1_721' title='bbox 3019 3347 3033 3370; x_wconf 98' lang='lat'><strong>,</strong></span> <span class='ocrx_word' id='word_1_722' title='bbox 3065 3305 3208 3374; x_wconf 90' lang='lat' dir='ltr'><strong>quod</strong></span> <span class='ocrx_word' id='word_1_723' title='bbox 3235 3313 3414 3360; x_wconf 88' lang='lat' dir='ltr'><strong>tamen</strong></span> <span class='ocrx_word' id='word_1_724' title='bbox 3441 3303 3563 3360; x_wconf 87' lang='lat' dir='ltr'><strong>huic</strong></span> 
     </span>
    </p>
   </div>
   <div class='ocr_carea' id='block_1_94' title="bbox 1969 3397 3564 3472">
    <p class='ocr_par' dir='ltr' id='par_1_94' title="bbox 1969 3397 3564 3472">
     <span class='ocr_line' id='line_1_94' title="bbox 1969 3397 3564 3472; baseline -0.003 -16"><span class='ocrx_word' id='word_1_725' title='bbox 1969 3401 2259 3456; x_wconf 88' lang='lat' dir='ltr'><strong>intellectui</strong></span> <span class='ocrx_word' id='word_1_726' title='bbox 2281 3415 2386 3456; x_wconf 90' lang='lat' dir='ltr'><strong>non</strong></span> <span class='ocrx_word' id='word_1_727' title='bbox 2409 3401 2478 3454; x_wconf 88' lang='lat' dir='ltr'><strong>sit</strong></span> <span class='ocrx_word' id='word_1_728' title='bbox 2503 3399 2788 3454; x_wconf 73' lang='lat' dir='ltr'><strong>adversum</strong></span> <span class='ocrx_word' id='word_1_729' title='bbox 2819 3398 3012 3472; x_wconf 76' lang='lat' dir='ltr'><strong>(Epist.</strong></span> <span class='ocrx_word' id='word_1_730' title='bbox 3043 3399 3168 3466; x_wconf 76' lang='grc'><strong>157,</strong></span> <span class='ocrx_word' id='word_1_731' title='bbox 3195 3413 3246 3452; x_wconf 88' lang='lat' dir='ltr'><strong>n.</strong></span> <span class='ocrx_word' id='word_1_732' title='bbox 3271 3397 3378 3464; x_wconf 68' lang='lat'><strong>30;</strong></span> <span class='ocrx_word' id='word_1_733' title='bbox 3405 3413 3564 3468; x_wconf 80' lang='lat' dir='ltr'><strong>supra</strong></span> 
     </span>
    </p>
   </div>
   <div class='ocr_carea' id='block_1_95' title="bbox 1967 3491 3561 3566">
    <p class='ocr_par' dir='ltr' id='par_1_95' title="bbox 1967 3491 3561 3566">
     <span class='ocr_line' id='line_1_95' title="bbox 1967 3491 3561 3566; baseline -0.002 -17"><span class='ocrx_word' id='word_1_734' title='bbox 1967 3495 2058 3550; x_wconf 79' lang='lat' dir='ltr'><strong>lib.</strong></span> <span class='ocrx_word' id='word_1_735' title='bbox 2085 3496 2134 3560; x_wconf 77' lang='grc' dir='ltr'><strong>Ι,</strong></span> <span class='ocrx_word' id='word_1_736' title='bbox 2161 3511 2214 3548; x_wconf 88' lang='lat' dir='ltr'><strong>n.</strong></span> <span class='ocrx_word' id='word_1_737' title='bbox 2247 3495 2310 3548; x_wconf 78' lang='lat' dir='ltr'><strong>i5</strong></span> <span class='ocrx_word' id='word_1_738' title='bbox 2331 3513 2344 3560; x_wconf 91' lang='lat'><strong>;</strong></span> <span class='ocrx_word' id='word_1_739' title='bbox 2369 3495 2528 3566; x_wconf 77' lang='lat' dir='ltr'><strong>infra,</strong></span> <span class='ocrx_word' id='word_1_740' title='bbox 2553 3493 2616 3546; x_wconf 80' lang='lat' dir='ltr'><strong>de</strong></span> <span class='ocrx_word' id='word_1_741' title='bbox 2635 3493 2846 3564; x_wconf 84' lang='lat' dir='ltr'><strong>Nuptiis</strong></span> <span class='ocrx_word' id='word_1_742' title='bbox 2865 3503 2912 3546; x_wconf 84' lang='lat' dir='ltr'><strong>et</strong></span> <span class='ocrx_word' id='word_1_743' title='bbox 2931 3491 3372 3564; x_wconf 84' lang='lat' dir='ltr'><strong>Concupiscentia,</strong></span> <span class='ocrx_word' id='word_1_744' title='bbox 3393 3491 3478 3546; x_wconf 82' lang='lat' dir='ltr'><strong>lib.</strong></span> <span class='ocrx_word' id='word_1_745' title='bbox 3502 3491 3561 3558; x_wconf 70' lang='grc'><strong>2,</strong></span> 
     </span>
    </p>
   </div>
   <div class='ocr_carea' id='block_1_96' title="bbox 1969 3583 3560 3658">
    <p class='ocr_par' dir='ltr' id='par_1_96' title="bbox 1969 3583 3560 3658">
     <span class='ocr_line' id='line_1_96' title="bbox 1969 3583 3560 3658; baseline -0.001 -16"><span class='ocrx_word' id='word_1_746' title='bbox 1969 3605 2022 3642; x_wconf 88' lang='lat' dir='ltr'><strong>n.</strong></span> <span class='ocrx_word' id='word_1_747' title='bbox 2049 3587 2148 3654; x_wconf 70' lang='grc'><strong>46,</strong></span> <span class='ocrx_word' id='word_1_748' title='bbox 2177 3597 2222 3641; x_wconf 85' lang='lat' dir='ltr'><strong>ct</strong></span> <span class='ocrx_word' id='word_1_749' title='bbox 2247 3597 2422 3642; x_wconf 84' lang='lat' dir='ltr'><strong>contra</strong></span> <span class='ocrx_word' id='word_1_750' title='bbox 2444 3587 2740 3650; x_wconf 82' lang='lat' dir='ltr'><strong>Julianum,</strong></span> <span class='ocrx_word' id='word_1_751' title='bbox 2770 3586 2858 3640; x_wconf 86' lang='lat' dir='ltr'><strong>lib.</strong></span> <span class='ocrx_word' id='word_1_752' title='bbox 2883 3585 2946 3652; x_wconf 84' lang='lat'><strong>6,</strong></span> <span class='ocrx_word' id='word_1_753' title='bbox 2971 3603 3024 3640; x_wconf 75' lang='grc' dir='ltr'><strong>ιι.</strong></span> <span class='ocrx_word' id='word_1_754' title='bbox 3057 3583 3112 3658; x_wconf 84' lang='lat'><strong>9)</strong></span> <span class='ocrx_word' id='word_1_755' title='bbox 3140 3603 3154 3640; x_wconf 89' lang='lat'><strong>:</strong></span> <span class='ocrx_word' id='word_1_756' title='bbox 3183 3593 3238 3640; x_wconf 90' lang='lat' dir='ltr'><strong>et</strong></span> <span class='ocrx_word' id='word_1_757' title='bbox 3265 3585 3378 3654; x_wconf 89' lang='lat' dir='ltr'><strong>ipse</strong></span> <span class='ocrx_word' id='word_1_758' title='bbox 3403 3584 3560 3640; x_wconf 85' lang='lat' dir='ltr'><strong>Pela-</strong></span> 
     </span>
    </p>
   </div>
   <div class='ocr_carea' id='block_1_97' title="bbox 1969 3677 3560 3752">
    <p class='ocr_par' dir='ltr' id='par_1_97' title="bbox 1969 3677 3560 3752">
     <span class='ocr_line' id='line_1_97' title="bbox 1969 3677 3560 3752; baseline -0.002 -17"><span class='ocrx_word' id='word_1_759' title='bbox 1969 3683 2088 3752; x_wconf 82' lang='lat' dir='ltr'><strong>gius</strong></span> <span class='ocrx_word' id='word_1_760' title='bbox 2113 3697 2220 3736; x_wconf 89' lang='lat' dir='ltr'><strong>non</strong></span> <span class='ocrx_word' id='word_1_761' title='bbox 2257 3695 2362 3734; x_wconf 91' lang='lat' dir='ltr'><strong>uno</strong></span> <span class='ocrx_word' id='word_1_762' title='bbox 2391 3679 2554 3736; x_wconf 87' lang='lat' dir='ltr'><strong>modo</strong></span> <span class='ocrx_word' id='word_1_763' title='bbox 2579 3679 2630 3734; x_wconf 90' lang='lat' dir='ltr'><strong>id</strong></span> <span class='ocrx_word' id='word_1_764' title='bbox 2649 3679 2916 3749; x_wconf 72' lang='lat' dir='ltr'><strong>exposuit.</strong></span> <span class='ocrx_word' id='word_1_765' title='bbox 2947 3679 3152 3734; x_wconf 76' lang='lat' dir='ltr'><strong>Cretera</strong></span> <span class='ocrx_word' id='word_1_766' title='bbox 3181 3692 3312 3732; x_wconf 88' lang='lat' dir='ltr'><strong>vero</strong></span> <span class='ocrx_word' id='word_1_767' title='bbox 3337 3691 3458 3748; x_wconf 69' lang='lat' dir='ltr'><strong>qum</strong></span> <span class='ocrx_word' id='word_1_768' title='bbox 3485 3677 3560 3732; x_wconf 89' lang='lat' dir='ltr'><strong>ibi</strong></span> 
     </span>
    </p>
   </div>
   <div class='ocr_carea' id='block_1_98' title="bbox 1969 3771 3570 3844">
    <p class='ocr_par' dir='ltr' id='par_1_98' title="bbox 1969 3771 3570 3844">
     <span class='ocr_line' id='line_1_98' title="bbox 1969 3771 3570 3844; baseline -0.004 -15"><span class='ocrx_word' id='word_1_769' title='bbox 1969 3775 2220 3829; x_wconf 85' lang='lat' dir='ltr'><strong>dicuntur</strong></span> <span class='ocrx_word' id='word_1_770' title='bbox 2239 3815 2252 3840; x_wconf 92' lang='lat'><strong>,</strong></span> <span class='ocrx_word' id='word_1_771' title='bbox 2285 3773 2328 3827; x_wconf 86' lang='lat' dir='ltr'><strong>si</strong></span> <span class='ocrx_word' id='word_1_772' title='bbox 2359 3773 2644 3844; x_wconf 86' lang='lat' dir='ltr'><strong>diligenter</strong></span> <span class='ocrx_word' id='word_1_773' title='bbox 2673 3771 3018 3826; x_wconf 87' lang='lat' dir='ltr'><strong>advertantur</strong></span> <span class='ocrx_word' id='word_1_774' title='bbox 3043 3779 3202 3840; x_wconf 90' lang='lat' dir='ltr'><strong>atque</strong></span> <span class='ocrx_word' id='word_1_775' title='bbox 3231 3771 3570 3836; x_wconf 79' lang='lat' dir='ltr'><strong>tractentur,</strong></span> 
     </span>
    </p>
   </div>
   <div class='ocr_carea' id='block_1_99' title="bbox 1971 3862 3558 3935">
    <p class='ocr_par' dir='ltr' id='par_1_99' title="bbox 1971 3862 3558 3935">
     <span class='ocr_line' id='line_1_99' title="bbox 1971 3862 3558 3935; baseline -0.004 -14"><span class='ocrx_word' id='word_1_776' title='bbox 1971 3867 2108 3922; x_wconf 87' lang='lat' dir='ltr'><strong>sicut</strong></span> <span class='ocrx_word' id='word_1_777' title='bbox 2139 3867 2190 3918; x_wconf 88' lang='lat' dir='ltr'><strong>in</strong></span> <span class='ocrx_word' id='word_1_778' title='bbox 2217 3865 2392 3935; x_wconf 86' lang='lat' dir='ltr'><strong>primo</strong></span> <span class='ocrx_word' id='word_1_779' title='bbox 2419 3863 2646 3918; x_wconf 88' lang='lat' dir='ltr'><strong>duorum</strong></span> <span class='ocrx_word' id='word_1_780' title='bbox 2675 3863 2886 3918; x_wconf 86' lang='lat' dir='ltr'><strong>illorum</strong></span> <span class='ocrx_word' id='word_1_781' title='bbox 2917 3862 3056 3918; x_wconf 90' lang='lat' dir='ltr'><strong>libro</strong></span> <span class='ocrx_word' id='word_1_782' title='bbox 3085 3871 3372 3932; x_wconf 88' lang='lat' dir='ltr'><strong>utcumque</strong></span> <span class='ocrx_word' id='word_1_783' title='bbox 3389 3873 3558 3917; x_wconf 84' lang='lat' dir='ltr'><strong>cona-</strong></span> 
     </span>
    </p>
   </div>
   <div class='ocr_carea' id='block_1_100' title="bbox 1975 3953 3564 4024">
    <p class='ocr_par' dir='ltr' id='par_1_100' title="bbox 1975 3953 3564 4024">
     <span class='ocr_line' id='line_1_100' title="bbox 1975 3953 3564 4024; baseline -0.001 -14"><span class='ocrx_word' id='word_1_784' title='bbox 1975 3965 2058 4012; x_wconf 87' lang='lat' dir='ltr'><strong>tus</strong></span> <span class='ocrx_word' id='word_1_785' title='bbox 2079 3971 2216 4022; x_wconf 84' lang='lat' dir='ltr'><strong>sum,</strong></span> <span class='ocrx_word' id='word_1_786' title='bbox 2238 3955 2442 4010; x_wconf 83' lang='lat' dir='ltr'><strong>etiamsi</strong></span> <span class='ocrx_word' id='word_1_787' title='bbox 2469 3954 2856 4010; x_wconf 79' lang='lat' dir='ltr'><strong>subobscuram</strong></span> <span class='ocrx_word' id='word_1_788' title='bbox 2881 3954 3092 4024; x_wconf 86' lang='lat' dir='ltr'><strong>pariunt</strong></span> <span class='ocrx_word' id='word_1_789' title='bbox 3117 3967 3294 4008; x_wconf 87' lang='lat' dir='ltr'><strong>rerum</strong></span> <span class='ocrx_word' id='word_1_790' title='bbox 3325 3953 3564 4022; x_wconf 85' lang='lat' dir='ltr'><strong>ipsarum</strong></span> 
     </span>
    </p>
   </div>
   <div class='ocr_carea' id='block_1_101' title="bbox 1973 4045 3566 4116">
    <p class='ocr_par' dir='ltr' id='par_1_101' title="bbox 1973 4045 3566 4116">
     <span class='ocr_line' id='line_1_101' title="bbox 1973 4045 3566 4116; baseline -0.003 -14"><span class='ocrx_word' id='word_1_791' title='bbox 1973 4049 2292 4104; x_wconf 85' lang='lat' dir='ltr'><strong>necessitate</strong></span> <span class='ocrx_word' id='word_1_792' title='bbox 2333 4061 2678 4114; x_wconf 87' lang='lat' dir='ltr'><strong>sermonem,</strong></span> <span class='ocrx_word' id='word_1_793' title='bbox 2729 4061 2836 4102; x_wconf 90' lang='lat' dir='ltr'><strong>non</strong></span> <span class='ocrx_word' id='word_1_794' title='bbox 2885 4055 3062 4102; x_wconf 83' lang='lat' dir='ltr'><strong>tamen</strong></span> <span class='ocrx_word' id='word_1_795' title='bbox 3111 4055 3362 4116; x_wconf 87' lang='lat' dir='ltr'><strong>poterunt</strong></span> <span class='ocrx_word' id='word_1_796' title='bbox 3399 4045 3566 4100; x_wconf 84' lang='lat' dir='ltr'><strong>alium</strong></span> 
     </span>
    </p>
   </div>
   <div class='ocr_carea' id='block_1_102' title="bbox 1973 4137 3566 4211">
    <p class='ocr_par' dir='ltr' id='par_1_102' title="bbox 1973 4137 3566 4211">
     <span class='ocr_line' id='line_1_102' title="bbox 1973 4137 3566 4211; baseline -0.004 -14"><span class='ocrx_word' id='word_1_797' title='bbox 1973 4155 2190 4198; x_wconf 86' lang='lat' dir='ltr'><strong>sensum</strong></span> <span class='ocrx_word' id='word_1_798' title='bbox 2219 4141 2438 4208; x_wconf 86' lang='lat' dir='ltr'><strong>habere,</strong></span> <span class='ocrx_word' id='word_1_799' title='bbox 2465 4141 2566 4196; x_wconf 85' lang='lat' dir='ltr'><strong>nisi</strong></span> <span class='ocrx_word' id='word_1_800' title='bbox 2585 4155 2680 4211; x_wconf 88' lang='lat' dir='ltr'><strong>per</strong></span> <span class='ocrx_word' id='word_1_801' title='bbox 2699 4155 2858 4211; x_wconf 89' lang='lat' dir='ltr'><strong>quem</strong></span> <span class='ocrx_word' id='word_1_802' title='bbox 2887 4139 3082 4194; x_wconf 80' lang='lat' dir='ltr'><strong>factum</strong></span> <span class='ocrx_word' id='word_1_803' title='bbox 3103 4137 3566 4208; x_wconf 86' lang='lat' dir='ltr'><strong>estutantiquitus</strong></span> 
     </span>
    </p>
   </div>
   <div class='ocr_carea' id='block_1_103' title="bbox 1975 4230 3567 4302">
    <p class='ocr_par' dir='ltr' id='par_1_103' title="bbox 1975 4230 3567 4302">
     <span class='ocr_line' id='line_1_103' title="bbox 1975 4230 3567 4302; baseline -0.001 -12"><span class='ocrx_word' id='word_1_804' title='bbox 1975 4237 2222 4290; x_wconf 81' lang='lat' dir='ltr'><strong>universa</strong></span> <span class='ocrx_word' id='word_1_805' title='bbox 2235 4235 2472 4288; x_wconf 83' lang='lat' dir='ltr'><strong>Ecclesia</strong></span> <span class='ocrx_word' id='word_1_806' title='bbox 2507 4234 2783 4302; x_wconf 88' lang='lat' dir='ltr'><strong>retineret,</strong></span> <span class='ocrx_word' id='word_1_807' title='bbox 2805 4233 2990 4290; x_wconf 81' lang='lat' dir='ltr'><strong>ﬁdeles</strong></span> <span class='ocrx_word' id='word_1_808' title='bbox 3017 4233 3264 4302; x_wconf 85' lang='lat' dir='ltr'><strong>parvulos</strong></span> <span class='ocrx_word' id='word_1_809' title='bbox 3291 4230 3567 4302; x_wconf 85' lang='lat' dir='ltr'><strong>originalis</strong></span> 
     </span>
    </p>
   </div>
   <div class='ocr_carea' id='block_1_104' title="bbox 1975 4325 3564 4398">
    <p class='ocr_par' dir='ltr' id='par_1_104' title="bbox 1975 4325 3564 4398">
     <span class='ocr_line' id='line_1_104' title="bbox 1975 4325 3564 4398; baseline -0.003 -16"><span class='ocrx_word' id='word_1_810' title='bbox 1975 4327 2176 4398; x_wconf 87' lang='lat' dir='ltr'><strong>peccati</strong></span> <span class='ocrx_word' id='word_1_811' title='bbox 2189 4326 2556 4382; x_wconf 79' lang='lat' dir='ltr'><strong>remissionem</strong></span> <span class='ocrx_word' id='word_1_812' title='bbox 2569 4341 2664 4396; x_wconf 92' lang='lat' dir='ltr'><strong>per</strong></span> <span class='ocrx_word' id='word_1_813' title='bbox 2679 4325 3211 4394; x_wconf 75' lang='lat' dir='ltr'><strong>ChristiBaptisnmm</strong></span> <span class='ocrx_word' id='word_1_814' title='bbox 3225 4331 3564 4378; x_wconf 86' lang='lat' dir='ltr'><strong>consecutos.</strong></span> 
     </span>
    </p>
   </div>
   <div class='ocr_carea' id='block_1_105' title="bbox 2045 4413 3566 4488">
    <p class='ocr_par' dir='ltr' id='par_1_105' title="bbox 2045 4413 3566 4488">
     <span class='ocr_line' id='line_1_105' title="bbox 2045 4413 3566 4488; baseline -0.003 -14"><span class='ocrx_word' id='word_1_815' title='bbox 2045 4419 2272 4475; x_wconf 73' lang='lat' dir='ltr'><strong>CAPUT</strong></span> <span class='ocrx_word' id='word_1_816' title='bbox 2317 4420 2374 4474; x_wconf 84' lang='lat' dir='ltr'><strong>V.</strong></span> <span class='ocrx_word' id='word_1_817' title='bbox 2405 4445 2474 4459; x_wconf 80' lang='lat'><strong>~—</strong></span> <span class='ocrx_word' id='word_1_818' title='bbox 2501 4419 2586 4474; x_wconf 70' lang='lat'><strong>10.</strong></span> <span class='ocrx_word' id='word_1_819' title='bbox 2624 4417 2986 4472; x_wconf 84' lang='lat' dir='ltr'><strong>Testimonium</strong></span> <span class='ocrx_word' id='word_1_820' title='bbox 2999 4416 3260 4488; x_wconf 80' lang='lat' dir='ltr'><strong>Cypriani.</strong></span> <span class='ocrx_word' id='word_1_821' title='bbox 3291 4413 3442 4470; x_wconf 84' lang='lat' dir='ltr'><strong>Unde</strong></span> <span class='ocrx_word' id='word_1_822' title='bbox 3455 4427 3566 4469; x_wconf 87' lang='lat' dir='ltr'><strong>non</strong></span> 
     </span>
    </p>
   </div>
   <div class='ocr_carea' id='block_1_106' title="bbox 1977 4507 3566 4582">
    <p class='ocr_par' dir='ltr' id='par_1_106' title="bbox 1977 4507 3566 4582">
     <span class='ocr_line' id='line_1_106' title="bbox 1977 4507 3566 4582; baseline -0.004 -13"><span class='ocrx_word' id='word_1_823' title='bbox 1977 4513 2246 4569; x_wconf 86' lang='lat' dir='ltr'><strong>immerito</strong></span> <span class='ocrx_word' id='word_1_824' title='bbox 2268 4513 2456 4568; x_wconf 88' lang='lat' dir='ltr'><strong>beatus</strong></span> <span class='ocrx_word' id='word_1_825' title='bbox 2484 4511 2778 4582; x_wconf 81' lang='lat' dir='ltr'><strong>Cyprianus</strong></span> <span class='ocrx_word' id='word_1_826' title='bbox 2803 4511 2930 4566; x_wconf 87' lang='lat' dir='ltr'><strong>satis</strong></span> <span class='ocrx_word' id='word_1_827' title='bbox 2961 4509 3229 4574; x_wconf 88' lang='lat' dir='ltr'><strong>ostendit,</strong></span> <span class='ocrx_word' id='word_1_828' title='bbox 3259 4521 3418 4578; x_wconf 87' lang='lat' dir='ltr'><strong>quam</strong></span> <span class='ocrx_word' id='word_1_829' title='bbox 3459 4507 3566 4563; x_wconf 87' lang='lat' dir='ltr'><strong>hoc</strong></span> 
     </span>
    </p>
   </div>
   <div class='ocr_carea' id='block_1_107' title="bbox 1977 4587 3568 4680">
    <p class='ocr_par' dir='ltr' id='par_1_107' title="bbox 1977 4587 3568 4680">
     <span class='ocr_line' id='line_1_107' title="bbox 1977 4587 3568 4680; baseline -0.004 -17"><span class='ocrx_word' id='word_1_830' title='bbox 1977 4587 2046 4663; x_wconf 81' lang='lat' dir='ltr'><strong>ab</strong></span> <span class='ocrx_word' id='word_1_831' title='bbox 2071 4607 2220 4662; x_wconf 89' lang='lat' dir='ltr'><strong>initio</strong></span> <span class='ocrx_word' id='word_1_832' title='bbox 2249 4607 2510 4662; x_wconf 87' lang='lat' dir='ltr'><strong>creditum</strong></span> <span class='ocrx_word' id='word_1_833' title='bbox 2533 4613 2584 4660; x_wconf 88' lang='lat' dir='ltr'><strong>ct</strong></span> <span class='ocrx_word' id='word_1_834' title='bbox 2613 4604 2940 4660; x_wconf 85' lang='lat' dir='ltr'><strong>intellectum</strong></span> <span class='ocrx_word' id='word_1_835' title='bbox 2961 4611 3138 4658; x_wconf 89' lang='lat' dir='ltr'><strong>servet</strong></span> <span class='ocrx_word' id='word_1_836' title='bbox 3163 4601 3400 4658; x_wconf 82' lang='lat' dir='ltr'><strong>Ecclesia</strong></span> <span class='ocrx_word' id='word_1_837' title='bbox 3433 4619 3448 4654; x_wconf 87' lang='lat'><strong>:</strong></span> <span class='ocrx_word' id='word_1_838' title='bbox 3475 4600 3568 4680; x_wconf 81' lang='lat' dir='ltr'><strong>qui</strong></span> 
     </span>
    </p>
   </div>
   <div class='ocr_carea' id='block_1_108' title="bbox 1977 4687 3568 4772">
    <p class='ocr_par' dir='ltr' id='par_1_108' title="bbox 1977 4687 3568 4772">
     <span class='ocr_line' id='line_1_108' title="bbox 1977 4687 3568 4772; baseline -0.007 -15"><span class='ocrx_word' id='word_1_839' title='bbox 1977 4717 2098 4758; x_wconf 86' lang='lat' dir='ltr'><strong>cum</strong></span> <span class='ocrx_word' id='word_1_840' title='bbox 2141 4702 2392 4772; x_wconf 84' lang='lat' dir='ltr'><strong>parvulos</strong></span> <span class='ocrx_word' id='word_1_841' title='bbox 2435 4715 2464 4754; x_wconf 90' lang='lat' dir='ltr'><strong>a</strong></span> <span class='ocrx_word' id='word_1_842' title='bbox 2515 4709 2756 4754; x_wconf 88' lang='lat' dir='ltr'><strong>materno</strong></span> <span class='ocrx_word' id='word_1_843' title='bbox 2805 4705 2960 4752; x_wconf 85' lang='lat' dir='ltr'><strong>utero</strong></span> <span class='ocrx_word' id='word_1_844' title='bbox 3009 4696 3408 4752; x_wconf 88' lang='lat' dir='ltr'><strong>recentissimos</strong></span> <span class='ocrx_word' id='word_1_845' title='bbox 3455 4687 3568 4764; x_wconf 73' lang='lat' dir='ltr'><strong>j&#39;am</strong></span> 
     </span>
    </p>
   </div>
   <div class='ocr_carea' id='block_1_109' title="bbox 1979 4787 3569 4862">
    <p class='ocr_par' dir='ltr' id='par_1_109' title="bbox 1979 4787 3569 4862">
     <span class='ocr_line' id='line_1_109' title="bbox 1979 4787 3569 4862; baseline -0.006 -12"><span class='ocrx_word' id='word_1_846' title='bbox 1979 4795 2202 4850; x_wconf 87' lang='lat' dir='ltr'><strong>idoneos</strong></span> <span class='ocrx_word' id='word_1_847' title='bbox 2235 4793 2298 4846; x_wconf 87' lang='lat' dir='ltr'><strong>ad</strong></span> <span class='ocrx_word' id='word_1_848' title='bbox 2333 4791 2731 4862; x_wconf 82' lang='lat' dir='ltr'><strong>percipiendum</strong></span> <span class='ocrx_word' id='word_1_849' title='bbox 2759 4789 2962 4844; x_wconf 86' lang='lat' dir='ltr'><strong>Christi</strong></span> <span class='ocrx_word' id='word_1_850' title='bbox 2997 4787 3328 4858; x_wconf 88' lang='lat' dir='ltr'><strong>Baptismum</strong></span> <span class='ocrx_word' id='word_1_851' title='bbox 3357 4799 3569 4842; x_wconf 86' lang='lat' dir='ltr'><strong>assere-</strong></span> 
     </span>
    </p>
   </div>
   <div class='ocr_carea' id='block_1_110' title="bbox 1981 4883 3572 4959">
    <p class='ocr_par' dir='ltr' id='par_1_110' title="bbox 1981 4883 3572 4959">
     <span class='ocr_line' id='line_1_110' title="bbox 1981 4883 3572 4959; baseline -0.007 -15"><span class='ocrx_word' id='word_1_852' title='bbox 1981 4899 2095 4956; x_wconf 90' lang='lat' dir='ltr'><strong>ret,</strong></span> <span class='ocrx_word' id='word_1_853' title='bbox 2127 4889 2382 4959; x_wconf 86' lang='lat' dir='ltr'><strong>quoniam</strong></span> <span class='ocrx_word' id='word_1_854' title='bbox 2409 4887 2684 4942; x_wconf 82' lang='lat' dir='ltr'><strong>consultus</strong></span> <span class='ocrx_word' id='word_1_855' title='bbox 2711 4888 2878 4940; x_wconf 80' lang='lat' dir='ltr'><strong>fuerat</strong></span> <span class='ocrx_word' id='word_1_856' title='bbox 2897 4925 2912 4952; x_wconf 94' lang='lat'><strong>,</strong></span> <span class='ocrx_word' id='word_1_857' title='bbox 2941 4892 3122 4938; x_wconf 87' lang='lat' dir='ltr'><strong>utrum</strong></span> <span class='ocrx_word' id='word_1_858' title='bbox 3151 4883 3250 4937; x_wconf 91' lang='lat' dir='ltr'><strong>hoc</strong></span> <span class='ocrx_word' id='word_1_859' title='bbox 3276 4887 3400 4935; x_wconf 87' lang='lat' dir='ltr'><strong>ante</strong></span> <span class='ocrx_word' id='word_1_860' title='bbox 3423 4889 3572 4934; x_wconf 84' lang='lat' dir='ltr'><strong>octa-</strong></span> 
     </span>
    </p>
   </div>
   <div class='ocr_carea' id='block_1_111' title="bbox 1981 4975 3572 5048">
    <p class='ocr_par' dir='ltr' id='par_1_111' title="bbox 1981 4975 3572 5048">
     <span class='ocr_line' id='line_1_111' title="bbox 1981 4975 3572 5048; baseline -0.005 -12"><span class='ocrx_word' id='word_1_861' title='bbox 1981 4999 2104 5036; x_wconf 87' lang='lat' dir='ltr'><strong>vum</strong></span> <span class='ocrx_word' id='word_1_862' title='bbox 2135 4981 2274 5035; x_wconf 86' lang='lat' dir='ltr'><strong>diem</strong></span> <span class='ocrx_word' id='word_1_863' title='bbox 2305 4981 2422 5035; x_wconf 85' lang='lat' dir='ltr'><strong>ﬁeri</strong></span> <span class='ocrx_word' id='word_1_864' title='bbox 2453 4980 2674 5034; x_wconf 84' lang='lat' dir='ltr'><strong>deberet</strong></span> <span class='ocrx_word' id='word_1_865' title='bbox 2699 4995 2710 5032; x_wconf 92' lang='lat'>:</span> <span class='ocrx_word' id='word_1_866' title='bbox 2739 4984 2997 5048; x_wconf 87' lang='lat' dir='ltr'><strong>quantum</strong></span> <span class='ocrx_word' id='word_1_867' title='bbox 3019 4975 3212 5046; x_wconf 82' lang='lat' dir='ltr'><strong>potuit,</strong></span> <span class='ocrx_word' id='word_1_868' title='bbox 3237 4981 3464 5028; x_wconf 88' lang='lat' dir='ltr'><strong>conatus</strong></span> <span class='ocrx_word' id='word_1_869' title='bbox 3487 4983 3572 5028; x_wconf 85' lang='lat' dir='ltr'><strong>est</strong></span> 
     </span>
    </p>
   </div>
   <div class='ocr_carea' id='block_1_112' title="bbox 1981 5065 3572 5141">
    <p class='ocr_par' dir='ltr' id='par_1_112' title="bbox 1981 5065 3572 5141">
     <span class='ocr_line' id='line_1_112' title="bbox 1981 5065 3572 5141; baseline -0.008 -11"><span class='ocrx_word' id='word_1_870' title='bbox 1981 5089 2074 5130; x_wconf 90' lang='lat' dir='ltr'><strong>eos</strong></span> <span class='ocrx_word' id='word_1_871' title='bbox 2099 5073 2470 5126; x_wconf 87' lang='lat' dir='ltr'><strong>demonstrare</strong></span> <span class='ocrx_word' id='word_1_872' title='bbox 2509 5071 2808 5141; x_wconf 81' lang='lat' dir='ltr'><strong>perfectos;</strong></span> <span class='ocrx_word' id='word_1_873' title='bbox 2841 5083 2908 5124; x_wconf 89' lang='lat' dir='ltr'><strong>ne</strong></span> <span class='ocrx_word' id='word_1_874' title='bbox 2937 5067 3056 5137; x_wconf 87' lang='lat' dir='ltr'><strong>quis</strong></span> <span class='ocrx_word' id='word_1_875' title='bbox 3081 5065 3232 5136; x_wconf 88' lang='lat' dir='ltr'><strong>quasi</strong></span> <span class='ocrx_word' id='word_1_876' title='bbox 3265 5079 3362 5135; x_wconf 89' lang='lat' dir='ltr'><strong>pro</strong></span> <span class='ocrx_word' id='word_1_877' title='bbox 3387 5079 3572 5118; x_wconf 87' lang='lat' dir='ltr'><strong>nume-</strong></span> 
     </span>
    </p>
   </div>
   <div class='ocr_carea' id='block_1_113' title="bbox 1981 5155 3570 5234">
    <p class='ocr_par' dir='ltr' id='par_1_113' title="bbox 1981 5155 3570 5234">
     <span class='ocr_line' id='line_1_113' title="bbox 1981 5155 3570 5234; baseline -0.008 -14"><span class='ocrx_word' id='word_1_878' title='bbox 1981 5181 2044 5220; x_wconf 90' lang='lat' dir='ltr'><strong>ro</strong></span> <span class='ocrx_word' id='word_1_879' title='bbox 2071 5165 2092 5196; x_wconf 83' lang='grc'>³</span> <span class='ocrx_word' id='word_1_880' title='bbox 2111 5164 2314 5220; x_wconf 84' lang='lat' dir='ltr'><strong>dierum</strong></span> <span class='ocrx_word' id='word_1_881' title='bbox 2333 5203 2350 5230; x_wconf 93' lang='lat'><strong>,</strong></span> <span class='ocrx_word' id='word_1_882' title='bbox 2377 5165 2500 5234; x_wconf 87' lang='lat' dir='ltr'><strong>quia</strong></span> <span class='ocrx_word' id='word_1_883' title='bbox 2529 5171 2720 5218; x_wconf 88' lang='lat' dir='ltr'><strong>octavo</strong></span> <span class='ocrx_word' id='word_1_884' title='bbox 2746 5167 2902 5214; x_wconf 86' lang='lat' dir='ltr'><strong>antea</strong></span> <span class='ocrx_word' id='word_1_885' title='bbox 2943 5155 3458 5214; x_wconf 85' lang='lat' dir='ltr'><strong>circumcidebantnr</strong></span> <span class='ocrx_word' id='word_1_886' title='bbox 3485 5155 3570 5208; x_wconf 90' lang='lat' dir='ltr'><strong>iu-</strong></span> 
     </span>
    </p>
   </div>
   <div class='ocr_carea' id='block_1_114' title="bbox 1985 5250 3570 5326">
    <p class='ocr_par' dir='ltr' id='par_1_114' title="bbox 1985 5250 3570 5326">
     <span class='ocr_line' id='line_1_114' title="bbox 1985 5250 3570 5326; baseline -0.009 -13"><span class='ocrx_word' id='word_1_887' title='bbox 1985 5259 2174 5326; x_wconf 82' lang='lat' dir='ltr'><strong>l&#39;nntes,</strong></span> <span class='ocrx_word' id='word_1_888' title='bbox 2199 5273 2294 5312; x_wconf 88' lang='lat' dir='ltr'><strong>eos</strong></span> <span class='ocrx_word' id='word_1_889' title='bbox 2313 5257 2490 5312; x_wconf 87' lang='lat' dir='ltr'><strong>adhuc</strong></span> <span class='ocrx_word' id='word_1_890' title='bbox 2511 5254 2860 5326; x_wconf 84' lang='lat' dir='ltr'><strong>perliciendos</strong></span> <span class='ocrx_word' id='word_1_891' title='bbox 2883 5253 3212 5308; x_wconf 75' lang='lat' dir='ltr'><strong>existimaret</strong></span> <span class='ocrx_word' id='word_1_892' title='bbox 3237 5250 3570 5323; x_wconf 82' lang='lat' dir='ltr'><strong>(Cyprianus,</strong></span> 
     </span>
    </p>
   </div>
   <div class='ocr_carea' id='block_1_115' title="bbox 1983 5339 3574 5423">
    <p class='ocr_par' dir='ltr' id='par_1_115' title="bbox 1983 5339 3574 5423">
     <span class='ocr_line' id='line_1_115' title="bbox 1983 5339 3574 5423; baseline -0.01 -15"><span class='ocrx_word' id='word_1_893' title='bbox 1983 5353 2152 5423; x_wconf 81' lang='lat' dir='ltr'><strong>Epist.</strong></span> <span class='ocrx_word' id='word_1_894' title='bbox 2181 5353 2270 5418; x_wconf 74' lang='grc'><strong>64,</strong></span> <span class='ocrx_word' id='word_1_895' title='bbox 2301 5355 2368 5406; x_wconf 83' lang='lat' dir='ltr'><strong>ad</strong></span> <span class='ocrx_word' id='word_1_896' title='bbox 2395 5349 2632 5422; x_wconf 83' lang='lat' dir='ltr'><strong>Fidum).</strong></span> <span class='ocrx_word' id='word_1_897' title='bbox 2664 5347 2772 5404; x_wconf 84' lang='lat' dir='ltr'><strong>Sed</strong></span> <span class='ocrx_word' id='word_1_898' title='bbox 2795 5347 2820 5382; x_wconf 69' lang='grc'><strong>’⁵</strong></span> <span class='ocrx_word' id='word_1_899' title='bbox 2843 5361 2968 5402; x_wconf 85' lang='lat' dir='ltr'><strong>cum</strong></span> <span class='ocrx_word' id='word_1_900' title='bbox 2997 5359 3250 5415; x_wconf 89' lang='lat' dir='ltr'><strong>magnum</strong></span> <span class='ocrx_word' id='word_1_901' title='bbox 3285 5343 3362 5398; x_wconf 91' lang='lat' dir='ltr'><strong>eis</strong></span> <span class='ocrx_word' id='word_1_902' title='bbox 3389 5339 3574 5394; x_wconf 79' lang='lat' dir='ltr'><strong>defen-</strong></span> 
     </span>
    </p>
   </div>
   <div class='ocr_carea' id='block_1_116' title="bbox 1985 5433 3570 5514">
    <p class='ocr_par' dir='ltr' id='par_1_116' title="bbox 1985 5433 3570 5514">
     <span class='ocr_line' id='line_1_116' title="bbox 1985 5433 3570 5514; baseline -0.011 -14"><span class='ocrx_word' id='word_1_903' title='bbox 1985 5445 2150 5500; x_wconf 85' lang='lat' dir='ltr'><strong>sionis</strong></span> <span class='ocrx_word' id='word_1_904' title='bbox 2179 5444 2528 5514; x_wconf 85' lang='lat' dir='ltr'><strong>patrocinium</strong></span> <span class='ocrx_word' id='word_1_905' title='bbox 2573 5439 2908 5512; x_wconf 63' lang='lat' dir='ltr'><strong>praestitisset</strong></span> <span class='ocrx_word' id='word_1_906' title='bbox 2933 5480 2948 5504; x_wconf 92' lang='lat'><strong>,</strong></span> <span class='ocrx_word' id='word_1_907' title='bbox 2991 5437 3060 5492; x_wconf 89' lang='lat' dir='ltr'><strong>ab</strong></span> <span class='ocrx_word' id='word_1_908' title='bbox 3105 5433 3348 5506; x_wconf 84' lang='lat' dir='ltr'><strong>originali</strong></span> <span class='ocrx_word' id='word_1_909' title='bbox 3389 5439 3570 5484; x_wconf 88' lang='lat' dir='ltr'><strong>tamen</strong></span> 
     </span>
    </p>
   </div>
   <div class='ocr_carea' id='block_1_117' title="bbox 1987 5523 3574 5610">
    <p class='ocr_par' dir='ltr' id='par_1_117' title="bbox 1987 5523 3574 5610">
     <span class='ocr_line' id='line_1_117' title="bbox 1987 5523 3574 5610; baseline -0.011 -14"><span class='ocrx_word' id='word_1_910' title='bbox 1987 5549 2204 5610; x_wconf 71' lang='lat' dir='ltr'><strong>peccato</strong></span> <span class='ocrx_word' id='word_1_911' title='bbox 2231 5553 2323 5595; x_wconf 89' lang='lat' dir='ltr'><strong>eos</strong></span> <span class='ocrx_word' id='word_1_912' title='bbox 2349 5541 2613 5594; x_wconf 87' lang='lat' dir='ltr'><strong>immunes</strong></span> <span class='ocrx_word' id='word_1_913' title='bbox 2641 5553 2746 5590; x_wconf 87' lang='lat' dir='ltr'><strong>non</strong></span> <span class='ocrx_word' id='word_1_914' title='bbox 2776 5549 2894 5590; x_wconf 90' lang='lat' dir='ltr'><strong>esse</strong></span> <span class='ocrx_word' id='word_1_915' title='bbox 2921 5531 3201 5588; x_wconf 82' lang='lat' dir='ltr'><strong>confessus</strong></span> <span class='ocrx_word' id='word_1_916' title='bbox 3229 5534 3312 5583; x_wconf 90' lang='lat' dir='ltr'><strong>est</strong></span> <span class='ocrx_word' id='word_1_917' title='bbox 3334 5541 3347 5577; x_wconf 88' lang='lat'>:</span> <span class='ocrx_word' id='word_1_918' title='bbox 3373 5523 3494 5594; x_wconf 89' lang='lat' dir='ltr'><strong>quia</strong></span> <span class='ocrx_word' id='word_1_919' title='bbox 3525 5523 3574 5578; x_wconf 91' lang='lat' dir='ltr'><strong>si</strong></span> 
     </span>
    </p>
   </div>
   <div class='ocr_carea' id='block_1_118' title="bbox 1986 5629 3571 5707">
    <p class='ocr_par' dir='ltr' id='par_1_118' title="bbox 1986 5629 3571 5707">
     <span class='ocr_line' id='line_1_118' title="bbox 1986 5629 3571 5707; baseline -0.011 -17"><span class='ocrx_word' id='word_1_920' title='bbox 1986 5637 2088 5692; x_wconf 82' lang='lat' dir='ltr'><strong>hoc</strong></span> <span class='ocrx_word' id='word_1_921' title='bbox 2135 5644 2372 5707; x_wconf 83' lang='lat' dir='ltr'><strong>negaret,</strong></span> <span class='ocrx_word' id='word_1_922' title='bbox 2399 5635 2566 5705; x_wconf 90' lang='lat' dir='ltr'><strong>ipsius</strong></span> <span class='ocrx_word' id='word_1_923' title='bbox 2593 5629 2851 5701; x_wconf 86' lang='lat' dir='ltr'><strong>Baptismi</strong></span> <span class='ocrx_word' id='word_1_924' title='bbox 2879 5641 3118 5690; x_wconf 84' lang='lat' dir='ltr'><strong>causam,</strong></span> <span class='ocrx_word' id='word_1_925' title='bbox 3166 5629 3381 5692; x_wconf 85' lang='lat' dir='ltr'><strong>propter</strong></span> <span class='ocrx_word' id='word_1_926' title='bbox 3411 5631 3571 5688; x_wconf 90' lang='lat' dir='ltr'><strong>quem</strong></span> 
     </span>
    </p>
   </div>
   <div class='ocr_carea' id='block_1_119' title="bbox 2050 5739 3444 5814">
    <p class='ocr_par' dir='ltr' id='par_1_119' title="bbox 2050 5739 3444 5814">
     <span class='ocr_line' id='line_1_119' title="bbox 2050 5739 3444 5814; baseline -0.003 -13"><span class='ocrx_word' id='word_1_927' title='bbox 2050 5754 2067 5785; x_wconf 77' lang='grc' dir='ltr'>ί</span> <span class='ocrx_word' id='word_1_928' title='bbox 2093 5753 2526 5814; x_wconf 66' lang='grc' dir='ltr'><strong>Μεὶηιιεατὶιιιὶηηοη</strong></span> <span class='ocrx_word' id='word_1_929' title='bbox 2549 5755 2620 5802; x_wconf 85' lang='lat' dir='ltr'><strong>est</strong></span> <span class='ocrx_word' id='word_1_930' title='bbox 2641 5745 2934 5802; x_wconf 67' lang='lat' dir='ltr'><strong>necessarius</strong></span> <span class='ocrx_word' id='word_1_931' title='bbox 2955 5755 3042 5802; x_wconf 83' lang='lat' dir='ltr'><strong>ets,</strong></span> <span class='ocrx_word' id='word_1_932' title='bbox 3069 5739 3266 5798; x_wconf 62' lang='lat' dir='ltr'><strong>omisso.</strong></span> <span class='ocrx_word' id='word_1_933' title='bbox 3285 5743 3444 5788; x_wconf 66' lang='lat' dir='ltr'><strong>Jmo</strong></span> 
     </span>
    </p>
   </div>
   <div class='ocr_carea' id='block_1_120' title="bbox 2051 5815 2856 5874">
    <p class='ocr_par' dir='ltr' id='par_1_120' title="bbox 2051 5815 2856 5874">
     <span class='ocr_line' id='line_1_120' title="bbox 2051 5815 2856 5874; baseline -0.002 -12"><span class='ocrx_word' id='word_1_934' title='bbox 2051 5819 2070 5846; x_wconf 85' lang='grc'>¹</span> <span class='ocrx_word' id='word_1_935' title='bbox 2099 5825 2197 5862; x_wconf 75' lang='lat' dir='ltr'><strong>Am.</strong></span> <span class='ocrx_word' id='word_1_936' title='bbox 2227 5819 2278 5864; x_wconf 82' lang='lat' dir='ltr'><strong>et</strong></span> <span class='ocrx_word' id='word_1_937' title='bbox 2301 5823 2395 5872; x_wconf 83' lang='lat' dir='ltr'><strong>t-.r.,</strong></span> <span class='ocrx_word' id='word_1_938' title='bbox 2425 5821 2470 5866; x_wconf 78' lang='lat' dir='ltr'><strong>et</strong></span> <span class='ocrx_word' id='word_1_939' title='bbox 2493 5815 2663 5866; x_wconf 81' lang='lat' dir='ltr'><strong>eadem</strong></span> <span class='ocrx_word' id='word_1_940' title='bbox 2685 5815 2856 5874; x_wconf 70' lang='grc' dir='ltr'><strong>Ιὸηηα.</strong></span> 
     </span>
    </p>
   </div>
   <div class='ocr_carea' id='block_1_121' title="bbox 2052 5875 3029 5940">
    <p class='ocr_par' dir='ltr' id='par_1_121' title="bbox 2052 5875 3029 5940">
     <span class='ocr_line' id='line_1_121' title="bbox 2052 5875 3029 5940; baseline -0.008 -16"><span class='ocrx_word' id='word_1_941' title='bbox 2052 5879 2070 5908; x_wconf 79' lang='grc'><strong>³</strong></span> <span class='ocrx_word' id='word_1_942' title='bbox 2097 5877 2312 5940; x_wconf 68' lang='lat' dir='ltr'><strong>Nonnulli</strong></span> <span class='ocrx_word' id='word_1_943' title='bbox 2333 5886 2460 5936; x_wconf 67' lang='lat'><strong>3155.,</strong></span> <span class='ocrx_word' id='word_1_944' title='bbox 2485 5893 2542 5926; x_wconf 76' lang='lat' dir='ltr'><strong>ne</strong></span> <span class='ocrx_word' id='word_1_945' title='bbox 2568 5875 2672 5940; x_wconf 77' lang='lat' dir='ltr'><strong>quis</strong></span> <span class='ocrx_word' id='word_1_946' title='bbox 2695 5888 2796 5937; x_wconf 61' lang='lat' dir='ltr'><strong>ipso</strong></span> <span class='ocrx_word' id='word_1_947' title='bbox 2813 5879 3029 5922; x_wconf 82' lang='lat' dir='ltr'><strong>numero.</strong></span> 
     </span>
    </p>
   </div>
   <div class='ocr_carea' id='block_1_122' title="bbox 2054 5939 2620 5994">
    <p class='ocr_par' dir='ltr' id='par_1_122' title="bbox 2054 5939 2620 5994">
     <span class='ocr_line' id='line_1_122' title="bbox 2054 5939 2620 5994; baseline 0.005 -12"><span class='ocrx_word' id='word_1_948' title='bbox 2054 5941 2071 5970; x_wconf 67' lang='grc' dir='ltr'><strong>’ν</strong></span> <span class='ocrx_word' id='word_1_949' title='bbox 2096 5939 2198 5986; x_wconf 53' lang='lat' dir='ltr'><strong>Sola</strong></span> <span class='ocrx_word' id='word_1_950' title='bbox 2219 5941 2365 5988; x_wconf 72' lang='lat' dir='ltr'><strong>ulilit)</strong></span> <span class='ocrx_word' id='word_1_951' title='bbox 2391 5948 2518 5994; x_wconf 79' lang='lat' dir='ltr'><strong>l.0v.,</strong></span> <span class='ocrx_word' id='word_1_952' title='bbox 2553 5939 2620 5986; x_wconf 24' lang='lat' dir='ltr'><strong>tit.</strong></span> 
     </span>
    </p>
   </div>
   <div class='ocr_carea' id='block_1_123' title="bbox 2047 5995 3164 6064">
    <p class='ocr_par' dir='ltr' id='par_1_123' title="bbox 2047 5995 3164 6064">
     <span class='ocr_line' id='line_1_123' title="bbox 2047 5995 3164 6064; baseline -0.022 0"><span class='ocrx_word' id='word_1_953' title='bbox 2047 6001 2119 6064; x_wconf 78' lang='grc' dir='ltr'><strong>(α)</strong></span> <span class='ocrx_word' id='word_1_954' title='bbox 2153 6007 2232 6052; x_wconf 69' lang='lat' dir='ltr'><strong>llic</strong></span> <span class='ocrx_word' id='word_1_955' title='bbox 2257 6011 2420 6064; x_wconf 64' lang='grc' dir='ltr'><strong>ωοιιλλι</strong></span> <span class='ocrx_word' id='word_1_956' title='bbox 2450 6011 2591 6064; x_wconf 75' lang='lat' dir='ltr'><strong>caput</strong></span> <span class='ocrx_word' id='word_1_957' title='bbox 2615 6001 2646 6056; x_wconf 79' lang='lat'><strong>5</strong></span> <span class='ocrx_word' id='word_1_958' title='bbox 2666 5999 2717 6052; x_wconf 84' lang='lat' dir='ltr'><strong>in</strong></span> <span class='ocrx_word' id='word_1_959' title='bbox 2740 5997 2860 6052; x_wconf 85' lang='lat' dir='ltr'><strong>edit.</strong></span> <span class='ocrx_word' id='word_1_960' title='bbox 2885 6005 2986 6050; x_wconf 63' lang='lat' dir='ltr'><strong>am.</strong></span> <span class='ocrx_word' id='word_1_961' title='bbox 3013 5998 3066 6048; x_wconf 85' lang='lat' dir='ltr'><strong>et</strong></span> <span class='ocrx_word' id='word_1_962' title='bbox 3083 5995 3164 6041; x_wconf 67' lang='lat' dir='ltr'><strong>tu.</strong></span> 
     </span>
    </p>
   </div>
  </div>
