3996 6480
427 393 528 452 l9!

426 503 828 577 percipiendum
858 518 952 561 eos
989 502 1339 567 defendebat,
1374 501 1627 556 auferret.
1659 500 1823 555 Potes
1845 499 2013 568 ipsam

427 598 704 668 epistdlam
744 597 1019 652 memorati
1045 595 1298 669 martyris
1325 596 1390 650 de
1415 593 1756 664 Baptizandis
1781 590 2016 662 parvulis

424 691 624 763 legere,
650 694 694 747 si
723 692 954 747 volueris
977 707 990 744 :
1016 706 1188 762 neque
1208 691 1350 746 enim
1378 697 1551 761 potest
1575 688 1764 744 deesse
1783 685 2014 742 Cartha-

428 783 563 854 gini.
592 783 790 838 Verum
822 783 873 836 in
913 783 1048 838 hanc
1083 784 1240 840 etiam
1279 792 1544 849 nostram,
1573 790 1829 852 quantum
1873 793 2014 848 prte-

425 879 563 933 senti
599 878 879 948 quaestioni
914 879 1046 934 satis
1087 878 1256 934 visum
1287 885 1398 944 est,
1429 891 1597 948 pauca
1636 875 1759 929 inde
1791 871 2016 928 transfe-

424 969 589 1025 renda
622 971 911 1026 arbritatus
938 987 1076 1036 sum,
1105 987 1222 1043 qua:
1249 971 1544 1043 prudenter
1571 968 1806 1024 attende.
1839 968 2015 1036 Quen.

426 1072 529 1116 tum
551 1080 687 1130 vero,
717 1064 919 1135 inquit,
953 1065 1020 1117 ad
1057 1081 1260 1118 causam
1287 1063 1562 1132 infantium
1605 1061 1817 1130 pertinet
1844 1103 1859 1126 ,
1888 1074 2013 1130 quos

425 1151 597 1207 dixisti
625 1155 758 1208 intra
793 1155 1068 1209 secundum
1106 1154 1185 1210 vel
1217 1155 1418 1208 tertium
1453 1153 1586 1208 diem
1611 1169 1708 1222 quo
1748 1151 1856 1204 nati
1896 1157 2012 1204 sunt

424 1247 738 1314 constitutos,
759 1248 1005 1317 baptizari
1023 1264 1121 1300 non
1143 1257 1391 1318 Oportere,
1407 1255 1454 1300 et
1473 1243 1891 1299 considerandam
1910 1257 2016 1296 esse

425 1338 582 1408 legem
625 1339 1017 1392 circumcisiouis
1057 1339 1278 1407 antiqua:
1301 1379 1314 1402 ,
1347 1346 1402 1390 ut
1441 1338 1576 1389 intra
1613 1343 1843 1389 octavum
1881 1333 2012 1386 diem

423 1448 537 1485 etun
563 1433 647 1502 qui
676 1440 823 1485 natus
849 1442 922 1485 est
959 1430 1322 1500 baptizandum
1360 1439 1405 1483 et
1447 1426 1868 1497 sanctiﬁcandum
1912 1440 2013 1478 non

428 1534 671 1595 putares;
715 1522 861 1594 longe
902 1524 1043 1577 aliud
1088 1525 1141 1576 in
1178 1523 1388 1577 concilio
1431 1531 1602 1576 nostro
1635 1521 1796 1573 visum
1825 1525 1914 1571 est.
1944 1514 2015 1569 In

428 1617 525 1671 hoc
549 1617 682 1672 enim
707 1617 840 1687 quod
866 1627 919 1670 tu
946 1617 1158 1687 putabas
1201 1633 1305 1671 esse
1343 1615 1661 1687 faciendum,
1704 1628 1848 1666 nemo
1887 1623 2014 1662 con-

423 1710 614 1774 sensit;
642 1709 731 1763 sed
752 1710 968 1762 universi
996 1709 1162 1779 potius
1181 1708 1558 1779 judicavimus,
1594 1705 1720 1758 nulli
1754 1703 2014 1756 hominum

425 1810 546 1855 nato
584 1801 979 1855 misericordiam
1007 1799 1106 1854 Dei
1133 1808 1178 1854 et
1216 1801 1432 1871 gratiam
1470 1797 1838 1867 denegandam.
1875 1793 2014 1847 Nam

422 1909 543 1949 cum
561 1891 810 1947 Dominus
838 1894 891 1947 in
921 1893 1198 1963 Evangelia
1222 1908 1312 1945 suo
1343 1891 1498 1955 dicat,
1534 1908 1554 1941 ‹
1588 1889 1754 1944 Filius
1783 1887 2013 1943 hominis

432 2002 452 2036 ι
491 1999 597 2040 non
620 1986 767 2040 venit
793 1986 1000 2040 animas
1023 1984 1300 2038 hominum
1329 1982 1582 2053 perdere,
1608 1981 1704 2037 sed
1741 1981 1950 2035 salvare
1986 1996 2005 2031 ι

425 2076 580 2150 (Luc.
613 2093 692 2145 Ix,
715 2077 805 2150 56)
841 2097 853 2131 :
882 2087 1126 2148 quantum
1155 2077 1208 2130 in
1246 2075 1387 2130 nobis
1413 2082 1483 2129 est
1502 2116 1517 2140 ,
1550 2075 1593 2127 si
1621 2073 1733 2143 fieri
1759 2072 2010 2143 potuerit,

424 2170 570 2225 nulla
613 2172 785 2225 anima
829 2170 1084 2242 perdenda
1131 2179 1225 2224 est.
1278 2169 1596 2225 Advertisne
1647 2167 1774 2238 quid
1829 2167 2008 2233 dicat,

421 2260 868 2332 quemadmodum
901 2261 1114 2328 sentiat,
1143 2276 1250 2314 non
1278 2269 1480 2314 tantum
1503 2260 1671 2326 carni,
1699 2258 1796 2313 sed
1819 2257 2012 2313 animae

423 2370 635 2426 quoque
656 2354 872 2410 infantis
893 2354 1168 2410 exitiabile
1193 2369 1312 2409 esse
1336 2363 1495 2424 atque
1516 2351 1871 2418 mortiferum,
1897 2352 2013 2407 sine

422 2447 519 2504 illo
548 2449 564 2480 ί
594 2449 810 2503 salutari
851 2447 1197 2504 Sacramento
1235 2448 1387 2503 exire
1425 2449 1492 2502 de
1536 2447 1636 2501 hac
1675 2447 1821 2501 vita?
1859 2446 2014 2503 Unde

423 2541 470 2595 si
505 2540 616 2610 jam
661 2540 793 2594 nihil
833 2541 976 2595 aliud
1014 2540 1253 2606 diceret,
1284 2539 1583 2609 intelligere
1610 2547 1853 2594 nostrum
1881 2538 2010 2604 fuit,

418 2634 538 2689 sine
581 2644 798 2704 peccato
845 2634 1076 2689 animam
1127 2634 1301 2704 perire
1349 2648 1454 2687 non
1503 2647 1681 2703 posse.
1736 2632 1844 2688 Sed
1890 2633 2014 2688 vide

422 2729 586 2800 paulo
615 2737 738 2799 post
765 2728 1057 2784 defendens
1096 2727 1452 2783 innocentiam
1481 2726 1822 2796 parvulorum
1844 2767 1858 2790 ,
1885 2725 2013 2796 quid

422 2828 604 2877 tamen
631 2822 701 2877 de
726 2822 832 2876 illis
857 2823 1195 2892 apertissime
1221 2820 1469 2878 fateatur.
1501 2820 1752 2875 Cteterum
1776 2821 1821 2874 si
1849 2820 2014 2874 homi-

421 2930 547 2981 nes,
596 2913 800 2984 inquit,
842 2913 1087 2984 impedire
1119 2913 1315 2986 aliquid
1351 2911 1420 2967 ad
1455 2913 1856 2967 consecutionem
1893 2929 2012 2983 gra-

427 3007 514 3060 tia:
536 3015 733 3076 posset,
766 3006 928 3076 magis
966 3005 1167 3060 adultos
1207 3015 1253 3059 et
1295 3013 1552 3076 provectos
1576 3014 1622 3058 et
1647 3004 1863 3075 majores
1889 3012 2014 3059 natu

428 3107 630 3170 possent
650 3097 891 3166 impedire
923 3106 1127 3168 peccata
1147 3097 1401 3168 graviora.
1425 3095 1593 3150 Porro
1613 3103 1779 3150 autem
1797 3095 1842 3149 si
1864 3095 2014 3150 etiam

425 3189 736 3260 gravissimis
777 3189 1098 3243 delictoribus
1133 3199 1179 3242 et
1212 3190 1266 3243 in
1305 3189 1472 3243 Deum
1503 3189 1720 3242 multum
1748 3197 1866 3242 ante
1891 3205 2011 3259 pec-

425 3279 685 3346 cantibus,
724 3296 837 3334 cum
873 3290 1045 3351 postea
1073 3281 1414 3348 crediderint,
1457 3281 1664 3335 remissa
1693 3289 2012 3351 peccatorum

430 3373 585 3428 datur
628 3383 676 3429 et
720 3373 982 3445 Baptismo
1026 3377 1046 3407 ²
1091 3384 1238 3445 atque
1275 3375 1440 3446 gratia
1483 3391 1630 3428 nemo
1673 3373 1964 3444 prohibetur
1993 3390 2013 3429 :

423 3474 612 3537 quanto
654 3468 816 3538 magis
863 3467 1118 3539 prohiberi
1162 3484 1261 3520 non
1305 3465 1448 3521 debet
1475 3465 1648 3536 infans
1672 3506 1688 3532 ,
1729 3466 1813 3534 qui
1840 3481 2014 3520 recens

424 3566 574 3612 natus
599 3557 726 3612 nihil
756 3558 997 3629 peccavit,
1038 3557 1137 3611 nisi
1174 3556 1310 3626 quod
1334 3557 1609 3610 secundum
1635 3553 1803 3608 Adam
1829 3571 2008 3610 carna-

425 3651 540 3705 liter
576 3659 728 3705 natus
770 3649 1062 3721 contagium
1101 3650 1278 3702 mortis
1320 3649 1540 3719 antiqua:
1568 3647 1732 3718 prima
1758 3648 2014 3703 nativitate

424 3741 719 3796 contraxit?
748 3740 849 3806 Qui
892 3741 958 3795 ad
1005 3740 1265 3795 remissam
1303 3749 1621 3812 peccatorum
1668 3739 2015 3809 accipiendam

429 3833 524 3887 hoc
566 3834 678 3902 ipso
729 3833 930 3905 facilius
975 3832 996 3864 ³
1022 3833 1235 3899 accedit,
1267 3831 1402 3903 quod
1439 3831 1518 3886 illi
1556 3832 1880 3886 remittuntur
1911 3849 2014 3886 non

427 3928 638 3998 propria
657 3969 671 3991 ,
701 3927 790 3982 sed
816 3927 984 3980 aliena
1009 3935 1233 3996 peccata.
1551 3980 1553 3983 ,

503 4020 590 4074 il.
623 4018 784 4074 Vides
812 4028 1008 4089 quanta
1040 4019 1228 4074 fiducia
1269 4033 1336 4074 ex
1375 4019 1590 4090 antiqua
1629 4029 1684 4074 et
1722 4019 2015 4076 indubitata

432 4110 558 4166 ﬁdei
587 4111 769 4182 regula
797 4111 880 4165 vir
920 4120 1096 4165 tantus
1131 4111 1232 4165 ista
1266 4110 1545 4180 loquatur?
1570 4109 1671 4177 Qui
1702 4111 1817 4166 haec
1845 4111 2015 4167 docu-

432 4210 610 4258 menta
651 4202 949 4257 certissima
987 4201 1108 4256 ideo
1139 4201 1394 4271 protulit,
1443 4209 1502 4255 ut
1546 4201 1677 4257 illud
1719 4202 1862 4273 quod
1901 4213 2018 4258 erat

432 4294 716 4360 incertum,
742 4292 884 4348 unde
901 4293 1246 4348 consuluerat
1273 4293 1363 4348 ille
1387 4292 1472 4348 cui
1499 4293 1766 4361 rescribit,
1793 4301 1849 4349 et
1877 4293 2017 4350 unde

438 4388 650 4444 concilii
672 4387 948 4444 decretum
974 4387 1319 4442 constitutum
1341 4401 1463 4442 esse
1482 4385 1504 4418 ’⁵
1529 4395 1932 4454 commemorat,
1959 4397 2018 4442 ut

432 4482 640 4538 scilicet
673 4481 835 4538 etiam
870 4490 996 4537 ante
1030 4489 1277 4536 octavum
1318 4480 1461 4536 diem
1487 4495 1552 4535 ex
1592 4496 1698 4552 quo
1733 4481 1822 4537 die
1860 4491 2016 4536 natus

429 4582 576 4629 esset
597 4573 770 4628 infans
791 4617 804 4639 ,
836 4588 957 4629 eum
980 4613 996 4639 ,
1030 4574 1075 4627 si
1101 4572 1409 4637 alferretur,
1438 4572 1711 4642 baptizare
1735 4588 1893 4629 nemo
1917 4573 2016 4631 du-

428 4660 645 4731 bﬂaret,
673 4679 767 4735 per
794 4665 910 4718 haec
932 4664 1267 4718 firmamenta
1303 4666 1640 4736 probaretur.
1669 4665 1848 4736 Neque
1874 4668 2016 4722 enim

433 4756 538 4812 hoc
577 4765 704 4811 tunc
744 4757 897 4827 quasi
946 4772 1142 4811 novum
1186 4765 1279 4812 aut
1316 4759 1462 4828 quasi
1493 4757 1667 4828 aliqua
1697 4761 2012 4831 cujusquam

429 4848 853 4904 contradictione
879 4849 1166 4918 pulsatum,
1194 4849 1420 4904 concilio
1451 4852 1781 4908 statuebatur
1801 4869 1897 4909 seu
1926 4856 2018 4910 lir-

436 4941 717 5007 mabatur,
744 4940 884 5011 quod
911 4941 1149 4995 obstricti
1177 4941 1418 5012 originali
1449 4953 1666 5012 peccato
1707 4955 2017 5004 tenerentur

430 5033 661 5088 infantes
694 5051 706 5088 :
740 5034 834 5088 sed
858 5049 980 5089 cum
1007 5034 1119 5089 illic
1153 5035 1255 5090 alia
1283 5035 1304 5066 ⁸
1329 5038 1650 5096 consultatio
1675 5053 2009 5111 versaretur,

428 5133 487 5182 et
509 5125 914 5196 disceptaretur,
947 5137 1168 5198 propter
1198 5130 1366 5200 legem
1393 5132 1625 5188 carnalis
1653 5136 2016 5194 circumcisio-

431 5219 538 5285 nis,
573 5229 748 5274 utrum
779 5235 874 5275 eos
900 5229 953 5274 et
975 5229 1100 5276 ante
1128 5231 1370 5278 octavum
1393 5223 1532 5279 diem
1560 5225 1829 5297 baptizare
1857 5246 2012 5302 Opor-

435 5318 601 5378 teret;
627 5311 748 5368 ideo
777 5312 824 5368 ei
854 5313 944 5382 qui
972 5312 1072 5369 hoc
1099 5316 1343 5386 negabat,
1381 5333 1540 5374 nemo
1569 5324 1862 5390 consensit,
1891 5328 2014 5396 quia

497 5549 516 5622 ξ
541 5548 729 5622 έΙ-ἰςῃιοι
742 5555 874 5622 Mss,
1020 5551 1134 5603 ullo.

494 5613 518 5683 ξ
541 5611 691 5683 fiditi,
707 5618 752 5661 et
767 5626 798 5661 a
818 5613 1076 5677 Baptism.
1103 5623 1308 5683 st_Mss_.,
1331 5619 1660 5683 et_Baptismo.

497 5673 518 5748 ξ
542 5680 642 5748 έιι]ε
664 5681 737 5746 Er.
767 5682 816 5748 et
858 5673 984 5748 Mss,
1023 5673 1357 5748 accipiende
1375 5681 1426 5730 in
1447 5673 1534 5731 h'oc
1557 5682 1660 5745 ipso
1681 5683 1889 5746 facilius.

491 5733 846 5806 δεφηξθίθηείε
890 5733 1034 5806 “ius
1267 5741 1516 5806 decretum
1555 5733 2012 5804 cumsuam.

433 5792 520 5859 Alii
545 5794 766 5859 plerique
780 5807 906 5854 Mss.,
933 5799 1180 5852 decretum
1201 5792 1506 5855 consensisse.

495 5856 519 5890 ³
540 5864 636 5905 Am.
661 5856 713 5908 e't
743 5866 835 5923 Er.,
859 5861 961 5912 illa.

1777 5927 1810 5940 ,-

1059 391 1148 446 DE
1189 387 1650 445 PECCATORUM
1678 381 1955 441 MERlTlS
1994 380 2084 438 ΕΤ
2125 378 2553 442 REMISSIONE.
2597 382 2657 438 S.
2697 379 3068 440 AUGUSTINI

3609 383 3719 443 192

2122 493 2232 565 jam
2274 508 2381 549 non
2416 494 2803 551 consulendum
2834 511 2934 552 nec
2970 493 3377 568 disceptandum
3409 494 3464 564 ί,
3497 496 3594 554 sed
3620 497 3716 554 lirb

2130 601 2276 642 mum
2320 595 2633 658 certumque
2663 588 2985 657 habebatur,
3018 591 3252 646 animam
3291 589 3451 645 saluti
3493 599 3716 648 aeternae

2122 680 2414 751 perituram
2432 721 2447 746 ,
2477 681 2524 735 si
2553 681 2691 736 hanc
2718 681 2880 736 vitam
2910 685 3027 738 sine
3050 682 3190 738 illius
3217 681 3552 739 Sacramenti
3575 699 3712 739 con-

2123 773 2397 829 secutione
2423 772 2600 828 finiret
2633 792 2646 829 :
2673 773 2914 844 quamvis
2937 774 3004 829 ab
3024 783 3178 830 utero
3203 773 3558 830 recentissimi
3583 791 3712 846 par-

2122 862 2230 917 vuli
2269 863 2385 919 solo
2423 873 2574 919 reatu
2613 874 2797 920 essent
2834 866 3040 936 peccati
3082 865 3360 936 originalis
3403 867 3648 922 obstricti
3694 886 3708 922 :

2121 971 2289 1027 quare
2328 957 2434 1011 illis
2473 957 2574 1013 etsi
2616 958 2783 1013 multo
2813 958 3050 1026 facilior,
3082 957 3224 1030 quod
3250 958 3546 1014 alienorum
3568 1001 3582 1025 ,
3615 961 3712 1016 sed

2129 1056 2308 1104 tamen
2330 1057 2475 1104 esset
2495 1051 2797 1106 necessaria
2825 1052 3069 1107 remissio
3093 1060 3454 1122 peccatorum.
3478 1052 3573 1108 llis
3594 1068 3714 1108 cer-

2122 1142 2192 1196 tis
2229 1143 2313 1196 illa
2355 1142 2560 1198 incerta
2604 1143 2672 1199 de
2709 1153 2899 1199 octavo
2941 1144 3028 1200 die
3055 1147 3285 1216 quaestio
3310 1145 3567 1201 dissoluta
3597 1156 3712 1210 est,

2119 1244 2277 1305 atque
2307 1235 2357 1289 in
2385 1236 2613 1291 concilio
2634 1236 2952 1306 judicatum,
2978 1237 3179 1292 homini
3200 1249 3346 1303 nato,
3372 1253 3440 1293 ne
3466 1237 3521 1292 in
3549 1246 3714 1294 aeter-

2120 1341 2246 1380 num
2278 1335 2481 1396 pereat,
2516 1328 2660 1381 omni
2699 1327 2786 1383 die
2810 1327 3008 1383 debere
3037 1329 3276 1383 succurri
3305 1331 3326 1361 ⁸
3359 1345 3373 1382 :
3401 1343 3521 1382 cum
3549 1328 3712 1384 etiam

2119 1418 2188 1475 de
2214 1421 2324 1489 ipsa
2355 1420 2555 1475 carnali
2583 1421 2992 1476 circumcisione
3017 1422 3156 1476 ratio
3185 1421 3501 1477 redderetur
3519 1463 3534 1484 ,
3565 1420 3713 1492 quod

2119 1513 2307 1567 umbra
2342 1519 2490 1568 esset
2524 1511 2684 1567 futuri
2731 1531 2745 1568 :
2790 1528 2896 1567 non
2925 1528 3031 1583 quo
3059 1512 3080 1544 ³
3109 1513 3526 1584 intelligeremus
3545 1512 3712 1567 etiam

2118 1603 2446 1674 Baptismum
2493 1615 2684 1661 octavo
2729 1622 2797 1662 ex
2835 1621 2942 1676 quo
2978 1616 3136 1664 natus
3177 1615 3260 1662 est
3297 1606 3458 1661 homo
3483 1605 3570 1662 die
3593 1605 3713 1662 dari

2119 1705 2372 1765 Oporterc
2393 1739 2409 1762 ,
2439 1697 2533 1753 sed
2563 1712 2660 1752 nos
2690 1697 2743 1751 in
2773 1696 2970 1752 Christi
2997 1699 3393 1754 resurrectione
3421 1697 3716 1768 spirituali-

2120 1796 2207 1844 ter
2230 1788 2579 1855 circumcidi,
2607 1791 2698 1860 qui
2725 1791 2884 1845 tertio
2924 1791 3137 1859 quidem
3180 1800 3300 1861 post
3329 1791 3470 1847 diem
3500 1793 3711 1861 passio-

2117 1883 2222 1949 nis,
2249 1883 2301 1938 in
2329 1883 2517 1938 diebus
2543 1893 2723 1939 tamen
2751 1882 3228 1950 hebdomadarum,
3251 1885 3446 1955 quibus
3467 1894 3712 1958 tempora

2117 1977 2522 2046 provolvuntur,
2554 1984 2774 2043 octavo,
2807 1976 2910 2032 hoc
2935 1985 3052 2044 est,
3085 1987 3207 2048 post
3229 1978 3508 2036 sabbatum
3534 1981 3714 2052 primo

2116 2067 2204 2123 die
2230 2083 2260 2122 a
2288 2069 2510 2124 mortuis
2537 2069 2855 2126 resurrexit.

2118 2195 2125 2201 -
2188 2159 2414 2216 CAPUT
2454 2159 2542 2215 Vl.
2571 2187 2640 2201 --
2672 2161 2759 2216 12.
2795 2159 3080 2219 Consensus
3106 2163 3330 2219 omnium
3369 2165 3505 2221 circa
3531 2182 3716 2236 pecca-

2117 2261 2220 2306 tum
2250 2253 2515 2322 originale.
2570 2254 2634 2309 Et
2676 2270 2819 2310 nunc
2863 2257 3046 2313 nescio
3070 2256 3222 2328 cujus
3246 2273 3399 2313 novae
3423 2257 3448 2292 ⁸
3470 2259 3716 2330 disputa-

2117 2345 2279 2399 tionis
2317 2345 2536 2402 audacia
2579 2346 2793 2416 quidam
2823 2347 2978 2404 nobis
3025 2348 3202 2405 facere
3226 2359 3488 2406 conantur
3530 2351 3714 2408 incer-

2118 2447 2264 2504 tum,
2296 2438 2438 2508 quod
2481 2440 2714 2509 majores
2761 2443 2930 2497 nostri
2973 2443 3042 2497 ad
3087 2443 3424 2500 dissolvenda
3464 2446 3712 2516 quaedam

2116 2545 2236 2599 quae
2263 2531 2533 2586 nonnullis
2573 2531 2889 2588 videbantur
2915 2534 3152 2601 incerta,
3192 2544 3442 2606 tanquam
3472 2538 3717 2592 certissi-

2115 2637 2260 2676 mum
2294 2622 2653 2692 proferebant.
2686 2625 2912 2694 Quando
2939 2627 3084 2681 enim
3125 2627 3372 2696 primitus
3397 2628 3499 2684 hoc
3526 2629 3716 2700 dispu-

2117 2713 2218 2768 tari
2265 2715 2516 2782 cmperit,
2566 2718 2770 2772 nescio.
2804 2718 2934 2773 Illud
2981 2727 3154 2774 tamen
3200 2721 3347 2789 scio,
3375 2721 3518 2792 quod
3546 2723 3716 2778 etiam

2115 2813 2334 2860 sanctus
2361 2805 2748 2879 Hieronymus,
2794 2810 2883 2880 qui
2932 2810 3196 2882 hodieque
3221 2813 3273 2867 in
3317 2811 3508 2870 litteris
3545 2816 3718 2872 eccle-

2116 2895 2347 2951 siasticis
2389 2897 2411 2928 ⁵
2455 2905 2564 2952 tam
2612 2897 2922 2955 excellentis
2965 2901 3224 2958 doctrina:
3250 2903 3392 2959 fama
3434 2919 3495 2959 ac
3520 2905 3716 2962 labore

2116 2996 2388 3052 versatur,
2423 2988 2490 3043 ad
2518 2989 2775 3060 quasdam
2815 2991 3102 3048 solvendas
3133 2993 3187 3048 in
3232 2993 3344 3050 suis
3386 2995 3532 3051 libris
3554 3011 3713 3066 qua:-

2115 3080 2341 3148 stiones,
2373 3081 2533 3136 etiam
2561 3083 2665 3139 hoc
2701 3085 3059 3142 certissimum
3085 3087 3302 3144 adhibet
3323 3089 3437 3144 sine
3461 3089 3566 3144 ulla
3593 3091 3708 3146 dis-

2115 3173 2420 3244 ceptatione
2465 3174 2867 3232 documentum.
2914 3178 3046 3235 Nam
3071 3181 3125 3235 in
3166 3196 3232 3236 eo
3261 3182 3401 3252 quod
3429 3183 3482 3238 in
3516 3183 3714 3242 .lonam

2117 3263 2436 3335 prophetam
2483 3268 2731 3336 scripsit,
2781 3286 2901 3325 cum
2931 3270 2999 3326 ad
3047 3287 3170 3328 eum
3208 3275 3443 3332 venisset
3487 3276 3662 3333 locum
3693 3323 3710 3347 ,

2115 3359 2207 3415 ubi
2233 3371 2724 3418 commemorantur
2762 3364 2923 3420 etiam
2953 3368 3158 3435 parvuli
3184 3367 3390 3438 jejunio
3417 3372 3659 3442 castigati
3696 3391 3712 3428 :

2117 3450 2320 3524 Major,
2351 3453 2548 3524 inquit,
2576 3464 2698 3510 aztas
2725 3457 2928 3527 incipit,
2960 3467 3007 3512 et
3036 3475 3192 3530 usque
3211 3460 3280 3514 ad
3308 3462 3554 3516 minorem
3587 3480 3715 3534 per-

2117 3546 2270 3599 venit.
2314 3545 2508 3601 Nullus
2535 3551 2670 3602 enim
2698 3549 2884 3620 absque
2921 3560 3156 3621 peccato,
3200 3570 3291 3608 nec
3319 3557 3362 3608 si
3397 3557 3547 3610 unius
3589 3557 3716 3628 qui-

2118 3637 2233 3691 dem
2271 3637 2374 3692 diei
2411 3640 2562 3710 fuerit
2590 3640 2689 3694 vita
2733 3643 2874 3711 ejus,
2918 3652 2965 3697 et
3004 3645 3340 3700 numerabiles
3377 3649 3502 3702 anni
3536 3647 3557 3678 ⁸
3595 3650 3718 3704 vita:

2118 3730 2260 3785 illius
2301 3730 2420 3803 (Job
2453 3749 2577 3800 xlv,
2625 3734 2702 3803 5).
2750 3734 2812 3789 Si
2849 3736 2982 3789 enim
3023 3737 3185 3792 stella:
3213 3739 3418 3794 munda:
3445 3757 3547 3795 non
3587 3753 3716 3798 sunt

2118 3821 2172 3874 in
2203 3832 2469 3892 conspectu
2508 3821 2634 3890 Dei,
2665 3833 2855 3894 quanto
2884 3826 3045 3896 magis
3069 3829 3248 3882 vermis
3284 3840 3331 3883 et
3361 3833 3570 3900 putredo
3593 3832 3709 3902 (Id.

2118 3926 2259 3977 xxv,
2289 3913 2348 3978 5,
2384 3913 2466 3983 6),
2496 3923 2541 3967 et
2571 3915 2606 3967 ii
2626 3915 2714 3986 qui
2738 3927 2940 3984 peccato
2961 3916 3266 3984 o/fendentis
3285 3921 3448 3976 Adam
3479 3933 3716 3980 tenentur

2119 4004 2323 4058 obnoxii
2353 4003 2590 4077 (Hieron.
2641 4024 2792 4078 super
2831 4025 2946 4080 cap.
2977 4011 3013 4066 3
3035 4011 3244 4085 J0me)?
3271 4014 3425 4071 Hunc
3471 4016 3719 4075 doctissi-

2119 4112 2265 4151 mum
2313 4097 2486 4153 virum
2531 4098 2576 4154 si
2627 4099 2778 4156 facile
2826 4101 3156 4175 interrogare
3196 4121 3501 4176 possemus,
3547 4127 3714 4182 quam

2120 4188 2318 4243 multos
2380 4190 2658 4260 utriusque
2720 4192 2916 4262 lingua:
2973 4195 3272 4252 divinarum
3313 4198 3714 4271 Scripturarum

2122 4290 2437 4337 tractatores
2464 4293 2519 4338 et
2543 4283 2956 4340 Christianarum
2985 4287 3402 4357 disputationum
3421 4292 3717 4362 scriptores

2119 4385 2600 4442 commemoraret,
2629 4375 2718 4444 qui
2744 4392 2848 4431 non
2880 4378 3020 4433 aliud
3041 4421 3057 4446 ,
3083 4394 3149 4435 ex
3169 4397 3275 4450 quo
3297 4382 3488 4437 Christi
3519 4384 3717 4442 Eccle—

2121 4464 2199 4518 sia
2229 4471 2312 4519 est
2349 4467 2636 4520 constituta
2659 4510 2672 4533 ,
2705 4479 3019 4535 senserunt,
3058 4486 3162 4526 non
3191 4473 3334 4528 aliud
3361 4491 3392 4530 a
3420 4477 3717 4546 majoribus

2123 4565 2477 4626 acceperunt,
2511 4573 2616 4612 non
2639 4558 2781 4614 aliud
2811 4563 3037 4629 posteris
3059 4563 3426 4620 tradiderunt?
3445 4567 3558 4637 Ego
3585 4572 3720 4640 qui-

2121 4646 2244 4702 dem
2284 4648 2527 4718 quamvis
2566 4649 2724 4719 longe
2760 4653 3010 4720 pauciora
3052 4655 3308 4725 legerim,
3341 4672 3443 4712 non
3490 4663 3720 4719 memini

2121 4753 2210 4794 me
2242 4739 2386 4794 aliud
2412 4739 2679 4797 audivisse
2701 4757 2733 4797 a
2761 4742 3078 4802 Christianis
3097 4787 3111 4809 ,
3139 4749 3228 4816 qui
3257 4759 3540 4822 utrumque
3563 4755 3720 4809 acci-

2120 4832 2275 4902 piunt
2303 4831 2701 4888 Testamentum
2721 4876 2737 4902 ,
2783 4852 2888 4891 non
2916 4839 3089 4893 solum
3129 4840 3182 4893 in
3227 4843 3489 4900 catholica
3520 4845 3722 4904 Eccle-

2122 4927 2232 4990 sia,
2265 4942 2450 4981 verum
2476 4928 2636 4982 etiam
2683 4930 2735 4984 in
2776 4933 3013 5001 qualibet
3054 4933 3246 4990 hmresi
3292 4938 3378 4992 vel
3423 4941 3723 5002 schismate

2121 5018 2456 5080 constitutis;
2488 5034 2591 5074 non
2624 5023 2840 5076 memini
2872 5039 2956 5078 me
2983 5024 3127 5080 aliud
3173 5027 3364 5097 legisse
3405 5031 3544 5100 apud
3575 5048 3674 5089 eos
3700 5078 3720 5105 ,

2121 5126 2256 5181 quos
2281 5111 2345 5166 de
2390 5111 2472 5167 his
2499 5113 2658 5170 rebus
2699 5115 2900 5186 aliquid
2948 5118 3242 5176 scribentes
3283 5123 3464 5194 legere
3508 5128 3658 5196 potui
3699 5172 3720 5201 ,

2122 5267 2512 5392 ριᾶὢπῐᾶιῗῖἰωῐῖονη
2540 5281 2644 5330 pro,
2667 5282 2754 5320 nec
2779 5268 3172 5337 disceptandum,
3198 5275 3479 5342 legebatur,
3503 5292 3592 5332 nec
3610 5281 3727 5336 dis-

2184 5391 2537 5472 ’νξξξίρεέὶείῂς
2556 5407 2871 5472 succurrere.
2890 5404 2944 5448 At
2966 5411 3137 5472 omnes
3156 5407 3264 5472 uss.
3299 5402 3460 5472 pallia
3486 5442 3501 5468 ,
3533 5407 3725 5472 Belgici

2121 5453 2423 5562 'e‘tarzaticani,
2450 5453 2622 5505 debere
2639 5469 2656 5517 ;
2681 5461 2874 5508 tametsi
2892 5472 2958 5509 et
2980 5459 3076 5509 illis
3091 5464 3283 5524 quidam
3299 5453 3502 5532 habent;
3521 5453 3728 5522 53:23};

2158 5576 2216 5686 αἳ)
2231 5576 2346 5626 Editi
2363 5613 2377 5637 ,
2411 5590 2506 5627 non
2538 5580 2682 5641 quod.
2708 5583 2991 5634 Concinnius
3011 5587 3381 5649 Cygirannensis
3407 5593 3582 5655 codex,
3620 5609 3725 5649 non

2124 5649 2451 5767 qugcallicani
2475 5704 2691 5767 quinque
2716 5712 2845 5767 Mss,
2868 5720 3005 5760 nova.

2185 5763 2205 5833 ξ
2232 5769 2280 5833 In
2316 5770 2418 5833 Mss.
2441 5798 2454 5822 ,
2488 5763 2573 5833 qui
2611 5763 2853 5829 hodieque
2884 5769 3009 5822 inter
3042 5771 3227 5826 litteras
3248 5778 3618 5833 ecclesiasticas.

2187 5823 2333 5898 “aut.
2377 5831 2461 5898 ἢν.¹
2495 5823 2921 5898 ρξιιιιυδιιιιᾳξῖξιεεη
2957 5842 3004 5898 et
3031 5823 3723 5898 immnéruiiéé'ﬁa'i'ém-

2125 5891 2269 5948 ntpte
2292 5899 2397 5948 pro,
2417 5893 2462 5938 et
2490 5886 2857 5944 mnumerabiles
2879 5886 3013 5946 anni.
