  <div class='ocr_page' id='page_1' title='image "/cluster/home/n/w/nwhite01/storage/ocr_20150623/44/hvd.32044015706336/102.png"; bbox 0 0 3996 6478; ppageno 0'>
   <div class='ocr_carea' id='block_1_1' title="bbox 869 432 981 466">
    <p class='ocr_par' dir='ltr' id='par_1_1' title="bbox 869 432 981 466">
     <span class='ocr_line' id='line_1_1' title="bbox 869 432 981 466; baseline -0.009 -17"><span class='ocrx_word' id='word_1_1' title='bbox 869 432 879 466; x_wconf 77' lang='lat'><strong>,</strong></span> <span class='ocrx_word' id='word_1_2' title='bbox 978 443 981 448; x_wconf 88' lang='lat'><strong>.</strong></span> 
     </span>
    </p>
   </div>
   <div class='ocr_carea' id='block_1_2' title="bbox 266 507 370 566">
    <p class='ocr_par' dir='ltr' id='par_1_2' title="bbox 266 507 370 566">
     <span class='ocr_line' id='line_1_2' title="bbox 266 507 370 566; baseline -0.019 0"><span class='ocrx_word' id='word_1_3' title='bbox 266 507 370 566; x_wconf 77' lang='lat' dir='ltr'><strong>I95</strong></span> 
     </span>
    </p>
   </div>
   <div class='ocr_carea' id='block_1_3' title="bbox 262 599 1862 694">
    <p class='ocr_par' dir='ltr' id='par_1_3' title="bbox 262 599 1862 694">
     <span class='ocr_line' id='line_1_3' title="bbox 262 599 1862 694; baseline -0.016 -16"><span class='ocrx_word' id='word_1_4' title='bbox 262 623 353 694; x_wconf 86' lang='lat' dir='ltr'><strong>qui</strong></span> <span class='ocrx_word' id='word_1_5' title='bbox 404 619 714 689; x_wconf 85' lang='lat' dir='ltr'><strong>Scripturas</strong></span> <span class='ocrx_word' id='word_1_6' title='bbox 749 613 1035 672; x_wconf 73' lang='lat' dir='ltr'><strong>canonicas</strong></span> <span class='ocrx_word' id='word_1_7' title='bbox 1084 612 1470 680; x_wconf 90' lang='lat' dir='ltr'><strong>sequerentur,</strong></span> <span class='ocrx_word' id='word_1_8' title='bbox 1515 601 1598 658; x_wconf 98' lang='lat' dir='ltr'><strong>vel</strong></span> <span class='ocrx_word' id='word_1_9' title='bbox 1622 599 1773 672; x_wconf 85' lang='lat' dir='ltr'><strong>sequi</strong></span> <span class='ocrx_word' id='word_1_10' title='bbox 1802 611 1862 654; x_wconf 90' lang='lat' dir='ltr'><strong>se</strong></span> 
     </span>
    </p>
   </div>
   <div class='ocr_carea' id='block_1_4' title="bbox 263 694 1864 780">
    <p class='ocr_par' dir='ltr' id='par_1_4' title="bbox 263 694 1864 780">
     <span class='ocr_line' id='line_1_4' title="bbox 263 694 1864 780; baseline -0.014 -10"><span class='ocrx_word' id='word_1_11' title='bbox 263 713 583 780; x_wconf 86' lang='lat' dir='ltr'><strong>crederent,</strong></span> <span class='ocrx_word' id='word_1_12' title='bbox 613 709 832 766; x_wconf 87' lang='lat' dir='ltr'><strong>credive</strong></span> <span class='ocrx_word' id='word_1_13' title='bbox 855 704 1167 762; x_wconf 81' lang='lat' dir='ltr'><strong>voluissent.</strong></span> <span class='ocrx_word' id='word_1_14' title='bbox 1194 700 1350 758; x_wconf 87' lang='lat' dir='ltr'><strong>Unde</strong></span> <span class='ocrx_word' id='word_1_15' title='bbox 1385 696 1540 754; x_wconf 91' lang='lat' dir='ltr'><strong>nobis</strong></span> <span class='ocrx_word' id='word_1_16' title='bbox 1571 694 1672 750; x_wconf 91' lang='lat' dir='ltr'><strong>hoc</strong></span> <span class='ocrx_word' id='word_1_17' title='bbox 1699 708 1864 764; x_wconf 81' lang='lat' dir='ltr'><strong>nego-</strong></span> 
     </span>
    </p>
   </div>
   <div class='ocr_carea' id='block_1_5' title="bbox 262 793 1862 878">
    <p class='ocr_par' dir='ltr' id='par_1_5' title="bbox 262 793 1862 878">
     <span class='ocr_line' id='line_1_5' title="bbox 262 793 1862 878; baseline -0.016 -13"><span class='ocrx_word' id='word_1_18' title='bbox 262 813 398 866; x_wconf 89' lang='lat' dir='ltr'><strong>tium</strong></span> <span class='ocrx_word' id='word_1_19' title='bbox 445 815 676 878; x_wconf 87' lang='lat' dir='ltr'><strong>repente</strong></span> <span class='ocrx_word' id='word_1_20' title='bbox 718 801 1001 859; x_wconf 88' lang='lat' dir='ltr'><strong>emerserit</strong></span> <span class='ocrx_word' id='word_1_21' title='bbox 1042 800 1242 854; x_wconf 87' lang='lat' dir='ltr'><strong>nescio.</strong></span> <span class='ocrx_word' id='word_1_22' title='bbox 1285 793 1418 849; x_wconf 87' lang='lat' dir='ltr'><strong>Nam</strong></span> <span class='ocrx_word' id='word_1_23' title='bbox 1461 797 1585 846; x_wconf 91' lang='lat' dir='ltr'><strong>ante</strong></span> <span class='ocrx_word' id='word_1_24' title='bbox 1638 801 1862 860; x_wconf 89' lang='lat' dir='ltr'><strong>parvum</strong></span> 
     </span>
    </p>
   </div>
   <div class='ocr_carea' id='block_1_6' title="bbox 265 879 1858 973">
    <p class='ocr_par' dir='ltr' id='par_1_6' title="bbox 265 879 1858 973">
     <span class='ocr_line' id='line_1_6' title="bbox 265 879 1858 973; baseline -0.014 -15"><span class='ocrx_word' id='word_1_25' title='bbox 265 915 484 973; x_wconf 82' lang='lat' dir='ltr'><strong>tempus</strong></span> <span class='ocrx_word' id='word_1_26' title='bbox 515 898 594 972; x_wconf 89' lang='lat' dir='ltr'><strong>(a)</strong></span> <span class='ocrx_word' id='word_1_27' title='bbox 639 914 673 953; x_wconf 86' lang='lat' dir='ltr'><strong>a</strong></span> <span class='ocrx_word' id='word_1_28' title='bbox 713 894 1032 968; x_wconf 86' lang='lat' dir='ltr'><strong>quibusdam</strong></span> <span class='ocrx_word' id='word_1_29' title='bbox 1062 888 1369 946; x_wconf 88' lang='lat' dir='ltr'><strong>transitorie</strong></span> <span class='ocrx_word' id='word_1_30' title='bbox 1411 879 1858 955; x_wconf 87' lang='lat' dir='ltr'><strong>colloquentibus,</strong></span> 
     </span>
    </p>
   </div>
   <div class='ocr_carea' id='block_1_7' title="bbox 262 972 1864 1060">
    <p class='ocr_par' dir='ltr' id='par_1_7' title="bbox 262 972 1864 1060">
     <span class='ocr_line' id='line_1_7' title="bbox 262 972 1864 1060; baseline -0.015 -9"><span class='ocrx_word' id='word_1_31' title='bbox 262 997 464 1053; x_wconf 80' lang='lat' dir='ltr'><strong>cursim</strong></span> <span class='ocrx_word' id='word_1_32' title='bbox 508 993 641 1048; x_wconf 90' lang='lat' dir='ltr'><strong>mihi</strong></span> <span class='ocrx_word' id='word_1_33' title='bbox 689 1005 847 1046; x_wconf 86' lang='lat' dir='ltr'><strong>aures</strong></span> <span class='ocrx_word' id='word_1_34' title='bbox 894 986 1194 1060; x_wconf 71' lang='lat' dir='ltr'><strong>perstricta:</strong></span> <span class='ocrx_word' id='word_1_35' title='bbox 1223 993 1381 1049; x_wconf 90' lang='lat' dir='ltr'><strong>sunt,</strong></span> <span class='ocrx_word' id='word_1_36' title='bbox 1423 995 1544 1034; x_wconf 91' lang='lat' dir='ltr'><strong>cum</strong></span> <span class='ocrx_word' id='word_1_37' title='bbox 1589 976 1698 1032; x_wconf 93' lang='lat' dir='ltr'><strong>illic</strong></span> <span class='ocrx_word' id='word_1_38' title='bbox 1722 972 1864 1044; x_wconf 91' lang='lat' dir='ltr'><strong>apud</strong></span> 
     </span>
    </p>
   </div>
   <div class='ocr_carea' id='block_1_8' title="bbox 259 1065 1861 1158">
    <p class='ocr_par' dir='ltr' id='par_1_8' title="bbox 259 1065 1861 1158">
     <span class='ocr_line' id='line_1_8' title="bbox 259 1065 1861 1158; baseline -0.017 -13"><span class='ocrx_word' id='word_1_39' title='bbox 259 1087 646 1158; x_wconf 80' lang='lat' dir='ltr'><strong>Carthaginem</strong></span> <span class='ocrx_word' id='word_1_40' title='bbox 684 1097 956 1148; x_wconf 84' lang='lat' dir='ltr'><strong>essemus,</strong></span> <span class='ocrx_word' id='word_1_41' title='bbox 999 1095 1100 1133; x_wconf 90' lang='lat' dir='ltr'><strong>non</strong></span> <span class='ocrx_word' id='word_1_42' title='bbox 1145 1075 1259 1130; x_wconf 89' lang='lat' dir='ltr'><strong>ideo</strong></span> <span class='ocrx_word' id='word_1_43' title='bbox 1302 1070 1541 1145; x_wconf 85' lang='lat' dir='ltr'><strong>parvulos</strong></span> <span class='ocrx_word' id='word_1_44' title='bbox 1583 1065 1861 1140; x_wconf 74' lang='lat' dir='ltr'><strong>baptizari,</strong></span> 
     </span>
    </p>
   </div>
   <div class='ocr_carea' id='block_1_9' title="bbox 263 1157 1862 1242">
    <p class='ocr_par' dir='ltr' id='par_1_9' title="bbox 263 1157 1862 1242">
     <span class='ocr_line' id='line_1_9' title="bbox 263 1157 1862 1242; baseline -0.017 -6"><span class='ocrx_word' id='word_1_45' title='bbox 263 1193 313 1236; x_wconf 84' lang='lat' dir='ltr'><strong>ut</strong></span> <span class='ocrx_word' id='word_1_46' title='bbox 353 1157 706 1236; x_wconf 84' lang='lat' dir='ltr'><strong>remissionem</strong></span> <span class='ocrx_word' id='word_1_47' title='bbox 741 1174 996 1242; x_wconf 74' lang='lat' dir='ltr'><strong>accipiant</strong></span> <span class='ocrx_word' id='word_1_48' title='bbox 1042 1176 1392 1242; x_wconf 88' lang='lat' dir='ltr'><strong>peccatorum,</strong></span> <span class='ocrx_word' id='word_1_49' title='bbox 1440 1162 1528 1218; x_wconf 86' lang='lat' dir='ltr'><strong>sed</strong></span> <span class='ocrx_word' id='word_1_50' title='bbox 1552 1170 1602 1215; x_wconf 89' lang='lat' dir='ltr'><strong>ut</strong></span> <span class='ocrx_word' id='word_1_51' title='bbox 1630 1157 1862 1227; x_wconf 83' lang='lat' dir='ltr'><strong>sancti/i-</strong></span> 
     </span>
    </p>
   </div>
   <div class='ocr_carea' id='block_1_10' title="bbox 262 1254 1866 1337">
    <p class='ocr_par' dir='ltr' id='par_1_10' title="bbox 262 1254 1866 1337">
     <span class='ocr_line' id='line_1_10' title="bbox 262 1254 1866 1337; baseline -0.017 -5"><span class='ocrx_word' id='word_1_52' title='bbox 262 1286 440 1331; x_wconf 81' lang='lat' dir='ltr'><strong>centur</strong></span> <span class='ocrx_word' id='word_1_53' title='bbox 467 1275 525 1327; x_wconf 86' lang='lat' dir='ltr'><strong>in</strong></span> <span class='ocrx_word' id='word_1_54' title='bbox 549 1271 775 1328; x_wconf 77' lang='lat' dir='ltr'><strong>Christo.</strong></span> <span class='ocrx_word' id='word_1_55' title='bbox 804 1267 918 1337; x_wconf 86' lang='lat' dir='ltr'><strong>Qua</strong></span> <span class='ocrx_word' id='word_1_56' title='bbox 942 1265 1176 1320; x_wconf 84' lang='lat' dir='ltr'><strong>novitate</strong></span> <span class='ocrx_word' id='word_1_57' title='bbox 1202 1268 1475 1333; x_wconf 85' lang='lat' dir='ltr'><strong>permotus</strong></span> <span class='ocrx_word' id='word_1_58' title='bbox 1493 1297 1510 1325; x_wconf 93' lang='lat'><strong>,</strong></span> <span class='ocrx_word' id='word_1_59' title='bbox 1537 1264 1591 1310; x_wconf 88' lang='lat' dir='ltr'><strong>et</strong></span> <span class='ocrx_word' id='word_1_60' title='bbox 1617 1254 1740 1326; x_wconf 85' lang='lat' dir='ltr'><strong>quia</strong></span> <span class='ocrx_word' id='word_1_61' title='bbox 1764 1267 1866 1322; x_wconf 88' lang='lat' dir='ltr'><strong>op-</strong></span> 
     </span>
    </p>
   </div>
   <div class='ocr_carea' id='block_1_11' title="bbox 267 1353 1865 1441">
    <p class='ocr_par' dir='ltr' id='par_1_11' title="bbox 267 1353 1865 1441">
     <span class='ocr_line' id='line_1_11' title="bbox 267 1353 1865 1441; baseline -0.016 -16"><span class='ocrx_word' id='word_1_62' title='bbox 267 1381 559 1441; x_wconf 87' lang='lat' dir='ltr'><strong>portunum</strong></span> <span class='ocrx_word' id='word_1_63' title='bbox 588 1380 699 1420; x_wconf 90' lang='lat' dir='ltr'><strong>non</strong></span> <span class='ocrx_word' id='word_1_64' title='bbox 732 1362 832 1418; x_wconf 88' lang='lat' dir='ltr'><strong>fuit</strong></span> <span class='ocrx_word' id='word_1_65' title='bbox 852 1370 910 1416; x_wconf 94' lang='lat' dir='ltr'><strong>ut</strong></span> <span class='ocrx_word' id='word_1_66' title='bbox 935 1368 1122 1415; x_wconf 90' lang='lat' dir='ltr'><strong>contra</strong></span> <span class='ocrx_word' id='word_1_67' title='bbox 1150 1354 1347 1425; x_wconf 83' lang='lat' dir='ltr'><strong>aliquid</strong></span> <span class='ocrx_word' id='word_1_68' title='bbox 1378 1353 1643 1416; x_wconf 86' lang='lat' dir='ltr'><strong>dicerem,</strong></span> <span class='ocrx_word' id='word_1_69' title='bbox 1676 1357 1728 1403; x_wconf 90' lang='lat' dir='ltr'><strong>et</strong></span> <span class='ocrx_word' id='word_1_70' title='bbox 1757 1361 1865 1402; x_wconf 92' lang='lat' dir='ltr'><strong>non</strong></span> 
     </span>
    </p>
   </div>
   <div class='ocr_carea' id='block_1_12' title="bbox 267 1440 1867 1522">
    <p class='ocr_par' dir='ltr' id='par_1_12' title="bbox 267 1440 1867 1522">
     <span class='ocr_line' id='line_1_12' title="bbox 267 1440 1867 1522; baseline -0.013 -5"><span class='ocrx_word' id='word_1_71' title='bbox 267 1463 397 1517; x_wconf 89' lang='lat' dir='ltr'><strong>tales</strong></span> <span class='ocrx_word' id='word_1_72' title='bbox 440 1459 694 1514; x_wconf 87' lang='lat' dir='ltr'><strong>homines</strong></span> <span class='ocrx_word' id='word_1_73' title='bbox 725 1462 879 1511; x_wconf 91' lang='lat' dir='ltr'><strong>erant</strong></span> <span class='ocrx_word' id='word_1_74' title='bbox 925 1452 995 1508; x_wconf 91' lang='lat' dir='ltr'><strong>de</strong></span> <span class='ocrx_word' id='word_1_75' title='bbox 1041 1463 1270 1522; x_wconf 91' lang='lat' dir='ltr'><strong>quorum</strong></span> <span class='ocrx_word' id='word_1_76' title='bbox 1321 1460 1497 1502; x_wconf 89' lang='lat' dir='ltr'><strong>essem</strong></span> <span class='ocrx_word' id='word_1_77' title='bbox 1553 1440 1867 1497; x_wconf 83' lang='lat' dir='ltr'><strong>auctoritate</strong></span> 
     </span>
    </p>
   </div>
   <div class='ocr_carea' id='block_1_13' title="bbox 267 1522 1865 1620">
    <p class='ocr_par' dir='ltr' id='par_1_13' title="bbox 267 1522 1865 1620">
     <span class='ocr_line' id='line_1_13' title="bbox 267 1522 1865 1620; baseline -0.016 -10"><span class='ocrx_word' id='word_1_78' title='bbox 267 1555 532 1611; x_wconf 81' lang='lat' dir='ltr'><strong>sollicitus</strong></span> <span class='ocrx_word' id='word_1_79' title='bbox 551 1595 567 1620; x_wconf 93' lang='lat'><strong>,</strong></span> <span class='ocrx_word' id='word_1_80' title='bbox 596 1551 752 1606; x_wconf 84' lang='lat' dir='ltr'><strong>facile</strong></span> <span class='ocrx_word' id='word_1_81' title='bbox 790 1547 892 1604; x_wconf 87' lang='lat' dir='ltr'><strong>hoc</strong></span> <span class='ocrx_word' id='word_1_82' title='bbox 927 1546 980 1600; x_wconf 91' lang='lat' dir='ltr'><strong>in</strong></span> <span class='ocrx_word' id='word_1_83' title='bbox 1009 1541 1291 1599; x_wconf 87' lang='lat' dir='ltr'><strong>transactis</strong></span> <span class='ocrx_word' id='word_1_84' title='bbox 1336 1549 1496 1609; x_wconf 88' lang='lat' dir='ltr'><strong>atque</strong></span> <span class='ocrx_word' id='word_1_85' title='bbox 1523 1534 1739 1591; x_wconf 86' lang='lat' dir='ltr'><strong>abolitis</strong></span> <span class='ocrx_word' id='word_1_86' title='bbox 1768 1522 1865 1586; x_wconf 75' lang='lat' dir='ltr'><strong>lia-</strong></span> 
     </span>
    </p>
   </div>
   <div class='ocr_carea' id='block_1_14' title="bbox 269 1627 1864 1704">
    <p class='ocr_par' dir='ltr' id='par_1_14' title="bbox 269 1627 1864 1704">
     <span class='ocr_line' id='line_1_14' title="bbox 269 1627 1864 1704; baseline -0.014 -1"><span class='ocrx_word' id='word_1_87' title='bbox 269 1649 375 1703; x_wconf 87' lang='lat' dir='ltr'><strong>bui.</strong></span> <span class='ocrx_word' id='word_1_88' title='bbox 400 1647 470 1702; x_wconf 88' lang='lat' dir='ltr'><strong>Et</strong></span> <span class='ocrx_word' id='word_1_89' title='bbox 499 1659 632 1701; x_wconf 89' lang='lat' dir='ltr'><strong>ecce</strong></span> <span class='ocrx_word' id='word_1_90' title='bbox 656 1651 842 1700; x_wconf 89' lang='lat' dir='ltr'><strong>contra</strong></span> <span class='ocrx_word' id='word_1_91' title='bbox 869 1638 1162 1695; x_wconf 88' lang='lat' dir='ltr'><strong>Ecclesiam</strong></span> <span class='ocrx_word' id='word_1_92' title='bbox 1186 1637 1202 1666; x_wconf 79' lang='grc'>¹</span> <span class='ocrx_word' id='word_1_93' title='bbox 1223 1633 1333 1704; x_wconf 86' lang='lat' dir='ltr'><strong>jam</strong></span> <span class='ocrx_word' id='word_1_94' title='bbox 1359 1629 1533 1686; x_wconf 87' lang='lat' dir='ltr'><strong>studio</strong></span> <span class='ocrx_word' id='word_1_95' title='bbox 1557 1627 1864 1682; x_wconf 85' lang='lat' dir='ltr'><strong>ﬂammante</strong></span> 
     </span>
    </p>
   </div>
   <div class='ocr_carea' id='block_1_15' title="bbox 266 1722 1866 1806">
    <p class='ocr_par' dir='ltr' id='par_1_15' title="bbox 266 1722 1866 1806">
     <span class='ocr_line' id='line_1_15' title="bbox 266 1722 1866 1806; baseline -0.017 -9"><span class='ocrx_word' id='word_1_96' title='bbox 266 1739 606 1806; x_wconf 77' lang='lat' dir='ltr'><strong>defenditur,</strong></span> <span class='ocrx_word' id='word_1_97' title='bbox 637 1749 765 1791; x_wconf 89' lang='lat' dir='ltr'><strong>ecce</strong></span> <span class='ocrx_word' id='word_1_98' title='bbox 789 1729 1073 1788; x_wconf 86' lang='lat' dir='ltr'><strong>scribendo</strong></span> <span class='ocrx_word' id='word_1_99' title='bbox 1103 1727 1262 1783; x_wconf 87' lang='lat' dir='ltr'><strong>etiam</strong></span> <span class='ocrx_word' id='word_1_100' title='bbox 1288 1722 1562 1780; x_wconf 74' lang='lat' dir='ltr'><strong>inemorire</strong></span> <span class='ocrx_word' id='word_1_101' title='bbox 1591 1731 1866 1775; x_wconf 86' lang='lat' dir='ltr'><strong>commen-</strong></span> 
     </span>
    </p>
   </div>
   <div class='ocr_carea' id='block_1_16' title="bbox 267 1809 1866 1896">
    <p class='ocr_par' dir='ltr' id='par_1_16' title="bbox 267 1809 1866 1896">
     <span class='ocr_line' id='line_1_16' title="bbox 267 1809 1866 1896; baseline -0.016 -8"><span class='ocrx_word' id='word_1_102' title='bbox 267 1833 448 1896; x_wconf 86' lang='lat' dir='ltr'><strong>datur,</strong></span> <span class='ocrx_word' id='word_1_103' title='bbox 473 1843 606 1885; x_wconf 88' lang='lat' dir='ltr'><strong>eece</strong></span> <span class='ocrx_word' id='word_1_104' title='bbox 632 1841 720 1883; x_wconf 87' lang='lat' dir='ltr'><strong>res</strong></span> <span class='ocrx_word' id='word_1_105' title='bbox 750 1825 807 1880; x_wconf 89' lang='lat' dir='ltr'><strong>in</strong></span> <span class='ocrx_word' id='word_1_106' title='bbox 833 1823 936 1878; x_wconf 87' lang='lat' dir='ltr'><strong>hoc</strong></span> <span class='ocrx_word' id='word_1_107' title='bbox 964 1817 1286 1877; x_wconf 86' lang='lat' dir='ltr'><strong>discriminis</strong></span> <span class='ocrx_word' id='word_1_108' title='bbox 1311 1813 1592 1870; x_wconf 86' lang='lat' dir='ltr'><strong>adducitur</strong></span> <span class='ocrx_word' id='word_1_109' title='bbox 1613 1852 1629 1878; x_wconf 92' lang='lat'><strong>,</strong></span> <span class='ocrx_word' id='word_1_110' title='bbox 1659 1818 1716 1866; x_wconf 93' lang='lat' dir='ltr'><strong>ut</strong></span> <span class='ocrx_word' id='word_1_111' title='bbox 1741 1809 1866 1864; x_wconf 87' lang='lat' dir='ltr'><strong>hinc</strong></span> 
     </span>
    </p>
   </div>
   <div class='ocr_carea' id='block_1_17' title="bbox 268 1903 1864 1980">
    <p class='ocr_par' dir='ltr' id='par_1_17' title="bbox 268 1903 1864 1980">
     <span class='ocr_line' id='line_1_17' title="bbox 268 1903 1864 1980; baseline -0.013 0"><span class='ocrx_word' id='word_1_112' title='bbox 268 1926 423 1980; x_wconf 87' lang='lat' dir='ltr'><strong>etiam</strong></span> <span class='ocrx_word' id='word_1_113' title='bbox 454 1938 487 1977; x_wconf 87' lang='lat' dir='ltr'><strong>a</strong></span> <span class='ocrx_word' id='word_1_114' title='bbox 518 1919 774 1976; x_wconf 80' lang='lat' dir='ltr'><strong>fratribus</strong></span> <span class='ocrx_word' id='word_1_115' title='bbox 799 1914 1172 1978; x_wconf 89' lang='lat' dir='ltr'><strong>consulamur,</strong></span> <span class='ocrx_word' id='word_1_116' title='bbox 1207 1924 1332 1966; x_wconf 90' lang='lat' dir='ltr'><strong>ecce</strong></span> <span class='ocrx_word' id='word_1_117' title='bbox 1360 1915 1548 1964; x_wconf 89' lang='lat' dir='ltr'><strong>contra</strong></span> <span class='ocrx_word' id='word_1_118' title='bbox 1591 1903 1864 1974; x_wconf 86' lang='lat' dir='ltr'><strong>disputare</strong></span> 
     </span>
    </p>
   </div>
   <div class='ocr_carea' id='block_1_18' title="bbox 267 2009 976 2087">
    <p class='ocr_par' dir='ltr' id='par_1_18' title="bbox 267 2009 976 2087">
     <span class='ocr_line' id='line_1_18' title="bbox 267 2009 976 2087; baseline -0.016 -16"><span class='ocrx_word' id='word_1_119' title='bbox 267 2027 422 2087; x_wconf 80' lang='lat' dir='ltr'><strong>atque</strong></span> <span class='ocrx_word' id='word_1_120' title='bbox 440 2013 688 2069; x_wconf 88' lang='lat' dir='ltr'><strong>scribere</strong></span> <span class='ocrx_word' id='word_1_121' title='bbox 715 2009 976 2080; x_wconf 81' lang='lat' dir='ltr'><strong>cogimur.</strong></span> 
     </span>
    </p>
   </div>
   <div class='ocr_carea' id='block_1_19' title="bbox 336 2091 1865 2165">
    <p class='ocr_par' dir='ltr' id='par_1_19' title="bbox 336 2091 1865 2165">
     <span class='ocr_line' id='line_1_19' title="bbox 336 2091 1865 2165; baseline -0.018 1"><span class='ocrx_word' id='word_1_122' title='bbox 336 2106 569 2165; x_wconf 83' lang='lat' dir='ltr'><strong>CAPUT</strong></span> <span class='ocrx_word' id='word_1_123' title='bbox 613 2103 725 2158; x_wconf 75' lang='lat' dir='ltr'><strong>VII.</strong></span> <span class='ocrx_word' id='word_1_124' title='bbox 754 2132 824 2142; x_wconf 91' lang='lat'><strong>-—</strong></span> <span class='ocrx_word' id='word_1_125' title='bbox 862 2101 948 2156; x_wconf 81' lang='grc'><strong>15.</strong></span> <span class='ocrx_word' id='word_1_126' title='bbox 977 2096 1237 2153; x_wconf 86' lang='lat' dir='ltr'><strong>Joviniani</strong></span> <span class='ocrx_word' id='word_1_127' title='bbox 1272 2110 1432 2151; x_wconf 84' lang='lat' dir='ltr'><strong>error.</strong></span> <span class='ocrx_word' id='word_1_128' title='bbox 1475 2091 1865 2162; x_wconf 89' lang='lat' dir='ltr'><strong>Disputatorum</strong></span> 
     </span>
    </p>
   </div>
   <div class='ocr_carea' id='block_1_20' title="bbox 271 2182 1861 2269">
    <p class='ocr_par' dir='ltr' id='par_1_20' title="bbox 271 2182 1861 2269">
     <span class='ocr_line' id='line_1_20' title="bbox 271 2182 1861 2269; baseline -0.014 -11"><span class='ocrx_word' id='word_1_129' title='bbox 271 2201 608 2269; x_wconf 82' lang='lat' dir='ltr'><strong>quorumlibet</strong></span> <span class='ocrx_word' id='word_1_130' title='bbox 630 2197 890 2254; x_wconf 81' lang='lat' dir='ltr'><strong>sententia:</strong></span> <span class='ocrx_word' id='word_1_131' title='bbox 915 2211 1016 2249; x_wconf 90' lang='lat' dir='ltr'><strong>non</strong></span> <span class='ocrx_word' id='word_1_132' title='bbox 1042 2203 1281 2264; x_wconf 83' lang='lat' dir='ltr'><strong>tanquam</strong></span> <span class='ocrx_word' id='word_1_133' title='bbox 1304 2188 1579 2243; x_wconf 77' lang='lat' dir='ltr'><strong>auctoritas</strong></span> <span class='ocrx_word' id='word_1_134' title='bbox 1599 2182 1861 2238; x_wconf 88' lang='lat' dir='ltr'><strong>canonica.</strong></span> 
     </span>
    </p>
   </div>
   <div class='ocr_carea' id='block_1_21' title="bbox 272 2275 1866 2364">
    <p class='ocr_par' dir='ltr' id='par_1_21' title="bbox 272 2275 1866 2364">
     <span class='ocr_line' id='line_1_21' title="bbox 272 2275 1866 2364; baseline -0.014 -13"><span class='ocrx_word' id='word_1_135' title='bbox 272 2296 549 2350; x_wconf 79' lang='lat' dir='ltr'><strong>Peccatum</strong></span> <span class='ocrx_word' id='word_1_136' title='bbox 571 2290 820 2364; x_wconf 90' lang='lat' dir='ltr'><strong>originale</strong></span> <span class='ocrx_word' id='word_1_137' title='bbox 847 2286 1097 2360; x_wconf 86' lang='lat' dir='ltr'><strong>quomodo</strong></span> <span class='ocrx_word' id='word_1_138' title='bbox 1119 2285 1361 2340; x_wconf 87' lang='lat' dir='ltr'><strong>alienum.</strong></span> <span class='ocrx_word' id='word_1_139' title='bbox 1394 2279 1580 2335; x_wconf 86' lang='lat' dir='ltr'><strong>Omnes</strong></span> <span class='ocrx_word' id='word_1_140' title='bbox 1618 2278 1672 2332; x_wconf 88' lang='lat' dir='ltr'><strong>in</strong></span> <span class='ocrx_word' id='word_1_141' title='bbox 1699 2275 1866 2329; x_wconf 81' lang='lat' dir='ltr'><strong>Adam</strong></span> 
     </span>
    </p>
   </div>
   <div class='ocr_carea' id='block_1_22' title="bbox 273 2367 1864 2456">
    <p class='ocr_par' dir='ltr' id='par_1_22' title="bbox 273 2367 1864 2456">
     <span class='ocr_line' id='line_1_22' title="bbox 273 2367 1864 2456; baseline -0.014 -11"><span class='ocrx_word' id='word_1_142' title='bbox 273 2408 398 2445; x_wconf 84' lang='lat' dir='ltr'><strong>unus</strong></span> <span class='ocrx_word' id='word_1_143' title='bbox 426 2390 582 2442; x_wconf 87' lang='lat' dir='ltr'><strong>homo</strong></span> <span class='ocrx_word' id='word_1_144' title='bbox 604 2386 818 2456; x_wconf 80' lang='lat' dir='ltr'><strong>fuimus.</strong></span> <span class='ocrx_word' id='word_1_145' title='bbox 844 2384 983 2436; x_wconf 83' lang='lat' dir='ltr'><strong>Ante</strong></span> <span class='ocrx_word' id='word_1_146' title='bbox 1009 2393 1208 2451; x_wconf 89' lang='lat' dir='ltr'><strong>paucos</strong></span> <span class='ocrx_word' id='word_1_147' title='bbox 1235 2389 1406 2431; x_wconf 89' lang='lat' dir='ltr'><strong>annos</strong></span> <span class='ocrx_word' id='word_1_148' title='bbox 1434 2373 1619 2427; x_wconf 74' lang='lat' dir='ltr'><strong>Roma:</strong></span> <span class='ocrx_word' id='word_1_149' title='bbox 1646 2367 1864 2441; x_wconf 82' lang='lat' dir='ltr'><strong>quidam</strong></span> 
     </span>
    </p>
   </div>
   <div class='ocr_carea' id='block_1_23' title="bbox 270 2465 1866 2547">
    <p class='ocr_par' dir='ltr' id='par_1_23' title="bbox 270 2465 1866 2547">
     <span class='ocr_line' id='line_1_23' title="bbox 270 2465 1866 2547; baseline -0.016 -7"><span class='ocrx_word' id='word_1_150' title='bbox 270 2485 475 2541; x_wconf 73' lang='lat' dir='ltr'><strong>exstitit</strong></span> <span class='ocrx_word' id='word_1_151' title='bbox 501 2479 815 2537; x_wconf 82' lang='lat' dir='ltr'><strong>Jovinianus</strong></span> <span class='ocrx_word' id='word_1_152' title='bbox 838 2519 851 2541; x_wconf 97' lang='lat'><strong>,</strong></span> <span class='ocrx_word' id='word_1_153' title='bbox 881 2475 972 2547; x_wconf 89' lang='lat' dir='ltr'><strong>qui</strong></span> <span class='ocrx_word' id='word_1_154' title='bbox 1004 2467 1504 2529; x_wconf 87' lang='lat' dir='ltr'><strong>sanctimonialibus</strong></span> <span class='ocrx_word' id='word_1_155' title='bbox 1543 2465 1704 2522; x_wconf 88' lang='lat' dir='ltr'><strong>etiam</strong></span> <span class='ocrx_word' id='word_1_156' title='bbox 1734 2471 1866 2517; x_wconf 84' lang='lat' dir='ltr'><strong>aeta-</strong></span> 
     </span>
    </p>
   </div>
   <div class='ocr_carea' id='block_1_24' title="bbox 275 2557 1863 2645">
    <p class='ocr_par' dir='ltr' id='par_1_24' title="bbox 275 2557 1863 2645">
     <span class='ocr_line' id='line_1_24' title="bbox 275 2557 1863 2645; baseline -0.016 -13"><span class='ocrx_word' id='word_1_157' title='bbox 275 2577 450 2645; x_wconf 88' lang='lat' dir='ltr'><strong>tejam</strong></span> <span class='ocrx_word' id='word_1_158' title='bbox 478 2568 902 2643; x_wconf 88' lang='lat' dir='ltr'><strong>provectioribus</strong></span> <span class='ocrx_word' id='word_1_159' title='bbox 923 2565 1136 2636; x_wconf 85' lang='lat' dir='ltr'><strong>nuptias</strong></span> <span class='ocrx_word' id='word_1_160' title='bbox 1165 2560 1494 2634; x_wconf 87' lang='lat' dir='ltr'><strong>persuasisse</strong></span> <span class='ocrx_word' id='word_1_161' title='bbox 1519 2557 1732 2620; x_wconf 87' lang='lat' dir='ltr'><strong>dicitur,</strong></span> <span class='ocrx_word' id='word_1_162' title='bbox 1757 2567 1863 2607; x_wconf 93' lang='lat' dir='ltr'><strong>non</strong></span> 
     </span>
    </p>
   </div>
   <div class='ocr_carea' id='block_1_25' title="bbox 277 2651 1860 2737">
    <p class='ocr_par' dir='ltr' id='par_1_25' title="bbox 277 2651 1860 2737">
     <span class='ocr_line' id='line_1_25' title="bbox 277 2651 1860 2737; baseline -0.015 -12"><span class='ocrx_word' id='word_1_163' title='bbox 277 2667 548 2725; x_wconf 84' lang='lat' dir='ltr'><strong>illiciendo</strong></span> <span class='ocrx_word' id='word_1_164' title='bbox 573 2681 679 2737; x_wconf 94' lang='lat' dir='ltr'><strong>quo</strong></span> <span class='ocrx_word' id='word_1_165' title='bbox 704 2677 889 2719; x_wconf 88' lang='lat' dir='ltr'><strong>carum</strong></span> <span class='ocrx_word' id='word_1_166' title='bbox 918 2661 1149 2732; x_wconf 90' lang='lat' dir='ltr'><strong>aliquam</strong></span> <span class='ocrx_word' id='word_1_167' title='bbox 1177 2657 1373 2712; x_wconf 88' lang='lat' dir='ltr'><strong>ducere</strong></span> <span class='ocrx_word' id='word_1_168' title='bbox 1395 2651 1559 2708; x_wconf 83' lang='lat' dir='ltr'><strong>vellet</strong></span> <span class='ocrx_word' id='word_1_169' title='bbox 1601 2662 1822 2704; x_wconf 83' lang='lat' dir='ltr'><strong>uxorem</strong></span> <span class='ocrx_word' id='word_1_170' title='bbox 1844 2687 1860 2712; x_wconf 91' lang='lat'><strong>,</strong></span> 
     </span>
    </p>
   </div>
   <div class='ocr_carea' id='block_1_26' title="bbox 287 2738 1863 2830">
    <p class='ocr_par' dir='ltr' id='par_1_26' title="bbox 287 2738 1863 2830">
     <span class='ocr_line' id='line_1_26' title="bbox 287 2738 1863 2830; baseline -0.016 -13"><span class='ocrx_word' id='word_1_171' title='bbox 287 2761 381 2817; x_wconf 89' lang='lat' dir='ltr'><strong>sed</strong></span> <span class='ocrx_word' id='word_1_172' title='bbox 422 2757 730 2830; x_wconf 84' lang='lat' dir='ltr'><strong>disputando</strong></span> <span class='ocrx_word' id='word_1_173' title='bbox 772 2755 1010 2826; x_wconf 83' lang='lat' dir='ltr'><strong>virgines</strong></span> <span class='ocrx_word' id='word_1_174' title='bbox 1054 2747 1407 2807; x_wconf 88' lang='lat' dir='ltr'><strong>sanctimonio</strong></span> <span class='ocrx_word' id='word_1_175' title='bbox 1431 2747 1453 2778; x_wconf 87' lang='grc'><strong>¹¹</strong></span> <span class='ocrx_word' id='word_1_176' title='bbox 1479 2745 1684 2800; x_wconf 78' lang='lat' dir='ltr'><strong>dicatas</strong></span> <span class='ocrx_word' id='word_1_177' title='bbox 1730 2738 1863 2795; x_wconf 86' lang='lat' dir='ltr'><strong>nihil</strong></span> 
     </span>
    </p>
   </div>
   <div class='ocr_carea' id='block_1_27' title="bbox 275 2836 1866 2926">
    <p class='ocr_par' dir='ltr' id='par_1_27' title="bbox 275 2836 1866 2926">
     <span class='ocr_line' id='line_1_27' title="bbox 275 2836 1866 2926; baseline -0.015 -15"><span class='ocrx_word' id='word_1_178' title='bbox 275 2854 510 2926; x_wconf 86' lang='lat' dir='ltr'><strong>amplius</strong></span> <span class='ocrx_word' id='word_1_179' title='bbox 545 2851 788 2907; x_wconf 76' lang='lat' dir='ltr'><strong>fidelibus</strong></span> <span class='ocrx_word' id='word_1_180' title='bbox 825 2846 1122 2917; x_wconf 83' lang='lat' dir='ltr'><strong>conjugatis</strong></span> <span class='ocrx_word' id='word_1_181' title='bbox 1165 2841 1305 2913; x_wconf 87' lang='lat' dir='ltr'><strong>apud</strong></span> <span class='ocrx_word' id='word_1_182' title='bbox 1336 2841 1504 2895; x_wconf 89' lang='lat' dir='ltr'><strong>Deum</strong></span> <span class='ocrx_word' id='word_1_183' title='bbox 1530 2836 1727 2891; x_wconf 84' lang='lat' dir='ltr'><strong>habere</strong></span> <span class='ocrx_word' id='word_1_184' title='bbox 1752 2847 1866 2888; x_wconf 86' lang='lat' dir='ltr'><strong>me-</strong></span> 
     </span>
    </p>
   </div>
   <div class='ocr_carea' id='block_1_28' title="bbox 274 2924 1867 3014">
    <p class='ocr_par' dir='ltr' id='par_1_28' title="bbox 274 2924 1867 3014">
     <span class='ocr_line' id='line_1_28' title="bbox 274 2924 1867 3014; baseline -0.015 -11"><span class='ocrx_word' id='word_1_185' title='bbox 274 2947 522 3002; x_wconf 87' lang='lat' dir='ltr'><strong>ritorum.</strong></span> <span class='ocrx_word' id='word_1_186' title='bbox 571 2941 853 3014; x_wconf 84' lang='lat' dir='ltr'><strong>Nunquam</strong></span> <span class='ocrx_word' id='word_1_187' title='bbox 894 2947 1073 2994; x_wconf 88' lang='lat' dir='ltr'><strong>tamen</strong></span> <span class='ocrx_word' id='word_1_188' title='bbox 1103 2935 1154 2992; x_wconf 91' lang='lat' dir='ltr'><strong>ei</strong></span> <span class='ocrx_word' id='word_1_189' title='bbox 1201 2934 1302 2988; x_wconf 92' lang='lat' dir='ltr'><strong>hoc</strong></span> <span class='ocrx_word' id='word_1_190' title='bbox 1331 2939 1692 2987; x_wconf 90' lang='lat' dir='ltr'><strong>commentum</strong></span> <span class='ocrx_word' id='word_1_191' title='bbox 1718 2924 1867 2980; x_wconf 90' lang='lat' dir='ltr'><strong>venit</strong></span> 
     </span>
    </p>
   </div>
   <div class='ocr_carea' id='block_1_29' title="bbox 275 3020 1863 3104">
    <p class='ocr_par' dir='ltr' id='par_1_29' title="bbox 275 3020 1863 3104">
     <span class='ocr_line' id='line_1_29' title="bbox 275 3020 1863 3104; baseline -0.014 -9"><span class='ocrx_word' id='word_1_192' title='bbox 275 3039 324 3095; x_wconf 92' lang='lat' dir='ltr'><strong>in</strong></span> <span class='ocrx_word' id='word_1_193' title='bbox 352 3045 587 3093; x_wconf 86' lang='lat' dir='ltr'><strong>mentem</strong></span> <span class='ocrx_word' id='word_1_194' title='bbox 605 3079 621 3104; x_wconf 91' lang='lat'><strong>,</strong></span> <span class='ocrx_word' id='word_1_195' title='bbox 647 3045 708 3091; x_wconf 92' lang='lat' dir='ltr'><strong>ut</strong></span> <span class='ocrx_word' id='word_1_196' title='bbox 729 3047 974 3089; x_wconf 90' lang='lat' dir='ltr'><strong>asserere</strong></span> <span class='ocrx_word' id='word_1_197' title='bbox 1001 3036 1286 3086; x_wconf 86' lang='lat' dir='ltr'><strong>conaretur</strong></span> <span class='ocrx_word' id='word_1_198' title='bbox 1311 3027 1427 3081; x_wconf 89' lang='lat' dir='ltr'><strong>sine</strong></span> <span class='ocrx_word' id='word_1_199' title='bbox 1467 3020 1709 3092; x_wconf 83' lang='lat' dir='ltr'><strong>originali</strong></span> <span class='ocrx_word' id='word_1_200' title='bbox 1735 3033 1863 3090; x_wconf 90' lang='lat' dir='ltr'><strong>pec-</strong></span> 
     </span>
    </p>
   </div>
   <div class='ocr_carea' id='block_1_30' title="bbox 272 3116 1867 3202">
    <p class='ocr_par' dir='ltr' id='par_1_30' title="bbox 272 3116 1867 3202">
     <span class='ocr_line' id='line_1_30' title="bbox 272 3116 1867 3202; baseline -0.014 -12"><span class='ocrx_word' id='word_1_201' title='bbox 272 3142 388 3190; x_wconf 90' lang='lat' dir='ltr'><strong>cato</strong></span> <span class='ocrx_word' id='word_1_202' title='bbox 428 3131 580 3187; x_wconf 87' lang='lat' dir='ltr'><strong>nasci</strong></span> <span class='ocrx_word' id='word_1_203' title='bbox 611 3129 902 3202; x_wconf 12' lang='lat' dir='ltr'><strong>hominum,</strong></span> <span class='ocrx_word' id='word_1_204' title='bbox 939 3125 1095 3180; x_wconf 81' lang='lat' dir='ltr'><strong>filios.</strong></span> <span class='ocrx_word' id='word_1_205' title='bbox 1128 3123 1193 3177; x_wconf 87' lang='lat' dir='ltr'><strong>Et</strong></span> <span class='ocrx_word' id='word_1_206' title='bbox 1218 3121 1400 3190; x_wconf 86' lang='lat' dir='ltr'><strong>utique</strong></span> <span class='ocrx_word' id='word_1_207' title='bbox 1439 3118 1483 3173; x_wconf 90' lang='lat' dir='ltr'><strong>si</strong></span> <span class='ocrx_word' id='word_1_208' title='bbox 1528 3116 1632 3171; x_wconf 86' lang='lat' dir='ltr'><strong>hoc</strong></span> <span class='ocrx_word' id='word_1_209' title='bbox 1659 3123 1867 3170; x_wconf 86' lang='lat' dir='ltr'><strong>astrue-</strong></span> 
     </span>
    </p>
   </div>
   <div class='ocr_carea' id='block_1_31' title="bbox 271 3204 1866 3294">
    <p class='ocr_par' dir='ltr' id='par_1_31' title="bbox 271 3204 1866 3294">
     <span class='ocr_line' id='line_1_31' title="bbox 271 3204 1866 3294; baseline -0.016 -11"><span class='ocrx_word' id='word_1_210' title='bbox 271 3236 382 3293; x_wconf 87' lang='lat' dir='ltr'><strong>ret,</strong></span> <span class='ocrx_word' id='word_1_211' title='bbox 408 3225 583 3281; x_wconf 89' lang='lat' dir='ltr'><strong>multo</strong></span> <span class='ocrx_word' id='word_1_212' title='bbox 627 3220 916 3294; x_wconf 85' lang='lat' dir='ltr'><strong>proclivius</strong></span> <span class='ocrx_word' id='word_1_213' title='bbox 958 3217 1157 3272; x_wconf 88' lang='lat' dir='ltr'><strong>vellent</strong></span> <span class='ocrx_word' id='word_1_214' title='bbox 1186 3213 1398 3269; x_wconf 75' lang='lat' dir='ltr'><strong>feminae</strong></span> <span class='ocrx_word' id='word_1_215' title='bbox 1441 3208 1679 3273; x_wconf 90' lang='lat' dir='ltr'><strong>nubere,</strong></span> <span class='ocrx_word' id='word_1_216' title='bbox 1727 3204 1866 3259; x_wconf 87' lang='lat' dir='ltr'><strong>fctus</strong></span> 
     </span>
    </p>
   </div>
   <div class='ocr_carea' id='block_1_32' title="bbox 272 3303 1866 3386">
    <p class='ocr_par' dir='ltr' id='par_1_32' title="bbox 272 3303 1866 3386">
     <span class='ocr_line' id='line_1_32' title="bbox 272 3303 1866 3386; baseline -0.016 -11"><span class='ocrx_word' id='word_1_217' title='bbox 272 3317 656 3374; x_wconf 88' lang='lat' dir='ltr'><strong>mundissimos</strong></span> <span class='ocrx_word' id='word_1_218' title='bbox 699 3313 972 3386; x_wconf 68' lang='lat' dir='ltr'><strong>pariturae.</strong></span> <span class='ocrx_word' id='word_1_219' title='bbox 1027 3307 1192 3378; x_wconf 80' lang='lat' dir='ltr'><strong>llujus</strong></span> <span class='ocrx_word' id='word_1_220' title='bbox 1233 3319 1363 3360; x_wconf 87' lang='lat' dir='ltr'><strong>sane</strong></span> <span class='ocrx_word' id='word_1_221' title='bbox 1394 3303 1621 3372; x_wconf 85' lang='lat' dir='ltr'><strong>scripta,</strong></span> <span class='ocrx_word' id='word_1_222' title='bbox 1658 3314 1780 3353; x_wconf 90' lang='lat' dir='ltr'><strong>nam</strong></span> <span class='ocrx_word' id='word_1_223' title='bbox 1809 3305 1866 3352; x_wconf 92' lang='lat' dir='ltr'><strong>et</strong></span> 
     </span>
    </p>
   </div>
   <div class='ocr_carea' id='block_1_33' title="bbox 270 3395 1862 3473">
    <p class='ocr_par' dir='ltr' id='par_1_33' title="bbox 270 3395 1862 3473">
     <span class='ocr_line' id='line_1_33' title="bbox 270 3395 1862 3473; baseline -0.016 -4"><span class='ocrx_word' id='word_1_224' title='bbox 270 3413 508 3469; x_wconf 86' lang='lat' dir='ltr'><strong>scribere</strong></span> <span class='ocrx_word' id='word_1_225' title='bbox 548 3423 712 3463; x_wconf 89' lang='lat' dir='ltr'><strong>ausus</strong></span> <span class='ocrx_word' id='word_1_226' title='bbox 754 3413 868 3473; x_wconf 90' lang='lat' dir='ltr'><strong>est,</strong></span> <span class='ocrx_word' id='word_1_227' title='bbox 899 3417 1020 3458; x_wconf 90' lang='lat' dir='ltr'><strong>cum</strong></span> <span class='ocrx_word' id='word_1_228' title='bbox 1051 3401 1244 3455; x_wconf 87' lang='lat' dir='ltr'><strong>fratres</strong></span> <span class='ocrx_word' id='word_1_229' title='bbox 1270 3396 1335 3450; x_wconf 90' lang='lat' dir='ltr'><strong>ad</strong></span> <span class='ocrx_word' id='word_1_230' title='bbox 1364 3395 1748 3464; x_wconf 83' lang='lat' dir='ltr'><strong>Hieronymum</strong></span> <span class='ocrx_word' id='word_1_231' title='bbox 1774 3403 1862 3444; x_wconf 85' lang='lat' dir='ltr'><strong>re-</strong></span> 
     </span>
    </p>
   </div>
   <div class='ocr_carea' id='block_1_34' title="bbox 270 3486 1868 3566">
    <p class='ocr_par' dir='ltr' id='par_1_34' title="bbox 270 3486 1868 3566">
     <span class='ocr_line' id='line_1_34' title="bbox 270 3486 1868 3566; baseline -0.016 -5"><span class='ocrx_word' id='word_1_232' title='bbox 270 3502 500 3561; x_wconf 85' lang='lat' dir='ltr'><strong>fellenda</strong></span> <span class='ocrx_word' id='word_1_233' title='bbox 541 3501 849 3566; x_wconf 88' lang='lat' dir='ltr'><strong>misissent,</strong></span> <span class='ocrx_word' id='word_1_234' title='bbox 873 3511 978 3552; x_wconf 91' lang='lat' dir='ltr'><strong>non</strong></span> <span class='ocrx_word' id='word_1_235' title='bbox 1010 3494 1183 3550; x_wconf 91' lang='lat' dir='ltr'><strong>solum</strong></span> <span class='ocrx_word' id='word_1_236' title='bbox 1216 3491 1268 3546; x_wconf 90' lang='lat' dir='ltr'><strong>in</strong></span> <span class='ocrx_word' id='word_1_237' title='bbox 1293 3490 1373 3546; x_wconf 89' lang='lat' dir='ltr'><strong>eis</strong></span> <span class='ocrx_word' id='word_1_238' title='bbox 1403 3487 1534 3543; x_wconf 86' lang='lat' dir='ltr'><strong>nihil</strong></span> <span class='ocrx_word' id='word_1_239' title='bbox 1572 3486 1677 3541; x_wconf 91' lang='lat' dir='ltr'><strong>tale</strong></span> <span class='ocrx_word' id='word_1_240' title='bbox 1717 3499 1868 3539; x_wconf 85' lang='lat' dir='ltr'><strong>com-</strong></span> 
     </span>
    </p>
   </div>
   <div class='ocr_carea' id='block_1_35' title="bbox 272 3575 1866 3671">
    <p class='ocr_par' dir='ltr' id='par_1_35' title="bbox 272 3575 1866 3671">
     <span class='ocr_line' id='line_1_35' title="bbox 272 3575 1866 3671; baseline -0.016 -16"><span class='ocrx_word' id='word_1_241' title='bbox 272 3600 440 3671; x_wconf 88' lang='lat' dir='ltr'><strong>perit,</strong></span> <span class='ocrx_word' id='word_1_242' title='bbox 470 3611 661 3652; x_wconf 90' lang='lat' dir='ltr'><strong>verum</strong></span> <span class='ocrx_word' id='word_1_243' title='bbox 687 3594 850 3649; x_wconf 90' lang='lat' dir='ltr'><strong>etiam</strong></span> <span class='ocrx_word' id='word_1_244' title='bbox 880 3590 947 3646; x_wconf 91' lang='lat' dir='ltr'><strong>ad</strong></span> <span class='ocrx_word' id='word_1_245' title='bbox 991 3586 1236 3660; x_wconf 59' lang='lat' dir='ltr'><strong>quaidam</strong></span> <span class='ocrx_word' id='word_1_246' title='bbox 1279 3583 1397 3654; x_wconf 83' lang='lat' dir='ltr'><strong>ejus</strong></span> <span class='ocrx_word' id='word_1_247' title='bbox 1425 3595 1557 3636; x_wconf 90' lang='lat' dir='ltr'><strong>vana</strong></span> <span class='ocrx_word' id='word_1_248' title='bbox 1587 3575 1866 3634; x_wconf 85' lang='lat' dir='ltr'><strong>refutanda</strong></span> 
     </span>
    </p>
   </div>
   <div class='ocr_carea' id='block_1_36' title="bbox 272 3671 1868 3762">
    <p class='ocr_par' dir='ltr' id='par_1_36' title="bbox 272 3671 1868 3762">
     <span class='ocr_line' id='line_1_36' title="bbox 272 3671 1868 3762; baseline -0.018 -13"><span class='ocrx_word' id='word_1_249' title='bbox 272 3692 372 3749; x_wconf 83' lang='lat' dir='ltr'><strong>hoc</strong></span> <span class='ocrx_word' id='word_1_250' title='bbox 402 3702 659 3762; x_wconf 87' lang='lat' dir='ltr'><strong>tanquam</strong></span> <span class='ocrx_word' id='word_1_251' title='bbox 685 3685 1044 3743; x_wconf 89' lang='lat' dir='ltr'><strong>certissimum</strong></span> <span class='ocrx_word' id='word_1_252' title='bbox 1087 3681 1156 3736; x_wconf 92' lang='lat' dir='ltr'><strong>de</strong></span> <span class='ocrx_word' id='word_1_253' title='bbox 1198 3675 1430 3734; x_wconf 89' lang='lat' dir='ltr'><strong>hominis</strong></span> <span class='ocrx_word' id='word_1_254' title='bbox 1474 3671 1714 3743; x_wconf 78' lang='lat' dir='ltr'><strong>originali</strong></span> <span class='ocrx_word' id='word_1_255' title='bbox 1741 3683 1868 3741; x_wconf 87' lang='lat' dir='ltr'><strong>pec-</strong></span> 
     </span>
    </p>
   </div>
   <div class='ocr_carea' id='block_1_37' title="bbox 273 3763 1868 3855">
    <p class='ocr_par' dir='ltr' id='par_1_37' title="bbox 273 3763 1868 3855">
     <span class='ocr_line' id='line_1_37' title="bbox 273 3763 1868 3855; baseline -0.018 -11"><span class='ocrx_word' id='word_1_256' title='bbox 273 3797 391 3844; x_wconf 86' lang='lat' dir='ltr'><strong>cato</strong></span> <span class='ocrx_word' id='word_1_257' title='bbox 410 3829 426 3855; x_wconf 94' lang='lat'><strong>,</strong></span> <span class='ocrx_word' id='word_1_258' title='bbox 457 3784 609 3840; x_wconf 91' lang='lat' dir='ltr'><strong>unde</strong></span> <span class='ocrx_word' id='word_1_259' title='bbox 637 3782 822 3852; x_wconf 86' lang='lat' dir='ltr'><strong>utique</strong></span> <span class='ocrx_word' id='word_1_260' title='bbox 853 3794 952 3834; x_wconf 91' lang='lat' dir='ltr'><strong>nec</strong></span> <span class='ocrx_word' id='word_1_261' title='bbox 991 3777 1166 3848; x_wconf 91' lang='lat' dir='ltr'><strong>ipsum</strong></span> <span class='ocrx_word' id='word_1_262' title='bbox 1192 3771 1438 3828; x_wconf 89' lang='lat' dir='ltr'><strong>dubitare</strong></span> <span class='ocrx_word' id='word_1_263' title='bbox 1461 3766 1748 3832; x_wconf 90' lang='lat' dir='ltr'><strong>credebat,</strong></span> <span class='ocrx_word' id='word_1_264' title='bbox 1783 3763 1868 3816; x_wconf 80' lang='lat' dir='ltr'><strong>in-</strong></span> 
     </span>
    </p>
   </div>
   <div class='ocr_carea' id='block_1_38' title="bbox 276 3855 1870 3939">
    <p class='ocr_par' dir='ltr' id='par_1_38' title="bbox 276 3855 1870 3939">
     <span class='ocr_line' id='line_1_38' title="bbox 276 3855 1870 3939; baseline -0.019 -2"><span class='ocrx_word' id='word_1_265' title='bbox 276 3890 354 3938; x_wconf 89' lang='lat' dir='ltr'><strong>ter</strong></span> <span class='ocrx_word' id='word_1_266' title='bbox 380 3880 555 3935; x_wconf 87' lang='lat' dir='ltr'><strong>multa</strong></span> <span class='ocrx_word' id='word_1_267' title='bbox 579 3891 676 3932; x_wconf 90' lang='lat' dir='ltr'><strong>sua</strong></span> <span class='ocrx_word' id='word_1_268' title='bbox 711 3874 1033 3930; x_wconf 89' lang='lat' dir='ltr'><strong>documenta</strong></span> <span class='ocrx_word' id='word_1_269' title='bbox 1073 3863 1406 3939; x_wconf 88' lang='lat' dir='ltr'><strong>deprompsit</strong></span> <span class='ocrx_word' id='word_1_270' title='bbox 1443 3860 1682 3934; x_wconf 86' lang='lat' dir='ltr'><strong>(Hieron.</strong></span> <span class='ocrx_word' id='word_1_271' title='bbox 1721 3856 1807 3910; x_wconf 89' lang='lat' dir='ltr'><strong>lib.</strong></span> <span class='ocrx_word' id='word_1_272' title='bbox 1832 3855 1870 3909; x_wconf 73' lang='lat'><strong>2</strong></span> 
     </span>
    </p>
   </div>
   <div class='ocr_carea' id='block_1_39' title="bbox 276 3947 1870 4035">
    <p class='ocr_par' dir='ltr' id='par_1_39' title="bbox 276 3947 1870 4035">
     <span class='ocr_line' id='line_1_39' title="bbox 276 3947 1870 4035; baseline -0.016 -9"><span class='ocrx_word' id='word_1_273' title='bbox 276 3981 450 4026; x_wconf 85' lang='lat' dir='ltr'><strong>contra</strong></span> <span class='ocrx_word' id='word_1_274' title='bbox 504 3967 869 4031; x_wconf 86' lang='lat' dir='ltr'><strong>Jovinianum,</strong></span> <span class='ocrx_word' id='word_1_275' title='bbox 927 3962 1082 4035; x_wconf 89' lang='lat' dir='ltr'><strong>paulo</strong></span> <span class='ocrx_word' id='word_1_276' title='bbox 1127 3968 1240 4031; x_wconf 86' lang='lat' dir='ltr'><strong>post</strong></span> <span class='ocrx_word' id='word_1_277' title='bbox 1281 3953 1525 4026; x_wconf 88' lang='lat' dir='ltr'><strong>initium).</strong></span> <span class='ocrx_word' id='word_1_278' title='bbox 1581 3951 1637 4006; x_wconf 87' lang='lat' dir='ltr'><strong>Id</strong></span> <span class='ocrx_word' id='word_1_279' title='bbox 1665 3947 1870 4020; x_wconf 87' lang='lat' dir='ltr'><strong>agentis</strong></span> 
     </span>
    </p>
   </div>
   <div class='ocr_carea' id='block_1_40' title="bbox 279 4041 1871 4124">
    <p class='ocr_par' dir='ltr' id='par_1_40' title="bbox 279 4041 1871 4124">
     <span class='ocr_line' id='line_1_40' title="bbox 279 4041 1871 4124; baseline -0.017 -4"><span class='ocrx_word' id='word_1_280' title='bbox 279 4065 391 4120; x_wconf 63' lang='lat' dir='ltr'><strong>hac</strong></span> <span class='ocrx_word' id='word_1_281' title='bbox 419 4061 585 4118; x_wconf 89' lang='lat' dir='ltr'><strong>verba</strong></span> <span class='ocrx_word' id='word_1_282' title='bbox 611 4068 736 4116; x_wconf 88' lang='lat' dir='ltr'><strong>sunt</strong></span> <span class='ocrx_word' id='word_1_283' title='bbox 765 4075 777 4111; x_wconf 94' lang='lat'>:</span> <span class='ocrx_word' id='word_1_284' title='bbox 810 4077 830 4111; x_wconf 71' lang='grc' dir='ltr'><strong>ι</strong></span> <span class='ocrx_word' id='word_1_285' title='bbox 871 4055 973 4124; x_wconf 84' lang='lat' dir='ltr'><strong>Qui</strong></span> <span class='ocrx_word' id='word_1_286' title='bbox 1002 4054 1122 4108; x_wconf 85' lang='lat' dir='ltr'><strong>dicit</strong></span> <span class='ocrx_word' id='word_1_287' title='bbox 1145 4068 1230 4118; x_wconf 86' lang='lat' dir='ltr'><strong>se,</strong></span> <span class='ocrx_word' id='word_1_288' title='bbox 1261 4069 1281 4103; x_wconf 80' lang='grc' dir='ltr'><strong>ι</strong></span> <span class='ocrx_word' id='word_1_289' title='bbox 1310 4047 1507 4119; x_wconf 90' lang='lat' dir='ltr'><strong>inquit,</strong></span> <span class='ocrx_word' id='word_1_290' title='bbox 1544 4063 1563 4098; x_wconf 75' lang='grc' dir='ltr'><strong>ι</strong></span> <span class='ocrx_word' id='word_1_291' title='bbox 1595 4044 1647 4097; x_wconf 92' lang='lat' dir='ltr'><strong>in</strong></span> <span class='ocrx_word' id='word_1_292' title='bbox 1672 4041 1871 4097; x_wconf 80' lang='lat' dir='ltr'><strong>Christo</strong></span> 
     </span>
    </p>
   </div>
   <div class='ocr_carea' id='block_1_41' title="bbox 284 4135 1874 4221">
    <p class='ocr_par' dir='ltr' id='par_1_41' title="bbox 284 4135 1874 4221">
     <span class='ocr_line' id='line_1_41' title="bbox 284 4135 1874 4221; baseline -0.014 -9"><span class='ocrx_word' id='word_1_293' title='bbox 284 4176 302 4210; x_wconf 71' lang='grc' dir='ltr'>ε</span> <span class='ocrx_word' id='word_1_294' title='bbox 345 4173 582 4221; x_wconf 85' lang='lat' dir='ltr'><strong>manere,</strong></span> <span class='ocrx_word' id='word_1_295' title='bbox 632 4153 773 4208; x_wconf 84' lang='lat' dir='ltr'><strong>debet</strong></span> <span class='ocrx_word' id='word_1_296' title='bbox 814 4151 944 4206; x_wconf 82' lang='lat' dir='ltr'><strong>sicut</strong></span> <span class='ocrx_word' id='word_1_297' title='bbox 983 4149 1072 4203; x_wconf 88' lang='lat' dir='ltr'><strong>ille</strong></span> <span class='ocrx_word' id='word_1_298' title='bbox 1109 4144 1410 4207; x_wconf 86' lang='lat' dir='ltr'><strong>ambulavit,</strong></span> <span class='ocrx_word' id='word_1_299' title='bbox 1457 4151 1503 4196; x_wconf 90' lang='lat' dir='ltr'><strong>et</strong></span> <span class='ocrx_word' id='word_1_300' title='bbox 1545 4141 1651 4212; x_wconf 88' lang='lat' dir='ltr'><strong>ipse</strong></span> <span class='ocrx_word' id='word_1_301' title='bbox 1697 4135 1874 4191; x_wconf 88' lang='lat' dir='ltr'><strong>ambu-</strong></span> 
     </span>
    </p>
   </div>
   <div class='ocr_carea' id='block_1_42' title="bbox 286 4228 1873 4321">
    <p class='ocr_par' dir='ltr' id='par_1_42' title="bbox 286 4228 1873 4321">
     <span class='ocr_line' id='line_1_42' title="bbox 286 4228 1873 4321; baseline -0.013 -19"><span class='ocrx_word' id='word_1_302' title='bbox 286 4269 304 4302; x_wconf 78' lang='grc' dir='ltr'><strong>ι</strong></span> <span class='ocrx_word' id='word_1_303' title='bbox 347 4251 454 4305; x_wconf 86' lang='lat' dir='ltr'><strong>lare</strong></span> <span class='ocrx_word' id='word_1_304' title='bbox 487 4269 509 4302; x_wconf 78' lang='grc' dir='ltr'><strong>ι</strong></span> <span class='ocrx_word' id='word_1_305' title='bbox 545 4247 590 4321; x_wconf 92' lang='lat' dir='ltr'><strong>(l</strong></span> <span class='ocrx_word' id='word_1_306' title='bbox 619 4246 777 4301; x_wconf 91' lang='lat' dir='ltr'><strong>Joan.</strong></span> <span class='ocrx_word' id='word_1_307' title='bbox 819 4259 890 4311; x_wconf 91' lang='grc' dir='ltr'>ιι,</span> <span class='ocrx_word' id='word_1_308' title='bbox 925 4241 1003 4314; x_wconf 89' lang='grc'><strong>6).</strong></span> <span class='ocrx_word' id='word_1_309' title='bbox 1034 4239 1207 4311; x_wconf 82' lang='lat' dir='ltr'><strong>Eligat</strong></span> <span class='ocrx_word' id='word_1_310' title='bbox 1257 4234 1574 4290; x_wconf 85' lang='lat' dir='ltr'><strong>adversarius</strong></span> <span class='ocrx_word' id='word_1_311' title='bbox 1611 4249 1637 4285; x_wconf 88' lang='lat' dir='ltr'><strong>e</strong></span> <span class='ocrx_word' id='word_1_312' title='bbox 1678 4228 1873 4284; x_wconf 90' lang='lat' dir='ltr'><strong>duobus</strong></span> 
     </span>
    </p>
   </div>
   <div class='ocr_carea' id='block_1_43' title="bbox 280 4325 1873 4414">
    <p class='ocr_par' dir='ltr' id='par_1_43' title="bbox 280 4325 1873 4414">
     <span class='ocr_line' id='line_1_43' title="bbox 280 4325 1873 4414; baseline -0.016 -14"><span class='ocrx_word' id='word_1_313' title='bbox 280 4345 411 4414; x_wconf 82' lang='lat' dir='ltr'><strong>quod</strong></span> <span class='ocrx_word' id='word_1_314' title='bbox 451 4343 599 4407; x_wconf 85' lang='lat' dir='ltr'><strong>vult,</strong></span> <span class='ocrx_word' id='word_1_315' title='bbox 641 4339 894 4410; x_wconf 87' lang='lat' dir='ltr'><strong>aptioncm</strong></span> <span class='ocrx_word' id='word_1_316' title='bbox 930 4335 976 4390; x_wconf 88' lang='lat' dir='ltr'><strong>ei</strong></span> <span class='ocrx_word' id='word_1_317' title='bbox 1007 4334 1205 4388; x_wconf 76' lang='lat' dir='ltr'><strong>donius.</strong></span> <span class='ocrx_word' id='word_1_318' title='bbox 1235 4329 1411 4384; x_wconf 80' lang='lat' dir='ltr'><strong>Manet</strong></span> <span class='ocrx_word' id='word_1_319' title='bbox 1446 4328 1498 4381; x_wconf 88' lang='lat' dir='ltr'><strong>in</strong></span> <span class='ocrx_word' id='word_1_320' title='bbox 1522 4325 1724 4381; x_wconf 86' lang='lat' dir='ltr'><strong>Christo</strong></span> <span class='ocrx_word' id='word_1_321' title='bbox 1749 4365 1763 4390; x_wconf 95' lang='lat'><strong>,</strong></span> <span class='ocrx_word' id='word_1_322' title='bbox 1805 4339 1873 4376; x_wconf 89' lang='lat' dir='ltr'><strong>an</strong></span> 
     </span>
    </p>
   </div>
   <div class='ocr_carea' id='block_1_44' title="bbox 281 4416 1872 4497">
    <p class='ocr_par' dir='ltr' id='par_1_44' title="bbox 281 4416 1872 4497">
     <span class='ocr_line' id='line_1_44' title="bbox 281 4416 1872 4497; baseline -0.013 -6"><span class='ocrx_word' id='word_1_323' title='bbox 281 4453 380 4491; x_wconf 84' lang='lat' dir='ltr'><strong>non</strong></span> <span class='ocrx_word' id='word_1_324' title='bbox 410 4443 583 4490; x_wconf 86' lang='lat' dir='ltr'><strong>manet</strong></span> <span class='ocrx_word' id='word_1_325' title='bbox 601 4434 627 4486; x_wconf 82' lang='lat'><strong><em>?</em></strong></span> <span class='ocrx_word' id='word_1_326' title='bbox 657 4432 718 4488; x_wconf 89' lang='lat' dir='ltr'><strong>Si</strong></span> <span class='ocrx_word' id='word_1_327' title='bbox 747 4437 949 4495; x_wconf 87' lang='lat' dir='ltr'><strong>manet,</strong></span> <span class='ocrx_word' id='word_1_328' title='bbox 981 4429 1052 4482; x_wconf 89' lang='lat' dir='ltr'><strong>ita</strong></span> <span class='ocrx_word' id='word_1_329' title='bbox 1078 4443 1194 4497; x_wconf 83' lang='lat' dir='ltr'><strong>ergo</strong></span> <span class='ocrx_word' id='word_1_330' title='bbox 1219 4423 1434 4478; x_wconf 85' lang='lat' dir='ltr'><strong>ambulet</strong></span> <span class='ocrx_word' id='word_1_331' title='bbox 1459 4430 1512 4474; x_wconf 89' lang='lat' dir='ltr'><strong>ut</strong></span> <span class='ocrx_word' id='word_1_332' title='bbox 1536 4419 1784 4474; x_wconf 82' lang='lat' dir='ltr'><strong>Christus.</strong></span> <span class='ocrx_word' id='word_1_333' title='bbox 1811 4416 1872 4472; x_wconf 90' lang='lat' dir='ltr'><strong>Si</strong></span> 
     </span>
    </p>
   </div>
   <div class='ocr_carea' id='block_1_45' title="bbox 282 4506 1875 4587">
    <p class='ocr_par' dir='ltr' id='par_1_45' title="bbox 282 4506 1875 4587">
     <span class='ocr_line' id='line_1_45' title="bbox 282 4506 1875 4587; baseline -0.015 -4"><span class='ocrx_word' id='word_1_334' title='bbox 282 4539 442 4582; x_wconf 78' lang='lat' dir='ltr'><strong>autem</strong></span> <span class='ocrx_word' id='word_1_335' title='bbox 468 4524 798 4582; x_wconf 88' lang='lat' dir='ltr'><strong>temerarium</strong></span> <span class='ocrx_word' id='word_1_336' title='bbox 822 4530 893 4576; x_wconf 80' lang='lat' dir='ltr'><strong>est</strong></span> <span class='ocrx_word' id='word_1_337' title='bbox 918 4563 934 4587; x_wconf 94' lang='lat'><strong>,</strong></span> <span class='ocrx_word' id='word_1_338' title='bbox 975 4517 1354 4574; x_wconf 81' lang='lat' dir='ltr'><strong>similitudinem</strong></span> <span class='ocrx_word' id='word_1_339' title='bbox 1396 4514 1637 4566; x_wconf 88' lang='lat' dir='ltr'><strong>virtutum</strong></span> <span class='ocrx_word' id='word_1_340' title='bbox 1666 4506 1875 4562; x_wconf 84' lang='lat' dir='ltr'><strong>Domini</strong></span> 
     </span>
    </p>
   </div>
   <div class='ocr_carea' id='block_1_46' title="bbox 282 4602 1875 4690">
    <p class='ocr_par' dir='ltr' id='par_1_46' title="bbox 282 4602 1875 4690">
     <span class='ocr_line' id='line_1_46' title="bbox 282 4602 1875 4690; baseline -0.014 -15"><span class='ocrx_word' id='word_1_341' title='bbox 282 4619 544 4690; x_wconf 79' lang='lat' dir='ltr'><strong>polliceri,</strong></span> <span class='ocrx_word' id='word_1_342' title='bbox 574 4633 677 4671; x_wconf 87' lang='lat' dir='ltr'><strong>non</strong></span> <span class='ocrx_word' id='word_1_343' title='bbox 713 4623 880 4669; x_wconf 84' lang='lat' dir='ltr'><strong>manet</strong></span> <span class='ocrx_word' id='word_1_344' title='bbox 903 4614 958 4667; x_wconf 89' lang='lat' dir='ltr'><strong>in</strong></span> <span class='ocrx_word' id='word_1_345' title='bbox 982 4610 1212 4676; x_wconf 83' lang='lat' dir='ltr'><strong>Christo,</strong></span> <span class='ocrx_word' id='word_1_346' title='bbox 1241 4607 1360 4680; x_wconf 88' lang='lat' dir='ltr'><strong>quia</strong></span> <span class='ocrx_word' id='word_1_347' title='bbox 1387 4621 1486 4659; x_wconf 92' lang='lat' dir='ltr'><strong>non</strong></span> <span class='ocrx_word' id='word_1_348' title='bbox 1516 4602 1795 4674; x_wconf 87' lang='lat' dir='ltr'><strong>ingreditur</strong></span> <span class='ocrx_word' id='word_1_349' title='bbox 1820 4607 1875 4652; x_wconf 88' lang='lat' dir='ltr'><strong>ut</strong></span> 
     </span>
    </p>
   </div>
   <div class='ocr_carea' id='block_1_47' title="bbox 282 4698 1876 4781">
    <p class='ocr_par' dir='ltr' id='par_1_47' title="bbox 282 4698 1876 4781">
     <span class='ocr_line' id='line_1_47' title="bbox 282 4698 1876 4781; baseline -0.016 -10"><span class='ocrx_word' id='word_1_350' title='bbox 282 4715 530 4771; x_wconf 84' lang='lat' dir='ltr'><strong>Christus.</strong></span> <span class='ocrx_word' id='word_1_351' title='bbox 577 4709 679 4766; x_wconf 85' lang='lat' dir='ltr'><strong>Ille</strong></span> <span class='ocrx_word' id='word_1_352' title='bbox 707 4717 968 4781; x_wconf 87' lang='lat' dir='ltr'><strong>peccatum</strong></span> <span class='ocrx_word' id='word_1_353' title='bbox 1005 4722 1108 4759; x_wconf 88' lang='lat' dir='ltr'><strong>non</strong></span> <span class='ocrx_word' id='word_1_354' title='bbox 1151 4702 1299 4776; x_wconf 82' lang='lat' dir='ltr'><strong>fecit,</strong></span> <span class='ocrx_word' id='word_1_355' title='bbox 1350 4714 1506 4770; x_wconf 89' lang='lat' dir='ltr'><strong>neque</strong></span> <span class='ocrx_word' id='word_1_356' title='bbox 1531 4698 1759 4751; x_wconf 85' lang='lat' dir='ltr'><strong>inventus</strong></span> <span class='ocrx_word' id='word_1_357' title='bbox 1802 4702 1876 4748; x_wconf 87' lang='lat' dir='ltr'><strong>est</strong></span> 
     </span>
    </p>
   </div>
   <div class='ocr_carea' id='block_1_48' title="bbox 283 4787 1874 4874">
    <p class='ocr_par' dir='ltr' id='par_1_48' title="bbox 283 4787 1874 4874">
     <span class='ocr_line' id='line_1_48' title="bbox 283 4787 1874 4874; baseline -0.013 -12"><span class='ocrx_word' id='word_1_358' title='bbox 283 4810 428 4864; x_wconf 87' lang='lat' dir='ltr'><strong>dolus</strong></span> <span class='ocrx_word' id='word_1_359' title='bbox 447 4809 500 4861; x_wconf 90' lang='lat' dir='ltr'><strong>in</strong></span> <span class='ocrx_word' id='word_1_360' title='bbox 531 4822 617 4860; x_wconf 90' lang='lat' dir='ltr'><strong>ore</strong></span> <span class='ocrx_word' id='word_1_361' title='bbox 653 4805 764 4874; x_wconf 85' lang='lat' dir='ltr'><strong>ejus</strong></span> <span class='ocrx_word' id='word_1_362' title='bbox 785 4844 800 4870; x_wconf 92' lang='lat'><strong>,</strong></span> <span class='ocrx_word' id='word_1_363' title='bbox 828 4801 913 4871; x_wconf 88' lang='lat' dir='ltr'><strong>qui</strong></span> <span class='ocrx_word' id='word_1_364' title='bbox 940 4815 1053 4852; x_wconf 88' lang='lat' dir='ltr'><strong>cum</strong></span> <span class='ocrx_word' id='word_1_365' title='bbox 1078 4793 1456 4850; x_wconf 88' lang='lat' dir='ltr'><strong>malediceretur</strong></span> <span class='ocrx_word' id='word_1_366' title='bbox 1477 4833 1492 4858; x_wconf 95' lang='lat'><strong>,</strong></span> <span class='ocrx_word' id='word_1_367' title='bbox 1529 4806 1629 4844; x_wconf 90' lang='lat' dir='ltr'><strong>non</strong></span> <span class='ocrx_word' id='word_1_368' title='bbox 1657 4787 1874 4842; x_wconf 86' lang='lat' dir='ltr'><strong>remale-</strong></span> 
     </span>
    </p>
   </div>
   <div class='ocr_carea' id='block_1_49' title="bbox 285 4883 1877 4967">
    <p class='ocr_par' dir='ltr' id='par_1_49' title="bbox 285 4883 1877 4967">
     <span class='ocr_line' id='line_1_49' title="bbox 285 4883 1877 4967; baseline -0.012 -14"><span class='ocrx_word' id='word_1_369' title='bbox 285 4901 439 4966; x_wconf 71' lang='lat' dir='ltr'><strong>dixit,</strong></span> <span class='ocrx_word' id='word_1_370' title='bbox 480 4907 527 4952; x_wconf 88' lang='lat' dir='ltr'><strong>et</strong></span> <span class='ocrx_word' id='word_1_371' title='bbox 553 4907 793 4967; x_wconf 86' lang='lat' dir='ltr'><strong>tanquam</strong></span> <span class='ocrx_word' id='word_1_372' title='bbox 821 4908 985 4964; x_wconf 87' lang='lat' dir='ltr'><strong>agnus</strong></span> <span class='ocrx_word' id='word_1_373' title='bbox 1021 4905 1192 4943; x_wconf 89' lang='lat' dir='ltr'><strong>coram</strong></span> <span class='ocrx_word' id='word_1_374' title='bbox 1242 4885 1504 4950; x_wconf 82' lang='lat' dir='ltr'><strong>tondente,</strong></span> <span class='ocrx_word' id='word_1_375' title='bbox 1537 4883 1609 4937; x_wconf 85' lang='lat' dir='ltr'><strong>sic</strong></span> <span class='ocrx_word' id='word_1_376' title='bbox 1635 4897 1734 4935; x_wconf 91' lang='lat' dir='ltr'><strong>non</strong></span> <span class='ocrx_word' id='word_1_377' title='bbox 1756 4897 1877 4951; x_wconf 88' lang='lat' dir='ltr'><strong>ape-</strong></span> 
     </span>
    </p>
   </div>
   <div class='ocr_carea' id='block_1_50' title="bbox 286 4973 1876 5060">
    <p class='ocr_par' dir='ltr' id='par_1_50' title="bbox 286 4973 1876 5060">
     <span class='ocr_line' id='line_1_50' title="bbox 286 4973 1876 5060; baseline -0.013 -14"><span class='ocrx_word' id='word_1_378' title='bbox 286 4995 384 5048; x_wconf 88' lang='lat' dir='ltr'><strong>ruit</strong></span> <span class='ocrx_word' id='word_1_379' title='bbox 418 5009 474 5047; x_wconf 90' lang='lat' dir='ltr'><strong>os</strong></span> <span class='ocrx_word' id='word_1_380' title='bbox 499 5007 649 5046; x_wconf 87' lang='lat' dir='ltr'><strong>suum</strong></span> <span class='ocrx_word' id='word_1_381' title='bbox 680 4987 836 5060; x_wconf 87' lang='lat' dir='ltr'><strong>(Isai.</strong></span> <span class='ocrx_word' id='word_1_382' title='bbox 866 4985 954 5041; x_wconf 78' lang='grc' dir='ltr'><strong>ιιιὶ</strong></span> <span class='ocrx_word' id='word_1_383' title='bbox 975 5027 990 5052; x_wconf 89' lang='grc'><em>,</em></span> <span class='ocrx_word' id='word_1_384' title='bbox 1031 4985 1065 5039; x_wconf 89' lang='lat'><strong>9</strong></span> <span class='ocrx_word' id='word_1_385' title='bbox 1086 5026 1100 5050; x_wconf 94' lang='lat'><strong>,</strong></span> <span class='ocrx_word' id='word_1_386' title='bbox 1125 4991 1170 5037; x_wconf 89' lang='lat' dir='ltr'><strong>et</strong></span> <span class='ocrx_word' id='word_1_387' title='bbox 1196 4981 1217 5036; x_wconf 87' lang='lat' dir='ltr'><strong>l</strong></span> <span class='ocrx_word' id='word_1_388' title='bbox 1241 4979 1382 5033; x_wconf 88' lang='lat' dir='ltr'><strong>Petr.</strong></span> <span class='ocrx_word' id='word_1_389' title='bbox 1412 4995 1481 5044; x_wconf 85' lang='grc' dir='ltr'>ιι,</span> <span class='ocrx_word' id='word_1_390' title='bbox 1513 4976 1583 5030; x_wconf 67' lang='lat'><strong>2‘2</strong></span> <span class='ocrx_word' id='word_1_391' title='bbox 1603 5018 1617 5042; x_wconf 91' lang='lat'><strong>,</strong></span> <span class='ocrx_word' id='word_1_392' title='bbox 1645 4973 1736 5047; x_wconf 72' lang='grc'><strong>25)</strong></span> <span class='ocrx_word' id='word_1_393' title='bbox 1763 4990 1777 5040; x_wconf 88' lang='grc'>;</span> <span class='ocrx_word' id='word_1_394' title='bbox 1809 4973 1876 5027; x_wconf 89' lang='lat' dir='ltr'><strong>ad</strong></span> 
     </span>
    </p>
   </div>
   <div class='ocr_carea' id='block_1_51' title="bbox 287 5066 1876 5154">
    <p class='ocr_par' dir='ltr' id='par_1_51' title="bbox 287 5066 1876 5154">
     <span class='ocr_line' id='line_1_51' title="bbox 287 5066 1876 5154; baseline -0.012 -15"><span class='ocrx_word' id='word_1_395' title='bbox 287 5101 432 5154; x_wconf 84' lang='lat' dir='ltr'><strong>quem</strong></span> <span class='ocrx_word' id='word_1_396' title='bbox 454 5083 586 5137; x_wconf 84' lang='lat' dir='ltr'><strong>venit</strong></span> <span class='ocrx_word' id='word_1_397' title='bbox 626 5081 859 5152; x_wconf 87' lang='lat' dir='ltr'><strong>princeps</strong></span> <span class='ocrx_word' id='word_1_398' title='bbox 885 5075 1060 5131; x_wconf 89' lang='lat' dir='ltr'><strong>mundi</strong></span> <span class='ocrx_word' id='word_1_399' title='bbox 1083 5075 1257 5139; x_wconf 84' lang='lat' dir='ltr'><strong>istius,</strong></span> <span class='ocrx_word' id='word_1_400' title='bbox 1289 5081 1334 5126; x_wconf 87' lang='lat' dir='ltr'><strong>et</strong></span> <span class='ocrx_word' id='word_1_401' title='bbox 1359 5069 1546 5124; x_wconf 85' lang='lat' dir='ltr'><strong>invenit</strong></span> <span class='ocrx_word' id='word_1_402' title='bbox 1584 5068 1637 5122; x_wconf 91' lang='lat' dir='ltr'><strong>in</strong></span> <span class='ocrx_word' id='word_1_403' title='bbox 1666 5084 1722 5122; x_wconf 90' lang='lat' dir='ltr'><strong>eo</strong></span> <span class='ocrx_word' id='word_1_404' title='bbox 1751 5066 1876 5120; x_wconf 85' lang='lat' dir='ltr'><strong>nihil</strong></span> 
     </span>
    </p>
   </div>
   <div class='ocr_carea' id='block_1_52' title="bbox 291 5161 1877 5246">
    <p class='ocr_par' dir='ltr' id='par_1_52' title="bbox 291 5161 1877 5246">
     <span class='ocr_line' id='line_1_52' title="bbox 291 5161 1877 5246; baseline -0.011 -18"><span class='ocrx_word' id='word_1_405' title='bbox 291 5173 464 5246; x_wconf 86' lang='lat' dir='ltr'><strong>(Joan.</strong></span> <span class='ocrx_word' id='word_1_406' title='bbox 495 5190 622 5241; x_wconf 72' lang='lat' dir='ltr'><strong>11v,</strong></span> <span class='ocrx_word' id='word_1_407' title='bbox 650 5171 772 5241; x_wconf 77' lang='lat'><strong>&#39;50);</strong></span> <span class='ocrx_word' id='word_1_408' title='bbox 817 5169 904 5240; x_wconf 85' lang='lat' dir='ltr'><strong>qui</strong></span> <span class='ocrx_word' id='word_1_409' title='bbox 944 5185 1058 5222; x_wconf 88' lang='lat' dir='ltr'><strong>cum</strong></span> <span class='ocrx_word' id='word_1_410' title='bbox 1106 5173 1364 5236; x_wconf 83' lang='lat' dir='ltr'><strong>peccatum</strong></span> <span class='ocrx_word' id='word_1_411' title='bbox 1390 5178 1490 5216; x_wconf 91' lang='lat' dir='ltr'><strong>non</strong></span> <span class='ocrx_word' id='word_1_412' title='bbox 1520 5161 1745 5232; x_wconf 81' lang='lat' dir='ltr'><strong>fecisset,</strong></span> <span class='ocrx_word' id='word_1_413' title='bbox 1786 5174 1877 5227; x_wconf 88' lang='lat' dir='ltr'><strong>pro</strong></span> 
     </span>
    </p>
   </div>
   <div class='ocr_carea' id='block_1_53' title="bbox 292 5253 1878 5341">
    <p class='ocr_par' dir='ltr' id='par_1_53' title="bbox 292 5253 1878 5341">
     <span class='ocr_line' id='line_1_53' title="bbox 292 5253 1878 5341; baseline -0.007 -20"><span class='ocrx_word' id='word_1_414' title='bbox 292 5269 430 5323; x_wconf 85' lang='lat' dir='ltr'><strong>nobis</strong></span> <span class='ocrx_word' id='word_1_415' title='bbox 475 5276 741 5341; x_wconf 85' lang='lat' dir='ltr'><strong>peccatum</strong></span> <span class='ocrx_word' id='word_1_416' title='bbox 788 5280 900 5318; x_wconf 87' lang='lat' dir='ltr'><strong>eum</strong></span> <span class='ocrx_word' id='word_1_417' title='bbox 932 5263 1050 5333; x_wconf 72' lang='grc' dir='ltr'>[ει-ξι</span> <span class='ocrx_word' id='word_1_418' title='bbox 1096 5259 1231 5313; x_wconf 86' lang='lat' dir='ltr'><strong>Deus</strong></span> <span class='ocrx_word' id='word_1_419' title='bbox 1275 5257 1336 5332; x_wconf 93' lang='lat' dir='ltr'><strong>(ll</strong></span> <span class='ocrx_word' id='word_1_420' title='bbox 1371 5256 1578 5323; x_wconf 90' lang='lat' dir='ltr'><strong>Cor.v,</strong></span> <span class='ocrx_word' id='word_1_421' title='bbox 1605 5255 1718 5326; x_wconf 72' lang='lat'><strong>2|).</strong></span> <span class='ocrx_word' id='word_1_422' title='bbox 1766 5253 1878 5310; x_wconf 78' lang='lat' dir='ltr'><strong>Nos</strong></span> 
     </span>
    </p>
   </div>
   <div class='ocr_carea' id='block_1_54' title="bbox 293 5347 1879 5430">
    <p class='ocr_par' dir='ltr' id='par_1_54' title="bbox 293 5347 1879 5430">
     <span class='ocr_line' id='line_1_54' title="bbox 293 5347 1879 5430; baseline -0.008 -18"><span class='ocrx_word' id='word_1_423' title='bbox 293 5370 484 5426; x_wconf 86' lang='lat' dir='ltr'><strong>autem,</strong></span> <span class='ocrx_word' id='word_1_424' title='bbox 535 5359 692 5430; x_wconf 77' lang='lat' dir='ltr'><strong>juxta</strong></span> <span class='ocrx_word' id='word_1_425' title='bbox 749 5353 1036 5425; x_wconf 85' lang='lat' dir='ltr'><strong>Epistolam</strong></span> <span class='ocrx_word' id='word_1_426' title='bbox 1085 5350 1299 5416; x_wconf 85' lang='lat' dir='ltr'><strong>Jacobi,</strong></span> <span class='ocrx_word' id='word_1_427' title='bbox 1348 5366 1368 5399; x_wconf 75' lang='grc' dir='ltr'><strong>ι</strong></span> <span class='ocrx_word' id='word_1_428' title='bbox 1416 5347 1576 5401; x_wconf 83' lang='lat' dir='ltr'><strong>multa</strong></span> <span class='ocrx_word' id='word_1_429' title='bbox 1615 5362 1879 5417; x_wconf 80' lang='lat' dir='ltr'><strong>peccamus</strong></span> 
     </span>
    </p>
   </div>
   <div class='ocr_carea' id='block_1_55' title="bbox 312 5440 1878 5524">
    <p class='ocr_par' dir='ltr' id='par_1_55' title="bbox 312 5440 1878 5524">
     <span class='ocr_line' id='line_1_55' title="bbox 312 5440 1878 5524; baseline -0.008 -18"><span class='ocrx_word' id='word_1_430' title='bbox 312 5475 328 5506; x_wconf 83' lang='grc' dir='ltr'><strong>ι</strong></span> <span class='ocrx_word' id='word_1_431' title='bbox 360 5469 529 5508; x_wconf 85' lang='lat' dir='ltr'><strong>omnes</strong></span> <span class='ocrx_word' id='word_1_432' title='bbox 558 5472 576 5505; x_wconf 80' lang='grc' dir='ltr'><strong>ι</strong></span> <span class='ocrx_word' id='word_1_433' title='bbox 615 5449 818 5524; x_wconf 80' lang='lat' dir='ltr'><strong>(Jacobi</strong></span> <span class='ocrx_word' id='word_1_434' title='bbox 839 5464 892 5503; x_wconf 90' lang='grc' dir='ltr'><strong>ιιι</strong></span> <span class='ocrx_word' id='word_1_435' title='bbox 915 5489 930 5515; x_wconf 91' lang='grc'><em>,</em></span> <span class='ocrx_word' id='word_1_436' title='bbox 951 5445 1011 5513; x_wconf 73' lang='lat'><strong>2)</strong></span> <span class='ocrx_word' id='word_1_437' title='bbox 1029 5487 1042 5513; x_wconf 92' lang='lat'><strong>,</strong></span> <span class='ocrx_word' id='word_1_438' title='bbox 1068 5456 1112 5501; x_wconf 90' lang='lat' dir='ltr'><strong>et</strong></span> <span class='ocrx_word' id='word_1_439' title='bbox 1139 5461 1283 5500; x_wconf 87' lang='lat' dir='ltr'><strong>nemo</strong></span> <span class='ocrx_word' id='word_1_440' title='bbox 1321 5441 1538 5497; x_wconf 86' lang='lat' dir='ltr'><strong>mundus</strong></span> <span class='ocrx_word' id='word_1_441' title='bbox 1566 5457 1599 5493; x_wconf 90' lang='lat' dir='ltr'><strong>a</strong></span> <span class='ocrx_word' id='word_1_442' title='bbox 1630 5440 1878 5510; x_wconf 88' lang='lat' dir='ltr'><strong>peccatis,</strong></span> 
     </span>
    </p>
   </div>
   <div class='ocr_carea' id='block_1_56' title="bbox 361 5577 1880 5662">
    <p class='ocr_par' dir='ltr' id='par_1_56' title="bbox 361 5577 1880 5662">
     <span class='ocr_line' id='line_1_56' title="bbox 361 5577 1880 5662; baseline -0.011 -23"><span class='ocrx_word' id='word_1_443' title='bbox 361 5591 382 5661; x_wconf 48' lang='lat' dir='ltr'>ﬁ</span> <span class='ocrx_word' id='word_1_444' title='bbox 407 5588 581 5662; x_wconf 60' lang='lat' dir='ltr'><strong>abest,</strong></span> <span class='ocrx_word' id='word_1_445' title='bbox 623 5590 792 5638; x_wconf 87' lang='lat' dir='ltr'><strong>contra</strong></span> <span class='ocrx_word' id='word_1_446' title='bbox 829 5579 1122 5642; x_wconf 82' lang='lat' dir='ltr'><strong>Ecclesium,</strong></span> <span class='ocrx_word' id='word_1_447' title='bbox 1158 5580 1220 5629; x_wconf 89' lang='lat' dir='ltr'><strong>ab</strong></span> <span class='ocrx_word' id='word_1_448' title='bbox 1256 5577 1481 5629; x_wconf 89' lang='lat' dir='ltr'><strong>omnibus</strong></span> <span class='ocrx_word' id='word_1_449' title='bbox 1525 5589 1678 5640; x_wconf 76' lang='lat' dir='ltr'><strong>prope</strong></span> <span class='ocrx_word' id='word_1_450' title='bbox 1709 5587 1880 5624; x_wconf 88' lang='lat' dir='ltr'><strong>manu-</strong></span> 
     </span>
    </p>
   </div>
   <div class='ocr_carea' id='block_1_57' title="bbox 296 5660 1883 5826">
    <p class='ocr_par' dir='ltr' id='par_1_57' title="bbox 296 5660 1883 5826">
     <span class='ocr_line' id='line_1_57' title="bbox 296 5660 1883 5826; baseline -0.023 -2"><span class='ocrx_word' id='word_1_451' title='bbox 296 5660 550 5826; x_wconf 52' lang='grc' dir='ltr'>ἓιιῗξέρι</span> <span class='ocrx_word' id='word_1_452' title='bbox 573 5719 705 5824; x_wconf 44' lang='lat' dir='ltr'><strong>dii.</strong></span> <span class='ocrx_word' id='word_1_453' title='bbox 751 5704 1079 5760; x_wconf 78' lang='lat' dir='ltr'><strong>sanctinwnia:</strong></span> <span class='ocrx_word' id='word_1_454' title='bbox 1106 5717 1125 5756; x_wconf 90' lang='lat'><strong><em>:</em></strong></span> <span class='ocrx_word' id='word_1_455' title='bbox 1167 5711 1414 5767; x_wconf 67' lang='lat' dir='ltr'><strong>corruPle-</strong></span> <span class='ocrx_word' id='word_1_456' title='bbox 1471 5702 1588 5753; x_wconf 54' lang='lat' dir='ltr'><strong>“ide</strong></span> <span class='ocrx_word' id='word_1_457' title='bbox 1622 5706 1786 5749; x_wconf 61' lang='lat' dir='ltr'><strong>Euam</strong></span> <span class='ocrx_word' id='word_1_458' title='bbox 1833 5700 1883 5749; x_wconf 59' lang='lat' dir='ltr'><strong>in</strong></span> 
     </span>
     <span class='ocr_line' id='line_1_58' title="bbox 337 5790 686 5826; baseline 0.011 -6"><span class='ocrx_word' id='word_1_459' title='bbox 337 5790 345 5797; x_wconf 82' lang='lat'><strong>&#39;</strong></span> <span class='ocrx_word' id='word_1_460' title='bbox 399 5811 412 5822; x_wconf 88' lang='lat'><strong>.</strong></span> <span class='ocrx_word' id='word_1_461' title='bbox 499 5812 512 5826; x_wconf 76' lang='grc' dir='ltr'><strong>ι</strong></span> <span class='ocrx_word' id='word_1_462' title='bbox 537 5790 589 5824; x_wconf 75' lang='lat' dir='ltr'><strong>Il.</strong></span> <span class='ocrx_word' id='word_1_463' title='bbox 639 5791 686 5824; x_wconf 79' lang='grc' dir='ltr'><strong>ο).</strong></span> 
     </span>
    </p>
   </div>
   <div class='ocr_carea' id='block_1_58' title="bbox 358 5776 1887 5900">
    <p class='ocr_par' dir='ltr' id='par_1_58' title="bbox 358 5776 1887 5900">
     <span class='ocr_line' id='line_1_59' title="bbox 358 5776 1887 5900; baseline -0.007 -15"><span class='ocrx_word' id='word_1_464' title='bbox 358 5776 898 5900; x_wconf 49' lang='grc' dir='ltr'><strong>ῗὲ)9.ῗῖιὲὁ,1ἕιίρᾱίιῐιιιδ,</strong></span> <span class='ocrx_word' id='word_1_465' title='bbox 923 5830 1031 5892; x_wconf 77' lang='grc'><strong>411,</strong></span> <span class='ocrx_word' id='word_1_466' title='bbox 1055 5844 1164 5880; x_wconf 88' lang='lat' dir='ltr'><strong>cum</strong></span> <span class='ocrx_word' id='word_1_467' title='bbox 1187 5828 1313 5894; x_wconf 88' lang='lat' dir='ltr'><strong>apud</strong></span> <span class='ocrx_word' id='word_1_468' title='bbox 1335 5827 1672 5900; x_wconf 66' lang='lat' dir='ltr'><strong>Carthaginem</strong></span> <span class='ocrx_word' id='word_1_469' title='bbox 1692 5823 1887 5900; x_wconf 75' lang='lat' dir='ltr'><strong>Collatia</strong></span> 
     </span>
    </p>
   </div>
   <div class='ocr_carea' id='block_1_59' title="bbox 297 5889 1887 5956">
    <p class='ocr_par' dir='ltr' id='par_1_59' title="bbox 297 5889 1887 5956">
     <span class='ocr_line' id='line_1_60' title="bbox 297 5889 1887 5956; baseline -0.008 -9"><span class='ocrx_word' id='word_1_470' title='bbox 297 5889 683 5949; x_wconf 61' lang='lat' dir='ltr'><strong>cuin~&#39;t)onatiStis</strong></span> <span class='ocrx_word' id='word_1_471' title='bbox 705 5889 990 5947; x_wconf 83' lang='lat' dir='ltr'><strong>haberetur.</strong></span> <span class='ocrx_word' id='word_1_472' title='bbox 1015 5889 1114 5953; x_wconf 81' lang='lat' dir='ltr'><strong>Quo</strong></span> <span class='ocrx_word' id='word_1_473' title='bbox 1137 5889 1360 5956; x_wconf 82' lang='lat' dir='ltr'><strong>tempore</strong></span> <span class='ocrx_word' id='word_1_474' title='bbox 1384 5891 1630 5956; x_wconf 76' lang='lat' dir='ltr'><strong>Pelagium</strong></span> <span class='ocrx_word' id='word_1_475' title='bbox 1667 5902 1694 5936; x_wconf 89' lang='lat' dir='ltr'><strong>a</strong></span> <span class='ocrx_word' id='word_1_476' title='bbox 1733 5900 1790 5956; x_wconf 76' lang='lat' dir='ltr'><strong>se</strong></span> <span class='ocrx_word' id='word_1_477' title='bbox 1813 5889 1887 5956; x_wconf 85' lang='lat' dir='ltr'><strong>v_i_-</strong></span> 
     </span>
    </p>
   </div>
   <div class='ocr_carea' id='block_1_60' title="bbox 297 5948 1887 6078">
    <p class='ocr_par' dir='ltr' id='par_1_60' title="bbox 297 5948 1887 6074">
     <span class='ocr_line' id='line_1_61' title="bbox 297 5948 1887 6074; baseline -0.004 -66"><span class='ocrx_word' id='word_1_478' title='bbox 297 5973 430 6074; x_wconf 43' lang='lat' dir='ltr'><strong>an?“</strong></span> <span class='ocrx_word' id='word_1_479' title='bbox 425 5948 635 6014; x_wconf 73' lang='lat' dir='ltr'><strong>testatur</strong></span> <span class='ocrx_word' id='word_1_480' title='bbox 667 5948 979 6024; x_wconf 65' lang='lat' dir='ltr'><strong>Augustinus,</strong></span> <span class='ocrx_word' id='word_1_481' title='bbox 1006 5948 1144 6020; x_wconf 76' lang='lat' dir='ltr'><strong>intra,</strong></span> <span class='ocrx_word' id='word_1_482' title='bbox 1181 5948 1392 6006; x_wconf 73' lang='lat' dir='ltr'><strong>in&#39;libro</strong></span> <span class='ocrx_word' id='word_1_483' title='bbox 1413 5954 1478 6004; x_wconf 88' lang='lat' dir='ltr'><strong>de</strong></span> <span class='ocrx_word' id='word_1_484' title='bbox 1687 5948 1887 6017; x_wconf 76' lang='lat' dir='ltr'><strong>Pelagii,</strong></span> 
     </span>
    </p>
   </div>
   <div class='ocr_carea' id='block_1_61' title="bbox 1640 477 2202 568">
    <p class='ocr_par' dir='ltr' id='par_1_61' title="bbox 1640 477 2202 568">
     <span class='ocr_line' id='line_1_62' title="bbox 1640 477 2202 568; baseline 0.009 -27"><span class='ocrx_word' id='word_1_485' title='bbox 1640 477 1844 541; x_wconf 80' lang='lat' dir='ltr'><strong>LIBER</strong></span> <span class='ocrx_word' id='word_1_486' title='bbox 1882 477 2202 568; x_wconf 79' lang='lat' dir='ltr'><strong>TERTIUS.</strong></span> 
     </span>
    </p>
   </div>
   <div class='ocr_carea' id='block_1_62' title="bbox 3449 493 3556 564">
    <p class='ocr_par' dir='ltr' id='par_1_62' title="bbox 3449 493 3556 564">
     <span class='ocr_line' id='line_1_63' title="bbox 3449 493 3556 564; baseline 0.028 -3"><span class='ocrx_word' id='word_1_487' title='bbox 3449 493 3556 564; x_wconf 73' lang='lat' dir='ltr'><strong>tot</strong></span> 
     </span>
    </p>
   </div>
   <div class='ocr_carea' id='block_1_63' title="bbox 1968 601 3552 705">
    <p class='ocr_par' dir='ltr' id='par_1_63' title="bbox 1968 601 3552 705">
     <span class='ocr_line' id='line_1_64' title="bbox 1968 601 3552 705; baseline 0.015 -54"><span class='ocrx_word' id='word_1_488' title='bbox 1968 613 2072 705; x_wconf 40' lang='lat' dir='ltr'><strong>nec.</strong></span> <span class='ocrx_word' id='word_1_489' title='bbox 2095 601 2140 654; x_wconf 87' lang='lat' dir='ltr'><strong>si</strong></span> <span class='ocrx_word' id='word_1_490' title='bbox 2179 601 2325 705; x_wconf 81' lang='lat' dir='ltr'><strong>unius</strong></span> <span class='ocrx_word' id='word_1_491' title='bbox 2579 606 2678 663; x_wconf 88' lang='lat' dir='ltr'><strong>diei</strong></span> <span class='ocrx_word' id='word_1_492' title='bbox 2701 609 2855 679; x_wconf 81' lang='lat' dir='ltr'><strong>fuerit</strong></span> <span class='ocrx_word' id='word_1_493' title='bbox 2886 611 2989 668; x_wconf 89' lang='lat' dir='ltr'><strong>vita</strong></span> <span class='ocrx_word' id='word_1_494' title='bbox 3013 613 3125 686; x_wconf 83' lang='lat' dir='ltr'><strong>ejus</strong></span> <span class='ocrx_word' id='word_1_495' title='bbox 3145 611 3290 687; x_wconf 89' lang='lat' dir='ltr'><strong>(Job.</strong></span> <span class='ocrx_word' id='word_1_496' title='bbox 3320 627 3444 685; x_wconf 75' lang='lat' dir='ltr'><strong>m,</strong></span> <span class='ocrx_word' id='word_1_497' title='bbox 3474 617 3552 689; x_wconf 83' lang='lat'><strong>5).</strong></span> 
     </span>
    </p>
   </div>
   <div class='ocr_carea' id='block_1_64' title="bbox 1970 691 3558 780">
    <p class='ocr_par' dir='ltr' id='par_1_64' title="bbox 1970 691 3558 780">
     <span class='ocr_line' id='line_1_65' title="bbox 1970 691 3558 780; baseline 0.011 -34"><span class='ocrx_word' id='word_1_498' title='bbox 1970 691 2096 760; x_wconf 84' lang='lat' dir='ltr'><strong>Quis</strong></span> <span class='ocrx_word' id='word_1_499' title='bbox 2145 696 2277 750; x_wconf 88' lang='lat' dir='ltr'><strong>enim</strong></span> <span class='ocrx_word' id='word_1_500' title='bbox 2317 698 2616 768; x_wconf 85' lang='lat' dir='ltr'><strong>gloriabitur</strong></span> <span class='ocrx_word' id='word_1_501' title='bbox 2640 713 2832 759; x_wconf 85' lang='lat' dir='ltr'><strong>castum</strong></span> <span class='ocrx_word' id='word_1_502' title='bbox 2867 724 2922 762; x_wconf 88' lang='lat' dir='ltr'><strong>se</strong></span> <span class='ocrx_word' id='word_1_503' title='bbox 2962 707 3147 763; x_wconf 87' lang='lat' dir='ltr'><strong>habere</strong></span> <span class='ocrx_word' id='word_1_504' title='bbox 3179 725 3267 763; x_wconf 89' lang='lat' dir='ltr'><strong>cor</strong></span> <span class='ocrx_word' id='word_1_505' title='bbox 3287 751 3300 777; x_wconf 93' lang='lat'><strong>,</strong></span> <span class='ocrx_word' id='word_1_506' title='bbox 3333 720 3417 762; x_wconf 87' lang='lat' dir='ltr'><strong>aut</strong></span> <span class='ocrx_word' id='word_1_507' title='bbox 3444 711 3558 780; x_wconf 84' lang='lat' dir='ltr'><strong>quis</strong></span> 
     </span>
    </p>
   </div>
   <div class='ocr_carea' id='block_1_65' title="bbox 1966 788 3558 876">
    <p class='ocr_par' dir='ltr' id='par_1_65' title="bbox 1966 788 3558 876">
     <span class='ocr_line' id='line_1_66' title="bbox 1966 788 3558 876; baseline 0.013 -36"><span class='ocrx_word' id='word_1_508' title='bbox 1966 788 2184 856; x_wconf 82' lang='lat' dir='ltr'><strong>con/idet</strong></span> <span class='ocrx_word' id='word_1_509' title='bbox 2210 792 2451 847; x_wconf 89' lang='lat' dir='ltr'><strong>mundum</strong></span> <span class='ocrx_word' id='word_1_510' title='bbox 2471 811 2523 848; x_wconf 88' lang='lat' dir='ltr'><strong>se</strong></span> <span class='ocrx_word' id='word_1_511' title='bbox 2545 812 2651 850; x_wconf 87' lang='lat' dir='ltr'><strong>esse</strong></span> <span class='ocrx_word' id='word_1_512' title='bbox 2670 814 2700 849; x_wconf 91' lang='lat' dir='ltr'><strong>a</strong></span> <span class='ocrx_word' id='word_1_513' title='bbox 2729 801 2945 868; x_wconf 85' lang='lat' dir='ltr'><strong>peccatis</strong></span> <span class='ocrx_word' id='word_1_514' title='bbox 2975 800 3155 875; x_wconf 80' lang='lat' dir='ltr'><strong>(Prov.</strong></span> <span class='ocrx_word' id='word_1_515' title='bbox 3183 820 3254 858; x_wconf 77' lang='lat' dir='ltr'><strong>xx</strong></span> <span class='ocrx_word' id='word_1_516' title='bbox 3283 845 3296 867; x_wconf 95' lang='lat'><strong>,</strong></span> <span class='ocrx_word' id='word_1_517' title='bbox 3331 803 3428 876; x_wconf 83' lang='lat'><strong>9)?</strong></span> <span class='ocrx_word' id='word_1_518' title='bbox 3463 803 3558 859; x_wconf 83' lang='lat' dir='ltr'><strong>Te-</strong></span> 
     </span>
    </p>
   </div>
   <div class='ocr_carea' id='block_1_66' title="bbox 1966 885 3554 966">
    <p class='ocr_par' dir='ltr' id='par_1_66' title="bbox 1966 885 3554 966">
     <span class='ocr_line' id='line_1_67' title="bbox 1966 885 3554 966; baseline 0.014 -34"><span class='ocrx_word' id='word_1_519' title='bbox 1966 895 2238 954; x_wconf 81' lang='lat' dir='ltr'><strong>nenturque</strong></span> <span class='ocrx_word' id='word_1_520' title='bbox 2274 885 2346 939; x_wconf 90' lang='lat' dir='ltr'><strong>rei</strong></span> <span class='ocrx_word' id='word_1_521' title='bbox 2389 887 2442 942; x_wconf 88' lang='lat' dir='ltr'><strong>in</strong></span> <span class='ocrx_word' id='word_1_522' title='bbox 2475 888 2856 948; x_wconf 87' lang='lat' dir='ltr'><strong>similitudinem</strong></span> <span class='ocrx_word' id='word_1_523' title='bbox 2897 898 3323 966; x_wconf 80' lang='lat' dir='ltr'><strong>prtevaricationis</strong></span> <span class='ocrx_word' id='word_1_524' title='bbox 3365 898 3554 956; x_wconf 83' lang='lat' dir='ltr'><strong>Adam.</strong></span> 
     </span>
    </p>
   </div>
   <div class='ocr_carea' id='block_1_67' title="bbox 1971 969 3553 1061">
    <p class='ocr_par' dir='ltr' id='par_1_67' title="bbox 1971 969 3553 1061">
     <span class='ocr_line' id='line_1_68' title="bbox 1971 969 3553 1061; baseline 0.013 -35"><span class='ocrx_word' id='word_1_525' title='bbox 1971 969 2118 1026; x_wconf 87' lang='lat' dir='ltr'><strong>Unde</strong></span> <span class='ocrx_word' id='word_1_526' title='bbox 2143 982 2188 1028; x_wconf 89' lang='lat' dir='ltr'><strong>et</strong></span> <span class='ocrx_word' id='word_1_527' title='bbox 2216 973 2383 1030; x_wconf 85' lang='lat' dir='ltr'><strong>David</strong></span> <span class='ocrx_word' id='word_1_528' title='bbox 2410 979 2566 1048; x_wconf 86' lang='lat' dir='ltr'><strong>dicit,</strong></span> <span class='ocrx_word' id='word_1_529' title='bbox 2601 1001 2621 1034; x_wconf 76' lang='grc' dir='ltr'><strong>ι</strong></span> <span class='ocrx_word' id='word_1_530' title='bbox 2657 981 2786 1039; x_wconf 85' lang='lat' dir='ltr'><strong>Ecce</strong></span> <span class='ocrx_word' id='word_1_531' title='bbox 2825 985 2878 1040; x_wconf 91' lang='lat' dir='ltr'><strong>in</strong></span> <span class='ocrx_word' id='word_1_532' title='bbox 2906 987 3251 1058; x_wconf 87' lang='lat' dir='ltr'><strong>iniquitatibus</strong></span> <span class='ocrx_word' id='word_1_533' title='bbox 3281 1000 3553 1061; x_wconf 79' lang='lat' dir='ltr'><strong>conceptus</strong></span> 
     </span>
    </p>
   </div>
   <div class='ocr_carea' id='block_1_68' title="bbox 1973 1071 3551 1231">
    <p class='ocr_par' dir='ltr' id='par_1_68' title="bbox 1973 1071 3551 1231">
     <span class='ocr_line' id='line_1_69' title="bbox 1973 1071 3551 1231; baseline 0.012 -114"><span class='ocrx_word' id='word_1_534' title='bbox 1973 1083 1992 1117; x_wconf 73' lang='grc' dir='ltr'><strong>ι</strong></span> <span class='ocrx_word' id='word_1_535' title='bbox 2037 1082 2182 1231; x_wconf 51' lang='lat' dir='ltr'><strong>sggn,</strong></span> <span class='ocrx_word' id='word_1_536' title='bbox 2233 1079 2280 1123; x_wconf 82' lang='lat' dir='ltr'><strong>et</strong></span> <span class='ocrx_word' id='word_1_537' title='bbox 2309 1071 2362 1124; x_wconf 87' lang='lat' dir='ltr'><strong>in</strong></span> <span class='ocrx_word' id='word_1_538' title='bbox 2389 1071 2584 1128; x_wconf 87' lang='lat' dir='ltr'><strong>delictis</strong></span> <span class='ocrx_word' id='word_1_539' title='bbox 2622 1077 2849 1148; x_wconf 88' lang='lat' dir='ltr'><strong>concepit</strong></span> <span class='ocrx_word' id='word_1_540' title='bbox 2887 1095 2965 1133; x_wconf 88' lang='lat' dir='ltr'><strong>me</strong></span> <span class='ocrx_word' id='word_1_541' title='bbox 3001 1090 3158 1135; x_wconf 89' lang='lat' dir='ltr'><strong>mater</strong></span> <span class='ocrx_word' id='word_1_542' title='bbox 3177 1099 3286 1137; x_wconf 88' lang='lat' dir='ltr'><strong>mea</strong></span> <span class='ocrx_word' id='word_1_543' title='bbox 3322 1103 3341 1136; x_wconf 75' lang='grc' dir='ltr'><strong>ι</strong></span> <span class='ocrx_word' id='word_1_544' title='bbox 3374 1081 3551 1154; x_wconf 79' lang='lat' dir='ltr'><strong>(Psal.</strong></span> 
     </span>
     <span class='ocr_line' id='line_1_70' title="bbox 1973 1172 3506 1224; baseline 0.011 -11"><span class='ocrx_word' id='word_1_545' title='bbox 1973 1173 2031 1224; x_wconf 88' lang='lat' dir='ltr'><strong>L,</strong></span> <span class='ocrx_word' id='word_1_546' title='bbox 2127 1199 2140 1213; x_wconf 95' lang='lat'><strong>.</strong></span> <span class='ocrx_word' id='word_1_547' title='bbox 3503 1172 3506 1174; x_wconf 56' lang='grc'>⁷</span> 
     </span>
    </p>
   </div>
   <div class='ocr_carea' id='block_1_69' title="bbox 1967 1172 3506 1224">
    <p class='ocr_par' dir='ltr' id='par_1_69' title="bbox 1967 1172 3506 1224">
     <span class='ocr_line' id='line_1_71' title="bbox 1967 1172 3506 1224; baseline -0.005 -10"><span class='ocrx_word' id='word_1_548' title='bbox 1967 1172 2140 1224; x_wconf 80' lang='grc' dir='ltr'><strong>ι,Ἱ).</strong></span> <span class='ocrx_word' id='word_1_549' title='bbox 3503 1172 3506 1174; x_wconf 66' lang='grc'>⁷</span> 
     </span>
    </p>
   </div>
   <div class='ocr_carea' id='block_1_70' title="bbox 2040 1254 3558 1340">
    <p class='ocr_par' dir='ltr' id='par_1_70' title="bbox 2040 1254 3558 1340">
     <span class='ocr_line' id='line_1_72' title="bbox 2040 1254 3558 1340; baseline 0.014 -33"><span class='ocrx_word' id='word_1_550' title='bbox 2040 1254 2125 1308; x_wconf 76' lang='grc'><strong>14.</strong></span> <span class='ocrx_word' id='word_1_551' title='bbox 2159 1254 2283 1311; x_wconf 53' lang='lat' dir='ltr'><strong>llaec</strong></span> <span class='ocrx_word' id='word_1_552' title='bbox 2305 1272 2410 1313; x_wconf 91' lang='lat' dir='ltr'><strong>non</strong></span> <span class='ocrx_word' id='word_1_553' title='bbox 2454 1259 2575 1316; x_wconf 91' lang='lat' dir='ltr'><strong>ideo</strong></span> <span class='ocrx_word' id='word_1_554' title='bbox 2599 1265 3048 1334; x_wconf 87' lang='lat' dir='ltr'><strong>commemoravi,</strong></span> <span class='ocrx_word' id='word_1_555' title='bbox 3079 1267 3220 1338; x_wconf 90' lang='lat' dir='ltr'><strong>quod</strong></span> <span class='ocrx_word' id='word_1_556' title='bbox 3265 1269 3558 1340; x_wconf 75' lang='lat' dir='ltr'><strong>diSputato-</strong></span> 
     </span>
    </p>
   </div>
   <div class='ocr_carea' id='block_1_71' title="bbox 1967 1352 3556 1450">
    <p class='ocr_par' dir='ltr' id='par_1_71' title="bbox 1967 1352 3556 1450">
     <span class='ocr_line' id='line_1_73' title="bbox 1967 1352 3556 1450; baseline 0.011 -50"><span class='ocrx_word' id='word_1_557' title='bbox 1967 1362 2084 1450; x_wconf 78' lang='lat' dir='ltr'><strong>rum</strong></span> <span class='ocrx_word' id='word_1_558' title='bbox 2112 1352 2468 1450; x_wconf 81' lang='lat' dir='ltr'><strong>quorumlibet</strong></span> <span class='ocrx_word' id='word_1_559' title='bbox 2497 1356 2780 1411; x_wconf 88' lang='lat' dir='ltr'><strong>sententiis</strong></span> <span class='ocrx_word' id='word_1_560' title='bbox 2810 1367 3058 1429; x_wconf 87' lang='lat' dir='ltr'><strong>tanquam</strong></span> <span class='ocrx_word' id='word_1_561' title='bbox 3088 1361 3342 1416; x_wconf 85' lang='lat' dir='ltr'><strong>canonica</strong></span> <span class='ocrx_word' id='word_1_562' title='bbox 3372 1372 3556 1418; x_wconf 85' lang='lat' dir='ltr'><strong>aucto-</strong></span> 
     </span>
    </p>
   </div>
   <div class='ocr_carea' id='block_1_72' title="bbox 1967 1441 3560 1526">
    <p class='ocr_par' dir='ltr' id='par_1_72' title="bbox 1967 1441 3560 1526">
     <span class='ocr_line' id='line_1_74' title="bbox 1967 1441 3560 1526; baseline 0.011 -32"><span class='ocrx_word' id='word_1_563' title='bbox 1967 1441 2123 1495; x_wconf 90' lang='lat' dir='ltr'><strong>ritate</strong></span> <span class='ocrx_word' id='word_1_564' title='bbox 2151 1441 2412 1511; x_wconf 88' lang='lat' dir='ltr'><strong>nitamur;</strong></span> <span class='ocrx_word' id='word_1_565' title='bbox 2442 1446 2538 1501; x_wconf 88' lang='lat' dir='ltr'><strong>sed</strong></span> <span class='ocrx_word' id='word_1_566' title='bbox 2579 1455 2636 1502; x_wconf 92' lang='lat' dir='ltr'><strong>ut</strong></span> <span class='ocrx_word' id='word_1_567' title='bbox 2673 1459 2957 1520; x_wconf 82' lang='lat' dir='ltr'><strong>appareat,</strong></span> <span class='ocrx_word' id='word_1_568' title='bbox 2989 1452 3057 1508; x_wconf 92' lang='lat' dir='ltr'><strong>ab</strong></span> <span class='ocrx_word' id='word_1_569' title='bbox 3095 1453 3246 1508; x_wconf 92' lang='lat' dir='ltr'><strong>initio</strong></span> <span class='ocrx_word' id='word_1_570' title='bbox 3296 1470 3462 1526; x_wconf 88' lang='lat' dir='ltr'><strong>usque</strong></span> <span class='ocrx_word' id='word_1_571' title='bbox 3489 1455 3560 1513; x_wconf 91' lang='lat' dir='ltr'><strong>ad</strong></span> 
     </span>
    </p>
   </div>
   <div class='ocr_carea' id='block_1_73' title="bbox 1968 1539 3560 1612">
    <p class='ocr_par' dir='ltr' id='par_1_73' title="bbox 1968 1539 3560 1612">
     <span class='ocr_line' id='line_1_75' title="bbox 1968 1539 3560 1612; baseline 0.011 -27"><span class='ocrx_word' id='word_1_572' title='bbox 1968 1545 2208 1602; x_wconf 84' lang='lat' dir='ltr'><strong>praesens</strong></span> <span class='ocrx_word' id='word_1_573' title='bbox 2257 1543 2465 1606; x_wconf 88' lang='lat' dir='ltr'><strong>tempus</strong></span> <span class='ocrx_word' id='word_1_574' title='bbox 2498 1552 2605 1609; x_wconf 93' lang='lat' dir='ltr'><strong>quo</strong></span> <span class='ocrx_word' id='word_1_575' title='bbox 2653 1539 2756 1595; x_wconf 89' lang='lat' dir='ltr'><strong>ista</strong></span> <span class='ocrx_word' id='word_1_576' title='bbox 2800 1543 3006 1598; x_wconf 89' lang='lat' dir='ltr'><strong>novitas</strong></span> <span class='ocrx_word' id='word_1_577' title='bbox 3044 1553 3160 1599; x_wconf 92' lang='lat' dir='ltr'><strong>orta</strong></span> <span class='ocrx_word' id='word_1_578' title='bbox 3203 1554 3313 1612; x_wconf 89' lang='lat' dir='ltr'><strong>est,</strong></span> <span class='ocrx_word' id='word_1_579' title='bbox 3346 1545 3448 1601; x_wconf 90' lang='lat' dir='ltr'><strong>hoc</strong></span> <span class='ocrx_word' id='word_1_580' title='bbox 3489 1544 3560 1603; x_wconf 89' lang='lat' dir='ltr'><strong>de</strong></span> 
     </span>
    </p>
   </div>
   <div class='ocr_carea' id='block_1_74' title="bbox 1967 1625 3560 1726">
    <p class='ocr_par' dir='ltr' id='par_1_74' title="bbox 1967 1625 3560 1726">
     <span class='ocr_line' id='line_1_76' title="bbox 1967 1625 3560 1726; baseline 0.011 -49"><span class='ocrx_word' id='word_1_581' title='bbox 1967 1625 2207 1726; x_wconf 76' lang='lat' dir='ltr'><strong>originali</strong></span> <span class='ocrx_word' id='word_1_582' title='bbox 2237 1638 2452 1726; x_wconf 79' lang='lat' dir='ltr'><strong>peccato</strong></span> <span class='ocrx_word' id='word_1_583' title='bbox 2476 1631 2617 1726; x_wconf 81' lang='lat' dir='ltr'><strong>apud</strong></span> <span class='ocrx_word' id='word_1_584' title='bbox 2663 1632 2913 1690; x_wconf 81' lang='lat' dir='ltr'><strong>Ecclesiae</strong></span> <span class='ocrx_word' id='word_1_585' title='bbox 2943 1634 3101 1692; x_wconf 80' lang='lat' dir='ltr'><strong>(idem</strong></span> <span class='ocrx_word' id='word_1_586' title='bbox 3134 1647 3276 1692; x_wconf 87' lang='lat' dir='ltr'><strong>tanta</strong></span> <span class='ocrx_word' id='word_1_587' title='bbox 3303 1648 3560 1695; x_wconf 85' lang='lat' dir='ltr'><strong>constan-</strong></span> 
     </span>
    </p>
   </div>
   <div class='ocr_carea' id='block_1_75' title="bbox 1970 1718 3560 1795">
    <p class='ocr_par' dir='ltr' id='par_1_75' title="bbox 1970 1718 3560 1795">
     <span class='ocr_line' id='line_1_77' title="bbox 1970 1718 3560 1795; baseline 0.011 -26"><span class='ocrx_word' id='word_1_588' title='bbox 1970 1718 2040 1771; x_wconf 91' lang='lat' dir='ltr'><strong>tia</strong></span> <span class='ocrx_word' id='word_1_589' title='bbox 2068 1718 2390 1774; x_wconf 89' lang='lat' dir='ltr'><strong>custoditum</strong></span> <span class='ocrx_word' id='word_1_590' title='bbox 2410 1763 2426 1788; x_wconf 93' lang='lat'><strong>,</strong></span> <span class='ocrx_word' id='word_1_591' title='bbox 2457 1729 2514 1776; x_wconf 93' lang='lat' dir='ltr'><strong>ut</strong></span> <span class='ocrx_word' id='word_1_592' title='bbox 2541 1722 2610 1776; x_wconf 91' lang='lat' dir='ltr'><strong>ab</strong></span> <span class='ocrx_word' id='word_1_593' title='bbox 2635 1723 2712 1779; x_wconf 90' lang='lat' dir='ltr'><strong>eis</strong></span> <span class='ocrx_word' id='word_1_594' title='bbox 2732 1725 2820 1795; x_wconf 92' lang='lat' dir='ltr'><strong>qui</strong></span> <span class='ocrx_word' id='word_1_595' title='bbox 2840 1725 3104 1781; x_wconf 89' lang='lat' dir='ltr'><strong>dominica</strong></span> <span class='ocrx_word' id='word_1_596' title='bbox 3133 1739 3420 1784; x_wconf 88' lang='lat' dir='ltr'><strong>tractarent</strong></span> <span class='ocrx_word' id='word_1_597' title='bbox 3446 1730 3560 1786; x_wconf 85' lang='lat' dir='ltr'><strong>clo-</strong></span> 
     </span>
    </p>
   </div>
   <div class='ocr_carea' id='block_1_76' title="bbox 1967 1811 3558 1887">
    <p class='ocr_par' dir='ltr' id='par_1_76' title="bbox 1967 1811 3558 1887">
     <span class='ocr_line' id='line_1_78' title="bbox 1967 1811 3558 1887; baseline 0.009 -23"><span class='ocrx_word' id='word_1_598' title='bbox 1967 1811 2124 1881; x_wconf 89' lang='lat' dir='ltr'><strong>quia,</strong></span> <span class='ocrx_word' id='word_1_599' title='bbox 2180 1813 2346 1882; x_wconf 87' lang='lat' dir='ltr'><strong>magis</strong></span> <span class='ocrx_word' id='word_1_600' title='bbox 2398 1814 2754 1872; x_wconf 89' lang='lat' dir='ltr'><strong>certissimum</strong></span> <span class='ocrx_word' id='word_1_601' title='bbox 2795 1817 3122 1887; x_wconf 85' lang='lat' dir='ltr'><strong>proferretur</strong></span> <span class='ocrx_word' id='word_1_602' title='bbox 3167 1820 3232 1875; x_wconf 89' lang='lat' dir='ltr'><strong>ad</strong></span> <span class='ocrx_word' id='word_1_603' title='bbox 3281 1821 3382 1876; x_wconf 88' lang='lat' dir='ltr'><strong>alia</strong></span> <span class='ocrx_word' id='word_1_604' title='bbox 3423 1821 3558 1878; x_wconf 86' lang='lat' dir='ltr'><strong>falsa</strong></span> 
     </span>
    </p>
   </div>
   <div class='ocr_carea' id='block_1_77' title="bbox 1968 1902 3562 1981">
    <p class='ocr_par' dir='ltr' id='par_1_77' title="bbox 1968 1902 3562 1981">
     <span class='ocr_line' id='line_1_79' title="bbox 1968 1902 3562 1981; baseline 0.008 -24"><span class='ocrx_word' id='word_1_605' title='bbox 1968 1902 2275 1973; x_wconf 88' lang='lat' dir='ltr'><strong>refutanda,</strong></span> <span class='ocrx_word' id='word_1_606' title='bbox 2303 1921 2462 1977; x_wconf 88' lang='lat' dir='ltr'><strong>quam</strong></span> <span class='ocrx_word' id='word_1_607' title='bbox 2509 1907 2562 1962; x_wconf 90' lang='lat' dir='ltr'><strong>id</strong></span> <span class='ocrx_word' id='word_1_608' title='bbox 2609 1916 2857 1981; x_wconf 88' lang='lat' dir='ltr'><strong>tanquam</strong></span> <span class='ocrx_word' id='word_1_609' title='bbox 2885 1910 3075 1966; x_wconf 76' lang='lat' dir='ltr'><strong>falsum</strong></span> <span class='ocrx_word' id='word_1_610' title='bbox 3127 1913 3345 1968; x_wconf 83' lang='lat' dir='ltr'><strong>refutari</strong></span> <span class='ocrx_word' id='word_1_611' title='bbox 3371 1913 3439 1968; x_wconf 88' lang='lat' dir='ltr'><strong>ab</strong></span> <span class='ocrx_word' id='word_1_612' title='bbox 3462 1914 3562 1969; x_wconf 87' lang='lat' dir='ltr'><strong>ali-</strong></span> 
     </span>
    </p>
   </div>
   <div class='ocr_carea' id='block_1_78' title="bbox 1967 1999 3560 2097">
    <p class='ocr_par' dir='ltr' id='par_1_78' title="bbox 1967 1999 3560 2097">
     <span class='ocr_line' id='line_1_80' title="bbox 1967 1999 3560 2097; baseline 0.009 -47"><span class='ocrx_word' id='word_1_613' title='bbox 1967 2011 2074 2097; x_wconf 80' lang='lat' dir='ltr'><strong>quo</strong></span> <span class='ocrx_word' id='word_1_614' title='bbox 2105 2004 2421 2053; x_wconf 89' lang='lat' dir='ltr'><strong>tentaretur.</strong></span> <span class='ocrx_word' id='word_1_615' title='bbox 2463 1999 2728 2057; x_wconf 67' lang='lat' dir='ltr'><strong>Caeterum</strong></span> <span class='ocrx_word' id='word_1_616' title='bbox 2755 2004 2807 2058; x_wconf 93' lang='lat' dir='ltr'><strong>in</strong></span> <span class='ocrx_word' id='word_1_617' title='bbox 2832 2003 3040 2060; x_wconf 85' lang='lat' dir='ltr'><strong>Sanctis</strong></span> <span class='ocrx_word' id='word_1_618' title='bbox 3083 2007 3354 2062; x_wconf 89' lang='lat' dir='ltr'><strong>canonicis</strong></span> <span class='ocrx_word' id='word_1_619' title='bbox 3383 2006 3560 2064; x_wconf 90' lang='lat' dir='ltr'><strong>Libris</strong></span> 
     </span>
    </p>
   </div>
   <div class='ocr_carea' id='block_1_79' title="bbox 1966 2090 3557 2167">
    <p class='ocr_par' dir='ltr' id='par_1_79' title="bbox 1966 2090 3557 2167">
     <span class='ocr_line' id='line_1_81' title="bbox 1966 2090 3557 2167; baseline 0.008 -25"><span class='ocrx_word' id='word_1_620' title='bbox 1966 2090 2109 2158; x_wconf 82' lang='lat' dir='ltr'><strong>viget</strong></span> <span class='ocrx_word' id='word_1_621' title='bbox 2138 2090 2294 2160; x_wconf 79' lang='lat' dir='ltr'><strong>hujus</strong></span> <span class='ocrx_word' id='word_1_622' title='bbox 2320 2093 2601 2148; x_wconf 75' lang='lat' dir='ltr'><strong>sententia:</strong></span> <span class='ocrx_word' id='word_1_623' title='bbox 2630 2094 2927 2150; x_wconf 89' lang='lat' dir='ltr'><strong>clarissima</strong></span> <span class='ocrx_word' id='word_1_624' title='bbox 2949 2105 3004 2152; x_wconf 89' lang='lat' dir='ltr'><strong>et</strong></span> <span class='ocrx_word' id='word_1_625' title='bbox 3032 2097 3336 2167; x_wconf 85' lang='lat' dir='ltr'><strong>plenissima</strong></span> <span class='ocrx_word' id='word_1_626' title='bbox 3365 2108 3557 2154; x_wconf 81' lang='lat' dir='ltr'><strong>aucto-</strong></span> 
     </span>
    </p>
   </div>
   <div class='ocr_carea' id='block_1_80' title="bbox 1967 2181 3558 2263">
    <p class='ocr_par' dir='ltr' id='par_1_80' title="bbox 1967 2181 3558 2263">
     <span class='ocr_line' id='line_1_82' title="bbox 1967 2181 3558 2263; baseline 0.007 -27"><span class='ocrx_word' id='word_1_627' title='bbox 1967 2181 2098 2237; x_wconf 87' lang='lat' dir='ltr'><strong>ritas</strong></span> <span class='ocrx_word' id='word_1_628' title='bbox 2143 2201 2157 2238; x_wconf 89' lang='lat'><strong>:</strong></span> <span class='ocrx_word' id='word_1_629' title='bbox 2199 2184 2396 2239; x_wconf 88' lang='lat' dir='ltr'><strong>clamat</strong></span> <span class='ocrx_word' id='word_1_630' title='bbox 2423 2186 2748 2257; x_wconf 84' lang='lat' dir='ltr'><strong>Apostolus,</strong></span> <span class='ocrx_word' id='word_1_631' title='bbox 2782 2187 2885 2243; x_wconf 84' lang='lat' dir='ltr'><strong>Per</strong></span> <span class='ocrx_word' id='word_1_632' title='bbox 2909 2206 3062 2244; x_wconf 88' lang='lat' dir='ltr'><strong>unum</strong></span> <span class='ocrx_word' id='word_1_633' title='bbox 3100 2191 3352 2245; x_wconf 85' lang='lat' dir='ltr'><strong>hominem</strong></span> <span class='ocrx_word' id='word_1_634' title='bbox 3378 2209 3558 2263; x_wconf 84' lang='lat' dir='ltr'><strong>pecca-</strong></span> 
     </span>
    </p>
   </div>
   <div class='ocr_carea' id='block_1_81' title="bbox 1967 2275 3558 2353">
    <p class='ocr_par' dir='ltr' id='par_1_81' title="bbox 1967 2275 3558 2353">
     <span class='ocr_line' id='line_1_83' title="bbox 1967 2275 3558 2353; baseline 0.007 -25"><span class='ocrx_word' id='word_1_635' title='bbox 1967 2284 2072 2329; x_wconf 86' lang='lat' dir='ltr'><strong>tum</strong></span> <span class='ocrx_word' id='word_1_636' title='bbox 2094 2275 2293 2331; x_wconf 78' lang='lat' dir='ltr'><strong>intravit</strong></span> <span class='ocrx_word' id='word_1_637' title='bbox 2315 2278 2368 2332; x_wconf 89' lang='lat' dir='ltr'><strong>in</strong></span> <span class='ocrx_word' id='word_1_638' title='bbox 2389 2279 2634 2334; x_wconf 87' lang='lat' dir='ltr'><strong>mundum</strong></span> <span class='ocrx_word' id='word_1_639' title='bbox 2654 2321 2670 2346; x_wconf 94' lang='lat'><strong>,</strong></span> <span class='ocrx_word' id='word_1_640' title='bbox 2693 2289 2739 2334; x_wconf 90' lang='lat' dir='ltr'><strong>et</strong></span> <span class='ocrx_word' id='word_1_641' title='bbox 2759 2298 2850 2353; x_wconf 88' lang='lat' dir='ltr'><strong>per</strong></span> <span class='ocrx_word' id='word_1_642' title='bbox 2866 2292 3124 2351; x_wconf 83' lang='lat' dir='ltr'><strong>peccatum</strong></span> <span class='ocrx_word' id='word_1_643' title='bbox 3151 2299 3285 2337; x_wconf 88' lang='lat' dir='ltr'><strong>mors</strong></span> <span class='ocrx_word' id='word_1_644' title='bbox 3300 2301 3320 2349; x_wconf 86' lang='lat'><strong><em>;</em></strong></span> <span class='ocrx_word' id='word_1_645' title='bbox 3337 2293 3383 2337; x_wconf 89' lang='lat' dir='ltr'><strong>et</strong></span> <span class='ocrx_word' id='word_1_646' title='bbox 3408 2285 3480 2338; x_wconf 87' lang='lat' dir='ltr'><strong>ita</strong></span> <span class='ocrx_word' id='word_1_647' title='bbox 3504 2286 3558 2340; x_wconf 89' lang='lat' dir='ltr'><strong>in</strong></span> 
     </span>
    </p>
   </div>
   <div class='ocr_carea' id='block_1_82' title="bbox 1969 2367 3563 2445">
    <p class='ocr_par' dir='ltr' id='par_1_82' title="bbox 1969 2367 3563 2445">
     <span class='ocr_line' id='line_1_84' title="bbox 1969 2367 3563 2445; baseline 0.006 -25"><span class='ocrx_word' id='word_1_648' title='bbox 1969 2383 2140 2421; x_wconf 89' lang='lat' dir='ltr'><strong>omnes</strong></span> <span class='ocrx_word' id='word_1_649' title='bbox 2173 2367 2401 2424; x_wconf 84' lang='lat' dir='ltr'><strong>homines</strong></span> <span class='ocrx_word' id='word_1_650' title='bbox 2442 2371 2760 2442; x_wconf 85' lang='lat' dir='ltr'><strong>pertransiit,</strong></span> <span class='ocrx_word' id='word_1_651' title='bbox 2803 2372 2856 2426; x_wconf 91' lang='lat' dir='ltr'><strong>in</strong></span> <span class='ocrx_word' id='word_1_652' title='bbox 2884 2389 2982 2442; x_wconf 88' lang='lat' dir='ltr'><strong>quo</strong></span> <span class='ocrx_word' id='word_1_653' title='bbox 3020 2389 3192 2428; x_wconf 84' lang='lat' dir='ltr'><strong>omnes</strong></span> <span class='ocrx_word' id='word_1_654' title='bbox 3229 2383 3563 2445; x_wconf 84' lang='lat' dir='ltr'><strong>peccaverunt</strong></span> 
     </span>
    </p>
   </div>
   <div class='ocr_carea' id='block_1_83' title="bbox 1970 2459 3557 2538">
    <p class='ocr_par' dir='ltr' id='par_1_83' title="bbox 1970 2459 3557 2538">
     <span class='ocr_line' id='line_1_85' title="bbox 1970 2459 3557 2538; baseline 0.006 -24"><span class='ocrx_word' id='word_1_655' title='bbox 1970 2459 2145 2533; x_wconf 88' lang='lat' dir='ltr'><strong>(Rom.</strong></span> <span class='ocrx_word' id='word_1_656' title='bbox 2194 2476 2263 2529; x_wconf 79' lang='grc' dir='ltr'><strong>γ,</strong></span> <span class='ocrx_word' id='word_1_657' title='bbox 2310 2460 2422 2532; x_wconf 67' lang='grc'><strong>12).</strong></span> <span class='ocrx_word' id='word_1_658' title='bbox 2467 2461 2617 2519; x_wconf 90' lang='lat' dir='ltr'><strong>Unde</strong></span> <span class='ocrx_word' id='word_1_659' title='bbox 2647 2479 2750 2520; x_wconf 89' lang='lat' dir='ltr'><strong>nec</strong></span> <span class='ocrx_word' id='word_1_660' title='bbox 2789 2465 2918 2520; x_wconf 88' lang='lat' dir='ltr'><strong>illud</strong></span> <span class='ocrx_word' id='word_1_661' title='bbox 2965 2467 3165 2536; x_wconf 90' lang='lat' dir='ltr'><strong>liquide</strong></span> <span class='ocrx_word' id='word_1_662' title='bbox 3209 2468 3313 2523; x_wconf 89' lang='lat' dir='ltr'><strong>dici</strong></span> <span class='ocrx_word' id='word_1_663' title='bbox 3341 2477 3557 2538; x_wconf 89' lang='lat' dir='ltr'><strong>potest,</strong></span> 
     </span>
    </p>
   </div>
   <div class='ocr_carea' id='block_1_84' title="bbox 1965 2555 3556 2633">
    <p class='ocr_par' dir='ltr' id='par_1_84' title="bbox 1965 2555 3556 2633">
     <span class='ocr_line' id='line_1_86' title="bbox 1965 2555 3556 2633; baseline 0.007 -25"><span class='ocrx_word' id='word_1_664' title='bbox 1965 2555 2105 2625; x_wconf 90' lang='lat' dir='ltr'><strong>quod</strong></span> <span class='ocrx_word' id='word_1_665' title='bbox 2138 2565 2412 2624; x_wconf 88' lang='lat' dir='ltr'><strong>peccatum</strong></span> <span class='ocrx_word' id='word_1_666' title='bbox 2451 2557 2582 2612; x_wconf 74' lang='lat' dir='ltr'><strong>Adae</strong></span> <span class='ocrx_word' id='word_1_667' title='bbox 2628 2559 2787 2614; x_wconf 84' lang='lat' dir='ltr'><strong>etiam</strong></span> <span class='ocrx_word' id='word_1_668' title='bbox 2814 2576 2921 2615; x_wconf 92' lang='lat' dir='ltr'><strong>non</strong></span> <span class='ocrx_word' id='word_1_669' title='bbox 2966 2563 3306 2630; x_wconf 80' lang='lat' dir='ltr'><strong>peccantibus</strong></span> <span class='ocrx_word' id='word_1_670' title='bbox 3334 2566 3556 2633; x_wconf 89' lang='lat' dir='ltr'><strong>nocuit,</strong></span> 
     </span>
    </p>
   </div>
   <div class='ocr_carea' id='block_1_85' title="bbox 1965 2647 3559 2724">
    <p class='ocr_par' dir='ltr' id='par_1_85' title="bbox 1965 2647 3559 2724">
     <span class='ocr_line' id='line_1_87' title="bbox 1965 2647 3559 2724; baseline 0.007 -22"><span class='ocrx_word' id='word_1_671' title='bbox 1965 2661 2086 2702; x_wconf 92' lang='lat' dir='ltr'><strong>cum</strong></span> <span class='ocrx_word' id='word_1_672' title='bbox 2133 2647 2409 2718; x_wconf 88' lang='lat' dir='ltr'><strong>Scriptura</strong></span> <span class='ocrx_word' id='word_1_673' title='bbox 2439 2647 2615 2715; x_wconf 89' lang='lat' dir='ltr'><strong>dicat,</strong></span> <span class='ocrx_word' id='word_1_674' title='bbox 2657 2652 2708 2704; x_wconf 86' lang='lat' dir='ltr'><strong>in</strong></span> <span class='ocrx_word' id='word_1_675' title='bbox 2747 2668 2844 2722; x_wconf 89' lang='lat' dir='ltr'><strong>quo</strong></span> <span class='ocrx_word' id='word_1_676' title='bbox 2872 2669 3044 2708; x_wconf 90' lang='lat' dir='ltr'><strong>omnes</strong></span> <span class='ocrx_word' id='word_1_677' title='bbox 3077 2665 3421 2724; x_wconf 85' lang='lat' dir='ltr'><strong>peccaverunt.</strong></span> <span class='ocrx_word' id='word_1_678' title='bbox 3448 2657 3559 2713; x_wconf 85' lang='lat' dir='ltr'><strong>Nec</strong></span> 
     </span>
    </p>
   </div>
   <div class='ocr_carea' id='block_1_86' title="bbox 1966 2740 3558 2818">
    <p class='ocr_par' dir='ltr' id='par_1_86' title="bbox 1966 2740 3558 2818">
     <span class='ocr_line' id='line_1_88' title="bbox 1966 2740 3558 2818; baseline 0.008 -23"><span class='ocrx_word' id='word_1_679' title='bbox 1966 2741 2044 2795; x_wconf 88' lang='lat' dir='ltr'><strong>sic</strong></span> <span class='ocrx_word' id='word_1_680' title='bbox 2073 2740 2322 2797; x_wconf 92' lang='lat' dir='ltr'><strong>dicuntur</strong></span> <span class='ocrx_word' id='word_1_681' title='bbox 2353 2741 2452 2798; x_wconf 89' lang='lat' dir='ltr'><strong>ista</strong></span> <span class='ocrx_word' id='word_1_682' title='bbox 2477 2742 2652 2800; x_wconf 88' lang='lat' dir='ltr'><strong>aliena</strong></span> <span class='ocrx_word' id='word_1_683' title='bbox 2678 2755 2894 2814; x_wconf 89' lang='lat' dir='ltr'><strong>peccata</strong></span> <span class='ocrx_word' id='word_1_684' title='bbox 2916 2787 2931 2814; x_wconf 94' lang='lat'><strong>,</strong></span> <span class='ocrx_word' id='word_1_685' title='bbox 2963 2755 3210 2818; x_wconf 87' lang='lat' dir='ltr'><strong>tanquam</strong></span> <span class='ocrx_word' id='word_1_686' title='bbox 3241 2749 3460 2805; x_wconf 91' lang='lat' dir='ltr'><strong>omnino</strong></span> <span class='ocrx_word' id='word_1_687' title='bbox 3489 2751 3558 2807; x_wconf 85' lang='lat' dir='ltr'><strong>ad</strong></span> 
     </span>
    </p>
   </div>
   <div class='ocr_carea' id='block_1_87' title="bbox 1968 2835 3561 2909">
    <p class='ocr_par' dir='ltr' id='par_1_87' title="bbox 1968 2835 3561 2909">
     <span class='ocr_line' id='line_1_89' title="bbox 1968 2835 3561 2909; baseline 0.006 -21"><span class='ocrx_word' id='word_1_688' title='bbox 1968 2835 2217 2904; x_wconf 88' lang='lat' dir='ltr'><strong>parvulos</strong></span> <span class='ocrx_word' id='word_1_689' title='bbox 2262 2851 2369 2890; x_wconf 92' lang='lat' dir='ltr'><strong>non</strong></span> <span class='ocrx_word' id='word_1_690' title='bbox 2407 2837 2708 2906; x_wconf 89' lang='lat' dir='ltr'><strong>pertineant</strong></span> <span class='ocrx_word' id='word_1_691' title='bbox 2740 2854 2753 2891; x_wconf 90' lang='lat'><strong>:</strong></span> <span class='ocrx_word' id='word_1_692' title='bbox 2785 2838 3048 2909; x_wconf 90' lang='lat' dir='ltr'><strong>siquidem</strong></span> <span class='ocrx_word' id='word_1_693' title='bbox 3074 2842 3123 2893; x_wconf 89' lang='lat' dir='ltr'><strong>in</strong></span> <span class='ocrx_word' id='word_1_694' title='bbox 3165 2841 3334 2898; x_wconf 84' lang='lat' dir='ltr'><strong>Adam</strong></span> <span class='ocrx_word' id='word_1_695' title='bbox 3371 2859 3561 2899; x_wconf 88' lang='lat' dir='ltr'><strong>onmes</strong></span> 
     </span>
    </p>
   </div>
   <div class='ocr_carea' id='block_1_88' title="bbox 1969 2928 3561 3001">
    <p class='ocr_par' dir='ltr' id='par_1_88' title="bbox 1969 2928 3561 3001">
     <span class='ocr_line' id='line_1_90' title="bbox 1969 2928 3561 3001; baseline 0.005 -20"><span class='ocrx_word' id='word_1_696' title='bbox 1969 2935 2094 2982; x_wconf 89' lang='lat' dir='ltr'><strong>tunc</strong></span> <span class='ocrx_word' id='word_1_697' title='bbox 2138 2935 2530 2998; x_wconf 88' lang='lat' dir='ltr'><strong>peccaverunt,</strong></span> <span class='ocrx_word' id='word_1_698' title='bbox 2575 2928 2788 3001; x_wconf 89' lang='lat' dir='ltr'><strong>quando</strong></span> <span class='ocrx_word' id='word_1_699' title='bbox 2830 2929 2882 2984; x_wconf 92' lang='lat' dir='ltr'><strong>in</strong></span> <span class='ocrx_word' id='word_1_700' title='bbox 2918 2928 3033 3000; x_wconf 87' lang='lat' dir='ltr'><strong>ejus</strong></span> <span class='ocrx_word' id='word_1_701' title='bbox 3062 2941 3248 2986; x_wconf 87' lang='lat' dir='ltr'><strong>natura</strong></span> <span class='ocrx_word' id='word_1_702' title='bbox 3273 2933 3362 2988; x_wconf 89' lang='lat' dir='ltr'><strong>illa</strong></span> <span class='ocrx_word' id='word_1_703' title='bbox 3403 2934 3561 2990; x_wconf 86' lang='lat' dir='ltr'><strong>insita</strong></span> 
     </span>
    </p>
   </div>
   <div class='ocr_carea' id='block_1_89' title="bbox 1970 3019 3561 3092">
    <p class='ocr_par' dir='ltr' id='par_1_89' title="bbox 1970 3019 3561 3092">
     <span class='ocr_line' id='line_1_91' title="bbox 1970 3019 3561 3092; baseline 0.005 -19"><span class='ocrx_word' id='word_1_704' title='bbox 1970 3019 2025 3074; x_wconf 90' lang='lat' dir='ltr'><strong>vi</strong></span> <span class='ocrx_word' id='word_1_705' title='bbox 2044 3035 2147 3091; x_wconf 88' lang='lat' dir='ltr'><strong>qua</strong></span> <span class='ocrx_word' id='word_1_706' title='bbox 2176 3021 2192 3053; x_wconf 83' lang='grc'>⁸</span> <span class='ocrx_word' id='word_1_707' title='bbox 2221 3035 2318 3078; x_wconf 91' lang='lat' dir='ltr'><strong>eos</strong></span> <span class='ocrx_word' id='word_1_708' title='bbox 2360 3021 2580 3092; x_wconf 76' lang='lat' dir='ltr'><strong>gignere</strong></span> <span class='ocrx_word' id='word_1_709' title='bbox 2608 3030 2850 3092; x_wconf 88' lang='lat' dir='ltr'><strong>poterat,</strong></span> <span class='ocrx_word' id='word_1_710' title='bbox 2877 3023 3050 3079; x_wconf 89' lang='lat' dir='ltr'><strong>adhuc</strong></span> <span class='ocrx_word' id='word_1_711' title='bbox 3077 3039 3264 3080; x_wconf 88' lang='lat' dir='ltr'><strong>omnes</strong></span> <span class='ocrx_word' id='word_1_712' title='bbox 3303 3025 3392 3080; x_wconf 91' lang='lat' dir='ltr'><strong>ille</strong></span> <span class='ocrx_word' id='word_1_713' title='bbox 3422 3040 3561 3081; x_wconf 90' lang='lat' dir='ltr'><strong>unus</strong></span> 
     </span>
    </p>
   </div>
   <div class='ocr_carea' id='block_1_90' title="bbox 1966 3110 3558 3187">
    <p class='ocr_par' dir='ltr' id='par_1_90' title="bbox 1966 3110 3558 3187">
     <span class='ocr_line' id='line_1_92' title="bbox 1966 3110 3558 3187; baseline 0.004 -21"><span class='ocrx_word' id='word_1_714' title='bbox 1966 3110 2182 3168; x_wconf 82' lang='lat' dir='ltr'><strong>fuerunt</strong></span> <span class='ocrx_word' id='word_1_715' title='bbox 2207 3129 2221 3166; x_wconf 89' lang='lat'><strong>:</strong></span> <span class='ocrx_word' id='word_1_716' title='bbox 2245 3113 2338 3168; x_wconf 89' lang='lat' dir='ltr'><strong>sed</strong></span> <span class='ocrx_word' id='word_1_717' title='bbox 2368 3112 2620 3169; x_wconf 87' lang='lat' dir='ltr'><strong>dicuntur</strong></span> <span class='ocrx_word' id='word_1_718' title='bbox 2644 3114 2847 3178; x_wconf 85' lang='lat' dir='ltr'><strong>aliena,</strong></span> <span class='ocrx_word' id='word_1_719' title='bbox 2869 3117 2992 3186; x_wconf 91' lang='lat' dir='ltr'><strong>quia</strong></span> <span class='ocrx_word' id='word_1_720' title='bbox 3020 3116 3254 3171; x_wconf 89' lang='lat' dir='ltr'><strong>nondum</strong></span> <span class='ocrx_word' id='word_1_721' title='bbox 3292 3117 3391 3187; x_wconf 90' lang='lat' dir='ltr'><strong>ipsi</strong></span> <span class='ocrx_word' id='word_1_722' title='bbox 3431 3131 3558 3187; x_wconf 84' lang='lat' dir='ltr'><strong>age-</strong></span> 
     </span>
    </p>
   </div>
   <div class='ocr_carea' id='block_1_91' title="bbox 1967 3205 3559 3280">
    <p class='ocr_par' dir='ltr' id='par_1_91' title="bbox 1967 3205 3559 3280">
     <span class='ocr_line' id='line_1_93' title="bbox 1967 3205 3559 3280; baseline 0.003 -20"><span class='ocrx_word' id='word_1_723' title='bbox 1967 3205 2097 3260; x_wconf 89' lang='lat' dir='ltr'><strong>bant</strong></span> <span class='ocrx_word' id='word_1_724' title='bbox 2119 3207 2253 3261; x_wconf 87' lang='lat' dir='ltr'><strong>vitas</strong></span> <span class='ocrx_word' id='word_1_725' title='bbox 2281 3206 2557 3276; x_wconf 83' lang='lat' dir='ltr'><strong>proprias,</strong></span> <span class='ocrx_word' id='word_1_726' title='bbox 2589 3206 2684 3264; x_wconf 91' lang='lat' dir='ltr'><strong>sed</strong></span> <span class='ocrx_word' id='word_1_727' title='bbox 2724 3207 2982 3278; x_wconf 92' lang='lat' dir='ltr'><strong>quidquid</strong></span> <span class='ocrx_word' id='word_1_728' title='bbox 3005 3220 3121 3265; x_wconf 85' lang='lat' dir='ltr'><strong>erat</strong></span> <span class='ocrx_word' id='word_1_729' title='bbox 3147 3211 3198 3264; x_wconf 90' lang='lat' dir='ltr'><strong>in</strong></span> <span class='ocrx_word' id='word_1_730' title='bbox 3229 3208 3401 3266; x_wconf 88' lang='lat' dir='ltr'><strong>futura</strong></span> <span class='ocrx_word' id='word_1_731' title='bbox 3433 3223 3559 3280; x_wconf 85' lang='lat' dir='ltr'><strong>pro-</strong></span> 
     </span>
    </p>
   </div>
   <div class='ocr_carea' id='block_1_92' title="bbox 1970 3298 3134 3370">
    <p class='ocr_par' dir='ltr' id='par_1_92' title="bbox 1970 3298 3134 3370">
     <span class='ocr_line' id='line_1_94' title="bbox 1970 3298 3134 3370; baseline 0.002 -16"><span class='ocrx_word' id='word_1_732' title='bbox 1970 3300 2160 3370; x_wconf 86' lang='lat' dir='ltr'><strong>pagine</strong></span> <span class='ocrx_word' id='word_1_733' title='bbox 2179 3341 2194 3365; x_wconf 95' lang='lat'><strong>,</strong></span> <span class='ocrx_word' id='word_1_734' title='bbox 2223 3299 2330 3353; x_wconf 88' lang='lat' dir='ltr'><strong>vita</strong></span> <span class='ocrx_word' id='word_1_735' title='bbox 2363 3299 2521 3354; x_wconf 91' lang='lat' dir='ltr'><strong>unius</strong></span> <span class='ocrx_word' id='word_1_736' title='bbox 2546 3298 2779 3354; x_wconf 89' lang='lat' dir='ltr'><strong>hominis</strong></span> <span class='ocrx_word' id='word_1_737' title='bbox 2805 3302 3134 3357; x_wconf 85' lang='lat' dir='ltr'><strong>continebat.</strong></span> 
     </span>
    </p>
   </div>
   <div class='ocr_carea' id='block_1_93' title="bbox 2037 3390 3564 3466">
    <p class='ocr_par' dir='ltr' id='par_1_93' title="bbox 2037 3390 3564 3466">
     <span class='ocr_line' id='line_1_95' title="bbox 2037 3390 3564 3466; baseline 0.004 -18"><span class='ocrx_word' id='word_1_738' title='bbox 2037 3390 2264 3450; x_wconf 79' lang='lat' dir='ltr'><strong>CAPUT</strong></span> <span class='ocrx_word' id='word_1_739' title='bbox 2292 3391 2426 3448; x_wconf 82' lang='lat' dir='ltr'><strong>Vlll.</strong></span> <span class='ocrx_word' id='word_1_740' title='bbox 2457 3422 2526 3433; x_wconf 94' lang='lat'><strong>—</strong></span> <span class='ocrx_word' id='word_1_741' title='bbox 2546 3393 2631 3448; x_wconf 83' lang='grc'><strong>15.</strong></span> <span class='ocrx_word' id='word_1_742' title='bbox 2653 3391 2799 3450; x_wconf 84' lang='lat' dir='ltr'><strong>Unde</strong></span> <span class='ocrx_word' id='word_1_743' title='bbox 2821 3411 3034 3452; x_wconf 81' lang='lat' dir='ltr'><strong>errores.</strong></span> <span class='ocrx_word' id='word_1_744' title='bbox 3059 3396 3354 3450; x_wconf 84' lang='lat' dir='ltr'><strong>Similitudo</strong></span> <span class='ocrx_word' id='word_1_745' title='bbox 3377 3414 3408 3450; x_wconf 91' lang='lat' dir='ltr'><strong>a</strong></span> <span class='ocrx_word' id='word_1_746' title='bbox 3433 3412 3564 3466; x_wconf 73' lang='lat' dir='ltr'><strong>pra-</strong></span> 
     </span>
    </p>
   </div>
   <div class='ocr_carea' id='block_1_94' title="bbox 1971 3485 3558 3558">
    <p class='ocr_par' dir='ltr' id='par_1_94' title="bbox 1971 3485 3558 3558">
     <span class='ocr_line' id='line_1_96' title="bbox 1971 3485 3558 3558; baseline 0.004 -20"><span class='ocrx_word' id='word_1_747' title='bbox 1971 3485 2110 3556; x_wconf 85' lang='lat' dir='ltr'><strong>putio</strong></span> <span class='ocrx_word' id='word_1_748' title='bbox 2132 3486 2560 3551; x_wconf 80' lang='lat' dir='ltr'><strong>circumcisorum,</strong></span> <span class='ocrx_word' id='word_1_749' title='bbox 2581 3493 2629 3540; x_wconf 90' lang='lat' dir='ltr'><strong>et</strong></span> <span class='ocrx_word' id='word_1_750' title='bbox 2656 3486 2804 3554; x_wconf 88' lang='lat' dir='ltr'><strong>palea</strong></span> <span class='ocrx_word' id='word_1_751' title='bbox 2826 3485 3065 3554; x_wconf 77' lang='lat' dir='ltr'><strong>frumenti</strong></span> <span class='ocrx_word' id='word_1_752' title='bbox 3079 3488 3254 3556; x_wconf 82' lang='lat' dir='ltr'><strong>petita.</strong></span> <span class='ocrx_word' id='word_1_753' title='bbox 3269 3517 3341 3529; x_wconf 91' lang='lat'><strong>—</strong></span> <span class='ocrx_word' id='word_1_754' title='bbox 3370 3487 3558 3558; x_wconf 83' lang='lat' dir='ltr'><strong>Nulla,</strong></span> 
     </span>
    </p>
   </div>
   <div class='ocr_carea' id='block_1_95' title="bbox 1969 3577 3560 3652">
    <p class='ocr_par' dir='ltr' id='par_1_95' title="bbox 1969 3577 3560 3652">
     <span class='ocr_line' id='line_1_97' title="bbox 1969 3577 3560 3652; baseline 0.004 -19"><span class='ocrx_word' id='word_1_755' title='bbox 1969 3578 2229 3648; x_wconf 85' lang='lat' dir='ltr'><strong>inquiunt,</strong></span> <span class='ocrx_word' id='word_1_756' title='bbox 2247 3579 2441 3633; x_wconf 90' lang='lat' dir='ltr'><strong>ratione</strong></span> <span class='ocrx_word' id='word_1_757' title='bbox 2462 3579 2770 3647; x_wconf 89' lang='lat' dir='ltr'><strong>conceditur,</strong></span> <span class='ocrx_word' id='word_1_758' title='bbox 2786 3585 2841 3633; x_wconf 90' lang='lat' dir='ltr'><strong>ut</strong></span> <span class='ocrx_word' id='word_1_759' title='bbox 2862 3577 2997 3633; x_wconf 88' lang='lat' dir='ltr'><strong>Deus</strong></span> <span class='ocrx_word' id='word_1_760' title='bbox 3013 3581 3097 3649; x_wconf 86' lang='lat' dir='ltr'><strong>qui</strong></span> <span class='ocrx_word' id='word_1_761' title='bbox 3121 3583 3326 3652; x_wconf 90' lang='lat' dir='ltr'><strong>propria</strong></span> <span class='ocrx_word' id='word_1_762' title='bbox 3350 3593 3560 3652; x_wconf 82' lang='lat' dir='ltr'><strong>peccata</strong></span> 
     </span>
    </p>
   </div>
   <div class='ocr_carea' id='block_1_96' title="bbox 1968 3668 3563 3744">
    <p class='ocr_par' dir='ltr' id='par_1_96' title="bbox 1968 3668 3563 3744">
     <span class='ocr_line' id='line_1_98' title="bbox 1968 3668 3563 3744; baseline 0.004 -20"><span class='ocrx_word' id='word_1_763' title='bbox 1968 3670 2194 3734; x_wconf 86' lang='lat' dir='ltr'><strong>remittit,</strong></span> <span class='ocrx_word' id='word_1_764' title='bbox 2222 3669 2429 3740; x_wconf 86' lang='lat' dir='ltr'><strong>imputet</strong></span> <span class='ocrx_word' id='word_1_765' title='bbox 2455 3670 2640 3725; x_wconf 87' lang='lat' dir='ltr'><strong>aliena.</strong></span> <span class='ocrx_word' id='word_1_766' title='bbox 2671 3668 2934 3739; x_wconf 79' lang='lat' dir='ltr'><strong>Remittit,</strong></span> <span class='ocrx_word' id='word_1_767' title='bbox 2953 3671 3045 3728; x_wconf 89' lang='lat' dir='ltr'><strong>sed</strong></span> <span class='ocrx_word' id='word_1_768' title='bbox 3071 3674 3257 3742; x_wconf 79' lang='lat' dir='ltr'><strong>Spiritu</strong></span> <span class='ocrx_word' id='word_1_769' title='bbox 3286 3691 3563 3744; x_wconf 80' lang='lat' dir='ltr'><strong>regenera-</strong></span> 
     </span>
    </p>
   </div>
   <div class='ocr_carea' id='block_1_97' title="bbox 1973 3763 3559 3841">
    <p class='ocr_par' dir='ltr' id='par_1_97' title="bbox 1973 3763 3559 3841">
     <span class='ocr_line' id='line_1_99' title="bbox 1973 3763 3559 3841; baseline 0.006 -23"><span class='ocrx_word' id='word_1_770' title='bbox 1973 3763 2060 3828; x_wconf 88' lang='lat' dir='ltr'><strong>tis,</strong></span> <span class='ocrx_word' id='word_1_771' title='bbox 2079 3778 2183 3817; x_wconf 93' lang='lat' dir='ltr'><strong>non</strong></span> <span class='ocrx_word' id='word_1_772' title='bbox 2200 3776 2360 3818; x_wconf 86' lang='lat' dir='ltr'><strong>carne</strong></span> <span class='ocrx_word' id='word_1_773' title='bbox 2377 3764 2642 3833; x_wconf 82' lang='lat' dir='ltr'><strong>generatis</strong></span> <span class='ocrx_word' id='word_1_774' title='bbox 2669 3783 2682 3818; x_wconf 86' lang='lat'><strong>:</strong></span> <span class='ocrx_word' id='word_1_775' title='bbox 2707 3765 2938 3835; x_wconf 84' lang='lat' dir='ltr'><strong>imputat</strong></span> <span class='ocrx_word' id='word_1_776' title='bbox 2955 3780 3084 3821; x_wconf 90' lang='lat' dir='ltr'><strong>vero</strong></span> <span class='ocrx_word' id='word_1_777' title='bbox 3103 3783 3206 3822; x_wconf 92' lang='lat' dir='ltr'><strong>non</strong></span> <span class='ocrx_word' id='word_1_778' title='bbox 3229 3768 3339 3838; x_wconf 89' lang='lat' dir='ltr'><strong>jam</strong></span> <span class='ocrx_word' id='word_1_779' title='bbox 3366 3772 3559 3841; x_wconf 88' lang='lat' dir='ltr'><strong>aliena,</strong></span> 
     </span>
    </p>
   </div>
   <div class='ocr_carea' id='block_1_98' title="bbox 1971 3853 3566 3932">
    <p class='ocr_par' dir='ltr' id='par_1_98' title="bbox 1971 3853 3566 3932">
     <span class='ocr_line' id='line_1_100' title="bbox 1971 3853 3566 3932; baseline 0.005 -20"><span class='ocrx_word' id='word_1_780' title='bbox 1971 3853 2067 3912; x_wconf 84' lang='lat' dir='ltr'><strong>sed</strong></span> <span class='ocrx_word' id='word_1_781' title='bbox 2112 3855 2344 3925; x_wconf 87' lang='lat' dir='ltr'><strong>pr0pria.</strong></span> <span class='ocrx_word' id='word_1_782' title='bbox 2379 3856 2564 3911; x_wconf 82' lang='lat' dir='ltr'><strong>Aliena</strong></span> <span class='ocrx_word' id='word_1_783' title='bbox 2594 3857 2791 3927; x_wconf 86' lang='lat' dir='ltr'><strong>quippe</strong></span> <span class='ocrx_word' id='word_1_784' title='bbox 2818 3867 3005 3925; x_wconf 88' lang='lat' dir='ltr'><strong>erant,</strong></span> <span class='ocrx_word' id='word_1_785' title='bbox 3035 3857 3246 3931; x_wconf 90' lang='lat' dir='ltr'><strong>quando</strong></span> <span class='ocrx_word' id='word_1_786' title='bbox 3281 3858 3335 3914; x_wconf 89' lang='lat' dir='ltr'><strong>hi</strong></span> <span class='ocrx_word' id='word_1_787' title='bbox 3375 3862 3466 3932; x_wconf 87' lang='lat' dir='ltr'><strong>qui</strong></span> <span class='ocrx_word' id='word_1_788' title='bbox 3496 3877 3566 3920; x_wconf 85' lang='lat' dir='ltr'><strong>ea</strong></span> 
     </span>
    </p>
   </div>
   <div class='ocr_carea' id='block_1_99' title="bbox 1975 3947 3567 4018">
    <p class='ocr_par' dir='ltr' id='par_1_99' title="bbox 1975 3947 3567 4018">
     <span class='ocr_line' id='line_1_101' title="bbox 1975 3947 3567 4018; baseline 0.005 -18"><span class='ocrx_word' id='word_1_789' title='bbox 1975 3955 2257 4017; x_wconf 85' lang='lat' dir='ltr'><strong>propagata</strong></span> <span class='ocrx_word' id='word_1_790' title='bbox 2284 3954 2590 4018; x_wconf 87' lang='lat' dir='ltr'><strong>portarent,</strong></span> <span class='ocrx_word' id='word_1_791' title='bbox 2622 3947 2859 4004; x_wconf 89' lang='lat' dir='ltr'><strong>nondum</strong></span> <span class='ocrx_word' id='word_1_792' title='bbox 2887 3959 3042 4007; x_wconf 89' lang='lat' dir='ltr'><strong>erant</strong></span> <span class='ocrx_word' id='word_1_793' title='bbox 3073 3969 3088 4006; x_wconf 93' lang='lat'><strong>:</strong></span> <span class='ocrx_word' id='word_1_794' title='bbox 3116 3965 3257 4008; x_wconf 89' lang='lat' dir='ltr'><strong>nunc</strong></span> <span class='ocrx_word' id='word_1_795' title='bbox 3282 3965 3412 4008; x_wconf 86' lang='lat' dir='ltr'><strong>vero</strong></span> <span class='ocrx_word' id='word_1_796' title='bbox 3441 3966 3567 4008; x_wconf 82' lang='lat' dir='ltr'><strong>car-</strong></span> 
     </span>
    </p>
   </div>
   <div class='ocr_carea' id='block_1_100' title="bbox 1972 4037 3560 4113">
    <p class='ocr_par' dir='ltr' id='par_1_100' title="bbox 1972 4037 3560 4113">
     <span class='ocr_line' id='line_1_102' title="bbox 1972 4037 3560 4113; baseline 0.005 -20"><span class='ocrx_word' id='word_1_797' title='bbox 1972 4038 2078 4093; x_wconf 85' lang='lat' dir='ltr'><strong>nali</strong></span> <span class='ocrx_word' id='word_1_798' title='bbox 2113 4037 2467 4108; x_wconf 68' lang='lat' dir='ltr'><strong>generatione</strong></span> <span class='ocrx_word' id='word_1_799' title='bbox 2511 4038 2621 4108; x_wconf 88' lang='lat' dir='ltr'><strong>jam</strong></span> <span class='ocrx_word' id='word_1_800' title='bbox 2650 4054 2836 4095; x_wconf 84' lang='lat' dir='ltr'><strong>eorum</strong></span> <span class='ocrx_word' id='word_1_801' title='bbox 2884 4050 3043 4109; x_wconf 91' lang='lat' dir='ltr'><strong>sunt,</strong></span> <span class='ocrx_word' id='word_1_802' title='bbox 3089 4043 3284 4113; x_wconf 86' lang='lat' dir='ltr'><strong>quibus</strong></span> <span class='ocrx_word' id='word_1_803' title='bbox 3326 4043 3560 4101; x_wconf 86' lang='lat' dir='ltr'><strong>nondum</strong></span> 
     </span>
    </p>
   </div>
   <div class='ocr_carea' id='block_1_101' title="bbox 1972 4133 3068 4204">
    <p class='ocr_par' dir='ltr' id='par_1_101' title="bbox 1972 4133 3068 4204">
     <span class='ocr_line' id='line_1_103' title="bbox 1972 4133 3068 4204; baseline 0.002 -15"><span class='ocrx_word' id='word_1_804' title='bbox 1972 4133 2232 4204; x_wconf 89' lang='lat' dir='ltr'><strong>spirituali</strong></span> <span class='ocrx_word' id='word_1_805' title='bbox 2254 4134 2656 4204; x_wconf 85' lang='lat' dir='ltr'><strong>regeneratione</strong></span> <span class='ocrx_word' id='word_1_806' title='bbox 2679 4133 2899 4190; x_wconf 88' lang='lat' dir='ltr'><strong>dimissa</strong></span> <span class='ocrx_word' id='word_1_807' title='bbox 2923 4145 3068 4191; x_wconf 88' lang='lat' dir='ltr'><strong>sunt.</strong></span> 
     </span>
    </p>
   </div>
   <div class='ocr_carea' id='block_1_102' title="bbox 2047 4227 3566 4302">
    <p class='ocr_par' dir='ltr' id='par_1_102' title="bbox 2047 4227 3566 4302">
     <span class='ocr_line' id='line_1_104' title="bbox 2047 4227 3566 4302; baseline 0.003 -20"><span class='ocrx_word' id='word_1_808' title='bbox 2047 4228 2135 4282; x_wconf 88' lang='grc'><strong>16.</strong></span> <span class='ocrx_word' id='word_1_809' title='bbox 2178 4227 2285 4282; x_wconf 88' lang='lat' dir='ltr'><strong>Sed</strong></span> <span class='ocrx_word' id='word_1_810' title='bbox 2326 4228 2370 4280; x_wconf 84' lang='lat' dir='ltr'><strong>si</strong></span> <span class='ocrx_word' id='word_1_811' title='bbox 2393 4227 2714 4296; x_wconf 85' lang='lat' dir='ltr'><strong>Baptismus,</strong></span> <span class='ocrx_word' id='word_1_812' title='bbox 2758 4229 3035 4299; x_wconf 89' lang='lat' dir='ltr'><strong>inquiunt,</strong></span> <span class='ocrx_word' id='word_1_813' title='bbox 3063 4235 3274 4286; x_wconf 88' lang='lat' dir='ltr'><strong>mundat</strong></span> <span class='ocrx_word' id='word_1_814' title='bbox 3302 4232 3566 4302; x_wconf 88' lang='lat' dir='ltr'><strong>antiquum</strong></span> 
     </span>
    </p>
   </div>
   <div class='ocr_carea' id='block_1_103' title="bbox 1975 4319 3562 4396">
    <p class='ocr_par' dir='ltr' id='par_1_103' title="bbox 1975 4319 3562 4396">
     <span class='ocr_line' id='line_1_105' title="bbox 1975 4319 3562 4396; baseline 0.003 -23"><span class='ocrx_word' id='word_1_815' title='bbox 1975 4320 2105 4374; x_wconf 86' lang='lat' dir='ltr'><strong>illud</strong></span> <span class='ocrx_word' id='word_1_816' title='bbox 2134 4319 2404 4386; x_wconf 88' lang='lat' dir='ltr'><strong>delictum,</strong></span> <span class='ocrx_word' id='word_1_817' title='bbox 2446 4319 2532 4388; x_wconf 90' lang='lat' dir='ltr'><strong>qui</strong></span> <span class='ocrx_word' id='word_1_818' title='bbox 2556 4319 2620 4374; x_wconf 88' lang='lat' dir='ltr'><strong>de</strong></span> <span class='ocrx_word' id='word_1_819' title='bbox 2643 4319 2837 4375; x_wconf 85' lang='lat' dir='ltr'><strong>duobus</strong></span> <span class='ocrx_word' id='word_1_820' title='bbox 2877 4321 3143 4390; x_wconf 69' lang='lat' dir='ltr'><strong>baptisatis</strong></span> <span class='ocrx_word' id='word_1_821' title='bbox 3189 4324 3296 4376; x_wconf 89' lang='lat' dir='ltr'><strong>nati</strong></span> <span class='ocrx_word' id='word_1_822' title='bbox 3335 4323 3562 4396; x_wconf 80' lang='lat' dir='ltr'><strong>fuerint,</strong></span> 
     </span>
    </p>
   </div>
   <div class='ocr_carea' id='block_1_104' title="bbox 1976 4410 3566 4482">
    <p class='ocr_par' dir='ltr' id='par_1_104' title="bbox 1976 4410 3566 4482">
     <span class='ocr_line' id='line_1_106' title="bbox 1976 4410 3566 4482; baseline 0.001 -18"><span class='ocrx_word' id='word_1_823' title='bbox 1976 4410 2155 4464; x_wconf 87' lang='lat' dir='ltr'><strong>debent</strong></span> <span class='ocrx_word' id='word_1_824' title='bbox 2199 4410 2290 4463; x_wconf 91' lang='lat' dir='ltr'><strong>hoc</strong></span> <span class='ocrx_word' id='word_1_825' title='bbox 2334 4425 2506 4463; x_wconf 85' lang='lat' dir='ltr'><strong>carere</strong></span> <span class='ocrx_word' id='word_1_826' title='bbox 2544 4419 2766 4480; x_wconf 88' lang='lat' dir='ltr'><strong>peccato.</strong></span> <span class='ocrx_word' id='word_1_827' title='bbox 2821 4410 2941 4464; x_wconf 85' lang='lat' dir='ltr'><strong>Non</strong></span> <span class='ocrx_word' id='word_1_828' title='bbox 2995 4411 3128 4465; x_wconf 86' lang='lat' dir='ltr'><strong>enim</strong></span> <span class='ocrx_word' id='word_1_829' title='bbox 3178 4421 3447 4482; x_wconf 88' lang='lat' dir='ltr'><strong>potuerunt</strong></span> <span class='ocrx_word' id='word_1_830' title='bbox 3497 4411 3566 4467; x_wconf 87' lang='lat' dir='ltr'><strong>ad</strong></span> 
     </span>
    </p>
   </div>
   <div class='ocr_carea' id='block_1_105' title="bbox 1977 4501 3562 4573">
    <p class='ocr_par' dir='ltr' id='par_1_105' title="bbox 1977 4501 3562 4573">
     <span class='ocr_line' id='line_1_107' title="bbox 1977 4501 3562 4573; baseline 0.001 -16"><span class='ocrx_word' id='word_1_831' title='bbox 1977 4511 2200 4573; x_wconf 84' lang='lat' dir='ltr'><strong>posteros</strong></span> <span class='ocrx_word' id='word_1_832' title='bbox 2249 4501 2614 4568; x_wconf 85' lang='lat' dir='ltr'><strong>transmittere,</strong></span> <span class='ocrx_word' id='word_1_833' title='bbox 2664 4501 2802 4570; x_wconf 84' lang='lat' dir='ltr'><strong>quod</strong></span> <span class='ocrx_word' id='word_1_834' title='bbox 2846 4502 2944 4573; x_wconf 84' lang='lat' dir='ltr'><strong>ipsi</strong></span> <span class='ocrx_word' id='word_1_835' title='bbox 3001 4502 3204 4556; x_wconf 87' lang='lat' dir='ltr'><strong>minime</strong></span> <span class='ocrx_word' id='word_1_836' title='bbox 3263 4503 3562 4560; x_wconf 84' lang='lat' dir='ltr'><strong>habuerunt.</strong></span> 
     </span>
    </p>
   </div>
   <div class='ocr_carea' id='block_1_106' title="bbox 1976 4594 3568 4666">
    <p class='ocr_par' dir='ltr' id='par_1_106' title="bbox 1976 4594 3568 4666">
     <span class='ocr_line' id='line_1_108' title="bbox 1976 4594 3568 4666; baseline 0.001 -14"><span class='ocrx_word' id='word_1_837' title='bbox 1976 4595 2115 4652; x_wconf 90' lang='lat' dir='ltr'><strong>Ecce</strong></span> <span class='ocrx_word' id='word_1_838' title='bbox 2149 4594 2290 4650; x_wconf 90' lang='lat' dir='ltr'><strong>unde</strong></span> <span class='ocrx_word' id='word_1_839' title='bbox 2320 4595 2636 4666; x_wconf 89' lang='lat' dir='ltr'><strong>plerumque</strong></span> <span class='ocrx_word' id='word_1_840' title='bbox 2665 4596 2992 4651; x_wconf 89' lang='lat' dir='ltr'><strong>convalescit</strong></span> <span class='ocrx_word' id='word_1_841' title='bbox 3019 4613 3172 4652; x_wconf 87' lang='lat' dir='ltr'><strong>error</strong></span> <span class='ocrx_word' id='word_1_842' title='bbox 3193 4639 3208 4664; x_wconf 97' lang='lat'><strong>,</strong></span> <span class='ocrx_word' id='word_1_843' title='bbox 3240 4613 3361 4653; x_wconf 90' lang='lat' dir='ltr'><strong>cum</strong></span> <span class='ocrx_word' id='word_1_844' title='bbox 3393 4597 3568 4653; x_wconf 85' lang='lat' dir='ltr'><strong>homi-</strong></span> 
     </span>
    </p>
   </div>
   <div class='ocr_carea' id='block_1_107' title="bbox 1977 4688 3568 4761">
    <p class='ocr_par' dir='ltr' id='par_1_107' title="bbox 1977 4688 3568 4761">
     <span class='ocr_line' id='line_1_109' title="bbox 1977 4688 3568 4761; baseline 0 -15"><span class='ocrx_word' id='word_1_845' title='bbox 1977 4707 2076 4747; x_wconf 91' lang='lat' dir='ltr'><strong>nes</strong></span> <span class='ocrx_word' id='word_1_846' title='bbox 2115 4689 2290 4746; x_wconf 88' lang='lat' dir='ltr'><strong>idonei</strong></span> <span class='ocrx_word' id='word_1_847' title='bbox 2317 4699 2442 4743; x_wconf 89' lang='lat' dir='ltr'><strong>sunt</strong></span> <span class='ocrx_word' id='word_1_848' title='bbox 2469 4689 2551 4746; x_wconf 85' lang='lat' dir='ltr'><strong>his</strong></span> <span class='ocrx_word' id='word_1_849' title='bbox 2597 4688 2757 4744; x_wconf 88' lang='lat' dir='ltr'><strong>rebus</strong></span> <span class='ocrx_word' id='word_1_850' title='bbox 2786 4689 3210 4760; x_wconf 81' lang='lat' dir='ltr'><strong>interrogandis,</strong></span> <span class='ocrx_word' id='word_1_851' title='bbox 3253 4691 3458 4761; x_wconf 76' lang='lat' dir='ltr'><strong>quibus</strong></span> <span class='ocrx_word' id='word_1_852' title='bbox 3486 4691 3568 4746; x_wconf 79' lang='lat' dir='ltr'><strong>in-</strong></span> 
     </span>
    </p>
   </div>
   <div class='ocr_carea' id='block_1_108' title="bbox 1981 4782 3569 4855">
    <p class='ocr_par' dir='ltr' id='par_1_108' title="bbox 1981 4782 3569 4855">
     <span class='ocr_line' id='line_1_110' title="bbox 1981 4782 3569 4855; baseline -0.001 -15"><span class='ocrx_word' id='word_1_853' title='bbox 1981 4783 2281 4855; x_wconf 85' lang='lat' dir='ltr'><strong>telligendis</strong></span> <span class='ocrx_word' id='word_1_854' title='bbox 2323 4797 2429 4838; x_wconf 91' lang='lat' dir='ltr'><strong>non</strong></span> <span class='ocrx_word' id='word_1_855' title='bbox 2456 4792 2579 4837; x_wconf 91' lang='lat' dir='ltr'><strong>sunt</strong></span> <span class='ocrx_word' id='word_1_856' title='bbox 2620 4782 2818 4837; x_wconf 87' lang='lat' dir='ltr'><strong>idonei.</strong></span> <span class='ocrx_word' id='word_1_857' title='bbox 2847 4782 2944 4838; x_wconf 89' lang='lat' dir='ltr'><strong>Cui</strong></span> <span class='ocrx_word' id='word_1_858' title='bbox 2989 4782 3132 4838; x_wconf 90' lang='lat' dir='ltr'><strong>enim</strong></span> <span class='ocrx_word' id='word_1_859' title='bbox 3176 4783 3440 4851; x_wconf 87' lang='lat' dir='ltr'><strong>auditori,</strong></span> <span class='ocrx_word' id='word_1_860' title='bbox 3482 4783 3569 4840; x_wconf 87' lang='lat' dir='ltr'><strong>vel</strong></span> 
     </span>
    </p>
   </div>
   <div class='ocr_carea' id='block_1_109' title="bbox 1976 4876 3568 4951">
    <p class='ocr_par' dir='ltr' id='par_1_109' title="bbox 1976 4876 3568 4951">
     <span class='ocr_line' id='line_1_111' title="bbox 1976 4876 3568 4951; baseline 0.001 -18"><span class='ocrx_word' id='word_1_861' title='bbox 1976 4879 2167 4951; x_wconf 88' lang='lat' dir='ltr'><strong>quibus</strong></span> <span class='ocrx_word' id='word_1_862' title='bbox 2211 4877 2471 4948; x_wconf 66' lang='lat' dir='ltr'><strong>evplicem</strong></span> <span class='ocrx_word' id='word_1_863' title='bbox 2515 4876 2720 4945; x_wconf 87' lang='lat' dir='ltr'><strong>verbis,</strong></span> <span class='ocrx_word' id='word_1_864' title='bbox 2770 4876 3042 4948; x_wconf 83' lang='lat' dir='ltr'><strong>quomodo</strong></span> <span class='ocrx_word' id='word_1_865' title='bbox 3090 4877 3332 4932; x_wconf 88' lang='lat' dir='ltr'><strong>mortalia</strong></span> <span class='ocrx_word' id='word_1_866' title='bbox 3378 4877 3568 4934; x_wconf 86' lang='lat' dir='ltr'><strong>vitiosa</strong></span> 
     </span>
    </p>
   </div>
   <div class='ocr_carea' id='block_1_110' title="bbox 1977 4970 3570 5044">
    <p class='ocr_par' dir='ltr' id='par_1_110' title="bbox 1977 4970 3570 5044">
     <span class='ocr_line' id='line_1_112' title="bbox 1977 4970 3570 5044; baseline 0.001 -16"><span class='ocrx_word' id='word_1_867' title='bbox 1977 4971 2264 5044; x_wconf 91' lang='lat' dir='ltr'><strong>primordia</strong></span> <span class='ocrx_word' id='word_1_868' title='bbox 2290 4986 2396 5026; x_wconf 90' lang='lat' dir='ltr'><strong>non</strong></span> <span class='ocrx_word' id='word_1_869' title='bbox 2419 4970 2598 5026; x_wconf 89' lang='lat' dir='ltr'><strong>obsint</strong></span> <span class='ocrx_word' id='word_1_870' title='bbox 2623 4971 2722 5037; x_wconf 92' lang='lat' dir='ltr'><strong>eis,</strong></span> <span class='ocrx_word' id='word_1_871' title='bbox 2751 4970 2842 5041; x_wconf 90' lang='lat' dir='ltr'><strong>qui</strong></span> <span class='ocrx_word' id='word_1_872' title='bbox 2869 4971 2990 5026; x_wconf 91' lang='lat' dir='ltr'><strong>aliis</strong></span> <span class='ocrx_word' id='word_1_873' title='bbox 3016 4971 3320 5042; x_wconf 89' lang='lat' dir='ltr'><strong>primordiis</strong></span> <span class='ocrx_word' id='word_1_874' title='bbox 3350 4973 3570 5029; x_wconf 91' lang='lat' dir='ltr'><strong>immor-</strong></span> 
     </span>
    </p>
   </div>
   <div class='ocr_carea' id='block_1_111' title="bbox 1980 5061 3570 5133">
    <p class='ocr_par' dir='ltr' id='par_1_111' title="bbox 1980 5061 3570 5133">
     <span class='ocr_line' id='line_1_113' title="bbox 1980 5061 3570 5133; baseline 0 -14"><span class='ocrx_word' id='word_1_875' title='bbox 1980 5065 2174 5119; x_wconf 85' lang='lat' dir='ltr'><strong>talibus</strong></span> <span class='ocrx_word' id='word_1_876' title='bbox 2226 5061 2462 5117; x_wconf 90' lang='lat' dir='ltr'><strong>inchoati</strong></span> <span class='ocrx_word' id='word_1_877' title='bbox 2501 5069 2659 5126; x_wconf 90' lang='lat' dir='ltr'><strong>sunt;</strong></span> <span class='ocrx_word' id='word_1_878' title='bbox 2713 5069 2768 5116; x_wconf 88' lang='lat' dir='ltr'><strong>et</strong></span> <span class='ocrx_word' id='word_1_879' title='bbox 2820 5070 2997 5116; x_wconf 89' lang='lat' dir='ltr'><strong>tamen</strong></span> <span class='ocrx_word' id='word_1_880' title='bbox 3050 5061 3228 5116; x_wconf 89' lang='lat' dir='ltr'><strong>obsint</strong></span> <span class='ocrx_word' id='word_1_881' title='bbox 3274 5061 3387 5130; x_wconf 86' lang='lat' dir='ltr'><strong>eis,</strong></span> <span class='ocrx_word' id='word_1_882' title='bbox 3433 5077 3570 5133; x_wconf 87' lang='lat' dir='ltr'><strong>quos</strong></span> 
     </span>
    </p>
   </div>
   <div class='ocr_carea' id='block_1_112' title="bbox 1979 5152 3571 5226">
    <p class='ocr_par' dir='ltr' id='par_1_112' title="bbox 1979 5152 3571 5226">
     <span class='ocr_line' id='line_1_114' title="bbox 1979 5152 3571 5226; baseline -0.003 -15"><span class='ocrx_word' id='word_1_883' title='bbox 1979 5154 2138 5211; x_wconf 90' lang='lat' dir='ltr'><strong>iidem</strong></span> <span class='ocrx_word' id='word_1_884' title='bbox 2181 5152 2308 5226; x_wconf 87' lang='lat' dir='ltr'><strong>ipsi,</strong></span> <span class='ocrx_word' id='word_1_885' title='bbox 2349 5153 2542 5223; x_wconf 86' lang='lat' dir='ltr'><strong>quibus</strong></span> <span class='ocrx_word' id='word_1_886' title='bbox 2585 5152 2694 5222; x_wconf 90' lang='lat' dir='ltr'><strong>jam</strong></span> <span class='ocrx_word' id='word_1_887' title='bbox 2725 5167 2833 5206; x_wconf 93' lang='lat' dir='ltr'><strong>non</strong></span> <span class='ocrx_word' id='word_1_888' title='bbox 2878 5153 3106 5219; x_wconf 90' lang='lat' dir='ltr'><strong>obsunt,</strong></span> <span class='ocrx_word' id='word_1_889' title='bbox 3139 5168 3207 5209; x_wconf 82' lang='lat' dir='ltr'><strong>ex</strong></span> <span class='ocrx_word' id='word_1_890' title='bbox 3251 5153 3455 5208; x_wconf 88' lang='lat' dir='ltr'><strong>eisdem</strong></span> <span class='ocrx_word' id='word_1_891' title='bbox 3492 5153 3571 5207; x_wconf 88' lang='lat' dir='ltr'><strong>vi-</strong></span> 
     </span>
    </p>
   </div>
   <div class='ocr_carea' id='block_1_113' title="bbox 1982 5247 3572 5321">
    <p class='ocr_par' dir='ltr' id='par_1_113' title="bbox 1982 5247 3572 5321">
     <span class='ocr_line' id='line_1_115' title="bbox 1982 5247 3572 5321; baseline -0.003 -15"><span class='ocrx_word' id='word_1_892' title='bbox 1982 5251 2132 5307; x_wconf 87' lang='lat' dir='ltr'><strong>tiosis</strong></span> <span class='ocrx_word' id='word_1_893' title='bbox 2154 5247 2457 5321; x_wconf 90' lang='lat' dir='ltr'><strong>primordiis</strong></span> <span class='ocrx_word' id='word_1_894' title='bbox 2483 5247 2897 5319; x_wconf 88' lang='lat' dir='ltr'><strong>generaverint?</strong></span> <span class='ocrx_word' id='word_1_895' title='bbox 2923 5247 3192 5318; x_wconf 91' lang='lat' dir='ltr'><strong>quomodo</strong></span> <span class='ocrx_word' id='word_1_896' title='bbox 3228 5247 3280 5304; x_wconf 92' lang='lat' dir='ltr'><strong>id</strong></span> <span class='ocrx_word' id='word_1_897' title='bbox 3308 5247 3572 5316; x_wconf 83' lang='lat' dir='ltr'><strong>intelligat</strong></span> 
     </span>
    </p>
   </div>
   <div class='ocr_carea' id='block_1_114' title="bbox 1981 5337 3570 5411">
    <p class='ocr_par' dir='ltr' id='par_1_114' title="bbox 1981 5337 3570 5411">
     <span class='ocr_line' id='line_1_116' title="bbox 1981 5337 3570 5411; baseline -0.006 -12"><span class='ocrx_word' id='word_1_898' title='bbox 1981 5343 2178 5409; x_wconf 88' lang='lat' dir='ltr'><strong>homo,</strong></span> <span class='ocrx_word' id='word_1_899' title='bbox 2221 5341 2374 5411; x_wconf 89' lang='lat' dir='ltr'><strong>cujus</strong></span> <span class='ocrx_word' id='word_1_900' title='bbox 2421 5339 2799 5395; x_wconf 89' lang='lat' dir='ltr'><strong>tardiusculam</strong></span> <span class='ocrx_word' id='word_1_901' title='bbox 2843 5347 3080 5395; x_wconf 91' lang='lat' dir='ltr'><strong>mentem</strong></span> <span class='ocrx_word' id='word_1_902' title='bbox 3111 5337 3331 5408; x_wconf 89' lang='lat' dir='ltr'><strong>impedit</strong></span> <span class='ocrx_word' id='word_1_903' title='bbox 3376 5345 3429 5392; x_wconf 88' lang='lat' dir='ltr'><strong>et</strong></span> <span class='ocrx_word' id='word_1_904' title='bbox 3457 5350 3570 5391; x_wconf 69' lang='lat' dir='ltr'><strong>sua:</strong></span> 
     </span>
    </p>
   </div>
   <div class='ocr_carea' id='block_1_115' title="bbox 1982 5428 3571 5504">
    <p class='ocr_par' dir='ltr' id='par_1_115' title="bbox 1982 5428 3571 5504">
     <span class='ocr_line' id='line_1_117' title="bbox 1982 5428 3571 5504; baseline -0.005 -12"><span class='ocrx_word' id='word_1_905' title='bbox 1982 5433 2261 5492; x_wconf 76' lang='lat' dir='ltr'><strong>sententia:</strong></span> <span class='ocrx_word' id='word_1_906' title='bbox 2293 5431 2678 5504; x_wconf 75' lang='lat' dir='ltr'><strong>prtejudicium,</strong></span> <span class='ocrx_word' id='word_1_907' title='bbox 2705 5439 2760 5486; x_wconf 92' lang='lat' dir='ltr'><strong>et</strong></span> <span class='ocrx_word' id='word_1_908' title='bbox 2780 5431 3090 5501; x_wconf 60' lang='lat' dir='ltr'><strong>pervicacia:</strong></span> <span class='ocrx_word' id='word_1_909' title='bbox 3108 5428 3434 5500; x_wconf 75' lang='lat' dir='ltr'><strong>gravissima:</strong></span> <span class='ocrx_word' id='word_1_910' title='bbox 3461 5428 3571 5484; x_wconf 87' lang='lat' dir='ltr'><strong>vin-</strong></span> 
     </span>
    </p>
   </div>
   <div class='ocr_carea' id='block_1_116' title="bbox 1983 5517 3572 5584">
    <p class='ocr_par' dir='ltr' id='par_1_116' title="bbox 1983 5517 3572 5584">
     <span class='ocr_line' id='line_1_118' title="bbox 1983 5517 3572 5584; baseline -0.005 0"><span class='ocrx_word' id='word_1_911' title='bbox 1983 5526 2198 5584; x_wconf 89' lang='lat' dir='ltr'><strong>culum?</strong></span> <span class='ocrx_word' id='word_1_912' title='bbox 2251 5524 2628 5580; x_wconf 82' lang='lat' dir='ltr'><strong>Verumtamen</strong></span> <span class='ocrx_word' id='word_1_913' title='bbox 2697 5523 2743 5577; x_wconf 90' lang='lat' dir='ltr'><strong>si</strong></span> <span class='ocrx_word' id='word_1_914' title='bbox 2790 5522 3050 5578; x_wconf 89' lang='lat' dir='ltr'><strong>adversus</strong></span> <span class='ocrx_word' id='word_1_915' title='bbox 3097 5535 3191 5577; x_wconf 91' lang='lat' dir='ltr'><strong>eos</strong></span> <span class='ocrx_word' id='word_1_916' title='bbox 3244 5517 3376 5574; x_wconf 88' lang='lat' dir='ltr'><strong>mihi</strong></span> <span class='ocrx_word' id='word_1_917' title='bbox 3425 5529 3572 5576; x_wconf 87' lang='lat' dir='ltr'><strong>esset</strong></span> 
     </span>
    </p>
   </div>
   <div class='ocr_carea' id='block_1_117' title="bbox 1986 5609 3574 5687">
    <p class='ocr_par' dir='ltr' id='par_1_117' title="bbox 1986 5609 3574 5687">
     <span class='ocr_line' id='line_1_119' title="bbox 1986 5609 3574 5687; baseline -0.006 -10"><span class='ocrx_word' id='word_1_918' title='bbox 1986 5637 2144 5678; x_wconf 88' lang='lat' dir='ltr'><strong>causa</strong></span> <span class='ocrx_word' id='word_1_919' title='bbox 2185 5619 2286 5674; x_wconf 91' lang='lat' dir='ltr'><strong>ista</strong></span> <span class='ocrx_word' id='word_1_920' title='bbox 2332 5626 2612 5687; x_wconf 88' lang='lat' dir='ltr'><strong>suscepta,</strong></span> <span class='ocrx_word' id='word_1_921' title='bbox 2645 5615 2737 5687; x_wconf 94' lang='lat' dir='ltr'><strong>qui</strong></span> <span class='ocrx_word' id='word_1_922' title='bbox 2777 5616 2995 5671; x_wconf 90' lang='lat' dir='ltr'><strong>omnino</strong></span> <span class='ocrx_word' id='word_1_923' title='bbox 3039 5612 3285 5684; x_wconf 90' lang='lat' dir='ltr'><strong>parvulos</strong></span> <span class='ocrx_word' id='word_1_924' title='bbox 3313 5609 3574 5681; x_wconf 87' lang='lat' dir='ltr'><strong>baptizari</strong></span> 
     </span>
    </p>
   </div>
   <div class='ocr_carea' id='block_1_118' title="bbox 1988 5702 3572 5784">
    <p class='ocr_par' dir='ltr' id='par_1_118' title="bbox 1988 5702 3572 5784">
     <span class='ocr_line' id='line_1_120' title="bbox 1988 5702 3572 5784; baseline -0.004 -17"><span class='ocrx_word' id='word_1_925' title='bbox 1988 5713 2306 5784; x_wconf 84' lang='lat' dir='ltr'><strong>prohibent,</strong></span> <span class='ocrx_word' id='word_1_926' title='bbox 2353 5719 2443 5764; x_wconf 90' lang='lat' dir='ltr'><strong>aut</strong></span> <span class='ocrx_word' id='word_1_927' title='bbox 2486 5706 2753 5779; x_wconf 81' lang='lat' dir='ltr'><strong>superﬂuo</strong></span> <span class='ocrx_word' id='word_1_928' title='bbox 2792 5705 3049 5777; x_wconf 85' lang='lat' dir='ltr'><strong>baptizari</strong></span> <span class='ocrx_word' id='word_1_929' title='bbox 3084 5702 3440 5772; x_wconf 90' lang='lat' dir='ltr'><strong>contendunt,</strong></span> <span class='ocrx_word' id='word_1_930' title='bbox 3490 5703 3572 5761; x_wconf 87' lang='lat' dir='ltr'><strong>di-</strong></span> 
     </span>
    </p>
   </div>
   <div class='ocr_carea' id='block_1_119' title="bbox 2053 5815 3574 5895">
    <p class='ocr_par' dir='ltr' id='par_1_119' title="bbox 2053 5815 3574 5895">
     <span class='ocr_line' id='line_1_121' title="bbox 2053 5815 3574 5895; baseline -0.001 1"><span class='ocrx_word' id='word_1_931' title='bbox 2053 5823 2231 5895; x_wconf 59' lang='lat' dir='ltr'><strong>‘witiz</strong></span> <span class='ocrx_word' id='word_1_932' title='bbox 2265 5819 2483 5895; x_wconf 62' lang='grc' dir='ltr'><strong>θιξίια</strong></span> <span class='ocrx_word' id='word_1_933' title='bbox 2519 5832 2631 5895; x_wconf 54' lang='grc' dir='ltr'><strong>φφ-</strong></span> <span class='ocrx_word' id='word_1_934' title='bbox 2656 5818 2957 5895; x_wconf 50' lang='lat' dir='ltr'><strong>(esteem?</strong></span> <span class='ocrx_word' id='word_1_935' title='bbox 2992 5830 3054 5895; x_wconf 65' lang='grc' dir='ltr'><strong>ς’</strong></span> <span class='ocrx_word' id='word_1_936' title='bbox 3094 5816 3447 5895; x_wconf 49' lang='lat' dir='ltr'><strong>uanus-wares.</strong></span> <span class='ocrx_word' id='word_1_937' title='bbox 3485 5815 3574 5895; x_wconf 63' lang='lat' dir='ltr'><strong>an!</strong></span> 
     </span>
    </p>
   </div>
   <div class='ocr_carea' id='block_1_120' title="bbox 1991 5875 3573 5957">
    <p class='ocr_par' dir='ltr' id='par_1_120' title="bbox 1991 5875 3573 5957">
     <span class='ocr_line' id='line_1_122' title="bbox 1991 5875 3573 5957; baseline 0 0"><span class='ocrx_word' id='word_1_938' title='bbox 1991 5893 2155 5957; x_wconf 72' lang='lat' dir='ltr'><strong>tamen</strong></span> <span class='ocrx_word' id='word_1_939' title='bbox 2186 5875 2264 5934; x_wconf 66' lang='lat' dir='ltr'><strong>hic</strong></span> <span class='ocrx_word' id='word_1_940' title='bbox 2283 5885 2362 5957; x_wconf 57' lang='lat' dir='ltr'><strong>sic</strong></span> <span class='ocrx_word' id='word_1_941' title='bbox 2405 5875 2731 5957; x_wconf 50' lang='lat' dir='ltr'><strong>dissentient:</strong></span> <span class='ocrx_word' id='word_1_942' title='bbox 2769 5875 2838 5957; x_wconf 56' lang='grc' dir='ltr'><strong>ιῖε</strong></span> <span class='ocrx_word' id='word_1_943' title='bbox 2867 5877 2947 5930; x_wconf 68' lang='lat' dir='ltr'><strong>alii</strong></span> <span class='ocrx_word' id='word_1_944' title='bbox 2981 5879 3184 5957; x_wconf 53' lang='lat' dir='ltr'><strong>fere“:</strong></span> <span class='ocrx_word' id='word_1_945' title='bbox 3224 5875 3369 5948; x_wconf 62' lang='grc' dir='ltr'><strong>έηδέιλῖ</strong></span> <span class='ocrx_word' id='word_1_946' title='bbox 3402 5878 3472 5957; x_wconf 61' lang='lat' dir='ltr'><strong>vis</strong></span> <span class='ocrx_word' id='word_1_947' title='bbox 3500 5875 3573 5957; x_wconf 65' lang='grc' dir='ltr'><strong>έεξ</strong></span> 
     </span>
    </p>
   </div>
   <div class='ocr_carea' id='block_1_121' title="bbox 1989 5935 3579 6077">
    <p class='ocr_par' dir='ltr' id='par_1_121' title="bbox 1989 5935 3579 6077">
     <span class='ocr_line' id='line_1_123' title="bbox 1989 5935 3579 6077; baseline -0.005 -78"><span class='ocrx_word' id='word_1_948' title='bbox 1989 5947 2086 6077; x_wconf 54' lang='lat' dir='ltr'><strong>ianua</strong></span> <span class='ocrx_word' id='word_1_949' title='bbox 2084 5962 2179 6012; x_wconf 88' lang='lat' dir='ltr'><strong>qua</strong></span> <span class='ocrx_word' id='word_1_950' title='bbox 2192 5960 2212 6011; x_wconf 80' lang='lat'><strong>,°</strong></span> <span class='ocrx_word' id='word_1_951' title='bbox 2252 5946 2365 6008; x_wconf 84' lang='lat' dir='ltr'><strong>alii,</strong></span> <span class='ocrx_word' id='word_1_952' title='bbox 2411 5943 2554 5996; x_wconf 83' lang='lat' dir='ltr'><strong>insita</strong></span> <span class='ocrx_word' id='word_1_953' title='bbox 2595 5941 2640 5993; x_wconf 85' lang='lat' dir='ltr'><strong>ri</strong></span> <span class='ocrx_word' id='word_1_954' title='bbox 2684 5935 2735 5991; x_wconf 80' lang='lat' dir='ltr'><strong>in</strong></span> <span class='ocrx_word' id='word_1_955' title='bbox 2776 5955 2908 6004; x_wconf 88' lang='lat' dir='ltr'><strong>qua;</strong></span> <span class='ocrx_word' id='word_1_956' title='bbox 2948 5941 3031 5993; x_wconf 85' lang='lat' dir='ltr'><strong>alii</strong></span> <span class='ocrx_word' id='word_1_957' title='bbox 3073 5935 3301 6004; x_wconf 88' lang='lat' dir='ltr'><strong>tandem,</strong></span> <span class='ocrx_word' id='word_1_958' title='bbox 3350 5940 3492 5995; x_wconf 76' lang='lat' dir='ltr'><strong>insita</strong></span> <span class='ocrx_word' id='word_1_959' title='bbox 3522 5935 3579 6014; x_wconf 56' lang='lat' dir='ltr'><strong>vi</strong></span> 
     </span>
    </p>
   </div>
   <div class='ocr_carea' id='block_1_122' title="bbox 2089 6024 3588 6063">
    <p class='ocr_par' dir='ltr' id='par_1_122' title="bbox 2089 6024 3588 6063">
     <span class='ocr_line' id='line_1_124' title="bbox 2089 6024 3588 6063; baseline -0.005 0"><span class='ocrx_word' id='word_1_960' title='bbox 2089 6046 2102 6063; x_wconf 82' lang='grc' dir='ltr'><strong><em>ο</em></strong></span> <span class='ocrx_word' id='word_1_961' title='bbox 3575 6024 3588 6056; x_wconf 61' lang='grc' dir='ltr'><strong>ι</strong></span> 
     </span>
    </p>
   </div>
   <div class='ocr_carea' id='block_1_123' title="bbox 2832 6061 3593 6096">
    <p class='ocr_par' dir='ltr' id='par_1_123' title="bbox 2832 6061 3593 6096">
     <span class='ocr_line' id='line_1_125' title="bbox 2832 6061 3593 6096; baseline -0.008 -2"><span class='ocrx_word' id='word_1_962' title='bbox 2832 6086 2869 6096; x_wconf 76' lang='grc'><strong>-.</strong></span> <span class='ocrx_word' id='word_1_963' title='bbox 3511 6061 3593 6088; x_wconf 67' lang='grc' dir='ltr'><strong>..ὶ</strong></span> 
     </span>
    </p>
   </div>
  </div>
