3996 6492
474 425 578 484 193

472 549 657 598 centes
677 554 770 597 eos
793 554 858 597 ex
886 536 1132 595 ﬁdelibus
1157 542 1309 589 natos
1327 577 1342 602 ,
1370 541 1653 606 parentum
1681 531 1930 588 meritum
1959 544 2059 587 ne-

473 610 709 696 cessario
733 632 984 704 consequi
1014 650 1027 686 :
1058 639 1183 685 tunc
1211 628 1461 684 deberem
1487 625 1555 683 ad
1594 625 1732 682 hanc
1755 624 2064 697 opinionem

470 726 888 786 convincendam
915 722 1230 781 laboriosius
1261 721 1501 777 fortassis
1526 731 1580 776 et
1606 720 1886 791 operosius
1914 718 2062 774 exci-

472 822 597 877 tari.
628 820 777 877 Tunc
802 819 847 874 si
869 818 999 873 mihi
1027 816 1165 888 apud
1186 817 1405 873 obtusus
1429 824 1484 872 et
1506 814 1866 871 contentiosos
1882 856 1897 879 ,
1936 827 2064 884 pro-

472 925 591 987 pter
617 928 796 969 rerum
835 919 1040 967 naturae
1065 908 1447 967 obscuritatem
1463 949 1479 978 ,
1508 906 1790 962 difﬁcultas
1816 904 2066 961 refellen-

468 1004 523 1061 di
552 1004 683 1061 falsa
712 1011 766 1060 et
790 1001 1147 1074 persuadendi
1184 1016 1307 1056 vera
1339 1000 1648 1067 resisteret,
1681 997 1747 1052 ad
1785 996 1898 1052 lucc
1928 994 2064 1051 forte

469 1112 591 1167 qua:
618 1096 672 1150 in
694 1111 795 1150 usu
815 1101 978 1166 atque
1006 1094 1059 1149 in
1091 1100 1339 1164 promptu
1386 1090 1829 1159 essentexempla
1872 1086 2064 1145 confu-

468 1202 656 1259 gerem
688 1203 704 1244 :
732 1187 1073 1256 vicissimque
1103 1186 1518 1253 interrogarem,
1565 1189 1623 1236 ut
1647 1181 1770 1252 quia
1809 1195 1902 1236 eos
1950 1194 2065 1234 mo-

470 1288 625 1336 veret
664 1277 931 1350 quomodo
961 1284 1232 1348 peceatum
1262 1274 1403 1347 quod
1450 1272 1736 1328 inundatur
1765 1287 1860 1342 per
1885 1272 2066 1344 Bapti-

468 1388 645 1429 smum
667 1413 683 1441 ,
716 1380 928 1427 maneat
958 1373 1008 1425 in
1037 1370 1115 1426 eis
1160 1384 1292 1439 quos
1324 1366 1603 1439 genuerint
1646 1365 1929 1437 baptizati;
1963 1363 2064 1434 ipsi

469 1465 798 1535 explicarent
838 1461 1103 1533 quomodo
1134 1460 1455 1532 praeputium
1482 1456 1624 1528 quod
1653 1471 1748 1527 per
1778 1456 2061 1511 circumci-

467 1557 675 1611 sionem
702 1556 939 1611 aufertur
960 1597 975 1621 ,
1026 1562 1236 1609 maneat
1273 1552 1325 1606 in
1376 1551 1455 1606 eis
1483 1565 1616 1621 quos
1646 1549 1926 1622 genuerint
1956 1549 2062 1602 cir-

467 1647 722 1713 cumcisi;
765 1645 1034 1719 quomodo
1080 1646 1241 1701 etiam
1271 1644 1421 1714 palea
1448 1659 1567 1713 quae
1612 1657 1778 1712 opere
1825 1640 2061 1696 humano

468 1746 617 1794 tanta
659 1736 932 1809 diligentia
983 1744 1296 1808 separatur,
1325 1742 1540 1790 maneat
1585 1735 1636 1788 in
1667 1733 1839 1788 fructu
1879 1733 1969 1804 qui
1994 1730 2062 1788 de

470 1840 695 1904 purgato
718 1831 893 1886 tritico
922 1831 1173 1885 nascitur.
1308 1859 1312 1863 «

543 1923 768 1980 CAPUT
811 1923 898 1978 IX.
948 1953 1021 1963 —
1069 1923 1156 1978 l7.
1207 1920 1329 1976 Non
1374 1935 1571 1989 semper
1609 1918 1871 1974 christiani
1922 1917 2062 1971 chri-

469 2017 663 2073 stianos
682 2058 697 2085 ,
731 2032 886 2086 neque
913 2015 1142 2070 mandati
1170 2013 1439 2068 mandatos
1482 2012 1713 2084 gignunt.
1743 2010 1837 2065 His
1862 2018 1916 2066 et
1943 2010 2063 2065 tali-

475 2109 579 2167 bus
646 2108 871 2164 forsitan
916 2118 1203 2179 utcumque
1252 2102 1782 2175 conarcr'exemplis
1836 2116 2062 2175 persua-

469 2200 602 2257 dere
643 2199 981 2266 hominibus,
1024 2200 1115 2269 qui
1165 2195 1527 2253 mundationis
1575 2195 1920 2252 Sacramenta
1969 2204 2063 2249 su-

467 2293 680 2366 perfluo
714 2293 834 2348 filiis
877 2292 1251 2348 mnndatorum
1289 2291 1571 2348 crederent
1610 2289 1870 2357 adhiberi,
1903 2303 2061 2360 quam

469 2393 630 2441 recto
688 2386 921 2441 consilio
980 2385 1362 2454 baptizatorum
1405 2382 1610 2454 parvuli
1658 2382 1994 2452 baptizentur
2040 2398 2054 2436 :

477 2492 745 2549 quamque
774 2479 790 2510 ι
819 2477 933 2533 fieri
983 2477 1154 2550 possit
1188 2485 1240 2532 ut
1294 2475 1498 2531 homini
1533 2475 1747 2529 habenti
1773 2483 2059 2544 utrumque

469 2581 653 2627 semen
675 2611 689 2636 ,
717 2577 772 2625 et
800 2569 987 2624 mortis
1015 2570 1066 2623 in
1094 2582 1282 2635 carne,
1306 2565 1793 2623 etimmortalitatis
1820 2567 1873 2620 in
1901 2566 2062 2637 spiri-

467 2668 549 2729 tu,
582 2676 688 2716 non
705 2660 844 2716 obsit
864 2670 1175 2732 regenerato
1193 2677 1288 2732 per
1312 2661 1557 2732 spiritum
1578 2702 1590 2726 ,
1610 2659 1752 2729 quod
1773 2659 1921 2714 obest
1948 2658 2065 2729 ejus

466 2753 583 2811 ﬁlio
608 2764 863 2826 generato
910 2770 1006 2824 per
1029 2770 1280 2820 carnem;
1312 2755 1485 2825 sitque
1535 2755 1586 2808 in
1614 2753 1718 2808 isto
1749 2752 2065 2808 remissione

467 2847 805 2916 mundatum,
829 2847 969 2919 quod
983 2848 1051 2901 sit
1065 2847 1223 2903 etiam
1247 2847 1301 2901 in
1318 2846 1408 2900 illo
1428 2846 1589 2901 simili
1606 2844 1943 2912 remissione,
1971 2858 2066 2899 ve-

466 2940 549 2999 lut
574 2942 1014 3008 circumcisione,
1043 2940 1193 2996 velut
1231 2939 1568 2995 trituratione
1615 2952 1677 2994 ac
1698 2937 2061 3006 ventilationc,

467 3033 860 3090 mundandum.
889 3032 1040 3088 Nune
1069 3045 1220 3099 vero,
1248 3029 1676 3102 quandoquidem
1708 3045 1827 3086 cum
1856 3029 1934 3086 eis
1949 3031 2065 3100 agi-

464 3139 612 3193 mus,
644 3125 733 3196 qui
762 3124 1086 3180 confitentur
1110 3124 1499 3195 baptizatorum
1521 3123 1659 3179 ﬁlios
1693 3123 2063 3195 baptizandus;

458 3226 672 3290 “quanto
688 3217 879 3272 melius
891 3217 969 3273 sic
982 3216 1210 3289 agimus,
1227 3226 1285 3271 ut
1301 3215 1561 3283 dicamus,
1575 3215 1685 3271 Vos
1701 3215 1789 3287 qui
1801 3215 2061 3284 asseritis,

468 3310 538 3367 de
567 3309 870 3367 hominibus
895 3326 927 3366 a
960 3310 1168 3383 peccati
1217 3309 1337 3366 labe
1387 3307 1657 3365 mundatis
1703 3310 1821 3364 sine
1846 3315 2065 3379 peccato

466 3406 618 3462 nasci
645 3405 784 3460 filios
804 3404 1070 3472 debuisse,
1091 3418 1186 3459 cur
1202 3418 1310 3459 non
1332 3402 1626 3468 attenditis,
1650 3416 1714 3457 eo
1735 3400 1894 3456 modo
1913 3400 2065 3455 vobis

469 3512 630 3573 posse
655 3497 758 3555 dici
779 3541 794 3566 ,
826 3498 892 3553 de
915 3497 1221 3553 christianis
1249 3495 1562 3567 parentibus
1594 3493 1915 3550 christianos
1964 3507 2065 3547 na-

469 3594 549 3651 sci
571 3592 707 3648 filios
733 3590 1019 3647 debuisse?
1058 3587 1165 3644 Cur
1192 3603 1319 3660 ergo
1360 3601 1453 3643 eos
1488 3586 1805 3641 christianos
1834 3584 1947 3639 fieri
1973 3582 2068 3639 de-

473 3686 605 3745 bere
629 3684 900 3741 censetis?
930 3682 1195 3753 Numquid
1241 3683 1294 3738 in
1323 3696 1509 3738 eorum
1540 3680 1849 3751 parentibus
1870 3693 2066 3750 corpus

470 3777 821 3834 christianum
863 3791 968 3831 non
1013 3784 1125 3831 erat
1151 3817 1165 3842 ,
1212 3776 1403 3846 quibus
1440 3773 1639 3829 dictum
1686 3782 1799 3841 est,
1844 3770 2066 3827 Nescitis

472 3871 593 3944 quia
616 3885 828 3942 corpora
846 3878 1011 3924 vestra
1030 3868 1254 3922 membra
1273 3876 1387 3923 sunt
1411 3866 1599 3921 Christi
1625 3865 1666 3940 (l
1688 3864 1807 3922 Cor.
1830 3882 1903 3931 vr,
1933 3865 2066 3938 ‘15)?

472 3962 556 4020 An
601 3961 738 4018 forte
764 3976 956 4032 corpus
998 3962 1214 4033 quidem
1254 3960 1602 4016 christianum
1648 3960 1714 4015 de
1758 3959 2065 4015 ehristianis

473 4057 785 4130 parentibus
814 4065 994 4111 natum
1036 4064 1119 4111 est
1144 4097 1157 4127 ,
1188 4053 1283 4111 sed
1323 4069 1428 4109 non
1457 4054 1802 4108 christianam
1832 4052 2065 4108 animam

474 4149 720 4221 accepit?
769 4149 882 4204 Hoc
922 4164 1053 4203 vero
1104 4147 1274 4203 multo
1312 4155 1395 4201 est
1440 4146 1739 4201 mirabilius
1782 4164 1795 4199 :
1838 4160 2067 4215 namque

474 4244 785 4301 utrumlibet
836 4243 902 4299 de
944 4244 1120 4299 anima
1161 4240 1434 4308 sentiatis,
1481 4241 1605 4310 quia
1660 4237 1899 4310 profecto
1944 4253 2065 4293 cum

473 4336 732 4408 Apostolo
762 4352 867 4391 non
898 4351 1016 4391 eam
1048 4333 1266 4390 creditis
1301 4342 1585 4403 antequam
1634 4340 1940 4387 nasceretur
1965 4332 2064 4386 ali-

474 4430 601 4503 quid
647 4430 820 4501 egisse
862 4429 990 4485 boni
1027 4437 1119 4483 aut
1156 4426 1320 4494 mali;
1368 4435 1461 4481 aut
1503 4425 1568 4480 de
1596 4425 1815 4481 traduce
1841 4434 2064 4480 attracta

478 4531 578 4591 est,
608 4532 662 4578 et
682 4522 928 4579 similiter
954 4529 1011 4575 ut
1036 4535 1231 4591 corpus
1260 4519 1325 4575 de
1353 4518 1660 4573 christianis
1687 4517 2061 4587 christianum,

478 4617 655 4673 anima
681 4617 841 4671 etiam
868 4616 890 4647 ¹
935 4614 1222 4670 christiana
1272 4627 1392 4669 esse
1416 4612 1632 4676 debuit;
1663 4621 1752 4665 aut
1779 4627 1808 4665 a
1849 4611 2065 4667 Christo

478 4717 656 4765 creata
676 4751 689 4774 ,
711 4709 797 4763 vel
836 4709 887 4763 in
930 4707 1221 4763 christiano
1261 4720 1484 4775 corpore
1504 4746 1519 4772 ,
1568 4704 1656 4759 vel
1689 4711 1904 4773 prOpter
1932 4704 2068 4759 chri-

478 4800 711 4856 stianum
750 4814 979 4870 corpus,
1041 4797 1332 4854 christiana
1376 4796 1559 4852 debuit
1604 4809 1699 4851 Seu
1748 4796 1918 4851 creari
1969 4810 2065 4851 seu

481 4891 640 4947 mitti.
665 4889 778 4947 Nisi
825 4888 963 4945 forte
1008 4887 1233 4952 dicetis,
1264 4886 1586 4942 christianos
1632 4885 1876 4941 homines
1918 4884 2064 4942 chri-

408 4978 413 4983 Α
480 4985 708 5039 stianum
737 4992 930 5051 corpus
955 4981 1174 5052 gignere
1208 4979 1480 5051 potuisse,
1514 4989 1567 5035 et
1597 4978 1769 5050 ipsum
1794 4979 2062 5035 Christum

481 5080 711 5132 animam
753 5074 1097 5130 christianam
1144 5088 1248 5128 non
1294 5073 1529 5143 potuisse
1591 5087 1893 5144 procreare.
1958 5072 2066 5129 Ce-

482 5170 593 5225 dite
618 5168 637 5201 ³
665 5169 842 5239 itaque
869 5165 1115 5234 veritati,
1142 5174 1195 5221 et
1214 5164 1391 5221 videte
1413 5165 1531 5236 quia
1562 5166 1701 5221 sicut
1723 5164 1839 5221 fieri
1860 5165 2060 5236 potuit,

482 5260 625 5333 quod
674 5267 728 5316 et
749 5273 844 5315 vos
873 5257 1141 5323 fatemini,
1188 5268 1245 5312 ut
1269 5257 1336 5313 de
1361 5257 1660 5313 christianis
1687 5272 1792 5312 non
1818 5256 2066 5313 christia-

481 5372 583 5412 nus
602 5396 616 5421 ,
645 5353 714 5410 de
742 5351 996 5409 membris
1027 5350 1223 5408 Christi
1250 5366 1355 5407 non
1389 5352 1684 5406 membrum
1709 5349 1905 5405 Christi
1933 5367 1948 5416 ;
1981 5358 2064 5404 at-

483 5463 589 5520 que
611 5454 672 5503 ut
692 5459 1032 5501 occurramus
1061 5444 1221 5500 etiam
1243 5442 1517 5511 omnibus,
1536 5444 1627 5514 qui
1653 5444 1780 5498 licet
1808 5442 1964 5509 falso,
1987 5450 2065 5498 ta-

484 5556 607 5598 men
652 5555 988 5613 quocumque
1029 5537 1302 5611 religionis
1358 5539 1573 5593 nomine
1614 5537 1951 5603 detinentur,
1997 5536 2065 5593 de

406 5708 415 5715 .
487 5636 808 5693 consecratis
854 5651 961 5690 non
1000 5641 1372 5700 consecratus;
1414 5632 1487 5687 ita
1513 5632 1671 5687 etiam
1723 5630 1869 5699 fieri,
1918 5640 1975 5686 ut
1999 5631 2066 5687 de

549 5752 734 5821 {gn-et
762 5757 1198 5821 va.,
1222 5748 1543 5821 Emendautur
1568 5760 1635 5819 ex.
1664 5748 2017 5821 manuscriptis.

548 5812 728 5871 ’Editi,
756 5810 827 5862 sic
866 5809 1230 5864 arﬁma’etiam.
1272 5811 1545 5873 hedundat,
1594 5809 1698 5874 sic,
1745 5822 1840 5861 nec
1886 5809 1964 5863 est
2014 5811 2067 5863 in

484 5875 834 5936 maiiuscﬁptis.

404 5952 415 5959 ·
553 5940 574 5971 ι
599 5944 649 5986 tu
674 5935 798 5995 uss,
823 5935 1028 5988 (redite.

1109 417 1198 477 DE
1232 414 1693 475 PECCATORUM
1733 406 2011 470 MERITIS
2049 411 2138 473 ET
2178 410 2610 483 REMISSIONE,
2650 413 2707 471 S.
2753 407 3128 472 AUGUSTINI

3652 413 3764 471 496

2176 531 2443 591 mundatis
2470 549 2574 589 non
2616 535 2904 590 mundatus
2932 542 3199 590 nascatur.
3240 530 3379 602 Quid
3408 533 3765 604 respondebi-

2174 628 2275 694 tis,
2304 644 2470 701 quare
2511 627 2580 685 de
2619 627 2922 683 christianis
2953 642 3059 683 non
3098 625 3422 682 christianos
3462 633 3717 682 nascatur
3741 668 3760 695 ,

2172 722 2271 778 nisi
2295 722 2415 794 quia
2436 739 2539 777 non
2562 720 2687 778 facit
2711 722 3004 794 generatio,
3026 721 3120 777 sed
3148 719 3482 793 regeneratio
3507 719 3765 776 christia-

2170 815 2308 871 nos?
2336 816 2482 871 llanc
2506 814 2664 888 igitur
2690 815 2839 870 vobis
2884 813 3090 871 reddite
3134 814 3397 871 rationem
3417 855 3434 883 ,
3465 814 3590 885 quia
3612 808 3772 870 simi-

2170 908 2296 964 liter
2314 923 2343 962 a
2371 909 2603 979 peccatis
2634 922 2792 964 nemo
2816 907 3107 975 nascendo,
3136 907 3233 963 sed
3259 921 3447 964 omnes
3470 922 3771 964 renascen-

2170 1002 2240 1059 do
2270 1002 2608 1057 mundantur.
2640 1003 2715 1057 Ac
2733 1015 2827 1074 per
2847 1001 2949 1058 hoc
2973 1001 3041 1057 de
3066 1000 3368 1058 hominibus
3396 1001 3516 1057 ideo
3541 1001 3767 1058 munda-

2173 1097 2270 1164 tis,
2297 1095 2545 1167 quoniam
2572 1097 2791 1163 renatis,
2821 1095 2984 1151 homo
3009 1095 3098 1166 qui
3125 1094 3360 1151 nascitur
3386 1104 3702 1151 renascatur
3718 1096 3765 1162 ί,

2170 1196 2231 1243 ut
2269 1188 2430 1243 etiam
2480 1188 2593 1259 ipse
2628 1176 2936 1243 mundetur.
2969 1188 3272 1243 Potuerunt
3314 1186 3456 1242 enim
3505 1194 3767 1257 parentes

2169 1282 2237 1337 ad
2268 1291 2511 1355 posteros
2552 1283 2947 1349 transmittere,
2995 1280 3137 1353 quod
3168 1281 3267 1353 ipsi
3311 1281 3530 1336 minime
3560 1280 3766 1337 habue-

2170 1384 2326 1441 runt;
2382 1390 2489 1430 non
2536 1375 2708 1431 solum
2765 1376 2901 1430 sicut
2928 1373 3193 1430 frumenta
3243 1373 3484 1445 paleam,
3540 1379 3598 1427 et
3624 1386 3769 1444 pra:-

2168 1469 2373 1541 putinm
2401 1469 2749 1525 circumcisus
2783 1489 2795 1523 :
2824 1468 2920 1525 sed
2947 1470 3107 1524 etiam
3128 1511 3143 1536 ,
3169 1468 3311 1540 quod
3340 1477 3395 1524 et
3422 1480 3520 1524 vos
3545 1467 3724 1523 dicitis
3742 1508 3760 1533 ,

2169 1560 2355 1617 fideles
2417 1560 2782 1616 infidelitatem
2844 1561 2897 1616 in
2964 1570 3210 1631 posteros
3254 1559 3558 1631 trajiciunt;
3616 1557 3763 1630 quod

2168 1671 2275 1709 non
2314 1662 2398 1711 est
2429 1654 2540 1725 jam
2580 1653 2791 1710 illorum
2843 1669 2943 1725 per
2985 1653 3228 1724 spiritum
3270 1659 3713 1724 regeneratorum
3741 1692 3758 1719 ,

2168 1747 2263 1804 sed
2317 1762 2423 1817 quo
2462 1746 2513 1801 in
2572 1761 2733 1803 carne
2789 1746 3027 1817 generati
3083 1757 3242 1814 sunt,
3301 1743 3542 1801 mortalis
3597 1742 3764 1799 semi-

2168 1841 2251 1896 nis
2288 1841 2495 1896 vitium.
2535 1838 2666 1896 Nam
2726 1840 2907 1911 utique
2945 1854 3079 1911 quos
3117 1839 3371 1911 parvulos
3422 1846 3524 1910 per
3560 1834 3760 1893 Sacra-

2166 1942 2405 1989 mentum
2428 1930 2661 1989 ﬁdelium
2702 1932 2887 1989 fideles
2915 1930 3183 1987 faciendos
3222 1944 3342 1987 esse
3374 1928 3645 2001 iudicatis,
3677 1928 3762 1986 in-

2166 2026 2351 2083 fideles
2373 2034 2526 2082 natos
2547 2043 2612 2083 ex
2633 2026 2941 2097 parentibus
2958 2025 3202 2082 fidelibus
3226 2038 3332 2080 non
3360 2023 3587 2095 negatis.

2238 2119 2463 2177 CAPUT
2489 2119 2557 2176 Χ.
2580 2151 2653 2160 ——
2678 2120 2764 2176 l8.
2788 2119 2979 2174 Anima
3008 2136 3130 2174 num
3151 2135 3213 2174 ea:
3235 2117 3461 2173 traduce.
3494 2117 3563 2172 At
3587 2116 3760 2186 enim,

2173 2232 2193 2267 ‹
2240 2212 2285 2268 si
2318 2214 2491 2267 anima
2523 2229 2627 2268 non
2668 2220 2750 2268 est
2788 2228 2855 2267 ex
2886 2210 3126 2279 traduce,
3172 2208 3265 2265 sed
3311 2209 3425 2265 sola
3469 2223 3618 2277 caro,
3644 2209 3760 2279 ipsa

2173 2325 2193 2361 ι
2241 2315 2447 2364 tantum
2467 2306 2627 2364 habet
2649 2307 2920 2362 traducem
2949 2305 3171 2377 peccati,
3195 2310 3249 2361 et
3270 2304 3383 2376 ipsa
3408 2302 3521 2358 sola
3542 2316 3760 2373 pennam

2173 2419 2194 2454 ‹
2241 2412 2480 2457 meretur
2516 2419 2528 2455 :
2581 2420 2601 2454 ι
2633 2400 2737 2455 hoc
2767 2399 2912 2456 enim
2943 2399 3199 2467 sentiunt,
3234 2415 3253 2449 ι
3290 2396 3546 2468 injustam
3575 2410 3697 2452 esse
3733 2415 3756 2449 ι

2167 2494 2426 2561 dicentes,
2462 2513 2482 2547 ί
2529 2504 2587 2549 ut
2614 2492 2781 2561 hodie,
2803 2500 2926 2548 nata
2956 2492 3130 2546 anima
3162 2505 3267 2546 non
3296 2504 3361 2546 ex
3392 2502 3568 2545 massa
3603 2487 3757 2557 Adae,

2173 2604 2194 2640 ‹
2241 2596 2346 2642 tam
2372 2588 2646 2659 antiquum
2667 2594 2945 2657 peccatum
2971 2591 3148 2656 portet
3167 2583 3421 2638 alienum.
3451 2599 3471 2633 ι
3504 2578 3757 2647 Attende,

2167 2681 2394 2738 obsecro
2426 2688 2498 2747 te,
2529 2676 2981 2751 quemadmodum
3024 2676 3445 2746 circumspectus
3472 2674 3557 2728 vir
3599 2670 3759 2728 Pela-

2164 2776 2285 2850 gius
2319 2774 2471 2850 (nam
2512 2790 2580 2830 ex
2607 2774 2723 2843 ejus
2760 2772 2898 2828 libro
2924 2772 3040 2826 haec
3066 2786 3185 2842 quae
3219 2766 3380 2826 modo
3408 2767 3563 2840 posui
3593 2765 3761 2823 verba

2167 2866 2514 2938 transcripsi)
2555 2864 2723 2923 sensit
2752 2880 2911 2937 quam
2953 2864 3007 2919 in
3049 2860 3254 2919 difficili
3298 2861 3367 2918 de
3408 2861 3585 2917 anima
3613 2874 3762 2932 qum-

2166 2962 2343 3018 stione
2367 2970 2626 3016 versetur.
2655 2957 2771 3013 Non
2801 2958 2941 3013 enim
2980 2955 3075 3025 ait,
3099 2955 3221 3027 quia
3245 2954 3419 3010 anima
3446 2968 3549 3009 non
3578 2962 3662 3010 est
3689 2969 3764 3009 ex

2167 3054 2386 3112 traduce
2406 3095 2420 3121 ,
2451 3053 2567 3121 sed,
2598 3072 2618 3106 ‹
2666 3051 2711 3107 si
2754 3051 2929 3107 anima
2960 3066 3067 3105 non
3096 3061 3181 3106 est
3214 3064 3280 3104 ex
3302 3046 3524 3104 traduce
3554 3065 3572 3102 :
3611 3065 3632 3101 ι
3667 3062 3762 3101 rc-

2167 3148 2406 3204 ctissime
2434 3145 2633 3202 faciens
2672 3145 2741 3201 de
2783 3160 2843 3200 re
2874 3153 2981 3199 tam
3010 3144 3257 3212 obscura,
3288 3143 3355 3198 de
3394 3156 3496 3213 qua
3528 3141 3675 3196 nulla
3700 3142 3764 3199 in

2169 3238 2458 3310 Scripturis
2502 3238 2701 3293 sanctis
2736 3244 2881 3293 certa
2907 3245 2961 3293 et
3004 3245 3188 3307 aperta
3233 3235 3533 3291 testimonia
3563 3250 3762 3306 possu-

2169 3348 2288 3388 mus
2318 3332 2579 3398 invenirc,
2606 3339 2698 3386 aut
2736 3328 3050 3385 difficillime
3100 3344 3404 3401 possumus,
3445 3337 3766 3386 cunctanter

2167 3425 2312 3497 loqui
2359 3425 2534 3496 potius
2557 3439 2715 3494 quam
2758 3422 3002 3478 fidenter.
3034 3422 3370 3494 Quapropter
3408 3436 3507 3493 ego
3545 3436 3764 3493 quoque

2169 3517 2293 3574 huic
2315 3516 2667 3588 propositioni
2696 3532 2801 3573 non
2826 3517 3082 3587 przccipiti
3102 3516 3401 3571 assertione
3424 3514 3760 3586 respondeo:

2169 3612 2225 3669 Si
2256 3613 2433 3667 anima
2479 3628 2585 3666 non
2616 3620 2700 3666 est
2725 3627 2787 3665 ex
2831 3609 3070 3677 traduce,
3102 3622 3231 3681 ergo
3260 3624 3380 3681 qua:
3425 3609 3527 3664 ista
3553 3609 3765 3681 justitia

2168 3713 2272 3772 est,
2302 3714 2358 3758 ut
2385 3718 2575 3759 recens
2605 3711 2784 3758 creata
2822 3710 2876 3757 et
2902 3700 2970 3756 ab
3007 3701 3153 3755 omni
3185 3699 3379 3756 delicto
3405 3715 3628 3772 prorsus
3658 3700 3770 3756 im-

2168 3797 2365 3863 munis,
2393 3795 2461 3850 ab
2507 3794 2652 3850 omni
2697 3796 2902 3866 peccati
2950 3793 3265 3864 contagione
3312 3792 3524 3864 penitus
3566 3793 3763 3863 libera,

2172 3890 2450 3961 passiones
2478 3888 2657 3943 carnis
2685 3885 3035 3957 diversosque
3072 3888 3359 3953 cruciatus,
3392 3896 3466 3953 et,
3498 3884 3639 3959 quod
3673 3896 3769 3943 est

2170 3981 2501 4049 horribilius,
2525 3982 2683 4035 etiam
2703 3980 3007 4035 dmmonum
3025 3979 3270 4034 incursus
3300 3978 3351 4034 in
3378 3979 3613 4050 parvulis
3639 3994 3769 4035 sus-

2170 4076 2344 4132 tinere
2373 4074 2633 4146 cogatur?
2664 4073 2847 4145 Neque
2876 4074 3018 4130 enim
3060 4073 3259 4145 aliquid
3303 4072 3494 4130 horum
3525 4086 3650 4129 caro
3682 4074 3770 4131 sic

2170 4169 2389 4241 patitur,
2419 4177 2473 4223 ut
2516 4182 2623 4223 non
2664 4166 2737 4222 ibi
2764 4167 2941 4222 anima
2980 4167 3157 4238 potius
3186 4182 3304 4238 qua}
3330 4167 3459 4222 vivit
3484 4182 3544 4223 ac
3570 4169 3767 4239 sentit,

2170 4279 2357 4335 poenas
2387 4263 2516 4317 luat.
2545 4262 2658 4317 Hoc
2685 4262 2825 4317 enim
2852 4261 2895 4316 si
2918 4261 3117 4331 justum
3142 4262 3459 4329 ostenditur,
3488 4261 3567 4318 sic
3595 4263 3769 4320 etiam

2170 4355 2381 4413 ostendi
2414 4363 2590 4426 potest
2620 4371 2721 4426 qua
2760 4354 2962 4424 justitia
3002 4354 3055 4409 in
3095 4369 3258 4411 carne
3297 4368 3511 4426 quoque
3549 4358 3770 4426 peccati

2169 4452 2360 4508 subeat
2410 4449 2666 4522 originale
2713 4455 3009 4520 peccatum,
3043 4448 3380 4520 Baptismatis
3420 4460 3771 4507 sacramento

2170 4554 2224 4600 et
2267 4544 2454 4615 gratia:
2498 4542 2842 4598 miseratione
2872 4541 3255 4597 mandandum.
3291 4540 3348 4598 Si
3398 4551 3576 4597 autem
3630 4541 3770 4599 illud

2169 4635 2381 4692 ostendi
2410 4650 2515 4690 non
2548 4641 2743 4705 potest,
2787 4649 2961 4705 neque
3007 4633 3108 4687 hoc
3155 4647 3312 4704 posse
3354 4633 3601 4689 arbitror.
3648 4634 3772 4691 Aut

2168 4744 2299 4801 ergo
2337 4736 2621 4798 utrumque
2667 4728 2931 4783 occultmn
2982 4725 3239 4796 feramus,
3272 4735 3325 4783 et
3371 4740 3470 4783 nos
3512 4727 3772 4786 homines

2169 4838 2288 4881 esse
2331 4821 2763 4889 meminerimus;
2801 4831 2893 4876 aut
2930 4822 3064 4876 alias
3106 4821 3248 4876 aliud
3296 4819 3364 4877 de
3392 4822 3567 4876 anima
3596 4836 3768 4893 opus,

2169 4918 2215 4975 si
2260 4930 2483 4975 necesse
2506 4915 2790 4983 videbitur,
2821 4915 3027 4971 cautela
3055 4915 3233 4971 sobria
3273 4915 3594 4986 disputando
3634 4931 3769 4972 mo-

2170 5010 2386 5066 liamur.

2240 5100 2467 5158 CAPUT
2500 5098 2766 5156 XL—l9.
2792 5097 3010 5155 Aculeus
3040 5099 3213 5153 mortis
3239 5097 3367 5168 quis.
3399 5097 3549 5153 Nunc
3578 5106 3770 5157 tamen

2170 5193 2299 5253 illud
2325 5192 2466 5267 quod
2485 5193 2559 5248 ait
2578 5192 2884 5263 Apostolus,
2915 5189 3018 5246 Per
3038 5208 3194 5251 unum
3221 5190 3469 5245 hominem
3499 5200 3772 5262 peccatum

2169 5289 2375 5345 intravit
2405 5295 2459 5343 in
2503 5286 2767 5353 mundam,
2802 5295 2845 5339 et
2874 5302 2962 5357 per
3001 5293 3261 5357 peccatum
3290 5298 3461 5349 mors;
3504 5292 3551 5338 et
3592 5283 3668 5338 ita
3711 5287 3773 5342 in

2172 5402 2345 5442 omnes
2359 5383 2583 5439 homines
2601 5379 2910 5455 pertransiit,
2926 5381 2976 5432 in
2998 5396 3095 5452 quo
3112 5395 3282 5433 omnes
3304 5385 3657 5448 peccaverunt;
3684 5379 3774 5435 sic

2172 5478 2536 5549 accipiamus,
2579 5489 2649 5529 ne
2679 5481 2757 5528 tot
2793 5472 3060 5543 tantisque
3084 5469 3435 5541 apertissimis
3456 5467 3768 5525 divinarum

2170 5568 2562 5639 Scripturarum
2582 5562 2921 5630 testimoniis,
2936 5562 3129 5634 quibus
3139 5561 3396 5617 docemur
3407 5560 3774 5631 praeterChri-

2172 5662 2238 5719 sti
2253 5661 2586 5726 societatem,
2600 5672 2718 5728 quae
2736 5656 2788 5711 in
2803 5655 2893 5709 illo
2906 5664 2959 5711 et
2976 5669 3097 5710 cum
3116 5655 3206 5710 illo
3220 5655 3299 5721 fit,
3314 5669 3434 5710 cum
3452 5651 3774 5710 Sacramen-

2172 5756 2242 5813 tis
2254 5755 2369 5827 ejus
2381 5752 2751 5818 imbuimur,et
2762 5748 2877 5820 ejus
2892 5749 3148 5805 membris
3159 5749 3766 5821 iucorporamur,vitam

2240 5933 2258 5966 ι
2280 5930 2356 5983 sic
2366 5939 2468 5982 am.
2488 5934 2543 5982 et
2561 5934 2671 5981 uss.
2694 5933 2752 5981 Δι
2769 5934 2905 5995 ων..
2923 5925 3210 5982 γαιωοὲωτ.
