3996 6502
231 452 335 511 197

225 593 565 663 salutemque
601 598 864 649 aeternam
894 590 1112 665 adipisci
1143 592 1410 652 neminem
1455 611 1633 667 posse,
1660 596 1822 653 nimis

226 690 545 757 insipienter
589 694 750 760 atque
815 688 1100 745 infeliciter
1158 705 1456 763 repugnare
1498 690 1819 761 judicemur.

225 782 409 853 Neque
438 781 583 838 enim
610 780 716 837 alio
737 796 904 841 censu
923 782 1120 839 dictum
1149 792 1234 838 est
1270 782 1337 839 ad
1380 782 1673 851 Romanos,
1718 780 1823 837 Per

225 893 376 931 unum
425 874 682 929 hominem
725 885 993 941 peccatum
1033 876 1086 930 in
1114 875 1360 931 mundum
1389 875 1615 943 intravit,
1647 884 1693 929 et
1732 892 1822 948 per

222 975 488 1039 peccatum
542 981 717 1030 mors;
772 974 923 1035 atque
980 966 1051 1021 ita
1092 967 1145 1022 in
1196 983 1368 1022 omnes
1429 967 1653 1022 homines
1701 984 1818 1037 per-

223 1057 475 1113 transiit:
502 1071 665 1127 quam
716 1056 810 1113 illo
857 1073 964 1129 quo
1004 1057 1204 1114 dictum
1250 1068 1333 1115 est
1380 1058 1446 1115 ad
1484 1058 1814 1125 Corinthios,

220 1150 316 1206 Per
343 1149 609 1207 hominem
650 1166 810 1214 mors,
842 1160 890 1204 et
934 1167 1024 1221 per
1067 1150 1318 1206 hominem
1346 1151 1642 1208 resurrectio
1684 1167 1820 1204 mor-

220 1253 421 1297 tuorum
447 1258 470 1296 :
497 1241 633 1296 sicut
673 1242 807 1296 enim
836 1243 892 1297 in
934 1242 1100 1297 Adam
1142 1259 1313 1298 omnes
1340 1245 1644 1311 moriuntur,
1673 1244 1746 1298 sic
1771 1253 1818 1299 et

220 1335 268 1388 in
289 1332 498 1387 Christo
526 1349 701 1388 omnes
731 1334 1139 1402 viviﬁcabuntur.
1169 1332 1335 1391 Nemo
1356 1335 1550 1406 quippe
1573 1334 1813 1405 ambigit,

222 1426 316 1482 hoc
344 1426 419 1481 ibi
448 1425 520 1482 de
547 1427 794 1499 corporis
822 1437 997 1483 morte
1016 1427 1238 1493 dictum,
1262 1428 1511 1499 quoniam
1541 1426 1608 1483 de
1638 1442 1815 1482 resur-

222 1520 457 1576 rectione
486 1521 738 1591 corporis
764 1536 955 1592 magna
991 1520 1233 1592 Apostoli
1271 1521 1568 1578 intentione
1588 1520 1815 1592 quaestio

221 1612 535 1667 versabatur
561 1629 577 1669 :
608 1620 664 1668 et
690 1612 811 1668 ideo
835 1612 1044 1669 videtur
1089 1612 1159 1668 ibi
1201 1611 1268 1669 de
1294 1622 1512 1682 peccato
1556 1613 1807 1679 tacuisse,

223 1704 332 1775 quia
359 1719 471 1758 non
499 1714 619 1758 erat
649 1702 878 1773 quaestio
905 1703 971 1759 de
1004 1703 1231 1774 iustitia.
1265 1703 1359 1759 llic
1388 1714 1565 1759 autem
1603 1702 1667 1760 ad
1698 1702 1812 1758 Ro-

225 1810 400 1851 manos
448 1804 741 1865 utrumque
793 1795 1023 1866 posuit‘,
1067 1802 1123 1851 et
1180 1804 1463 1867 utrumque
1515 1795 1812 1851 diutissime

225 1888 637 1955 commendavit,
676 1898 954 1959 peccatum
991 1889 1042 1943 in
1066 1888 1258 1954 Adam,
1280 1888 1537 1959 justitiam
1574 1889 1627 1944 in
1650 1886 1810 1943 Chri-

221 1995 331 2051 510;
360 1992 416 2041 et
460 1993 697 2040 mortem
738 1983 793 2038 in
825 1982 1015 2049 Adam,
1042 1991 1096 2039 et
1122 1982 1281 2039 vitam
1315 1983 1370 2039 itt
1406 1981 1620 2039 Christo
1649 1998 1663 2039 :
1691 1997 1811 2054 qum

225 2078 388 2133 omnia
420 2076 588 2133 verba
617 2076 887 2132 sermonis
917 2075 1219 2147 apostolici,
1252 2084 1506 2146 quantum
1535 2074 1682 2146 potui
1720 2090 1808 2130 sa-

225 2170 386 2241 tisque
414 2169 593 2224 visum
625 2179 729 2234 est,
759 2168 812 2222 in
837 2167 1029 2238 primo,
1063 2177 1120 2222 ut
1140 2166 1251 2237 jam
1278 2167 1408 2236 dixi,
1434 2166 1663 2223 duorum
1691 2166 1810 2224 illo-

225 2277 329 2320 rum
358 2262 501 2317 libro
543 2267 910 2330 perscrutatus
937 2259 1141 2330 aperui.

284 2354 372 2410 ΞΟ.
394 2353 713 2422 Quanquam
741 2353 902 2407 etiam
925 2350 996 2406 ibi
1020 2350 1084 2407 ad
1102 2350 1408 2407 Corinthios
1430 2351 1605 2408 locum
1633 2352 1806 2423 ipsum

223 2447 283 2505 de
318 2445 720 2504 resurrectione
750 2444 842 2500 diu
874 2453 1152 2501 tractatum
1191 2444 1267 2500 sic
1295 2444 1349 2500 in
1381 2444 1485 2499 line
1522 2444 1801 2502 concluse-

222 2539 316 2607 rit,
363 2550 426 2595 ut
464 2552 563 2594 nos
603 2537 847 2593 dubitare
898 2552 1000 2593 non
1050 2537 1278 2602 sineret,
1326 2547 1550 2591 mortem
1593 2551 1805 2607 quoque

220 2636 463 2706 corporis
491 2634 678 2689 merito
702 2631 965 2687 accidisse
993 2631 1216 2702 peccati.
1239 2630 1372 2685 Cum
1394 2630 1535 2685 enim
1556 2629 1800 2695 dixisset,

230 2729 443 2800 Oportet
493 2726 805 2796 comtptibile
852 2726 946 2779 hoc
1002 2726 1211 2780 induere
1257 2724 1705 2796 incorruptionem,
1756 2733 1804 2779 et

225 2818 443 2874 mortale
476 2818 568 2872 hoc
599 2817 806 2872 induere
832 2816 1282 2870 immortalitatem.
1326 2815 1452 2870 Cum
1490 2825 1656 2870 autem
1690 2832 1805 2869 cor-

218 2911 566 2983 ruptibilehoc
591 2910 827 2965 indutum
867 2909 1021 2980 fuerit
1046 2909 1486 2981 incorruptionem,
1516 2917 1560 2962 et
1590 2909 1803 2963 mortale

222 3005 307 3059 hoc
346 3004 811 3069 inmortalitatem;
845 3012 964 3055 tunc
1004 3002 1112 3070 ﬁet,
1144 3002 1333 3072 inquit,
1365 3018 1529 3056 sermo
1556 3003 1644 3073 qui
1672 3002 1801 3055 scri-

217 3106 323 3169 plus
347 3105 439 3162 est,
467 3097 721 3167 Absorpta
749 3106 824 3151 est
852 3111 988 3150 mors
1015 3095 1068 3150 in
1094 3095 1370 3149 victoriam.
1404 3093 1500 3150 Ubi
1528 3105 1620 3158 est,
1640 3111 1795 3162 mors,

219 3188 416 3244 victoria
465 3188 630 3243 tua’?
667 3187 753 3243 ubi
797 3193 904 3253 est,
951 3203 1108 3254 mors,
1159 3187 1363 3242 aculeus
1410 3188 1563 3241 tuus?
1604 3184 1798 3242 deinde

218 3280 453 3351 subjecit,
502 3279 723 3334 Aculeus
761 3289 934 3332 autem
972 3278 1147 3332 mortis
1191 3287 1264 3332 est
1307 3288 1603 3349 peccatum;
1642 3278 1798 3333 virtus

217 3389 319 3428 vero
364 3372 580 3443 peccati,
613 3370 696 3425 lea:
733 3370 787 3444 (I
829 3369 950 3425 Cor.
997 3385 1090 3437 xv,
1136 3369 1226 3435 21,
1273 3369 1364 3435 Ξῖ,
1407 3370 1619 3441 53-56).
1664 3371 1797 3439 Quia

215 3480 352 3536 ergo,
393 3465 538 3519 sicut
564 3463 810 3533 Apostoli
847 3462 1182 3532 apertissima
1222 3462 1385 3517 verba
1413 3461 1707 3529 declarant,
1732 3477 1797 3517 eo

216 3555 584 3614 absorbebitur
626 3569 772 3608 mors
801 3555 852 3607 in
888 3553 1188 3618 victoriam,
1216 3568 1322 3624 quo
1350 3554 1701 3624 corruptibile
1741 3563 1798 3609 et

215 3647 427 3703 mortale
458 3648 564 3701 hoc
612 3645 798 3700 induet
836 3645 1287 3715 incorruptionem
1320 3653 1374 3701 et
1421 3645 1796 3701 immortalita-

217 3748 347 3804 tem;
394 3739 444 3793 id
474 3748 580 3801 est,
604 3753 711 3808 quo
735 3735 1019 3792 viviﬁcabit
1050 3737 1193 3792 Deus
1217 3744 1275 3793 et
1301 3738 1544 3793 mortalia
1571 3753 1796 3809 corpora

212 3843 404 3901 nostra,
428 3842 653 3904 propter
680 3830 1068 3887 inhabitantem
1098 3830 1350 3902 Spiritum
1380 3832 1497 3903 ejus
1523 3832 1574 3887 in
1603 3832 1755 3888 nobis
1780 3851 1794 3889 :

212 3926 545 3980 manifestum
576 3931 662 3979 est
697 3933 751 3978 et
781 3923 936 3992 hujus
967 3925 1154 3979 mortis
1180 3925 1442 3995 corporis,
1468 3941 1587 3995 qua:
1617 3940 1795 3982 resur-

212 4017 427 4074 rectioni
470 4016 717 4089 corporis
745 4016 1013 4072 contraria
1056 4026 1158 4085 est,
1188 3998 1431 4073 aculeum
1478 4018 1640 4075 fuisse
1669 4035 1797 4092 pec-

211 4121 373 4164 catum
411 4127 425 4163 :
467 4108 717 4164 aculeum
764 4117 943 4163 autem
993 4124 1099 4179 quo
1146 4123 1293 4166 mors
1345 4110 1483 4167 facta
1537 4122 1641 4177 est,
1674 4096 1792 4167 .non

210 4220 353 4275 quem
382 4218 537 4259 mors
562 4201 690 4258 fecit
713 4219 727 4256 :
754 4211 976 4273 peccato
996 4203 1138 4257 enim
1168 4204 1451 4272 morimur,
1482 4219 1588 4260 non
1621 4214 1794 4261 morte

208 4309 506 4364 peccamus.
538 4294 630 4350 Sic
654 4295 833 4366 itaque
857 4294 1055 4350 dictum
1082 4304 1185 4364 est,
1215 4297 1420 4353 aculeus
1443 4299 1637 4363 mortis,
1660 4314 1793 4369 quo-

204 4388 357 4444 modo
400 4389 612 4459 lignum
652 4388 798 4453 vitaz,
826 4403 933 4442 non
965 4388 1106 4459 quod
1148 4386 1383 4444 hominis
1421 4389 1529 4444 vita
1572 4388 1787 4455 faceret,

205 4480 292 4537 sed
334 4496 443 4551 quo
494 4480 605 4535 vita
652 4480 884 4537 hominis
920 4482 1069 4537 ﬁeret
1113 4500 1125 4537 :
1172 4492 1227 4538 et
1274 4483 1540 4553 quomodo
1589 4484 1789 4555 lignum

204 4575 457 4642 scientiis,
489 4589 586 4644 per
614 4574 755 4644 quod
782 4574 1005 4630 scientia
1035 4574 1188 4631 fieret
1232 4575 1486 4644 hominis,
1516 4592 1618 4632 non
1647 4579 1790 4649 quod

203 4680 291 4737 per
317 4681 471 4721 suam
522 4665 801 4721 scientiam
830 4667 1014 4722 fecerit
1043 4667 1064 4699 ³
1094 4667 1275 4724 homo.
1302 4668 1392 4724 Sic
1428 4685 1554 4740 ergo
1584 4678 1638 4724 et
1663 4686 1790 4726 aen.

207 4758 316 4812 lcus
345 4759 685 4829 mortis,qu0
704 4773 853 4814 mors
883 4759 1016 4815 facta
1038 4769 1139 4829 est,
1158 4776 1265 4817 non
1286 4778 1444 4831 quem
1468 4779 1615 4818 mors
1642 4764 1788 4820 fecit.

204 4848 286 4903 Sic
328 4849 476 4904 enim
510 4848 739 4905 dicimus
784 4857 842 4905 et
885 4851 1134 4920 poculum
1185 4853 1401 4921 mortis,
1442 4868 1549 4924 quo
1598 4856 1789 4926 aliquis

204 4952 443 4997 mortuus
470 4943 561 5008 sit,
593 4941 677 4997 vel
707 4942 842 4998 mori
871 4944 1057 5012 possit,
1086 4960 1193 4999 non
1219 4945 1359 5016 quod
1386 4945 1620 5002 moriens
1646 4964 1790 5004 mor-

202 5046 388 5091 tuusve
426 5035 737 5092 confecerit.
774 5037 1007 5093 Aeuieus
1049 5038 1226 5109 itaque
1272 5039 1460 5094 mortis
1507 5051 1784 5111 peccatum

201 5138 299 5195 est,
336 5130 543 5201 peccati
574 5128 810 5200 punctu"
851 5130 1228 5187 ntortilicatutn
1258 5141 1341 5189 est
1384 5148 1553 5205 genus
1595 5134 1787 5193 buma-

200 5239 345 5279 num.
394 5222 536 5292 Quid
589 5223 764 5280 adhuc
810 5224 1100 5296 (interimus
1141 5226 1296 5297 cujus
1347 5228 1566 5295 mortis,
1607 5238 1785 5285 utrum

199 5317 412 5385 animae,
447 5332 516 5372 an
543 5318 827 5388 corporis?
874 5324 1048 5377 utrum
1081 5319 1267 5390 primae
1290 5336 1394 5391 qua
1430 5336 1576 5379 nunc
1599 5336 1787 5381 omnes

196 5410 475 5479 morimur,
519 5426 587 5466 an
635 5410 887 5467 secundae
936 5428 1041 5483 qua
1086 5420 1214 5469 tunc
1261 5415 1407 5485 impii
1451 5417 1787 5475 morientur?

194 5498 349 5557 Nulla
389 5515 552 5559 causa
578 5512 663 5558 est
698 5502 1005 5575 exagitandi
1044 5506 1413 5575 qumstiouem,
1459 5509 1635 5565 nullus
1674 5518 1786 5568 ter-

258 5658 379 5735 ξιιίρ
399 5664 507 5735 ms-
520 5657 730 5735 statim
748 5657 1281 5735 φυομοειαηυηηης

256 5721 280 5752 ⁸
300 5719 606 5791 nausa-ltiti
630 5721 725 5771 hoc
747 5719 853 5770 loco
878 5722 1073 5791 etint'ra
1096 5719 1433 5791 post,_'runc'ei
1451 5726 1671 5791 dicetur;
1692 5730 1781 5783 ba-

190 5781 331 5843 heut,
363 5783 451 5835 Ubi
467 5781 555 5845 est,
583 5796 735 5843 mors,
750 5783 985 5834 contentio
1001 5790 1084 5835 tua
1098 5781 1127 5835 ?
1147 5781 1238 5836 Sed
1263 5794 1424 5840 tamen
1445 5781 1663 5842 secundo
1674 5781 1782 5845 loco

190 5857 304 5895 mm
324 5845 482 5906 editis,
516 5846 604 5900 L‘bi
625 5852 715 5906 est,
735 5857 882 5906 mors,
913 5845 1111 5900 victoria
1129 5855 1210 5899 tua
1235 5847 1258 5900 ?

253 5882 885 5972 ξ’ἰιξῖιὶὶιῖἲιιῖἵὲεῖξῖαὲἴτίεῖ

248 5967 283 6003 ⁸
300 5969 487 6038 Aliquot
506 5978 614 6023 ηδε.
624 5967 655 6034 ,’
665 5967 863 6037 peccato
876 5974 1123 6036 punctum.

1609 455 1814 515 LIBER
1851 455 2171 519 TERTIUS.

3409 484 3510 550 £98

1930 577 2230 676 giversandi
2279 580 2459 650 locus;
2508 584 2747 658 Apostoli
2770 588 2934 648 verba
2965 592 3157 666 quibus
3199 597 3253 656 id
3300 603 3509 676 agebat,

1931 668 2253 769 interrogata
2298 677 2667 746 respondent:
2712 681 2840 738 Cum
2884 689 3098 745 mortale
3146 691 3261 758 hoc,
3314 668 3506 769 inquit,

1927 759 2150 817 induerit
2187 767 2634 837 immortalitatem,
2674 782 2792 829 tunc
2832 777 2917 846 ﬁet
2951 796 3114 836 sermo
3160 786 3247 856 qui
3287 759 3507 862 εει-ἔξηνε

1929 863 2019 919 est,
2051 856 2301 930 Absorpta
2346 870 2417 917 est
2461 880 2595 920 mors
2637 867 2689 920 in
2733 868 3007 926 victoriam.
3059 872 3158 932 Ubi
3202 889 3303 949 est,
3354 856 3506 954 mors,

1925 945 2136 1003 victoria
2170 952 2296 1006 tua?
2333 952 2420 1008 ubi
2447 965 2540 1025 est,
2574 974 2728 1027 mors,
2753 962 2957 1019 aculeus
2982 969 3136 1023 tuus?
3174 945 3393 1029 Acnlens
3416 945 3508 1031 au;

1925 1045 2021 1093 tem
2060 1044 2236 1098 mortis
2274 1056 2349 1101 est
2388 1059 2677 1119 peccatum;
2715 1054 2872 1109 virtus
2899 1072 3013 1112 vero
3059 1064 3265 1130 peccati,
3300 1064 3398 1121 lex.
3432 1067 3507 1127 De

1922 1137 2313 1194 resurrectione
2341 1143 2581 1211 corporis
2608 1145 2814 1215 agebat,
2836 1163 2939 1218 qua
2968 1150 3338 1213 absorbebitur
3357 1175 3503 1217 mors

1924 1222 1977 1278 in
2024 1225 2324 1296 victoriam,
2352 1246 2475 1287 cum
2504 1237 2730 1292 mortale
2758 1236 2861 1295 hoc
2885 1239 3116 1299 induerit
3140 1244 3507 1306 immortalita-

1923 1323 2049 1371 tem.
2084 1316 2232 1374 'l’unc
2272 1322 2372 1391 ipsi
2415 1326 2573 1380 morti
2606 1328 2963 1399 insultabitur,
2993 1348 3112 1404 qnte
3150 1336 3205 1391 in
3233 1337 3506 1397 victoriam

1918 1414 2345 1469 resurrectione‘
2391 1419 2633 1488 corporis
2668 1421 3060 1481 absorbebitur.
3090 1427 3239 1486 Tunc
3278 1431 3329 1488 ei
3357 1433 3505 1492 dice-

1922 1509 2023 1566 tttr,
2062 1501 2161 1558 Ubi
2187 1515 2287 1573 est,
2317 1524 2471 1577 mors,
2494 1511 2702 1565 victoria
2732 1514 2861 1569 tua.’
2884 1516 2969 1571 ubi
2996 1528 3088 1585 est,
3116 1537 3273 1590 mors,
3304 1527 3507 1581 aculeus

1919 1596 2076 1652 tuus?
2115 1598 2268 1655 Morti
2294 1617 2422 1673 ergo
2466 1606 2709 1676 corporis
2758 1608 2860 1665 hoc
2905 1610 3134 1669 dicetur.
3176 1614 3323 1673 Hane
3361 1620 3501 1675 cnim

1917 1688 2224 1747 absorbebit
2256 1692 2541 1752 victoriosa
2571 1698 2962 1769 immortalitas,
2998 1716 3119 1761 cum
3150 1709 3373 1767 mortale
3402 1712 3505 1769 hoc

1915 1778 2367 1842 immortalitatem
2415 1788 2682 1846 induetur.
2729 1791 2914 1863 Morti,
2966 1795 3211 1869 inquam,
3260 1803 3504 1875 corporis

1916 1869 2019 1927 hoc
2054 1874 2260 1931 dicetur
2306 1897 2319 1934 :
2371 1878 2468 1935 Ubi
2521 1892 2595 1936 est
2634 1883 2841 1939 victoria
2886 1896 2994 1956 tua,
3039 1906 3139 1961 qua
3188 1869 3376 1950 omnes
3423 1894 3502 1951 sic

1914 1963 2176 2035 viceras’,
2208 1978 2266 2024 ιιι
2294 1971 2453 2027 etiam
2476 1972 2571 2030 Dei
2591 1974 2758 2033 Filius
2786 1988 2961 2034 tecum
2984 1983 3315 2055 confligeret,
3341 1996 3501 2059 teque

1914 2069 2021 2110 non
2067 2058 2298 2127 vitando,
2333 2062 2426 2118 sed
2480 2066 2821 2138 suscipiendo
2867 2075 3187 2143 superaret?
3214 2058 3500 2137 Vicistiiin

1913 2150 2284 2221 morientibus,
2317 2156 2455 2212 victa
2495 2174 2554 2213 es
2594 2160 2645 2215 in
2687 2166 3106 2234 resurgentibus.
3138 2167 3368 2226 Victoria
3410 2180 3500 2230 tua

1913 2257 2018 2312 qua
2039 2242 2393 2304 absorbueras
2407 2264 2632 2319 corpora
2662 2255 3023 2326 morientium,
3044 2262 3351 2331 temporalis
3371 2262 3499 2321 fuit:

1910 2332 2133 2389 victoria
2176 2346 2391 2406 nostra,
2437 2356 2539 2411 qua
2573 2344 2627 2397 in
2668 2347 2982 2415 corporibus
3022 2349 3272 2423 absorpta
3313 2369 3371 2410 es
3406 2371 3496 2412 re-

1910 2428 2263 2497 surgentium,
2296 2443 2495 2489 :eterna
2521 2438 2804 2493 constabit.
2860 2438 2957 2496 Ubi
3001 2452 3073 2498 est
3110 2446 3316 2501 aculeus
3342 2450 3500 2505 tuus?

1908 2514 2012 2573 hoc
2038 2530 2141 2587 est,
2167 2534 2465 2592 peccatum,
2498 2542 2604 2596 quo
2643 2530 2822 2598 puncti
2850 2539 2904 2586 et
2932 2537 3176 2591 venenati
3203 2553 3407 2608 sumus,
3440 2550 3499 2597 ut

1908 2620 1963 2665 te
2007 2613 2167 2667 etiam
2211 2616 2260 2670 in
2309 2620 2502 2674 nostris
2544 2623 2859 2692 corporibus
2904 2625 3149 2697 ﬂgcres',
3192 2640 3246 2686 ει
3286 2646 3347 2687 ea
3389 2642 3495 2689 tant

1907 2701 2068 2775 longo
2097 2714 2337 2777 tempore
2380 2710 2725 2780 possideres?
2764 2714 2982 2772 Aculeus
3023 2726 3191 2775 autem
3218 2724 3395 2779 mortis
3421 2734 3496 2780 est

1906 2806 2203 2866 peccatum;
2243 2800 2398 2856 virtus
2426 2818 2544 2858 vero
2574 2807 2784 2875 peccati,
2811 2806 2912 2864 lex.
2939 2807 3288 2869 Peccavimus
3308 2814 3361 2871 in
3389 2832 3497 2873 uno

1905 2902 2128 2957 omnes;
2176 2903 2233 2946 ut
2276 2908 2612 2951 morcrcmur
2658 2898 2713 2953 in
2757 2914 2864 2954 uno
2914 2915 3149 2959 omnes:
3191 2906 3493 2978 accepimus

1906 2980 2097 3052 legem,
2129 2998 2233 3040 non
2266 2997 2324 3041 ut
2352 2989 2727 3047 emendatione
2755 2991 3033 3051 ﬁniremus
3076 3008 3372 3069 peccatum,
3399 3001 3495 3057 sed

1903 3085 1959 3131 ut
1993 3082 2415 3150 transgressione
2442 3100 2783 3156 augeremus.
2815 3086 2926 3144 Lex
2948 3090 3088 3145 enim
3124 3093 3419 3150 subintravit
3440 3105 3494 3151 ut

1904 3171 2185 3228 abundaret
2210 3188 2491 3245 peccatum,
2518 3190 2571 3233 et
2606 3181 2855 3236 conclusit
2900 3183 3171 3256 Scriptura
3198 3189 3369 3244 omnia
3402 3191 3494 3245 sub

1904 3277 2128 3335 peccato.
2154 3265 2258 3323 Sed
2290 3269 2396 3324 Deo
2422 3273 2634 3342 gratias,
2662 3275 2749 3345 qui
2773 3275 2913 3330 dedit
2942 3277 3085 3333 nobis
3108 3281 3367 3337 victoriam
3403 3300 3492 3354 per

1903 3355 2179 3413 Dominum
2227 3371 2452 3417 nostrum
2496 3363 2673 3419 Iesum
2701 3366 2959 3423 Christum
3003 3368 3057 3443 (Ι
3085 3370 3202 3427 Cor.
3246 3389 3330 3439 xv,
3374 3375 3489 3448 57),

1902 3461 1960 3507 ut
1981 3454 2063 3506 ubi
2083 3455 2356 3510 abundavit
2383 3467 2665 3529 peccatunt,
2684 3463 3115 3533 superabundaret
3135 3468 3297 3537 gratia
3314 3467 3489 3540 (Rom.

1902 3557 1955 3610 v,
1990 3544 2079 3615 ΞΟ)
2108 3555 2267 3618 atque
2296 3557 2350 3602 ut
2389 3551 2656 3621 promissio
2685 3569 2748 3608 ea:
2791 3554 2894 3624 ﬁde
2914 3553 3042 3611 Jesu
3069 3555 3259 3612 Christi
3286 3560 3492 3617 daretur

1901 3638 2213 3695 credentibus
2231 3640 2425 3714 (Galat.
2458 3659 2532 3710 tu,
2562 3643 2678 3716 22),
2709 3654 2764 3702 et
2789 3647 3121 3707 vinceremus
3142 3659 3367 3708 mortem
3395 3668 3491 3724 per

1898 3730 2256 3788 immortalem
2288 3738 2756 3805 resurrectionem,
2789 3747 2843 3795 et
2869 3741 3114 3798 aculeum
3152 3742 3268 3814 ejus
3296 3759 3484 3815 pecca-

1894 3833 2012 3881 tum
2047 3842 2142 3896 per
2168 3829 2449 3897 gratuitam
2468 3830 2925 3898 justifiestionem.

1970 3919 2054 3978 CA
2066 3921 2196 3977 PUT
2214 3921 2467 3979 Xll.—2l
2481 3963 2494 3977 .
2517 3922 2836 3996 Prwceptnm
2866 3926 2929 3982 de
2954 3936 3259 3983 menstruata
3278 3930 3486 3987 muliere

1899 4032 2000 4069 non
2043 4016 2366 4086 attingenda,
2402 4027 2601 4073 nonest
2638 4019 2853 4091 ﬁgurate
2882 4021 3251 4089 accipiendum.
3301 4022 3488 4078 Sacra-

1898 4115 2179 4161 mentornm
2216 4110 2501 4163 necessitas.
2532 4108 2700 4164 Nemo
2729 4111 2903 4181 itaque
2927 4110 2994 4167 de
3018 4111 3119 4169 hac
3144 4129 3202 4170 re
3225 4115 3488 4173 l'allaturet

1894 4196 2063 4251 fallat.
2082 4198 2279 4253 Omnes
2299 4197 2483 4253 adimit
2502 4209 2661 4269 atque
2677 4200 2848 4257 aufert
2868 4202 2967 4257 iste
2989 4214 3184 4259 sanctae
3202 4204 3487 4276 Scriptum
3522 4208 3529 4213 ’

1898 4305 2089 4345 sensus
2109 4289 2418 4345 manifestus
2430 4291 2697 4362 ambages.
2712 4292 3170 4360 Quemadmodum
3190 4296 3257 4351 ab
3280 4297 3485 4367 origine

1898 4382 2124 4435 trahitur
2152 4397 2297 4437 mors
2325 4381 2378 4436 in
2406 4398 2630 4452 corpore
2657 4385 2842 4439 mortis
2870 4386 3046 4455 hujus,
3068 4387 3146 4441 sic
3179 4387 3248 4441 ab
3279 4389 3485 4459 origine

1898 4480 2121 4527 tractum
2163 4482 2245 4527 est
2293 4482 2566 4544 peccatum
2614 4475 2665 4528 in
2711 4474 2809 4531 hac
2855 4488 3013 4531 carne
3062 4478 3304 4548 peccati;
3360 4495 3485 4550 pro-

1895 4575 2014 4638 pter
2042 4565 2181 4637 quod
2212 4565 2504 4621 sanandum
2528 4609 2542 4634 ,
2572 4576 2625 4623 et
2653 4569 2941 4640 propagine
2971 4578 3277 4639 attractum,
3307 4581 3360 4628 et
3390 4588 3484 4630 vo-

1896 4659 2099 4714 luntate
2139 4668 2372 4726 auctum,
2402 4668 2561 4730 atque
2600 4659 2666 4716 ad
2705 4660 2873 4730 ipsam
2903 4678 3117 4719 carnem
3161 4666 3483 4722 resuscitan-

1896 4752 2039 4820 dam,
2066 4753 2301 4810 medicus
2320 4753 2462 4808 venit
2486 4753 2539 4808 in
2562 4752 2906 4809 similitudine
2931 4754 3107 4812 carnis
3133 4758 3335 4827 peccati
3356 4776 3371 4825 ;
3391 4761 3482 4831 qui

1894 4863 2003 4903 non
2043 4858 2123 4903 est
2161 4862 2296 4918 opus
2320 4847 2465 4903 sanis
2483 4888 2499 4917 ,
2529 4848 2623 4905 sed
2651 4849 3059 4918 motantibus;
3088 4866 3189 4907 nec
3215 4854 3358 4908 venit
3386 4869 3482 4910 vo-

1893 4956 2019 4997 care
2039 4941 2211 5013 justos
2234 4982 2249 5007 ,
2279 4940 2373 4998 sed
2399 4951 2707 5014 peccatores
2740 4940 2758 5014 (
2783 4941 2949 4997 Marc.
2979 4959 3037 5012 ιι,
3072 4943 3139 4999 17
3164 4944 3204 5014 ).
3250 4944 3482 5003 Proinde

1891 5035 2033 5106 quod
2080 5035 2153 5089 ait
2194 5035 2521 5105 Apostolus,
2550 5051 2671 5091 cum
2716 5035 2900 5093 fideles
2944 5046 3187 5092 moneret
3224 5046 3281 5094 ut
3312 5055 3370 5095 se
3412 5039 3483 5095 ab

1892 5126 2194 5184 infidelibus
2220 5126 2534 5198 conjugibus
2562 5143 2667 5182 non
2699 5127 3083 5200 disjnngerent,
3116 5127 3481 5201 Sanctiﬁcatus

1891 5230 1965 5276 est
1990 5220 2123 5274 enim
2144 5219 2217 5273 vir
2237 5217 2458 5289 inﬁdelis
2478 5221 2529 5273 in
2555 5236 2729 5285 uxore,
2759 5228 2806 5273 et
2843 5220 3159 5289 sanctiﬁcata
3197 5232 3268 5276 est
3302 5221 3481 5292 mulier

1890 5312 2112 5384 inﬁdelis
2137 5314 2191 5367 in
2217 5317 2411 5385 fratre:
2449 5312 2674 5385 alioquin
2702 5313 2796 5383 ﬁlii
2823 5314 2972 5369 vestri
3007 5314 3256 5371 immundi
3284 5326 3479 5381 essent;

1891 5425 2025 5466 nunc
2050 5416 2217 5464 autem
2235 5408 2397 5462 sancti
2419 5417 2535 5463 sunt
2559 5406 2598 5477 (Ι
2625 5405 2744 5463 Cor.
2773 5423 2865 5476 vn,
2898 5408 2989 5480 14)
3023 5426 3035 5462 :
3064 5418 3153 5463 aut
3180 5408 3257 5463 sic
3284 5420 3363 5463 est
3390 5424 3478 5462 ac-

1890 5498 2214 5572 cipiendum,
2246 5498 2693 5573 quemadmodum
2737 5506 2790 5555 et
2832 5514 2932 5556 nos
2960 5498 3086 5555 alibi
3110 5497 3209 5569 (De
3232 5498 3477 5554 Sermone

1890 5594 2097 5651 Domini
2120 5594 2175 5649 in
2202 5603 2386 5660 monte,
2416 5594 2503 5648 lib.
2526 5592 2581 5662 1,
2610 5610 2662 5648 n.
2696 5592 2812 5664 45),
2828 5603 2892 5649 et
2917 5593 3159 5662 Pelagius
3179 5604 3299 5645 cum
3322 5606 3473 5648 eam-

1953 5730 2072 5794 {ste
2101 5734 2211 5794 Mss.
2236 5726 2516 5794 Editivero,
2540 5722 2915 5794 resurrectionis.
3019 5784 3048 5794 η
3111 5788 3121 5794 _
3280 5793 3283 5794 ν
3314 5784 3327 5794 _
3346 5782 3358 5794 .

1949 5792 1973 5822 ²
1994 5789 2132 5857 Edlti,
2159 5787 2318 5857 myrti,
2355 5784 2570 5857 utquam,
2609 5784 2825 5857 corporis
2858 5791 2972 5855 tunc
2996 5784 3183 5857 dicetur
3219 5796 3239 5835 :
3270 5784 3358 5837 tbi
3378 5791 3466 5849 est,

1886 5866 2033 5915 mors,
2046 5843 2248 5915 tickria
2263 5843 2363 5915 tua,
2387 5843 2481 5915 qua
2494 5843 2573 5900 hic
2594 5843 2753 5915 qnuies
2775 5843 3089 5915 sic_picer;as?

1950 5917 1972 5947 ³
1993 5907 2130 5975 mliti,
2159 5920 2209 5963 nt
2228 5907 2371 5964 etiam
2391 5907 2442 5963 in
2470 5910 2643 5962 nostris
2666 5908 2942 5974 corporibus
2963 5907 3123 5971 ﬁeres.
3155 5909 3469 5975 corriguntur

1887 5977 2103 6031 sutisidio
2126 5984 2349 6027 veterum
2378 5985 2479 6025 Mss.
