3996 6474
523 417 628 477 199

515 535 640 592 dem
673 531 739 590 ad
766 529 1074 589 Corinthios
1109 525 1404 598 Epistolam
1444 535 1698 583 tractaret
1724 525 1969 597 exposuit
1997 522 2098 598 (a),

515 627 655 700 quod
685 625 935 696 exempla
956 624 1065 695 jam
1104 630 1534 692 praecesserant,
1586 629 1639 675 et
1684 620 1919 675 virorum
1967 631 2103 688 quos

515 735 708 776 uxores
725 761 740 787 ,
763 727 819 775 et
846 717 1157 773 feminarum
1179 729 1312 786 quas
1339 713 1518 769 mariti
1550 711 1922 768 lucrifecerant
1949 709 2105 764 Chri-

514 822 598 867 sto
618 853 632 878 ,
666 821 718 866 ct
746 808 1086 881 parvulorum
1115 806 1182 863 ad
1209 822 1342 878 quos
1368 804 1639 862 faciendos
1663 803 1982 860 christianos
2009 816 2104 856 vo-

516 903 694 957 luntas
722 901 1010 957 christiana
1051 901 1213 956 etiam
1248 899 1405 954 unius
1450 897 1680 968 parentis
1705 896 1941 952 evicerat
1971 911 1985 948 :
2014 901 2106 948 aut

515 997 585 1060 si,
609 994 751 1066 quod
768 995 935 1065 magis
955 994 1118 1050 verba
1144 991 1386 1064 Apostoli
1404 990 1649 1046 videntur
1677 1003 1870 1044 sonare
1895 997 1949 1042 et
1974 1000 2105 1057 quo-

517 1087 639 1143 dam
670 1087 829 1142 modo
854 1101 1066 1158 cogere,
1093 1085 1268 1155 aliqua
1296 1084 1402 1138 illic
1428 1080 1770 1151 intelligenda
1797 1086 1882 1135 est
1908 1077 2105 1132 sancti-

519 1181 694 1235 ﬁcatio
715 1222 730 1245 ,
761 1194 864 1249 qua
894 1177 1361 1233 sanctilieabantur
1381 1175 1462 1229 vir
1490 1182 1546 1230 et
1570 1173 1763 1228 mulier
1789 1169 2020 1226 inﬁdelis
2049 1169 2105 1224 in

514 1271 739 1341 conjuge
762 1269 925 1337 ﬁdeli,
948 1279 1003 1324 et
1021 1283 1125 1338 qua
1149 1266 1318 1322 sancti
1346 1264 1701 1320 nascebantur
1723 1260 1818 1316 ﬁlii
1844 1259 2101 1326 ﬁdelium,

516 1364 629 1419 sive
655 1363 777 1434 quia
805 1363 858 1418 in
893 1369 1168 1417 menstruo
1208 1373 1400 1415 cruore
1441 1356 1701 1420 mulieris,
1747 1369 1778 1409 a
1818 1352 2105 1409 concubitu

514 1457 840 1522 continebat,
869 1455 1190 1526 quicumque
1214 1452 1296 1506 vir
1320 1450 1404 1506 vel
1429 1449 1629 1506 femina
1658 1447 1711 1502 id
1739 1447 1790 1502 in
1821 1446 1939 1518 lege
1962 1443 2103 1500 didi-

513 1560 681 1618 cerat;
713 1565 835 1605 nam
855 1549 958 1604 hoc
979 1545 1225 1602 Ezechiel
1246 1545 1383 1600 inter
1405 1543 1494 1598 illa
1513 1548 1777 1612 praecepta
1796 1539 1966 1610 ponit,
1985 1552 2104 1610 quae

515 1657 624 1697 non
655 1641 875 1712 ﬁgurate
914 1635 1221 1708 accipienda
1265 1643 1391 1691 sunt
1428 1633 1643 1705 (Ezeclt.
1668 1648 1818 1700 xviii,
1859 1630 1959 1703 6):
1987 1630 2106 1686 sive

517 1742 734 1805 propter
761 1732 921 1788 aliam
947 1728 1279 1801 quamlibet,
1309 1741 1429 1798 quae
1469 1725 1542 1780 ibi
1585 1734 1769 1794 aperte
1797 1723 1970 1795 posita
1996 1736 2105 1777 non

515 1835 618 1893 est,
642 1840 707 1881 ex
737 1824 851 1894 ipsa
877 1820 1272 1878 necessitudine
1295 1817 1662 1890 conjugiorum
1688 1826 1847 1889 atque
1873 1815 2104 1871 ﬁliorum

515 1916 811 1974 sanctitatis
849 1914 1184 1986 asperginem
1213 1929 1226 1966 :
1265 1911 1393 1966 illud
1422 1919 1600 1965 tamen
1631 1909 1748 1965 sine
1776 1907 2105 1964 dubitatione

515 2007 806 2063 tenendum
837 2014 919 2062 est
939 2048 954 2072 ,
985 2019 1333 2076 quaecumque
1371 2003 1455 2057 illa
1486 2002 1835 2058 sanctiﬁcatio
1865 2001 1970 2067 sit,
1996 2015 2106 2056 non

515 2102 694 2156 valere
720 2099 787 2155 ad
812 2098 1136 2154 christianos
1161 2095 1432 2151 faciendos
1456 2138 1469 2160 ,
1499 2102 1660 2164 atque
1700 2093 1765 2148 ad
1793 2092 2105 2148 dimittenda

516 2201 756 2263 peccata,
791 2190 895 2246 uisi
938 2189 1230 2245 christiana
1270 2197 1324 2243 et
1367 2187 1728 2244 ecclesiastica
1775 2186 2106 2242 institutione

517 2284 914 2342 Sacramentis‘
939 2282 1235 2339 efﬁciantur
1279 2280 1484 2336 fideles.
1523 2279 1655 2334 Nam
1704 2294 1804 2334 nec
1845 2279 2104 2350 conjuges

517 2377 779 2441 inﬁdeles,
811 2375 1098 2446 quamlibet
1135 2373 1334 2429 sanctis
1373 2381 1425 2428 et
1450 2371 1609 2443 justis
1652 2371 1966 2442 conjugibus
1994 2369 2106 2426 hae-

516 2477 690 2536 reant,
722 2468 789 2523 ab
815 2467 1092 2538 iniquitate
1117 2465 1441 2520 mundantur
1460 2507 1474 2529 ,
1502 2479 1621 2534 quae
1647 2478 1676 2516 a
1707 2477 1872 2534 rcguo
1902 2463 1998 2518 Dei
2021 2477 2106 2519 se-

517 2569 734 2632 paratos
755 2560 805 2614 in
828 2559 1219 2614 damnationem
1247 2557 1429 2612 venire
1450 2555 1749 2624 compellit;
1772 2569 1874 2609 nec
1897 2553 2106 2625 parvuli

519 2654 587 2710 de
614 2653 941 2723 quibuslibet
985 2650 1186 2706 sanctis
1223 2649 1487 2720 justisque
1522 2648 1806 2718 procreati,
1835 2646 2106 2716 originalis

516 2746 721 2820 peccati
743 2756 894 2801 reatu
924 2744 1294 2810 absolvuntur,
1325 2742 1428 2797 nisi
1455 2742 1508 2796 in
1537 2741 1753 2796 Christo
1779 2739 1980 2796 fuerint
2012 2739 2107 2795 ba-

516 2839 699 2909 ptizati
726 2857 741 2906 ;
771 2853 870 2909 pro
907 2836 1100 2904 quibus
1128 2842 1276 2889 tanto
1306 2833 1602 2904 impensius
1629 2831 1774 2904 loqui
1810 2832 2100 2900 debemus,

515 2939 716 2998 quanto
746 2943 841 2999 pro
867 2943 925 2983 se
955 2927 1055 2998 Ipsi
1080 2927 1255 2982 minus
1281 2934 1521 2996 possunt.

587 3018 814 3076 CAPUT
846 3017 1057 3074 Xili.-—
1082 3017 1171 3072 22.
1219 3018 1489 3090 Epilogus.
1541 3016 1799 3073 Sollicitos
1825 3033 1930 3073 esse
1954 3034 2106 3090 opor-

516 3122 584 3168 tet
635 3122 688 3166 :tt
736 3112 1050 3182 baptizentur
1090 3112 1332 3182 infantes.
1367 3111 1422 3166 ld
1447 3111 1588 3166 enim
1614 3111 1722 3182 agit
1748 3110 1836 3166 illa
1864 3111 2105 3183 disputa-

518 3203 628 3266 tio,
687 3209 867 3258 eontra
919 3201 1072 3272 cujus
1118 3201 1408 3257 novitatem
1471 3202 1685 3272 antiqua
1740 3201 1966 3257 veritate
2020 3200 2105 3256 ni-

518 3293 734 3350 tcndum
772 3301 884 3361 est,
916 3303 974 3350 ut
1001 3293 1228 3350 infantes
1272 3294 1490 3350 omnino
1535 3291 1806 3364 superﬂuo
1849 3295 2106 3365 baptizari

514 3387 812 3443 videantur.
832 3386 939 3443 Sed
956 3398 1140 3458 aperte
1160 3387 1264 3442 hoc
1279 3401 1386 3443 non
1405 3387 1617 3454 dicitur,
1643 3403 1709 3442 ue
1729 3395 1838 3441 tam
1861 3388 2068 3443 ﬁrmata
2083 3393 2105 3421 '

514 3480 801 3538 salubriter
828 3482 1084 3538 Ecclesia:
1124 3481 1454 3537 consuetudo
1480 3481 1766 3536 violatores
1805 3495 1933 3537 suos
1961 3480 2107 3538 ferre

515 3591 623 3632 non
666 3576 854 3646 possit.
902 3576 1010 3632 Sed
1055 3584 1100 3632 si
1131 3575 1344 3646 pupillis
1380 3590 1537 3644 opem
1564 3573 1704 3630 ferre
1741 3575 2103 3646 przecipimur,

516 3675 714 3737 quanto
740 3668 909 3738 magis
941 3683 1038 3738 pro
1068 3667 1184 3722 istis
1216 3666 1460 3722 laborare
1488 3666 1744 3721 debemus
1766 3707 1782 3734 ,
1813 3667 1903 3738 qui
1939 3667 2106 3723 desti-

517 3763 738 3814 tutiores
767 3768 822 3815 et
865 3760 1177 3815 miseriores
1204 3759 1421 3830 pupillis
1448 3759 1607 3816 etiam
1653 3759 1754 3815 sub
1795 3760 2105 3830 parentibus

515 3851 872 3908 remanebunt
891 3893 905 3919 ,
939 3851 986 3906 si
1009 3853 1088 3906 eis
1113 3851 1309 3907 Christi
1349 3852 1520 3922 gratia
1546 3844 1916 3924 denegabitur,
1945 3869 2105 3925 quam

517 3959 614 4014 per
642 3960 702 4000 se
725 3945 745 3976 ³
773 3945 874 4015 ipsi
900 3945 1140 4016 ﬂagitare
1167 3960 1273 4000 non
1296 3946 1562 4016 possunt?

590 4037 682 4094 25.
725 4039 858 4094 Illud
887 4047 1064 4094 autem
1089 4039 1233 4110 quod
1257 4038 1461 4106 dicunt,
1492 4039 1607 4095 sine
1634 4040 1743 4096 ullo
1765 4050 1982 4110 peccato
2001 4041 2104 4098 ali-

583 4154 600 4184 ι
627 4151 762 4217 editi,
783 4157 830 4202 et
860 4151 1194 4217 Sacramentis.
1218 4152 1544 4217 COpulativam
1577 4152 1861 4217 particulam
1887 4153 1981 4205 hoc
2001 4153 2109 4206 loco

516 4225 615 4264 non
645 4216 829 4264 habent
851 4216 1182 4278 manuscripti.

581 4279 602 4342 ξ
627 4286 676 4328 ln
701 4282 957 4342 Mss._,_rtam
977 4276 1140 4342 ﬁrma.

585 4341 606 4404 ξ
629 4340 851 4391 Nonnulli
875 4340 1002 4401 mss.',
1019 4353 1109 4404 pro
1129 4354 1198 4392 se.

577 4403 649 4468 (a)
682 4404 765 4452 Adi
786 4403 1162 4454 Commentarios
1178 4405 1228 4454 in
1250 4403 1447 4454 Paulum
1478 4404 1606 4454 inter
1638 4405 1914 4470 Hieronymi
1935 4416 2108 4468 Opera,

841 4496 1040 4503 .—

1053 4497 1110 4504 ..ι-ιο-

707 4497 794 4504 .__.
807 4496 1040 4503 .-.⁸-
1053 4497 1293 4504 ......._.___.
1303 4496 2213 4506 MM

511 4496 2213 4545 EWIIIII

1456 402 1544 460 DE
1579 401 1847 461 SPIRITU
1889 403 1978 460 ET
2020 400 2341 470 LITTERA,
2381 400 2442 458 S.
2482 397 2856 458 AUGUSTINI

525 4572 611 4635 In
641 4572 871 4656 librum
901 4573 977 4635 de
1007 4573 1342 4656 Spirituet
1367 4574 1634 4645 Littera,
1667 4573 1806 4635 vide
1827 4573 1936 4656 lib.
1965 4573 2028 4656 2,
2059 4592 2196 4656 cap.
2224 4574 2303 4634 3'1
2311 4576 2933 4656 ,_Retractationum,
2967 4588 3012 4640 t.
3047 4580 3106 4653 1,
3156 4581 3275 4642 col.
3305 4580 3444 4651 6&5,
3490 4603 3529 4642 α
3552 4582 3762 4646 verbis
3790 4631 3814 4656 ,

3697 399 3821 461 κθ

2210 535 2346 592 quos
2367 519 2612 576 homines
2632 519 2744 590 jam
2773 517 2980 574 ratione
3018 517 3036 548 ¹
3077 525 3308 586 utentes,
3351 516 3408 573 in
3455 516 3561 575 hoc
3606 519 3815 576 amb

2211 612 2407 669 vixisse
2433 613 2518 668 vel
2541 612 2724 667 vivere
2760 629 2773 666 :
2815 609 3106 683 optandum
3135 618 3217 666 est
3255 618 3314 665 ut
3343 609 3472 677 ﬁat,
3499 611 3814 667 conandum

2210 712 2389 762 estut
2430 703 2550 772 ﬁat,
2605 703 3008 776 supplicandum
3055 712 3142 759 est
3187 712 3246 758 ut
3297 703 3416 770 fiat;
3469 721 3578 762 non
3628 714 3815 762 tamen

2211 799 2363 871 quasi
2403 798 2599 854 factum
2642 798 2798 853 fuerit
2836 797 3211 853 conﬁdendum
3233 798 3275 851 ⁸.
3309 797 3423 853 Hoc
3447 800 3590 853 enim
3613 807 3816 869 Optan-

2213 890 2356 946 tibus
2395 901 2450 946 et
2499 890 2816 946 conantibus
2869 898 2924 944 et
2964 888 3122 960 digna
3177 889 3564 960 supplicatione
3611 890 3818 960 depre-

2211 982 2476 1051 cantibus,
2523 981 2780 1053 quidquid
2826 980 3148 1036 remanserit
3186 990 3549 1052 peccatorum,
3583 997 3678 1052 pcr
3705 982 3817 1036 hoc

2211 1076 2451 1147 quotidie
2499 1077 2744 1144 solvitur,
2793 1075 2935 1146 quod
2983 1075 3247 1130 veraciter
3290 1075 3343 1130 in
3391 1076 3632 1130 oratione
3682 1074 3818 1130 dici-

2212 1183 2332 1223 mus
2358 1167 2418 1222 ³ε
2450 1166 2660 1222 Dimitte
2703 1165 2845 1222 nobis
2893 1165 3060 1221 debita
3106 1174 3308 1232 nostra,
3348 1166 3476 1220 sicut
3519 1175 3564 1219 et
3603 1182 3694 1220 nos
3730 1166 3819 1219 di-

2211 1261 2455 1315 mittimus
2496 1261 2806 1316 debitoribus
2855 1261 3038 1314 nostris
3079 1257 3314 1332 (Matth.
3351 1275 3437 1327 γι,
3472 1258 3540 1314 12
3637 1259 3817 1327 Quam

2211 1354 2508 1408 orationem
2544 1353 2786 1422 quisquis
2837 1350 3056 1406 cuilibet
3101 1348 3348 1406 homini"
3376 1358 3562 1405 sancto
3615 1360 3670 1405 et
3708 1349 3815 1406 Dei

2210 1443 2539 1500 voluntatem
2564 1444 2754 1500 scienti
2778 1452 2939 1515 atque
2962 1443 3178 1499 facienti
3200 1485 3215 1512 ,
3249 1450 3442 1514 praeter
3471 1458 3636 1498 unum
3674 1442 3818 1499 San-

2211 1541 2356 1591 ctum
2412 1546 2755 1602 sanctorum,
2815 1534 2944 1590 dicit
2997 1534 3051 1589 in
3117 1533 3216 1591 hac
3264 1535 3372 1590 vita
3446 1534 3817 1591 necessariam

2211 1641 2320 1682 non
2357 1626 2544 1694 fuisse,
2577 1626 2800 1681 multum
2827 1635 2992 1695 errat,
3019 1641 3119 1682 nec
3148 1635 3326 1696 potest
3365 1627 3582 1682 omnino
3604 1627 3678 1681 illi
3705 1625 3818 1697 ipsi

2212 1719 2426 1790 placere
2450 1733 2609 1790 quem
2645 1717 2824 1774 laudat
2851 1736 2865 1772 :
2892 1720 2937 1773 si
2959 1728 3139 1775 autem
3163 1733 3223 1774 se
3245 1719 3419 1789 ipsum
3449 1718 3606 1774 talem
3636 1725 3812 1788 putat,

2213 1808 2328 1883 ipse
2349 1825 2409 1866 se
2435 1811 2652 1881 decipit,
2682 1823 2736 1867 et
2757 1811 2954 1866 veritas
2981 1811 3034 1866 in
3065 1826 3130 1866 eo
3161 1825 3266 1866 non
3293 1819 3377 1867 est
3399 1810 3440 1883 (l
3465 1809 3622 1865 Joan.
3649 1827 3687 1876 ι,
3710 1813 3769 1883 8)
3795 1828 3813 1879 ;

2213 1917 2321 1958 non
2360 1902 2430 1957 ob
2462 1902 2626 1968 aliud,
2662 1903 2765 1958 nisi
2792 1903 2914 1973 quia
2942 1901 3133 1958 falsum
3166 1911 3333 1974 putat.
3372 1901 3529 1958 Novit
3553 1918 3680 1973 ergo
3717 1901 3818 1959 ille

2213 1996 2474 2066 medicus,
2497 1997 2589 2068 qui
2614 2013 2721 2052 non
2753 2005 2832 2051 est
2872 2010 3008 2066 opus
3047 1996 3225 2063 sanis,
3260 1997 3356 2052 sed
3390 1995 3815 2068 aegrotantibus,

2212 2090 2666 2164 quemadmodum
2695 2105 2794 2146 nos
2823 2090 3061 2146 curando
3091 2089 3330 2161 perﬁciat
3356 2091 3410 2145 in
3440 2099 3694 2145 mternam
3714 2103 3814 2145 sa-

2211 2184 2376 2242 lutem
2411 2204 2424 2240 :
2457 2185 2549 2256 qui
2573 2193 2628 2240 et
2657 2185 2827 2256 ipsam
2847 2193 3098 2252 mortem,
3121 2183 3365 2255 quamvis
3383 2183 3586 2255 peccati
3615 2182 3817 2238 merito

2213 2275 2412 2332 inflicta
2438 2277 2537 2342 sit,
2568 2292 2674 2331 non
2701 2275 2871 2331 aufert
2894 2275 2947 2330 in
2984 2275 3085 2332 hoe
3123 2275 3320 2331 saiculo
3345 2276 3424 2331 eis
3463 2275 3656 2346 quibus
3687 2290 3818 2346 pec-

2212 2378 2326 2424 cata
2355 2368 2592 2435 dimittit,
2636 2376 2694 2423 ut
2725 2368 2888 2423 etiam
2919 2382 3040 2424 cum
3079 2367 3196 2437 ejus
3238 2368 3428 2422 timore
3470 2366 3818 2437 superando“

2211 2461 2503 2531 suscipiant
2533 2476 2628 2532 pro
2657 2459 2782 2515 fidei
2811 2461 3118 2516 sinceritate
3159 2471 3433 2514 certamen
3475 2477 3488 2511 :
3528 2467 3582 2514 et
3607 2459 3660 2513 in
3685 2458 3818 2528 qui-

2212 2553 2436 2610 busdam
2487 2555 2649 2610 etiam
2691 2552 2868 2624 justos
2894 2567 3041 2619 suos,
3093 2553 3347 2624 quoniam
3398 2551 3574 2608 adhuc
3621 2551 3817 2608 extolli

2213 2656 2472 2719 possunt,
2528 2663 2636 2703 non
2689 2647 2905 2718 adjuvat
2942 2646 3011 2702 ad
3065 2645 3445 2719 perﬁciendam
3506 2646 3813 2716 justitiam,

2213 2748 2272 2796 ut
2290 2740 2418 2796 dum
2447 2755 2554 2795 non
2589 2739 2914 2810 justiﬁcatur
2957 2739 3010 2794 in
3059 2748 3349 2809 conspectu
3375 2738 3493 2809 ejus
3523 2738 3699 2793 omnis
3723 2738 3816 2793 vi-

2212 2847 2344 2889 vens
2371 2830 2543 2906 (Psat.
2571 2847 2736 2900 cxut,
2764 2832 2844 2903 2),
2873 2832 3139 2887 actionem
3165 2830 3457 2901 gratiarum
3496 2845 3709 2902 semper
3729 2831 3818 2886 iu-

2212 2924 2499 2996 dulgentia:
2519 2924 2689 2994 ipsius
2709 2922 3038 2990 debeamus;
3063 2932 3118 2979 et
3141 2922 3219 2978 sic
3244 2922 3313 2977 ab
3338 2924 3426 2978 illa
3451 2924 3620 2994 prima
3646 2937 3817 2982 causa

2211 3015 2450 3072 omnium
2473 3015 2746 3084 vitiorum,
2771 3015 2874 3071 hoc
2899 3026 3003 3083 est,
3034 3030 3066 3070 a
3091 3023 3303 3071 tumore
3333 3015 3594 3086 superbia:
3624 3027 3817 3074 sancta

2212 3109 2511 3166 humilitate
2534 3125 2790 3166 sanemur
2811 3110 2853 3163 ⁸.
2885 3109 3035 3165 Hanc
3060 3110 3342 3180 epistolam
3371 3109 3498 3164 dum
3529 3111 3817 3182 dispositio

2212 3218 2332 3259 mea
2371 3203 2392 3235 "
2421 3203 2641 3258 brevem
2697 3202 2960 3274 parturit,
3014 3202 3149 3257 liber
3191 3202 3432 3272 prolixus
3480 3210 3564 3258 est
3611 3213 3812 3272 natus,

2213 3294 2413 3350 utinam
2436 3303 2544 3350 tam
2562 3293 2852 3365 perfectus,
2876 3309 3035 3365 quam
3059 3293 3273 3349 tandem
3295 3294 3578 3365 aliquando
3605 3293 3812 3351 ﬁnitus.

2212 3457 2344 3518 torno
2365 3450 2414 3514 8,
2439 3453 2524 3518 qui
2545 3449 2627 3502 vel
2647 3452 2707 3503 ad
2727 3450 2974 3516 Pelagium
2993 3452 3078 3505 vel
3094 3452 3156 3504 ad
3176 3451 3390 3518 aliquem
3409 3467 3474 3505 ex
3493 3455 3649 3518 ipsius
3667 3453 3817 3506 disci-

2211 3512 2340 3578 pulis
2360 3512 2626 3576 pertinent.

2279 3598 2295 3630 ι
2321 3599 2469 3647 Hicin
2503 3599 2699 3672 excusis
2721 3598 2930 3662 additur,
2951 3597 3170 3665 propria:
3198 3598 3468 3652 voluntatis.
3493 3601 3585 3651 Sed
3610 3614 3707 3652 non
3729 3607 3817 3654 est

2213 3660 2263 3712 in
2282 3660 2636 3722 manuscriptis.

2276 3724 2298 3754 ¹
2320 3728 2451 3783 Lov.,
2475 3719 2816 3834 conﬁtendum.

2276 3785 2298 3817 ³
2321 3784 2456 3834 Editi.
2473 3797 2526 3834 tn
2541 3798 2560 3834 ι
2580 3783 2628 3834 ια
2641 3785 2816 3834 oration

2275 3785 2298 3856 ξ
2321 3784 2456 3856 Editi,
2473 3783 2526 3834 in
2541 3783 2855 3856 tl'ta‘oratione
2871 3785 3265 3856 dicitqusmbest,
3281 3785 3384 3849 illa,
3409 3802 3437 3838 a
3449 3789 3812 3856 manuscriptis.

2241 3845 2470 3959 “mihi,
2505 3845 2698 3898 cuilibet
2719 3848 2866 3900 etiam
2883 3847 3080 3900 homini.
3114 3850 3199 3901 Hic
3233 3845 3429 3902 rursum
3449 3860 3553 3902 MSS.
3579 3845 3818 3903 omittunt

2211 3920 2379 3959 etiam.

2277 3973 2300 4004 ⁸
2321 3970 2542 4040 Nonnulli
2567 3981 2694 4040 Mss”
2717 3977 2770 4040 ut
2793 3973 2939 4025 etiam
2959 3974 3067 4040 ejus
3090 3973 3312 4040 lunarem
3333 3975 3608 4040 superando
3629 3988 3647 4026 :
3666 3982 3818 4028 recte

2213 4033 2407 4100 tametsi
2431 4031 2633 4100 alteram
2654 4031 2920 4100 lectionem
2942 4031 3163 4100 praferri
3196 4037 3351 4089 velint
3370 4031 3710 4091 L'ovanienses.
3732 4041 3819 4089 Vi-

2212 4094 2460 4158 degsupra,
2481 4093 2569 4144 lib.
2595 4095 2642 4156 2,
2667 4110 2716 4146 ιι.
2741 4097 2821 4148 54.

2277 4156 2300 4189 ⁶
2321 4225 2326 4226 ν
2346 4156 2453 4207 ιίοεῐ
2492 4159 2717 4226 νθτιιιιιιι,
2762 4171 2988 4211 sanentur
3003 4197 3017 4221 ,
3049 4163 3350 4226 antiquiores
3371 4163 3564 4226 codices
3586 4163 3816 4226 interpo-

2212 4225 2352 4278 nunt,
2380 4228 2479 4269 Deo
2493 4219 2775 4284 gratias,'ct
2799 4219 3184 4286 prosequuntur;
3205 4234 3339 4275 Hanc
3361 4224 3625 4289 epistolam,
3652 4219 3750 4275 etc.

2277 4282 2298 4314 "
2324 4281 2464 4338 Editi,
2488 4281 2748 4338 disputatio
2773 4297 2964 4338 maqna.
2989 4285 3214 4335 Gallicani
3236 4299 3411 4336 omnes
3432 4296 3558 4338 Mss.
3583 4286 3787 4338 disnuta

2240 4341 2252 4352 .
2282 4296 2294 4314 ι
2324 4296 2464 4343 ultu,
2488 4296 2748 4355 disputatio
2773 4297 2964 4346 magna.
2989 4296 3214 4335 Gallicam
3236 4299 3411 4336 omnes
3432 4296 3558 4348 MSS.,
3583 4296 3816 4348 disputa-

2212 4349 2280 4394 uo
2299 4351 2885 4419 nteantzonseuttuntouss‘.
2909 4348 3154 4419 \‘aticanii,
3181 4361 3280 4419 uno
3295 4355 3483 4419 tantum
3507 4357 3737 4413 excepto,
3756 4351 3817 4402 in

2213 4419 2311 4467 quo
2333 4405 2534 4470 legitur,
2554 4406 2800 4472 dispositio
2812 4421 2919 4459 mea
2931 4422 2949 4471 ;
2971 4409 3101 4472 quod
3119 4405 3278 4473 aptius
3299 4411 3507 4461 videtur.

3507 4504 3796 4560 Ξ

2282 4498 2475 4506 ——.—

2483 4499 2714 4506 _————.———

3199 4503 3404 4510 —.—___._.

3423 4504 3592 4511 vw-

3326 4543 3527 4551 -————.

687 4653 781 4714 Ad
809 4671 1002 4730 quem
1033 4653 1117 4733 (a)
1143 4653 1556 4731 scripseram,
1579 4671 1771 4733 usque
1791 4652 1872 4713 ad
1900 4653 2019 4714 col.
2049 4652 2188 4724 6&6,
2221 4653 2451 4723 verbis,
2483 4655 2606 4716 Fili
2635 4657 3015 4720 charissime
3043 4660 3440 4722 Marcelline.
3553 4663 3639 4725 M.

578 4751 1280 4830 (αλιιειιέρεηίηυρ,ιιῖίυυμιψιῑν
1308 4755 1627 4830 miscente.
1642 4753 1918 4830 referens?
1935 4761 2162 4830 emittam
2181 4754 2348 4830 ιηιιιιεε
2365 4754 2474 4830 alia?
2497 4758 2744 4830 Assustini
2767 4756 3470 4830 ιυςυιξνειιίοιιοδνειιυεςιςιιεςξοιί
3493 4765 3643 4830 etiam
3667 4770 3818 4830 operi

513 4814 1287 4893 Wtqnqm.pr_azbui_ssendocet,
1307 4814 1729 4893 .nigtaquaistione
1753 4829 1824 4893 εις.
1999 4816 2396 4893 de‘lfecca‘torum
2428 4814 2686 4893 Mer‘itiset
2721 4823 3050 4893 “emissione,
3076 4814 3209 4893 quos
3241 4814 3470 4893 vid'elicet
3492 4825 3642 4877 libros
3658 4814 3820 4893 aliis

516 4880 729 4952 diximus
753 4878 910 4952 editos
945 4889 1070 4952 anno
1090 4878 1261 4952 Christi
1295 4878 1402 4926 412.
1422 4878 1569 4952 llisce
1590 4878 1914 4952 aute_m_li_bris
1937 4879 1988 4951 in
2009 4880 2443 4952 netractationibus
2461 4881 2715 4952 subjicitur
2732 4896 2854 4947 opus
2884 4884 2949 4952 d_e_
2971 4878 3144 4946 Spiritu
3170 4893 3222 4936 et
3244 4887 3437 4952 Littera,
3463 4903 3559 4937 non
3583 4878 3819 4952 proximo

517 4941 742 5004 quidem,
766 4939 1050 5015 sui.qu
1073 4946 1180 5002 Post
1197 4937 1318 5015 ξοεοε
1341 4941 1572 5015 Saeuit!!!
1594 4939 1721 5015 ιξεψίξ
1744 4941 1893 5015 dubie
1916 4942 2043 5014 eirea
2065 4939 2224 5014 ﬁnem.
2238 4942 2459 5015 elude":-
2483 4937 2598 5015 ayﬁi
2621 4943 2730 5015 412»
2764 4937 2873 5015 ἐειι,
2891 4937 3139 5015 aliqﬁaeto
3161 4956 3276 5015 ante
3293 4937 3481 5015 eadem
3504 4937 3815 5015 ιιιωτοεέιῦῐῐζ

551 5015 628 5072 ua;
649 5015 774 5072 anno
792 5001 1098 5072 415έιιιθιιεε
1112 5001 1380 5064 septembri
1403 5001 1591 5052 aecidit.
1609 5003 1785 5053 Cilatur
1802 5003 1894 5053 hoc
1915 5003 2046 5054 idem
2068 5016 2190 5067 opus
2209 5001 2402 5054 in'libro
2421 5005 2488 5056 de
2510 5005 2621 5056 Fide
2646 5014 2698 5058 et
2717 5001 3040 5072 'Operibusfn.
3056 5008 3137 5071 21;
3163 5018 3215 5060 et
3236 5011 3288 5060 in
3311 5009 3437 5061 libro
3452 5013 3484 5063 3
3504 5012 3569 5063 de

605 5065 789 5125 istiana,
813 5078 863 5114 ιι.
883 5063 962 5112 46.

519 5146 3799 5178 .___________.________________________________

1042 5217 1200 5365 S.
1301 5217 2104 5364 AURELII
2209 5216 3197 5368 AUGUSTIN
3210 5228 3277 5368 Ι

607 5419 926 5584 DE
1067 5419 2036 5585 SPIRITU
2168 5421 2501 5585 ΕΤ
2623 5419 3696 5594 LITTERA

1853 5687 2128 5786 3Ein
2171 5705 2392 5786 unus
2421 5709 2530 5785 (α).

577 5865 1116 5941 Marcellinoseribente
1137 5877 1196 5914 se
1209 5870 1494 5941 permotum
1513 5861 1742 5941 eo,quod
1765 5877 1816 5941 in
1829 5863 2075 5941 superiori
2098 5877 2252 5941 opere
2278 5861 2631 5941 legissenﬁeri
2663 5876 2807 5941 posse
2827 5872 2883 5918 ut
2903 5868 2967 5919 sit
2987 5867 3132 5941 homo
3154 5871 3206 5921 in
3226 5871 3317 5921 hac
3338 5873 3434 5941 vita
3455 5869 3563 5924 sine
3585 5880 3819 5941 peccato,

516 5929 557 5981 si
584 5928 722 5987 velit,
744 5929 976 5990 adjutusa
1010 5935 1134 5991 Deo;
1161 5925 1254 5976 nec
1282 5925 1433 5991 ullum
1457 5933 1619 5978 tamen
1636 5925 1845 5991 usquam
1866 5925 1917 5980 in
1934 5925 2207 5984 hominibus

579 5991 653 6055 (tt)
683 5987 894 6055 Scriptus
910 5992 1001 6044 sub
1027 5989 1172 6044 tinem
1191 5991 1304 6045 anni
1327 5987 1434 6041 412.

2227 5926 2574 5993 imperfecta:
2591 5926 2794 5993 juStitia:
2812 5930 3094 5998 exemplum
3113 5941 3312 5991 exstare
3332 5949 3344 5991 ;
3368 5936 3491 5992 hanc
3511 5926 3826 6001 Δυὲιιειὶιιιῆ
