3996 6512
167 447 258 506 ,οι
1589 435 1794 492 LIBER
1831 434 2029 493 unus.

167 566 464 620 occasionem
485 566 657 628 arripit
671 563 951 628 disputandi
972 568 1138 614 contra
1160 569 1191 611 P

3347 445 3454 504 203

1193 561 1440 628 elagianos
1460 559 1524 608 de
1547 557 1782 628 adjutorio
1802 558 1972 628 gratiae
2009 558 2112 617 Dei,
2146 559 2576 628 ostenditquenon
2601 562 2664 628 i_n_
2688 575 2750 611 eo
2781 573 2871 628 no_s
2898 562 3126 616 divinitus
3156 565 3367 628 adjuvari
3393 570 3454 618 ad

171 576 464 620 manem
485 576 657 628 amp“
671 576 951 628 σωρηωοω
972 576 1138 614 contra
1160 576 1440 624 Pelagianos
1460 576 1524 608 ue
1547 576 1782 670 εαὲιὲῳιο
1802 576 1972 629 gratia:
2010 576 2112 617 uel,
2146 576 2457 632 uacuumque
2481 576 2576 610 non
2601 576 2650 610 1n
2688 576 2750 611 eo
2781 576 2871 612 nos
2898 576 3126 616 alvmlttls
3156 576 3367 628 adjuvari
3393 576 3453 618 ad

171 628 402 700 metanda.
372 640 452 700 _m
473 629 732 689 insuum.
755 627 886 691 quod
902 626 1068 700 mea
1089 632 1218 700 pars
1234 623 2354 700 ἀφρίξρῐεξειξξημ,φξξηςξξξεξῑξθ.ιξςξιξεειξεξξξ
2389 622 2481 700 se!
2500 623 2635 700 φερέ
2650 624 2754 700 ἔρξε·
2776 623 2998 700 ῑοιιξημιε
3018 630 3332 700 rostratam
3357 643 3453 692 qua

573 702 674 739 non
698 681 981 757 possumus:
991 687 1326 757 adjuveturet
1343 681 1558 757 erigatur
1582 681 2016 757 impertitgspiritu
2037 681 2366 757 g’ratiae,’_sine_
2390 697 2488 746 quo
2509 681 2746 757 adjutorio
2780 686 2997 757 doctrina
3030 687 3156 751 legis
3190 681 3354 757 littera
3377 681 3458 742 est

169 741 402 814 euidens,
425 753 542 813 quia
563 741 869 814 reos‘potius
889 741 1294 814 praevaricationis
1314 741 1904 814 tene't,_quam'4justiﬁc§_t
1942 741 2129 806 impios.
2169 744 2286 814 Inde
2308 741 2681 814 ad_propositam

131 805 140 850 ³
169 802 317 876 inrupit
339 802 399 860 in
421 802 660 876 principio
682 802 814 871 libri,
841 802 1038 876 rediens
1058 811 1238 859 iterum
1259 802 1757 876 in_ﬁne,démonst'r_al
1778 802 1929 876 multa
2083 807 2280 876 nemine
2295 802 2534 876 diliitente

2769 749 3040 806 restionem,
3081 749 3227 813 quam
3257 751 3456 803 solvere

2613 808 2794 876 sslbilia
2808 821 2918 858 cum
2933 814 3018 860 Dei
3034 808 3230 876 auxilio,
3247 826 3454 876 quorum

169 865 339 925 nulium
362 865 768 938 usipnm'exstet
791 865 1072 936 exemplum
1097 885 1110 920 :
1137 878 1285 934 atque
1304 871 1370 920 ita
1388 865 1496 920 sine
1519 865 1751 930 exemplo
1769 865 1946 917 main
1967 866 2242 917 hominibus
2262 868 2528 931 perfectam
2546 865 2800 933 justitiam,
2824 877 2876 922 et
2907 878 3071 923 tamen
3105 865 3456 931 impossibilem

170 949 248 988 non
267 948 396 986 esse
416 935 682 988 concludit.

224 1063 461 1122 CAPUT
503 1061 795 1120 PRIMUM.
829 1091 899 1103 —
930 1063 982 1118 l.
1010 1059 1223 1115 Occasio
1243 1058 1493 1114 scribendi
1519 1057 1670 1127 hujus
1695 1056 1761 1110 Ii-

172 1160 250 1214 bri.
292 1157 520 1230 Aliquid
544 1173 694 1229 posse
728 1158 840 1226 ﬁeri
863 1197 880 1224 ,
915 1156 1111 1210 tametsi
1155 1157 1344 1226 factum
1383 1155 1448 1208 sit
1473 1167 1750 1222 nunquam.

173 1251 336 1309 Lectis
367 1249 671 1320 opusculis,
699 1264 824 1320 quae
852 1247 919 1304 ad
949 1256 1000 1304 te
1024 1261 1194 1318 nuper
1217 1245 1507 1311 elaboravi,
1537 1244 1612 1299 ﬁli
1633 1243 1761 1300 cha-

175 1342 376 1398 rissime
414 1340 751 1407 Marcelline,
789 1340 858 1395 de
895 1339 1165 1409 Baptismo
1209 1337 1583 1407 parvulorum,
1620 1342 1675 1391 et
1693 1335 1762 1390 de

175 1432 496 1505 perfectione
518 1431 746 1502 iustitia:
765 1409 1007 1486 hominis
1027 1471 1042 1496 ,
1069 1428 1212 1500 quod
1238 1443 1355 1484 eam
1386 1442 1544 1484 nemo
1568 1427 1622 1482 in
1662 1425 1764 1482 hac

176 1529 258 1582 vita
287 1525 384 1582 vel
413 1534 734 1592 assecutus,
761 1525 851 1580 vel
885 1530 1225 1580 assecuturus
1250 1521 1512 1590 videatur,
1538 1530 1762 1592 excepto

177 1635 263 1676 uno
288 1619 622 1686 Mediatore,
648 1619 739 1689 qui
766 1617 998 1673 humana
1019 1631 1305 1688 perpessus
1331 1624 1412 1672 est
1437 1615 1491 1671 in
1515 1615 1762 1670 similitu-

180 1713 282 1768 dine
305 1712 498 1768 carnis
535 1710 776 1780 peccati,
803 1711 921 1765 sine
953 1708 1064 1765 ullo
1106 1709 1326 1764 omnino
1371 1715 1590 1778 peccato
1622 1725 1636 1762 :
1671 1723 1761 1764 re-

181 1803 425 1873 scripsisti
451 1809 523 1862 te
565 1800 771 1858 moveri
810 1813 894 1867 eo,
917 1798 1062 1871 quod
1101 1798 1154 1854 in
1201 1797 1495 1870 posteriore
1537 1797 1762 1852 duorum

183 1896 298 1952 libro
326 1896 344 1927 ⁸
378 1894 500 1950 ﬁeri
529 1907 690 1965 posse
716 1892 830 1948 dixi
848 1932 865 1959 ,
905 1899 965 1948 ut
991 1891 1062 1948 sit
1085 1890 1248 1947 homo
1276 1891 1394 1946 sine
1423 1898 1641 1961 peccato
1661 1929 1676 1954 ,
1719 1889 1762 1942 si

182 1992 409 2045 voluntas
428 1988 556 2059 ejus
580 2001 690 2042 non
714 1985 854 2042 desit
876 1987 898 2018 ³
925 2000 1029 2056 ope
1055 1983 1339 2055 adjuvante
1359 1983 1538 2039 divina
1555 2024 1570 2047 ,
1598 1991 1654 2038 et
1681 1990 1764 2037 ta-

184 2097 288 2136 men
346 2088 555 2152 praeter
599 2092 768 2134 unum
818 2077 875 2133 in
920 2091 1029 2148 quo
1072 2091 1260 2132 omnes
1312 2075 1720 2131 vivilicabuntur
1745 2074 1766 2106 ³

185 2173 220 2244 (l
242 2171 359 2229 Cor.
389 2187 486 2238 xv,
514 2168 646 2244 22),
686 2170 957 2226 neminem
983 2169 1149 2225 fuisse
1174 2169 1260 2225 vel
1300 2169 1417 2224 fore
1455 2167 1512 2224 in
1536 2183 1643 2238 quo
1680 2167 1767 2224 hic

184 2265 379 2321 vivente
402 2272 555 2320 esset
584 2265 686 2319 ista
711 2261 990 2334 perfectio.
1020 2261 1324 2318 Absurdum
1345 2261 1486 2318 enim
1507 2261 1603 2316 tibi
1624 2261 1768 2316 vidc-

185 2356 403 2422 turdici,
445 2354 653 2427 aliquid
681 2355 800 2410 ﬁeri
841 2368 1001 2427 posse
1039 2354 1192 2426 cujus
1232 2354 1372 2410 desit
1416 2355 1722 2425 exemplum
1747 2395 1763 2422 ,

183 2463 328 2517 cum,
369 2448 513 2506 siait
551 2447 752 2514 credo,
793 2462 902 2504 non
943 2447 1187 2514 dubites,
1231 2463 1499 2517 nunquam
1538 2462 1658 2504 esse
1687 2447 1767 2503 fa-

185 2551 315 2598 ctum
347 2551 408 2598 ut
431 2557 532 2614 per
573 2541 818 2598 foramen
862 2555 991 2597 acus
1027 2522 1262 2597 camelus
1293 2541 1562 2608 transiret,
1591 2549 1646 2596 et
1685 2549 1767 2594 ta.

184 2648 304 2689 men
326 2634 418 2690 ille
446 2633 552 2688 hoc
579 2647 796 2704 quoque
817 2632 953 2688 dixit
982 2633 1091 2690 Deo
1116 2646 1239 2689 esse
1269 2633 1520 2702 possibile
1546 2631 1766 2702 (Matth.

183 2741 279 2781 xix
299 2765 317 2791 ,
337 2724 414 2779 Ἃ
436 2723 566 2795 ,9.6)
594 2741 612 2781 :
641 2725 790 2796 legas
818 2725 978 2780 etiam
1015 2723 1296 2780 duodecim
1344 2723 1510 2779 millia
1534 2723 1556 2755 ‘
1601 2724 1768 2794 legio-

185 2832 288 2873 nes
312 2817 630 2888 Angelorum
656 2833 756 2890 pro
786 2818 1002 2875 Christo
1027 2859 1042 2884 ,
1089 2833 1158 2874 ne
1186 2826 1456 2888 pateretur
1477 2857 1492 2884 ,
1536 2833 1771 2889 pugnare

186 2910 422 2981 potuisse
468 2909 575 2980 (Id.
616 2927 786 2978 xxvi,
817 2911 909 2982 55)
934 2952 952 2980 ,
994 2925 1094 2968 nec
1131 2918 1310 2966 tamen
1355 2910 1595 2966 factum:
1626 2911 1772 2982 legas

188 3002 290 3059 ﬁeri
343 3004 589 3073 potuisse
633 3012 692 3058 ut
739 3003 910 3058 semel
965 3010 1152 3073 gentes
1206 3002 1688 3058 exterminarentur
1739 3019 1772 3058 a

189 3100 314 3150 terra
342 3110 464 3165 qua:
489 3094 720 3150 dabatur
745 3093 869 3150 ﬁliis
890 3093 1056 3151 lsrae.
1077 3093 1254 3166 (Deut.
1278 3110 1411 3149 xxxi
1431 3136 1446 3162 ,
1483 3095 1542 3166 5)
1564 3136 1579 3161 ,
1603 3095 1771 3150 Deum

189 3192 350 3241 tamen
377 3185 642 3256 paulatim
688 3185 807 3241 ﬁeri
837 3185 1071 3241 voluisse
1097 3184 1301 3257 (Judic.
1332 3201 1406 3253 ιι,
1447 3185 1505 3255 5)
1540 3203 1553 3240 :
1587 3193 1643 3242 et
1668 3187 1771 3241 alia

192 3289 425 3336 sexcenta
451 3285 691 3352 possunt
719 3293 1027 3346 occurrere,
1070 3294 1188 3350 quae
1215 3277 1354 3346 ﬁeri,
1386 3279 1470 3334 vel
1502 3280 1770 3350 potuisse,

188 3373 261 3428 vel
295 3387 457 3444 posse
486 3371 755 3429 fateamur
775 3415 791 3439 ,
839 3381 896 3428 et
931 3387 1116 3429 eorum
1146 3382 1325 3429 tamen
1359 3374 1603 3444 exempla
1629 3374 1773 3445 quod

193 3462 305 3518 facta
331 3464 442 3520 sint
466 3463 719 3535 proferre
737 3477 1084 3535 nequeamus.
1111 3462 1268 3520 Unde
1293 3479 1399 3520 non
1427 3463 1547 3519 ideo
1576 3479 1774 3536 negare

194 3553 430 3610 debemus
452 3596 470 3622 ,
502 3553 625 3611 ﬁeri
667 3569 826 3626 posse
846 3564 906 3610 ut
930 3554 1094 3611 homo
1118 3555 1237 3611 sine
1263 3565 1486 3626 peccato
1510 3556 1616 3623 sit,
1649 3558 1771 3628 quia

197 3648 347 3704 nullus
379 3658 468 3703 cst
505 3647 785 3704 hominum
809 3689 827 3717 ,
871 3656 1066 3719 praeter
1111 3647 1260 3703 illum
1286 3647 1376 3718 qui
1420 3663 1527 3704 non
1564 3657 1770 3705 tantum

197 3736 354 3808 homo,
377 3738 476 3795 sed
504 3739 670 3794 etiam
699 3747 888 3794 natura
915 3739 1056 3794 Deus
1083 3746 1188 3805 est,
1220 3739 1274 3794 in
1302 3753 1410 3808 quo
1438 3738 1492 3794 id
1519 3752 1641 3796 esse
1662 3755 1774 3810 per-

197 3830 370 3888 iectum
399 3830 783 3887 demonstrare
807 3831 1094 3902 possimus.

252 3923 475 3980 CAPUT
516 3921 585 3978 ll.
612 3952 684 3963 —
707 3921 764 3977 2.
797 3922 961 3977 Error
983 3939 1158 3978 eorum
1192 3925 1282 3993 qui
1309 3924 1483 3980 dicunt
1504 3924 1668 3980 vivere
1691 3926 1774 3981 hic

202 4016 428 4072 hominem
454 4017 570 4072 sine
592 4024 818 4087 peccato,
848 4016 1014 4071 minus
1037 4017 1370 4087 perniciosus.
1392 4016 1556 4072 Error
1579 4034 1772 4090 negan-

204 4109 299 4162 tium
322 4108 554 4180 gratiam
580 4108 915 4163 necessariam
935 4109 1137 4181 grauior
1163 4117 1212 4164 et
1238 4111 1480 4188 acerrime
1502 4115 1774 4176 confutan-

203 4199 294 4253 ω.
318 4199 421 4255 Hie
445 4199 686 4255 fortasse
704 4199 1050 4270 respondeas,
1076 4200 1177 4256 ista
1204 4213 1323 4270 qua:
1355 4205 1774 4266 commemoravi

201 4290 312 4346 facta
347 4307 459 4348 non
500 4305 628 4346 esse
667 4298 724 4347 et
747 4290 864 4348 ﬁeri
904 4291 1162 4362 potuisse,
1190 4306 1354 4364 opera
1397 4308 1517 4348 esse
1553 4294 1772 4361 divina;

202 4395 246 4438 ut
261 4393 434 4442 autem
459 4385 536 4440 sit
557 4384 720 4441 homo
747 4385 865 4442 sine
885 4393 1126 4455 peccato,
1157 4385 1224 4442 ad
1245 4401 1381 4457 opus
1405 4386 1571 4456 ipsius
1596 4387 1775 4442 homi-

200 4476 264 4532 nis
287 4479 566 4548 pertinere
589 4517 606 4543 ,
653 4475 816 4548 idque
861 4491 995 4548 opus
1041 4492 1164 4534 esse
1196 4478 1492 4548 optimum,
1537 4492 1643 4548 quo
1685 4477 1778 4534 ﬁat

201 4568 332 4639 plena
353 4577 412 4626 et
443 4568 684 4641 perfecta
720 4575 773 4626 et
799 4582 867 4624 cx
908 4569 1053 4624 omni
1097 4583 1316 4640 prorsus
1355 4576 1506 4639 parte
1533 4569 1775 4626 absoluta

197 4659 375 4729 iustitia
411 4680 428 4719 :
461 4670 522 4718 et
555 4660 679 4718 ideo
702 4674 812 4717 non
838 4675 960 4718 esse
985 4660 1312 4718 credendum
1337 4703 1352 4728 ,
1393 4661 1663 4718 neminem
1694 4663 1777 4718 vel

1870 1056 2055 1123 fuisse,
2084 1057 2168 1113 vel
2193 1072 2335 1123 esse,
2362 1058 2448 1114 vel
2477 1059 2591 1114 fore
2621 1060 2677 1114 in
2701 1060 2800 1116 hac
2824 1061 2931 1116 vita
2951 1063 3043 1133 qui
3068 1063 3170 1122 hoc
3195 1078 3329 1135 opus
3356 1065 3460 1122 im-

1872 1149 2116 1218 pleverit,
2143 1146 2196 1205 si
2233 1151 2302 1206 ab
2343 1150 2558 1208 homine
2597 1151 2805 1224 impleri
2851 1165 3045 1225 potest.
3079 1156 3185 1212 Sed
3223 1159 3458 1230 cogitare

1873 1240 2058 1307 debes,
2090 1243 2332 1313 quamvis
2365 1243 2433 1299 ad
2459 1244 2729 1299 hominem
2765 1245 2817 1300 id
2843 1261 3003 1318 agere
3027 1248 3326 1318 pertineat,
3354 1249 3457 1308 hoc

1871 1349 2082 1405 quoque
2103 1350 2297 1391 munus
2317 1351 2440 1392 esse
2462 1335 2722 1402 divinum,
2755 1347 2914 1408 atque
2941 1339 3062 1396 ideo
3086 1355 3194 1396 non
3215 1340 3461 1399 dubitare

1874 1439 2009 1496 opus
2036 1439 2158 1482 esse
2193 1425 2452 1482 divinum.
2480 1427 2617 1483 Deus
2644 1438 2717 1483 est
2741 1431 2873 1483 enim
2899 1432 2988 1500 qui
3021 1442 3262 1501 operatur
3288 1434 3342 1488 in
3371 1449 3459 1488 vo-

1873 1514 1966 1582 bis,
1997 1515 2073 1570 ait
2096 1518 2403 1588 Apostolus,
2433 1529 2479 1574 et
2508 1519 2632 1574 velle
2653 1529 2702 1574 et
2727 1521 2960 1591 operari,
2995 1538 3088 1593 pro
3125 1524 3256 1578 bona
3279 1527 3461 1580 volun-

1872 1616 1971 1662 tate
1993 1607 2250 1681 (Philipp.
2276 1626 2334 1679 ιι,
2368 1609 2478 1683 l5).

1945 1702 1999 1756 5.
2032 1702 2262 1758 Proinde
2292 1719 2398 1758 non
2428 1705 2652 1759 multum
2680 1706 2890 1761 molesti
2913 1715 3057 1776 sunt,
3083 1717 3138 1764 et
3156 1709 3459 1767 instandum

1875 1801 1960 1848 est
1988 1793 2088 1861 eis,
2121 1803 2176 1848 ut
2205 1794 2252 1849 si
2286 1804 2530 1864 possunt,
2559 1797 2843 1852 ostendant
2868 1799 2940 1852 ita
2972 1813 3093 1855 esse
3113 1841 3130 1867 ,
3162 1801 3253 1871 qui
3280 1801 3464 1860 dicunt

1879 1883 2060 1940 vivere
2089 1886 2177 1939 hic
2207 1886 2224 1918 ⁸
2254 1885 2528 1943 hominem
2549 1930 2563 1954 ,
2597 1889 2711 1945 sive
2737 1890 2934 1946 vixisse
2961 1891 3079 1947 sine
3108 1893 3217 1949 ullo
3244 1895 3464 1952 omnino

1877 1986 2115 2047 peccato.
2143 1979 2274 2034 Nam
2297 1981 2340 2034 si
2371 1982 2670 2037 testimonia
2697 1984 3115 2056 Scripturarum,
3141 1989 3333 2060 quibus
3354 1991 3465 2046 exi-

1877 2069 2037 2124 stimo
2078 2069 2354 2127 deﬁnitum
2385 2115 2399 2138 ,
2449 2073 2652 2129 nullum
2701 2077 2972 2133 hominem
3019 2077 3107 2134 hic
3155 2080 3462 2148 viventem,

1877 2163 2119 2230 quamvis
2147 2172 2324 2219 utatur
2350 2165 2520 2222 libero
2546 2167 2787 2237 arbitrio,
2821 2171 3049 2227 inveniri
3072 2174 3190 2229 sine
3221 2183 3464 2244 peccato,

1877 2253 2034 2310 sicuti
2059 2262 2140 2310 est
2166 2296 2180 2320 ,
2216 2257 2298 2311 Nc
2324 2258 2479 2314 intres
2511 2259 2564 2313 in
2581 2261 2838 2330 judicium
2877 2279 2992 2317 cum
3021 2280 3161 2319 servo
3186 2274 3271 2320 tuo
3295 2307 3309 2332 ,
3352 2283 3469 2336 quo-

1882 2347 2020 2401 niam
2045 2365 2146 2403 non
2172 2351 2541 2420 justi/imbitur
2579 2354 2632 2408 in
2669 2365 2940 2425 conspectu
2969 2366 3056 2413 tuo
3093 2360 3257 2414 omnis
3297 2361 3466 2416 vivens

1879 2438 2049 2510 (Psal.
2077 2455 2214 2496 cxtu
2233 2483 2248 2508 ,
2280 2442 2363 2513 ‘2),
2385 2452 2440 2499 et
2457 2454 2650 2501 caetera
2677 2447 2803 2502 talia
2825 2448 3107 2520 quisquam
3133 2449 3332 2508 docere
3360 2467 3463 2522 po-

1878 2532 2039 2586 tuerit
2057 2533 2211 2588 aliter
2230 2535 2537 2604 accipienda
2563 2553 2722 2608 quam
2744 2549 2957 2607 sonant,
2985 2549 3041 2596 et
3061 2541 3466 2600 demonstrave-

1877 2624 1948 2677 rit
1977 2624 2207 2694 aliquem
2231 2627 2316 2681 vel
2347 2628 2551 2698 aliquos
2581 2630 2699 2685 sine
2728 2631 2838 2685 ullo
2864 2631 2951 2687 hic
2976 2633 3174 2690 vixisse
3203 2644 3425 2706 peccato
3450 2655 3466 2704 ;

1878 2715 1967 2784 qui
2009 2731 2116 2771 non
2143 2718 2211 2781 ei,
2258 2733 2363 2772 non
2399 2720 2568 2775 solum
2616 2722 2836 2779 minime
2879 2723 3227 2793 adversatus,
3279 2741 3464 2783 verum

1878 2806 2037 2860 etiam
2068 2807 2354 2876 plurimum
2392 2810 2686 2881 gratulatus
2717 2811 2906 2881 fuerit,
2948 2829 3053 2870 non
3097 2817 3470 2876 mediocribus

1880 2897 2189 2954 invidentia:
2216 2901 2448 2968 stimulis
2473 2903 2720 2973 agitatur.
2751 2905 2886 2973 Quin
2915 2907 3077 2963 etiam
3105 2908 3152 2964 si
3177 2925 3337 2968 nemo
3361 2923 3465 2979 est,

1877 2998 1970 3044 aut
1998 2989 2117 3056 fuit,
2142 3001 2235 3047 aut
2262 2995 2384 3058 erit,
2407 2995 2552 3066 quod
2576 2998 2743 3068 magis
2762 2999 2945 3068 credo,
2969 3002 3060 3058 tali
3084 3005 3317 3074 puritate
3346 3023 3469 3078 per-

1879 3080 2072 3150 fectus,
2101 3093 2154 3139 et
2184 3096 2356 3142 tamen
2387 3103 2527 3156 esse,
2554 3098 2646 3146 aut
2675 3090 2861 3161 fuisse,
2904 3103 2995 3150 aut
3022 3094 3138 3152 fore
3164 3097 3471 3157 defenditur

1879 3183 1935 3230 et
1960 3185 2196 3246 putatur,
2223 3187 2477 3250 quantum
2505 3196 2606 3252 ego
2631 3183 2875 3252 judicare
2911 3200 3152 3255 possum,
3191 3204 3298 3245 non
3327 3193 3470 3249 mul-

1881 3277 1995 3324 tum
2023 3279 2262 3340 erratur,
2294 3288 2395 3328 nec
2422 3275 2723 3344 perniciose
2745 3317 2761 3344 ,
2809 3292 2929 3332 cum
2971 3279 3202 3349 quadam
3247 3284 3474 3356 quisque

1880 3359 2251 3418 benevolentia
2294 3362 2494 3420 fallitur
2527 3383 2541 3420 :
2571 3366 2616 3420 si
2662 3375 2840 3422 tamen
2879 3371 2969 3440 qui
3015 3370 3118 3426 hoc
3165 3383 3354 3443 putat,
3412 3391 3473 3432 se

1880 3454 2054 3525 ipsum
2082 3455 2242 3512 talem
2264 3471 2384 3514 esse
2407 3473 2515 3514 non
2544 3466 2716 3531 putet,
2739 3460 2842 3516 nisi
2869 3477 3053 3517 revera
3073 3478 3138 3520 ac
3165 3464 3366 3535 liquido
3392 3475 3474 3522 ta-

1880 3546 1984 3604 lem
2012 3564 2071 3604 se
2099 3563 2220 3606 esse
2249 3551 2602 3622 perspexerit.

1953 3643 2007 3698 4.
2039 3640 2146 3698 Sed
2176 3641 2282 3699 illis
2317 3645 2582 3702 acerrime
2619 3660 2682 3702 ac
2709 3650 3180 3706 vehementissime
3217 3652 3472 3709 resisten-

1881 3732 2008 3788 dum
2050 3743 2133 3789 est
2158 3776 2174 3800 ,
2202 3735 2291 3807 qui
2322 3744 2510 3806 putant
2533 3737 2650 3793 sine
2677 3738 2940 3810 adjutorio
2975 3742 3069 3797 Dei
3097 3758 3194 3814 per
3217 3757 3277 3801 se
3301 3744 3473 3816 ipsam

1880 3827 1989 3882 vim
2016 3828 2306 3884 voluntatis
2339 3829 2586 3885 humana:
2615 3832 2698 3887 vel
2721 3831 2980 3902 justitiam
3004 3849 3162 3906 posse
3188 3837 3469 3908 perﬁcere,

1881 3921 1968 3978 vel
1992 3919 2060 3977 ad
2085 3937 2200 3978 eam
2224 3923 2457 3979 tenendo
2478 3925 2740 3996 proﬁcere
2768 3945 2783 3982 :
2815 3936 2870 3983 et
2895 3943 3018 3984 cum
3039 3931 3060 3962 ’
3089 3933 3264 4003 urgeri
3291 3947 3473 4004 coepe-

1881 4015 2010 4082 rint,
2036 4015 2305 4086 quomodo
2334 4017 2388 4072 id
2429 4027 2758 4088 praesumant
2786 4033 3028 4078 asserere
3069 4022 3184 4078 ﬁeri
3213 4025 3330 4080 sine
3367 4041 3470 4096 ope

1882 4107 2082 4176 divina,
2111 4109 2409 4180 reprimunt
2448 4124 2508 4166 se
2530 4150 2548 4178 ,
2589 4126 2690 4167 nec
2714 4110 2853 4168 hanc
2880 4127 3069 4170 vocem
3094 4113 3291 4172 audent
3317 4118 3472 4174 emit-

1883 4207 2018 4268 tere,
2040 4201 2290 4270 quoniam
2319 4201 2501 4257 vident
2527 4217 2686 4274 quam
2707 4204 2778 4258 sit
2801 4205 2988 4274 impia,
3011 4214 3064 4262 et
3091 4222 3200 4263 non
3226 4207 3471 4266 ferenda.

1881 4290 1989 4348 Sed
2009 4292 2178 4358 aiunt,
2207 4292 2328 4348 ideo
2355 4295 2453 4348 ista
2479 4293 2594 4350 sine
2621 4311 2724 4365 ope
2751 4295 2928 4352 divina
2955 4312 3061 4353 non
3089 4298 3227 4367 ﬁeri,
3266 4302 3388 4370 quia
3418 4312 3474 4357 et

1885 4385 2154 4441 hominem
2184 4385 2326 4440 Deus
2366 4387 2571 4441 creavit
2613 4402 2733 4443 cum
2781 4387 2951 4444 libero
2999 4389 3288 4445 voluntatis
3325 4393 3471 4447 arbi-

1884 4477 2004 4542 trio,
2048 4486 2104 4532 et
2141 4475 2317 4532 dando
2356 4487 2618 4548 praecepta
2660 4481 2777 4549 ipse
2823 4479 2979 4536 docet
3020 4482 3469 4552 quemadmodum

1884 4569 2086 4625 homini
2112 4570 2182 4624 sit
2211 4569 2534 4636 vivendum;
2567 4581 2622 4628 et
2646 4572 2698 4627 in
2741 4588 2808 4628 eo
2833 4574 3017 4645 utique
3039 4575 3288 4646 adjuvat,
3327 4580 3472 4650 quod

1884 4660 2128 4717 docendo
2153 4661 2328 4718 aufert
2354 4662 2732 4733 ignorantiam,
2771 4673 2830 4720 ut
2855 4665 2989 4722 sciat
3016 4665 3178 4724 homo
3203 4669 3259 4724 in
3294 4671 3473 4742 operi-

1394 4837 1677 4880 Λυκομιπο
1703 4838 1783 4877 PP.
1808 4837 2289 4882 DENEDICTINORUI.

155 4915 164 4948 ³
240 4964 446 5037 emi

325 4961 666 5075 Ἢηάιιω
687 4959 865 5010 librum
884 4960 949 5010 de
969 4961 1144 5022 Spiritu
1167 4966 1220 5010 et
1240 4961 1416 5009 Littera
1437 4957 1652 5008 subsidio
1675 4958 1872 5031 fuerunt
1883 4963 2088 5012 Vaticani
2111 4962 2303 5014 codices
2326 4967 2634 5028 manuscripti
2651 4969 2885 5030 quinque,
2909 4974 2963 5018 et
2983 4971 3209 5023 undecim
3229 4975 3452 5031 Gallicani

325 5034 363 5075 et
491 5038 562 5074 ex
592 5023 901 5072 illustrissimi
929 5022 1108 5071 domini
1141 5021 1206 5071 de
1237 5029 1282 5069 S.
1318 5029 1558 5075 Georges,
1616 5020 1962 5075 arclnepisconi
2007 5026 2298 5075 Turonensis
2345 5041 2374 5075 a
2428 5042 2551 5075 reae
2601 5029 2869 5075 designati.
2923 5031 3079 5075 codex
3147 5039 3431 5075 Snrhnninnc

273 5029 363 5076 ieet
395 5019 574 5098 oodex__
592 5023 901 5094 illustrissimi
914 5019 1108 5098 .dot'nini
1141 5021 1206 5071 de
1237 5029 1571 5098 suaviorges:
1608 5020 1962 5098 archiepiscopi
2007 5026 2298 5097 'I‘uronensis
2345 5041 2399 5098 at
2428 5019 2581 5090 rege'
2601 5019 2842 5098 designati
2855 5019 2884 5088 ,⁷

2923 5031 3079 5103 θρόει
3146 5039 3433 5103 βοὼοηίοιιε

196 5084 804 5149 exlexmgustinensium
836 5085 1027 5196 angoris
1059 5091 1327 5155 conventus
1369 5083 1646 5154 Parisiensis
1665 5117 1681 5141 ,
1725 5084 1889 5157 codex
1917 5083 2331 5137 'Dominicanroum
2372 5083 2515 5140 item"
2538 5083 2870 5141 Parisiensium
2915 5093 2990 5140 via
3034 5083 3477 5160 δὲοοὺῖὗξξ-ὧᾶᾇῖι

196 5150 514 5196 laudunensis
543 5147 800 5196 Ecclesiae.
931 5159 993 5195 ex
1028 5147 1240 5196 Abbatue
1282 5152 1531 5194 Bemensns
1579 5153 1623 5191 δ.
1691 5151 1921 5196 nemiun.
1986 5150 2105 5196 item
2166 5151 2372 5196 abbatim
2419 5161 2462 5196 s.
2531 5155 2814 5196 Cvaimnni-
2857 5162 3064 5196 nhhntim
3128 5163 3436 5196 l‘nl-hninnciu

193 5147 514 5200 laudunensis
543 5147 766 5208 Ecclesia
785 5183 800 5208 ,

931 5147 1259 5226 εθὲ-ίιὲὼὲἑίπ-
1272 5145 1642 5226 ΞὲἮεδΡδὲἑά
1691 5151 1769 5226 ⁸93

1882 5147 1922 5226 ἱἐ
1983 5150 2124 5226 item
2148 5151 2372 5226 abbatite
2531 5155 2780 5226 Cygiranni
2799 5190 2838 5226 ,__
2857 5145 3470 5226 abbatiaarr‘tiorbeieusis:

194 5212 384 5277 abbatize
415 5217 479 5277 _s.
527 5205 794 5277 Michaelis
821 5209 888 5277 de
935 5215 1087 5257 Monte
1135 5209 1184 5256 in
1234 5205 1472 5277 periculo
1497 5206 1682 5277 maris,
1721 5205 1926 5257 abbatia:
1973 5213 2234 5277 peccensis
2280 5213 2511 5273 demum,
2562 5205 2623 5266 ὂῖ
2669 5205 3475 5277 Ρηιθ’11ὧςῆξί’ἷηθοῖιδιῖ’διἶέἧῖ

197 5280 273 5349 tes
301 5273 562 5349 lectiones
601 5271 975 5321 Lovaniensium
1014 5277 1170 5319 erutae
1215 5267 1276 5318 ex
1343 5267 1547 5330 Belgicis
1581 5267 1734 5316 tribus
1789 5271 2181 5335 exemplaribus;
2238 5282 2289 5324 et
2334 5267 2547 5340 antiqua:
2603 5267 2769 5341 Operis
2786 5267 3233 5349 *h’dj'ﬁ'édiiiéﬁéé'
3261 5267 3471 5338 nali}.

197 5342 239 5385 et
258 5343 369 5384 ων.

263 5462 782 5547 Comparaeimus
805 5468 1110 5543 praeterea
1145 5480 1243 5522 eas
1275 5477 1479 5523 omnes
1511 5461 1811 5538 editiones
1841 5465 2026 5530 initio
2061 5471 2234 5532 Retr.
2255 5478 2311 5533 et
2326 5472 2642 5552 Confess.,
2673 5485 2717 5537 t.
2752 5479 2809 5553 1,
2839 5490 3225 5542 memoratas.
3302 5483 3388 5542 M.

245 5643 264 5674 ¹
284 5639 830 5704 Aliquotmannscripti,
847 5636 1052 5704 duorum
1076 5636 1322 5688 librorum.

247 5706 268 5736 ³
291 5698 424 5762 μοί,
450 5701 494 5751 si
514 5700 728 5752 voluntas
745 5698 796 5749 ei
817 5713 913 5762 non
937 5698 1075 5750 desit.

249 5766 271 5798 ³
291 5760 419 5814 Tres
436 5764 674 5827 Vaticanis
698 5770 827 5821 uss,
849 5760 901 5810 in
923 5775 1016 5827 quo
1037 5775 1198 5827 anates
1240 5761 1556 5827 viviﬁcantur.

247 5828 272 5857 ⁸
292 5826 597 5887 Georgianus
628 5832 708 5873 Ms.
755 5824 989 5885 pra-terit,
1015 5824 1170 5873 millia
1214 5836 1232 5874 .'
1277 5824 1370 5874 nec
1393 5832 1468 5874 est
1493 5827 1540 5875 in
1565 5831 1780 5887 Evange-

247 5833 272 5857 ⁸
457 5833 597 5874 ianus
628 5833 708 5873 Ms.
755 5833 989 5885 pra-terit,
1015 5833 1170 5873 mima
1214 5836 1232 5874 :
1277 5838 1370 5874 nec
1393 5833 1468 5874 est
1493 5833 1540 5875 in
1565 5833 1780 5887 Evange-

193 5883 251 5952 μ
267 5833 456 5952 rm
483 5894 659 5952 tamen
677 5887 748 5934 sic
771 5887 948 5952 iterum
971 5887 1088 5952 citat
1107 5889 1407 5952 Augustinus
1436 5889 1559 5937 intra
1577 5924 1590 5948 ,
1627 5901 1676 5936 n.
1702 5888 1780 5952 62.

194 5943 304 6012 [nec
326 5943 474 6001 aliter
495 5949 625 5998 hune
645 5946 806 5996 locum
825 5943 1000 6010 legunt
1018 5943 1224 5999 Hilarius
1241 5951 1565 6014 Pictaviensis,
1581 5943 1640 5999 in
1661 5949 1785 6001 Psal.

522 6056 754 6118 Sacr.
785 6055 1060 6118 Ληουεῖ.
1098 6057 1184 6120 Χ.

1886 5630 1966 5689 55,
1991 5644 2040 5680 n.
2069 5633 2088 5681 l
2114 5647 2128 5692 ;
2155 5635 2202 5682 in
2227 5634 2346 5684 Psal.
2373 5635 2461 5695 54,
2487 5651 2535 5686 n.
2561 5637 2618 5699 6;
2647 5639 2730 5688 lib.
2756 5639 2788 5688 6
2807 5641 2874 5690 de
2897 5644 3144 5700 'l‘rinitate,
3170 5655 3220 5689 n.
3247 5641 3334 5701 4‘2;
3363 5657 3476 5693 ncc-

1888 5707 1985 5766 non
2008 5703 2105 5766 l_.eo_
2121 5707 2260 5766 papa,
2280 5711 2430 5766 serm.
2446 5701 2488 5766 Δ5
2506 5701 2818 5766 ἀεξνῐῗθδςίοηε
2841 5707 3041 5762 Domini,
3065 5703 3312 5766 cap.4.]-
3341 5707 3477 5756 Uncis

1890 5756 1994 5807 haec
2014 5756 2194 5809 inclusa
2218 5761 2367 5810 habet
2389 5762 2488 5812 sola
2511 5763 2660 5813 editio
2680 5772 2763 5813 GG.

1956 5843 1970 5873 ¹
1998 5843 2130 5900 mliti,
2152 5843 2241 5892 sic.
2267 5850 2322 5892 At
2342 5851 2440 5893 Mss.
2457 5881 2468 5901 ,
2489 5843 2581 5896 hic.

1955 5928 1976 5957 ³
1994 5927 2065 5976 sic
2079 5934 2186 5977 Mss.
2214 5937 2266 5978 At
2285 5928 2418 5990 editi,
2439 5929 2530 5980 Sed
2554 5943 2680 5980 cum.

2907 6045 3157 6134 (Sept)
