3996 6476
423 392 535 452 203

428 505 529 563 bus
563 503 674 559 suis
701 499 826 573 quid
852 499 1072 560 evitare,
1113 501 1168 549 et
1208 490 1333 562 quid
1361 499 1611 561 appetere
1651 489 1873 552 debeat;
1903 501 2008 554 quo

427 615 525 670 per
554 597 782 652 liberum
808 591 1086 647 arbitrium
1117 584 1430 640 naturaliter
1461 583 1702 646 insitum,
1731 582 1867 634 viam
1914 580 2010 670 de-

427 668 778 744 inonsuatam
806 677 1141 751 ingrediens,
1179 675 1519 730 continenter
1553 681 1606 726 ct
1649 670 1792 741 jnste
1829 677 1883 724 et
1921 668 2010 738 pie

428 779 662 836 vivendo
696 775 761 830 ad
800 775 1010 830 beatam
1037 767 1385 838 eamdemque
1413 774 1666 821 aiternam
1695 763 1855 818 vitam
1885 776 2010 831 per—

427 873 612 930 venire
639 876 926 925 mereatur.

499 962 723 1019 CAPUT
762 959 849 1014 111.
884 988 957 1000 -
993 958 1046 1014 5.
1092 953 1270 1011 Gratia
1293 971 1409 1009 vera
1437 953 1625 1007 donum
1654 951 1880 1021 Spiritus
1901 965 2012 1004 san-

427 1056 514 1120 cti,
542 1051 642 1125 quo
673 1054 730 1123 ﬁt
759 1053 813 1106 in
839 1051 1008 1104 animo
1037 1047 1302 1103 delectatio
1328 1053 1374 1100 et
1397 1045 1599 1098 dilectio
1621 1043 1756 1096 boni.
1781 1040 1889 1096 Nos
1919 1051 2013 1093 au-

431 1155 536 1204 tem
563 1148 791 1203 dicimus
818 1145 1106 1200 humanam
1131 1141 1460 1196 voluntatem
1489 1139 1566 1192 sic
1591 1135 1843 1190 divinitus
1865 1132 2013 1202 adju-

425 1242 540 1296 vari
565 1241 631 1294 ad
666 1239 962 1295 faciendam
1001 1235 1259 1306 justitiam
1283 1274 1299 1300 ,
1330 1239 1388 1285 ut
1412 1235 1608 1301 praeter
1633 1228 1773 1299 quod
1803 1237 2013 1282 creatus

427 1341 513 1390 est
538 1333 700 1388 homo
735 1345 854 1387 cum
883 1330 1054 1385 libero
1098 1327 1322 1381 arbitrio
1353 1323 1642 1379 voluntatis
1665 1364 1679 1389 ,
1711 1329 2014 1393 praeterque

432 1426 728 1480 doctrinam
767 1437 868 1494 qua
905 1422 956 1477 ei
998 1419 1300 1490 prmcipitur
1335 1411 1784 1489 quemadmodum
1835 1410 2015 1467 vivere

434 1517 644 1582 debeat,
673 1515 894 1585 accipiat
921 1512 1177 1583 Spiritum
1205 1516 1467 1574 sanctum,
1499 1519 1604 1578 quo
1633 1505 1724 1560 ilat
1747 1505 1799 1559 in
1835 1501 2014 1558 animo

434 1609 550 1680 ejus
571 1608 856 1664 delectatio
882 1605 1204 1674 dilectioque
1235 1602 1427 1657 summi
1453 1599 1594 1655 illius
1618 1607 1780 1669 atque
1812 1596 2014 1652 incom-

432 1700 706 1756 mutabilis
736 1699 860 1754 boni
882 1697 1022 1769 quod
1049 1695 1190 1750 Deus
1210 1702 1312 1758 est,
1340 1692 1501 1748 etiam
1526 1703 1667 1746 nunc
1690 1703 1812 1744 cum
1840 1688 2016 1744 adhuc

434 1809 535 1865 per
557 1791 714 1847 ﬁdem
744 1789 1066 1852 ambulatur,
1092 1785 1327 1841 nondum
1360 1797 1454 1855 per
1473 1783 1706 1853 speciem
1729 1780 1797 1853 (ll
1819 1779 1936 1835 Cor.
1960 1795 2014 1848 v,

437 1886 495 1955 7)
527 1903 540 1940 :
571 1892 631 1939 ut
672 1883 773 1938 hac
819 1881 918 1936 sibi
963 1880 1110 1935 velut
1155 1877 1311 1932 arrha
1357 1877 1479 1932 data
1521 1873 1732 1946 gratuiti
1780 1873 2017 1929 muneris
2080 1882 2088 1890 ··

437 1979 738 2034 inardescat
767 1975 1028 2030 inhaerere
1051 1970 1317 2039 Creatori,
1351 1977 1512 2040 atque
1542 1966 1902 2023 inﬂammetur
1930 1979 2020 2023 ac-

437 2071 631 2127 cedere
658 2068 725 2123 ad
755 2065 1212 2137 participationem
1261 2062 1402 2118 illius
1427 2060 1538 2116 veri
1569 2059 1818 2125 luminis;
1862 2065 1920 2114 ut
1952 2073 2016 2114 ex

439 2163 530 2218 illo
556 2163 604 2217 ei
637 2161 774 2216 bene
800 2160 906 2224 sit,
943 2173 972 2212 a
1001 2167 1109 2227 quo
1137 2155 1303 2210 habet
1328 2161 1384 2208 ut
1405 2152 1490 2208 sit.
1521 2151 1650 2207 Nam
1689 2163 1862 2222 neque
1889 2149 2022 2206 libe-

438 2271 558 2312 rum
585 2255 860 2309 arbitrium
890 2251 1176 2322 quidquam
1204 2248 1305 2303 nisi
1336 2246 1401 2302 ad
1431 2244 1758 2316 peccandum
1786 2243 1947 2311 valet,
1975 2242 2020 2298 si

442 2349 604 2403 lateat
637 2345 880 2400 veritatis
912 2342 996 2396 via
1024 2359 1037 2395 :
1067 2350 1122 2396 et
1150 2353 1269 2396 cum
1297 2339 1350 2393 id
1377 2336 1518 2409 quod
1547 2336 1808 2408 agendum
1834 2343 1887 2392 et
1915 2349 2023 2407 quo

441 2438 722 2496 nitendum
749 2445 833 2492 est
857 2435 1082 2505 coeperit
1109 2443 1215 2487 nun
1243 2431 1408 2486 latere
1429 2474 1443 2496 ,
1474 2429 1578 2484 nisi
1604 2432 1764 2484 etiam
1799 2427 2026 2483 delectet

446 2542 501 2588 ct
525 2540 753 2598 ametur,
783 2543 890 2585 non
918 2530 1110 2598 agitur,
1140 2541 1246 2582 non
1269 2524 1573 2594 suscipitur,
1607 2539 1712 2578 non
1743 2522 1878 2578 bene
1902 2520 2027 2576 vivi-

441 2634 550 2680 tur.
592 2623 662 2679 Ut
687 2631 862 2678 autem
901 2617 1152 2690 diligatur
1173 2650 1190 2684 ,
1232 2617 1466 2672 charitas
1509 2615 1602 2670 Dei
1633 2613 1945 2669 dili‘unditur
1974 2615 2025 2666 in

446 2716 698 2772 cordibus
738 2713 971 2779 nostris,
1017 2725 1124 2765 non
1158 2724 1252 2779 per
1296 2707 1572 2763 arbitriUm
1615 2706 1844 2763 liberum
1886 2703 2030 2776 quod

446 2807 617 2879 surgit
645 2821 708 2862 ex
737 2807 912 2872 nobis,
944 2804 1038 2858 sed
1066 2817 1159 2871 per
1179 2802 1434 2872 Spiritum
1463 2807 1709 2856 sanctum
1737 2797 1833 2868 qui
1873 2797 2029 2852 datus

445 2910 526 2958 cst
554 2901 708 2957 nobis
739 2901 913 2972 (Rom.
939 2914 993 2962 v,
1027 2897 1106 2968 5).

517 2994 745 3050 CAPUT
789 2991 1032 3048 lV.--6.
1059 2990 1303 3044 Doctrina
1332 2989 1454 3060 legis
1491 2988 1598 3043 sine
1623 2989 1903 3058 viviﬁcante
1937 2985 2035 3060 spi-

446 3088 569 3152 ritu,
619 3087 787 3140 littera
829 3091 901 3138 est
943 3083 1190 3137 occidens.
1243 3081 1489 3136 Doctrina
1534 3082 1729 3151 quippe
1773 3079 1884 3146 illa,
1931 3094 2035 3150 qua

448 3179 758 3236 mandatum
806 3176 1094 3246 accipimus
1136 3175 1468 3229 continenter
1511 3181 1762 3243 recteque
1799 3171 2032 3241 vivendi,

451 3271 629 3326 littera
656 3277 737 3323 est
761 3268 1031 3330 occidens,
1065 3266 1164 3320 nisi
1195 3266 1331 3318 adsit
1360 3265 1627 3318 viviﬁcans
1657 3263 1896 3333 spiritus.
1926 3263 2033 3319 Ne-

452 3380 558 3436 que
587 3364 728 3420 enim
757 3363 874 3418 solo
907 3361 995 3415 illo
1027 3359 1184 3414 modo
1213 3357 1613 3427 intelligendum
1657 3367 1740 3412 est
1783 3358 1922 3428 quod
1955 3358 2034 3413 le-

454 3458 647 3529 gimus,
676 3456 864 3510 Littera
891 3454 1072 3508 occidit
1091 3495 1104 3518 ,
1138 3452 1343 3523 spiritus
1371 3461 1533 3504 autem
1566 3451 1780 3517 vivificat
1812 3451 1888 3519 (ll
1917 3448 2034 3506 Cor.

452 3566 530 3613 lii,
560 3549 614 3621 6)
637 3566 652 3614 ;
680 3558 737 3601 ut
763 3545 958 3615 aliquid
983 3545 1202 3613 ﬁgurate
1227 3541 1500 3609 scriptum,
1529 3541 1678 3609 cujus
1705 3551 1785 3594 est
1810 3541 2037 3595 absurda

454 3642 776 3714 proprietas,
808 3655 914 3693 non
962 3637 1283 3705 accipiamus
1325 3635 1462 3688 sicut
1499 3633 1673 3688 littera
1721 3643 1893 3697 sonat,
1945 3635 2059 3689 sed

457 3733 598 3788 aliud
628 3730 768 3799 quod
800 3726 1058 3797 signiﬁcat
1085 3727 1350 3780 intuentes
1375 3767 1389 3790 ,
1418 3725 1725 3778 interiorem
1768 3724 2039 3780 hominem

457 3824 717 3895 Spirituali
750 3820 1093 3889 intelligentia
1123 3819 1416 3872 nutriamus
1444 3835 1456 3872 :
1488 3818 1737 3886 quoniam
1769 3833 1945 3887 sapere
1967 3833 2041 3870 se-

459 3921 678 3976 cundum
705 3933 906 3972 carnem
930 3931 1064 3969 mors
1090 3924 1192 3980 cst,
1231 3929 1406 3985 sapere
1433 3923 1597 3966 autem
1621 3914 1895 3967 secundum
1932 3913 2040 3982 spi-

457 4014 614 4067 ritum
649 4011 749 4064 oita
788 4017 834 4061 et
873 4022 973 4078 pas:
1002 4007 1175 4076 (Rom.
1223 4019 1350 4068 vm,
1381 4003 1456 4074 6).
1489 4004 1645 4058 Velut
1679 4005 1721 4057 si
1767 4005 2042 4075 quisquam

459 4107 627 4161 multa
656 4119 772 4174 quae
801 4094 1148 4171 scriptasunt
1176 4100 1228 4153 in
1257 4097 1474 4153 Cantico
1504 4098 1829 4153 canticorum
1855 4113 2044 4152 carna-

461 4199 584 4253 liter
622 4195 863 4267 accipiat,
895 4209 1002 4248 non
1047 4192 1113 4247 ad
1157 4192 1433 4245 luminosa:
1476 4190 1749 4246 charitatis
1796 4191 2041 4258 fructum,

464 4289 557 4344 sed
583 4288 648 4343 ad
677 4287 974 4341 libidinosae
1002 4284 1302 4355 cupiditatis
1331 4281 1600 4338 affectum.
1627 4281 1744 4338 Non
1774 4299 1901 4354 ergo
1930 4283 2046 4339 solo

462 4381 557 4438 illo
581 4379 741 4435 modo
769 4376 1174 4448 intelligendum
1204 4385 1284 4431 est
1311 4375 1452 4445 quod
1483 4375 1556 4430 ait
1586 4377 1872 4445 Apostolus
1895 4418 1910 4442 ,
1938 4374 2048 4430 Lit.

453 4485 572 4527 tera
613 4471 797 4526 occidit
822 4511 837 4536 ,
867 4469 1076 4539 spiritus
1121 4477 1286 4521 autem
1332 4467 1549 4537 viri/ient
1578 4484 1597 4522 :
1623 4467 1716 4523 sed
1744 4469 1904 4522 etiam
1935 4467 2044 4532 illo,

465 4577 636 4633 eoque
664 4561 750 4616 vel
776 4560 1005 4615 maxime
1026 4599 1044 4624 ,
1075 4573 1182 4627 quo
1204 4558 1221 4589 ⁸
1247 4558 1585 4628 apertissime
1611 4558 1716 4612 alio
1748 4558 1866 4612 loco
1897 4558 2046 4627 dicit,

469 4653 940 4724 Concupiscentiam
967 4647 1275 4714 nesciebam,
1320 4649 1419 4702 nisi
1443 4647 1525 4703 lea:
1549 4649 1752 4715 diceret,
1787 4649 1909 4705 Non
1934 4668 2054 4705 con-

469 4743 715 4813 cupisces.
758 4742 824 4796 Et
862 4741 1021 4811 paulo
1065 4749 1184 4810 post
1210 4740 1285 4794 ait
1315 4757 1330 4796 :
1363 4739 1639 4795 Occasione
1683 4752 1888 4812 accepta
1937 4761 2054 4814 pec-

470 4845 639 4887 catum
667 4850 755 4904 per
779 4832 1073 4886 mandatum
1101 4831 1280 4902 fefellit
1302 4849 1398 4897 nte,
1422 4841 1470 4886 et
1489 4851 1578 4904 per
1597 4833 1729 4888 illud
1747 4833 1925 4888 occidit
1943 4833 2048 4905 (Id.

471 4943 567 4992 vn,
602 4927 654 4990 7,
689 4926 802 4995 11).
840 4926 978 4980 Ecce
1005 4924 1128 4994 quid
1157 4933 1273 4992 est,
1307 4924 1498 4980 Littera
1526 4926 1729 4981 occidit.
1774 4927 1841 4982 Et
1876 4929 2055 4998 utique

471 5035 577 5072 non
612 5018 835 5089 ﬁgurate
857 5015 1058 5086 aliquid
1086 5016 1277 5091 dicitur
1295 5017 1340 5085 ¹,
1375 5017 1513 5088 quod
1556 5018 1923 5088 accipiendum
1951 5035 2054 5074 non

473 5111 542 5166 sit
573 5109 862 5166 secundum
895 5107 1084 5164 littera:
1107 5125 1319 5176 sonum,
1342 5126 1462 5164 cum
1494 5109 1704 5176 dicitur,
1733 5109 1856 5164 Non
1875 5127 2060 5164 concu-

475 5204 637 5274 pisces
679 5219 698 5256 :
743 5201 837 5257 sed
867 5202 1262 5272 apertissimum
1306 5201 1816 5274 saluberrimumque
1861 5217 2061 5273 praece-

476 5304 624 5366 ptum
652 5303 763 5361 est,
795 5293 939 5364 quod
982 5293 1027 5347 si
1073 5293 1191 5364 quis
1233 5291 1553 5362 impleverit,
1600 5293 1801 5346 nullum
1847 5293 2061 5349 habebit

477 5388 696 5444 omnino
723 5399 1020 5458 peccatum.
1051 5385 1181 5440 Nam
1204 5385 1308 5440 hoc
1334 5385 1454 5441 ideo
1477 5385 1636 5455 elegit
1666 5386 1950 5455 Apostolus
1965 5402 2059 5456 ge-

478 5481 661 5537 nerale
689 5479 962 5551 quiddam,
989 5493 1094 5549 quo
1121 5485 1311 5534 cuncta
1335 5477 1647 5546 complexus
1674 5487 1775 5541 est,
1810 5487 2061 5549 tanquam

478 5572 597 5629 hsce
640 5582 783 5630 esset
829 5587 932 5625 vox
980 5570 1112 5641 legis
1157 5569 1226 5624 ab
1254 5569 1400 5623 omni
1444 5577 1664 5638 peccato
1710 5570 2061 5642 prohibentis,

543 5711 563 5775 ξ
589 5706 728 5775 incliti,
755 5704 899 5775 quod.
919 5704 1089 5754 Melius
1111 5711 1237 5763 Mss,
1257 5715 1368 5775 quo.
1624 5771 1634 5775 _
1751 5764 1781 5775 η
1854 5763 1864 5775 ,
1887 5766 1898 5775 ι
1925 5705 1930 5710 ’

481 5772 565 5884 w’
589 5764 810 5820 Gallicani
849 5780 1019 5818 omnes
1058 5764 1368 5828 manuscripti
1416 5765 1666 5829 omitttmt,
1713 5764 1898 5831 aliquid
1932 5765 1986 5820 di
2000 5766 2068 5819 ci-

537 5845 580 5883 r.

1345 374 1432 431 DE
1475 369 1738 430 SPlRlTU
1782 370 1868 424 ET
1895 364 2215 434 LITTERA,
2258 363 2316 421 S.
2356 362 2732 421 AUGUSTINI

3591 365 3698 424 206

2116 480 2255 551 quod
2283 481 2355 534 ait
2375 521 2390 547 ,
2422 479 2540 533 Non
2571 481 2924 550 concupisces;
2949 497 3120 553 neque
3146 483 3291 539 enim
3315 479 3476 538 uilum
3502 499 3695 554 pecca-

2119 580 2230 624 tum
2253 571 2354 624 nisi
2375 572 2799 639 concupiscendo
2815 574 3163 627 committitur
3185 594 3199 628 :
3218 575 3441 643 proinde
3455 587 3573 646 qua
3594 576 3697 632 hoc

2068 685 2074 690 -
2121 660 2360 732 praecipit
2381 703 2395 727 ,
2423 661 2558 714 bona
2587 669 2640 715 et
2668 662 2945 716 laudabilis
2976 664 3057 717 lex
3089 672 3190 719 est.
3219 665 3322 720 Sed
3355 666 3441 720 ubi
3485 677 3698 725 sanctus

2117 767 2224 806 non
2265 751 2479 821 adjuvat
2522 748 2770 820 Spiritus,
2824 755 3089 825 inspirans
3131 771 3230 825 pro
3271 759 3699 827 concupiscentia

2113 843 2256 898 mala
2298 845 2775 914 concupiscentiam
2825 847 3051 914 bonam,
3093 848 3196 905 hoc
3239 859 3340 917 est,
3387 853 3700 910 charitatem

2118 933 2422 989 diii'undeus
2475 936 2526 989 in
2573 937 2824 993 cordibus
2875 942 3108 1005 nostris;
3168 943 3403 1011 profecto
3448 947 3537 1000 illa
3593 948 3697 1015 lex,

2119 1027 2362 1097 quamvis
2390 1029 2548 1095 bona,
2572 1039 2727 1100 auget
2749 1032 3088 1096 prohibendo
3114 1035 3434 1092 desiderium
3464 1038 3697 1097 malum:

2081 1149 2090 1154 -
2119 1120 2257 1175 sicut
2276 1135 2426 1192 aquae
2458 1122 2712 1193 impetus,
2743 1125 2788 1178 si
2818 1125 2870 1179 in
2899 1139 3016 1179 eam
3045 1136 3250 1196 partem
3281 1141 3384 1183 non
3416 1140 3589 1186 cesset
3613 1133 3698 1188 ius

2121 1212 2306 1277 ﬂuere,
2337 1213 2703 1269 vehementior
2727 1215 2786 1269 iit
2813 1217 2965 1272 obice
3004 1223 3283 1290 opposito,
3315 1221 3464 1292 cujus
3503 1227 3704 1283 malem

2119 1311 2241 1357 cum
2263 1305 2499 1370 evicerit,
2533 1306 2733 1374 majore
2759 1309 2974 1362 cuinulo
3021 1313 3377 1404 praegipitatus
3415 1314 3700 1372 violentius

2121 1410 2217 1465 per
2249 1409 2414 1466 prona
2449 1398 2794 1467 provolvitur.
2826 1399 3020 1455 Nescio
3044 1398 3156 1472 quo
3183 1401 3328 1458 enim
3369 1405 3548 1473 modo,
3597 1407 3699 1464 hoc

2127 1485 2300 1556 ipsum
2327 1488 2468 1557 quod
2492 1491 2902 1560 concupiscitur,
2932 1491 2991 1546 fit
3010 1493 3293 1562 jucundius
3319 1497 3446 1552 dum
3469 1505 3695 1557 vet‘atu'r.

2120 1577 2190 1632 Et
2212 1578 2314 1632 hoc
2337 1588 2420 1633 est
2445 1579 2586 1650 quod
2610 1580 2743 1636 fallit
2769 1591 3042 1651 peccatum
3063 1597 3158 1654 per
3183 1587 3508 1657 mandatum,
3530 1599 3584 1645 et
3607 1603 3702 1660 per

2119 1668 2250 1724 illud
2277 1669 2651 1737 occidit,cum
2692 1674 2903 1729 accedit
2931 1677 3091 1730 etiam
3138 1680 3539 1748 praevaricatio,
3582 1693 3703 1754 quae

2121 1761 2263 1816 nulla
2293 1767 2375 1816 est
2396 1763 2484 1817 ubi
2513 1762 2595 1818 lex
2613 1775 2719 1819 non
2749 1775 2830 1821 est
2862 1765 3036 1840 (Rern.
3063 1779 3136 1836 rr,
3166 1768 3278 1839 15).

2190 1852 2611 1910 CAPUTV.—-7.
2637 1856 2772 1922 Quid
2788 1857 2869 1914 hic
2883 1861 3214 1917 tractandum.
3231 1861 3338 1920 Sed
3353 1871 3517 1921 totum
3533 1866 3705 1938 ipsum

2124 1947 2430 2016 apostolicae
2450 1947 2686 2017 epistolae
2704 1951 2898 2020 locum,
2929 1953 2973 2008 si
3000 1951 3190 2024 placet,
3207 1955 3630 2026 consideremus,
3650 1965 3706 2015 et

2125 2038 2263 2094 sicut
2285 2039 2539 2096 Dominus
2567 2042 2828 2112 adjuverit
2853 2051 3258 2114 peﬂracteum.
3292 2047 3430 2104 Yol‘o
3455 2049 3598 2105 enim
3615 2090 3631 2115 ,
3657 2049 3706 2106 si

2124 2142 2369 2205 potuero,
2400 2136 2768 2193 demonstrare
2797 2139 2927 2194 illud
2957 2140 3098 2211 quod
3125 2140 3199 2196 ait
3241 2144 3549 2214 Apostolus,
3597 2141 3709 2199 Lit-

2129 2238 2236 2282 tera
2261 2227 2476 2294 occidit,
2507 2231 2718 2300 spiritus
2744 2239 2912 2286 autem
2940 2231 3177 2304 viritim,
3222 2246 3331 2290 non
3369 2231 3438 2291 de
3475 2233 3712 2308 ﬁguratis

2129 2319 2485 2376 locutionibus
2512 2321 2732 2389 dictum,
2758 2325 2999 2394 quamvis
3041 2330 3094 2381 et
3134 2325 3319 2382 illinc"
3359 2337 3714 2400 congruenter

2132 2413 2452 2481 accipiatur;
2475 2414 2570 2469 sed
2596 2416 2773 2484 potius
2800 2415 2868 2472 de
2897 2417 3010 2488 lege
3037 2423 3221 2489 aperte
3245 2419 3386 2491 quod
3414 2419 3616 2476 malum
3631 2426 3715 2478 est

2131 2502 2468 2572 prohibente.
2489 2505 2641 2573 Quod
2658 2521 2778 2562 cum
2800 2509 3100 2576 ostendero,
3122 2510 3361 2580 proiecto
3386 2511 3716 2570 manifestius

2132 2595 2429 2664 apparebit,
2452 2595 2591 2652 bene
2618 2599 2798 2654 vivere
2819 2599 3015 2654 donum
3037 2613 3155 2656 esse
3180 2601 3416 2659 divinum
3441 2621 3456 2660 :
3479 2611 3585 2660 no‘n
3608 2615 3716 2661 tan-

2135 2696 2248 2742 tum
2277 2689 2400 2759 quia
2429 2690 2630 2744 homini
2656 2692 2801 2747 Deus
2831 2693 2979 2748 dedit
3015 2694 3241 2750 liberum
3270 2695 3569 2765 arbitrium,
3598 2700 3718 2756 sine

2135 2795 2242 2850 quo
2268 2795 2369 2836 nec
2393 2782 2534 2837 male
2560 2797 2660 2838 nec
2678 2783 2815 2839 bene
2833 2786 3057 2852 vivitur;
3083 2802 3182 2843 nec
3209 2793 3410 2844 tantum
3440 2793 3558 2862 quia
3580 2805 3718 2861 pras-

2136 2881 2348 2942 ceptum
2393 2873 2580 2942 dedit,
2610 2890 2716 2945 quo
2759 2877 2949 2933 doceat
2975 2880 3422 2951 quemadmodum
3446 2885 3515 2938 sit
3539 2885 3721 2940 viven-

2138 2963 2265 3018 dum
2305 2982 2320 3020 :
2349 2966 2446 3021 sed
2471 2970 2594 3037 quia
2622 2985 2720 3038 per
2744 2969 3000 3040 Spiritum
3031 2981 3270 3028 sanctum
3308 2975 3553 3031 diﬂ'undit
3587 2978 3720 3033 cha-

2138 3056 2348 3111 ritatem
2368 3059 2419 3112 in
2434 3059 2686 3115 cordibus
2714 3073 2900 3116 eorum
2921 3077 3053 3132 quos
3071 3066 3333 3135 pnescivit
3359 3077 3417 3123 ut
3442 3069 3722 3140 praedesti-

2140 3159 2311 3216 naret,
2340 3151 2736 3220 praedestinavit
2757 3162 2814 3209 ut
2836 3165 3071 3224 vocaret,
3088 3161 3298 3215 vocavit
3313 3171 3369 3214 ut
3387 3161 3721 3231 justificaret,

2111 3242 2443 3312 'justiiicavit
2471 3257 2525 3299 ut
2548 3249 2867 3317 gloriiicaret
2895 3249 3007 3318 (Id.
3047 3265 3161 3318 vm,
3201 3245 3293 3316 29,
3341 3254 3454 3326 50).
3486 3255 3598 3310 iloc
3626 3271 3722 3312 au-

2146 3345 2252 3390 tem
2284 3353 2406 3391 cum
2432 3340 2757 3408 apparuerit,
2783 3341 3007 3407 videbis,
3029 3353 3084 3395 ut
3113 3345 3379 3410 existimo,
3401 3343 3591 3400 frustra
3618 3346 3726 3403 dici

2143 3425 2237 3481 illa
2269 3437 2469 3482 tantum
2499 3443 2621 3485 esse
2661 3431 2929 3500 possibilia
2980 3433 3097 3489 sine
3140 3435 3402 3505 esemplo,
3460 3449 3582 3507 qua:
3629 3436 3726 3495 Dei

2113 3517 2116 3585 ί
2145 3539 2305 3596 opera
2336 3535 2492 3590 sunt;
2521 3528 2656 3581 sicut
2675 3528 2743 3582 de
2761 3528 2947 3583 cameli
2972 3531 3194 3583 transitu
3223 3545 3314 3599 per
3335 3529 3574 3587 foramen
3600 3546 3728 3586 acus

2146 3621 2702 3686 commemoravimus,
2737 3627 2791 3673 et
2816 3635 3164 3692 quaecumque
3191 3623 3290 3677 alia
3318 3632 3440 3678 sunt
3465 3624 3604 3694 apud
3629 3637 3728 3680 nos

2146 3709 2495 3778 impossibilia
2520 3751 2534 3775 ,
2567 3711 2705 3779 apud
2735 3712 2901 3765 Deum
2941 3721 3118 3767 autem
3145 3713 3318 3770 facilia
3352 3732 3365 3768 :
3395 3724 3447 3771 et
3473 3716 3594 3771 ideo
3621 3729 3729 3772 non

2147 3801 2290 3855 inter
2319 3802 2432 3856 haec
2465 3801 2748 3856 humanam
2771 3803 3125 3873 deputandum
3154 3819 3271 3861 esse
3292 3807 3566 3878 justitiam,
3588 3807 3730 3878 quod

2129 3908 2256 3973 suun
2273 3893 2338 3948 ad
2356 3894 2469 3958 Dei,
2483 3894 2576 3948 sed
2595 3895 2658 3948 ad
2673 3894 2903 3951 hominis
2917 3911 3048 3967 epus
3066 3901 3328 3968 pertinere
3344 3900 3563 3965 debeat;
3583 3902 3732 3970 cujus

2149 3987 2470 4057 periectio,si
2483 3997 2564 4041 est
2581 3987 2631 4040 in
2648 3988 2744 4042 hac
2758 3989 2856 4047 vita
2875 3990 3156 4058 possihiiis,
3176 3991 3372 4046 nullam
3391 4007 3508 4048 esse
3521 4007 3732 4048 causam

2127 4077 2372 4154 .cursine
2385 4080 2630 4148 exemplo
2645 4091 2763 4179 esdse
2779 4081 3158 4137 credaturJioc
3172 4083 3506 4154 ergol‘rustra
3521 4086 3736 4151 dici,sa-

2153 4171 2219 4225 tis
2234 4171 2608 4235 eiucebit,cum
2625 4171 2859 4241 eii‘psam
2880 4176 3424 4245 lmmauamjnstitiam
3439 4179 3735 4249 operationi

2154 4264 2247 4319 Dei
2275 4264 2607 4320 tribuendam
2638 4279 2756 4322 esse
2785 4268 3070 4337 claruerit,
3103 4273 3343 4340 quamvis
3371 4287 3473 4328 non
3503 4272 3593 4328 ﬁat
3621 4275 3738 4330 sine

2155 4355 2384 4411 hominis
2410 4356 2680 4412 voluntate
2717 4369 2810 4414 :et
2845 4360 2964 4414 ideo
2999 4361 3112 4431 ejus
3137 4360 3528 4432 perfectionem
3573 4365 3736 4420 etiam

2154 4447 2209 4503 in
2227 4448 2326 4504 hac
2341 4449 2446 4504 vita
2467 4465 2586 4504 esse
2612 4451 2934 4520 possibilem,
2958 4465 3150 4523 negare
3172 4469 3274 4508 non
3295 4456 3742 4528 possutnus;quia

2156 4545 2332 4598 omnia
2377 4543 2647 4613 possibilia
2697 4554 2820 4598 sunt
2861 4546 2970 4600 Deo
3001 4545 3190 4619 (Marc.
3221 4559 3280 4614 ι,
3317 4545 3412 4620 27)
3434 4590 3448 4612 ,
3479 4549 3592 4602 sive
3619 4557 3742 4618 quae

2134 4634 2281 4690 .facit
2301 4635 2412 4689 sola
2443 4649 2535 4688 sua
2568 4635 2856 4702 voluntate,
2889 4635 3001 4690 sive
3027 4651 3145 4706 qum
3165 4637 3571 4706 cooperantibus
3591 4649 3746 4695 crea-

2148 4723 2296 4782 turae
2323 4742 2432 4780 sua:
2458 4727 2816 4781 voluntatibus
2842 4742 2872 4781 a
2910 4743 2968 4782 se
3004 4728 3116 4782 ﬁeri
3149 4743 3309 4798 posse
3332 4731 3625 4785 constituit.
3663 4733 3745 4788 Ac

2147 4823 2257 4892 'per
2300 4820 2400 4874 hoc
2421 4819 2675 4890 quidquid
2703 4837 2886 4874 eorum
2915 4837 3022 4876 non
3064 4823 3215 4888 facit,
3244 4823 3360 4878 sine
3389 4824 3635 4894 exemplo
3659 4833 3746 4881 est

2161 4915 2373 4986 quidem
2412 4920 2465 4968 in
2493 4915 2746 4984 operibus
2766 4913 2951 4978 factis;
2977 4914 3070 4969 sed
3099 4916 3234 4986 apud
3265 4917 3430 4973 Deum
3468 4927 3523 4974 et
3547 4919 3598 4972 in
3623 4918 3746 4989 ejus

2163 5008 2360 5062 virtute
2393 5007 2546 5062 habet
2572 5021 2786 5061 causam
2812 5023 2915 5078 qua
2945 5005 3061 5062 ﬁeri
3101 5008 3302 5079 possit,
3335 5019 3391 5065 et
3426 5009 3478 5064 in
3513 5009 3629 5079 ejus
3654 5026 3746 5065 sa-

2165 5099 2364 5168 pientia
2393 5115 2560 5170 quare
2590 5115 2693 5154 non
2727 5098 2922 5154 factum
2954 5102 3021 5153 sit
3046 5117 3060 5154 :
3089 5116 3208 5171 qua:
3244 5112 3402 5155 causa
3426 5102 3634 5156 etiamsi
3661 5101 3748 5156 lav-

2165 5201 2275 5249 teat
2294 5193 2586 5261 hominem,
2612 5209 2718 5249 non
2743 5209 2799 5248 se
2820 5194 3162 5249 obliviscatur
3185 5210 3305 5251 esse
3331 5194 3624 5263 hominem,
3644 5211 3752 5254 nec

2167 5298 2444 5362 propterea
2478 5290 2584 5344 Deo
2612 5287 2702 5344 det
2730 5288 3118 5358 insipientiam,
3147 5288 3269 5358 quia
3298 5304 3405 5344 non
3429 5289 3756 5361 plene-capit

2169 5382 2284 5453 ejus
2310 5381 2641 5452 sapientiam.

2241 5473 2294 5527 8.
2330 5470 2559 5526 Attende
2587 5470 2746 5540 igitur
2771 5469 3085 5540 Apostolum
3109 5469 3174 5524 ad
3198 5472 3466 5526 Romanos
3485 5474 3759 5543 eXplican-

2151 5571 2301 5643 tem,
2332 5563 2566 5633 satisque
2599 5571 2985 5618 monstrantem
3015 5562 3157 5633 quod
3187 5562 3404 5634 scripsit
3443 5565 3511 5620 ad
3557 5564 3757 5623 Corin-

2201 5835 2220 5879 ι
2237 5766 2413 5878 ξιῗῖἰᾶιί,
2430 5772 2476 5817 et
2490 5761 2609 5817 illic.
2623 5766 2993 5829 Cygirauaeusis
3006 5772 3110 5828 Ms.,
3127 5771 3173 5818 et
3194 5764 3285 5818 sic.
3301 5765 3388 5817 Alii
3401 5773 3605 5831 quatuor
3617 5773 3738 5820 In.

2241 5843 2258 5878 ι
2295 5843 2309 5877 1
2368 5863 2378 5875 .

2173 5843 2220 5880 ει
2241 5843 2360 5878 utua
2368 5863 2378 5875 .
