3996 6512
387 417 454 428 ἢ...

129 611 274 676 thios,
300 605 494 664 Littetu
519 603 734 674 occidit,
766 601 974 678 spir'lnrs
996 610 1164 659 autem
1188 603 1427 673 vrvipcat,
1455 599 1534 657 sic
1550 601 1721 668 magis

131 699 511 772 recipiendum,
525 697 984 769 quemadmodum
997 709 1156 767 supra
1174 694 1404 750 diximus
1424 710 1439 760 ;
1468 695 1718 764 quoniam

132 795 239 867 legis
271 793 457 848 littera
495 806 620 863 qua:
667 789 832 874 docet
876 803 981 845 non
1020 803 1142 844 esse
1165 786 1513 858 peccandum,
1536 784 1582 840 si
1607 783 1718 855 spi-

131 892 240 947 ritus
271 885 563 943 vivilicans
608 885 773 952 desit,
802 883 996 940 occidit
1027 901 1042 938 :
1070 882 1194 938 sciri
1236 882 1379 939 enim
1420 879 1546 936 facit
1592 895 1719 952 pec-

132 990 287 1039 catum
321 980 500 1050 potius
530 992 690 1049 quam
714 977 916 1044 caveri,
939 985 991 1032 et
1013 974 1132 1031 ideo
1161 975 1330 1045 magis
1355 974 1533 1044 augeri
1559 987 1718 1044 quam

135 1073 306 1140 minui,
336 1073 465 1144 quia
502 1073 661 1126 mala:
688 1068 1134 1142 concupiscentia:
1158 1068 1320 1125 etiam
1351 1065 1719 1140 praevaricatio

135 1167 238 1239 legis
289 1165 530 1221 accedit.

186 1259 415 1315 CAPUT
455 1256 548 1312 V1.
567 1256 710 1314 —9.
741 1253 1062 1310 Abundantia
1080 1251 1253 1308 delicti
1279 1269 1369 1326 per
1389 1250 1566 1323 legem.
1605 1249 1718 1307 Vo-

138 1353 222 1406 leus
245 1365 386 1420 ergo
416 1347 714 1418 Apostolus
746 1345 1124 1420 commendare
1152 1346 1378 1418 gratiam
1399 1387 1416 1414 ,
1455 1361 1574 1418 (ποτε
1623 1360 1719 1416 per

139 1446 292 1502 iam
320 1417 605 1498 Chrismm
644 1417 894 1497 omnibus
929 1417 1170 1512 gentibus
1215 1441 1394 1506 venit,
1436 1417 1504 1497 ne
1547 1439 1716 1495 Judaei

141 1537 368 1592 adversus
378 1541 616 1590 caeteras
633 1540 820 1606 gentes
835 1531 902 1589 de
925 1542 1138 1603 accepta
1161 1531 1276 1604 lege
1291 1546 1350 1587 se
1361 1533 1680 1588 extollerent
1698 1547 1714 1599 ;

143 1639 468 1701 posteaquam
505 1625 644 1681 dixit
673 1636 950 1697 peccatum
977 1633 1032 1682 et
1057 1635 1285 1681 mortem
1313 1640 1406 1697 per
1429 1640 1595 1680 unum
1621 1623 1718 1679 bo-

144 1724 307 1778 ninem
335 1722 582 1776 intrasse
608 1719 662 1774 in
689 1733 860 1789 genus
883 1717 1194 1786 humanum,
1221 1727 1275 1774 et
1299 1733 1398 1790 per
1420 1733 1584 1773 unum
1614 1716 1716 1772 ho-

145 1816 304 1870 minem
319 1811 598 1883 justitiam
625 1819 682 1866 et
695 1811 858 1864 vitam
887 1816 1162 1876 aeternam,
1184 1808 1331 1864 illum
1361 1805 1716 1874 Adam,'bunc

147 1907 379 1963 (bustum
422 1903 768 1976 apertissime
792 1903 1096 1968 insinuans,
1128 1901 1202 1956 ait
1231 1919 1244 1956 :
1274 1900 1383 1956 Lex
1403 1911 1571 1956 autem
1594 1901 1718 1955 sub-

145 2003 309 2056 istrarit
333 2009 394 2054 ut
414 1997 704 2053 abundaret
732 1993 1004 2062 delictum;
1033 1993 1120 2049 ubi
1143 2002 1308 2048 autem
1327 1991 1602 2048 abundavit
1627 1993 1718 2048 de-

145 2096 315 2158 lictum,
353 2087 796 2162 superabundavit
843 2085 1057 2158 gratia:
1084 2093 1139 2140 ut
1166 2084 1590 2159 quemadmodum
1633 2101 1716 2139 re-

144 2187 280 2255 gnavit
319 2190 593 2254 peceatum
627 2181 685 2235 in
722 2186 936 2233 mortem
954 2177 994 2245 ί,
1026 2177 1100 2233 sic
1139 2186 1188 2231 et
1224 2176 1390 2248 gratia
1427 2183 1599 2247 regnet
1627 2189 1718 2245 per

143 2281 356 2351 Mum
379 2278 437 2331 in
462 2277 622 2330 vitam
649 2282 890 2330 cternam
915 2287 1005 2342 per
1037 2267 1216 2326 Iesum
1241 2268 1495 2325 Christum
1534 2265 1716 2323 Domi-

143 2391 239 2427 ιιιι
262 2381 517 2426 nostrum.
551 2366 762 2424 Deinde
788 2380 1064 2438 apponens
1089 2363 1187 2420 sibi
1203 2363 1317 2435 ipse
1340 2362 1714 2435 quaestionem,

145 2464 260 2529 Quid
274 2479 395 2536 ergo
423 2461 674 2528 dicemus,
719 2457 929 2530 inquit?
964 2454 1378 2512 Permanebimus
1403 2455 1457 2510 in
1483 2464 1710 2527 peccato,

142 2565 185 2610 st
199 2558 362 2629 gratia
387 2553 657 2609 abundet!
692 2547 854 2607 Absit.
885 2547 1029 2605 Vidit
1051 2549 1194 2604 enim
1229 2561 1261 2603 a
1303 2545 1570 2618 perversis
1598 2562 1720 2618 per-

141 2663 269 2704 verse
311 2658 481 2720 posse
529 2642 696 2717 accipi
738 2640 883 2714 quod
919 2639 1148 2708 dixerat,
1177 2637 1288 2694 Lex
1323 2638 1624 2694 subintravit
1665 2644 1722 2692 ut

135 2738 415 2794 abundaret
444 2737 706 2800 delum;
732 2733 818 2790 ubi
844 2742 1013 2788 autem
1037 2731 1312 2787 abundavit
1339 2731 1599 2798 delictum,
1627 2746 1719 2785 su-

136 2826 504 2899 perabundavit
519 2826 676 2901 gratia
697 2827 727 2860 ³
752 2842 768 2880 :
797 2835 1049 2897 tanquam
1078 2823 1306 2890 dixerit,
1335 2831 1517 2894 proter
1543 2822 1717 2878 abun-

137 2922 360 2981 dantiam
383 2919 573 2992 gratiae
592 2918 850 2991 prodesse
877 2925 1179 2989 peccatum.
1221 2916 1336 2973 Hoc
1371 2917 1598 2986 diluens,
1631 2932 1720 2975 re-

139 3015 354 3086 spondit,
413 3011 564 3069 Absit
595 3029 620 3070 :
655 3021 816 3084 atque
867 3010 1114 3082 subjecit,
1162 3009 1264 3078 Qui
1303 3012 1490 3066 mortui
1536 3027 1712 3066 sumus

141 3117 356 3179 parum,
403 3103 665 3178 quomodo
711 3105 933 3160 vivemus
975 3105 1030 3159 in
1072 3104 1176 3159 eo.’
1203 3102 1317 3159 lloc
1345 3111 1449 3171 est,
1494 3118 1617 3160 cum
1664 3103 1718 3160 id

143 3199 432 3270 [nstiterit
454 3199 651 3271 gratia,
678 3207 740 3254 ut
766 3212 1101 3255 moraremur
1125 3207 1345 3270 peccato
1365 3240 1380 3264 ,
1409 3198 1538 3270 quid
1575 3197 1720 3255 aliud

142 3291 404 3360 iacimus,
438 3292 486 3348 si
530 3289 778 3347 vivemus
804 3291 858 3347 in
883 3307 978 3358 eo,
1007 3290 1112 3346 nisi
1152 3302 1209 3346 ut
1233 3290 1419 3363 gratiae
1446 3290 1616 3345 simus
1640 3289 1723 3344 in-

143 3383 293 3455 grati?
314 3383 506 3457 Neque
534 3385 681 3441 enirn
709 3385 798 3456 qui
829 3383 1010 3440 laudat
1049 3383 1369 3440 beneﬁcium
1398 3382 1680 3439 medicina:
1702 3423 1719 3451 ,

142 3477 373 3548 Messe
397 3479 626 3533 morbos
651 3475 781 3532 dicit
804 3485 860 3532 et
881 3475 1122 3545 vulnera,
1155 3492 1185 3531 a
1210 3475 1404 3548 quibus
1424 3475 1514 3531 illa
1542 3473 1722 3531 homi-

142 3585 245 3626 nem
276 3581 436 3628 sanat
467 3588 484 3625 :
515 3569 613 3626 sed
642 3579 841 3641 quanto
867 3569 1159 3640 majoribus
1183 3569 1448 3625 medicina
1477 3568 1724 3626 laudibus

143 3662 466 3733 praedicatur,
519 3671 675 3718 tanto
712 3662 882 3734 magis
925 3663 1293 3732 vituperantur
1335 3669 1389 3718 et
1436 3660 1725 3717 horreutur

142 3755 337 3811 tamen
360 3762 424 3812 et
451 3755 652 3820 morbi,
679 3769 710 3809 a
741 3754 932 3825 quibus
972 3754 1162 3810 liberat
1196 3769 1316 3826 quae
1354 3753 1426 3809 ita
1456 3752 1722 3808 laudatur.

142 3846 215 3904 Sic
235 3848 348 3904 bus
375 3857 438 3904 et
463 3846 782 3919 praedicatio
811 3847 997 3920 gratiae
1025 3847 1347 3920 vituperatio
1375 3855 1428 3902 et
1454 3845 1725 3901 damnatio

140 3949 213 3996 est
249 3942 598 3998 delictorum.
651 3940 1069 3996 Demonstranda
1114 3941 1256 3996 enim
1299 3939 1474 3995 fuerat
1524 3939 1726 3995 homini

140 4032 330 4090 itntlitas
371 4034 658 4106 languoris
683 4033 823 4105 ejus,
863 4034 949 4090 cui
979 4042 1166 4090 contra
1196 4033 1530 4105 iniquitatem
1573 4049 1726 4088 suam

137 4141 223 4182 nec
249 4137 588 4200 praeceptum
613 4136 858 4183 sanctum
883 4137 932 4183 et
955 4128 1153 4184 bonum
1181 4127 1399 4199 profuit,
1423 4144 1531 4200 quo
1560 4130 1728 4201 magis

138 4229 274 4275 aucta
301 4231 388 4278 est
430 4219 689 4291 iniquitas
715 4235 874 4292 quam
903 4221 1141 4288 minuta;
1173 4221 1601 4293 quandoquidem
1643 4201 1730 4278 Ιθῖ

137 4312 469 4378 nbintravit,
499 4321 563 4367 ut
587 4311 882 4368 abundaret
913 4313 1205 4382 delictum;
1236 4323 1292 4369 ut
1316 4330 1382 4370 eo
1411 4315 1570 4370 modo
1595 4331 1730 4371 con-

135 4405 292 4461 victus
316 4417 486 4477 atque
511 4407 771 4462 confusus
793 4449 809 4473 ,
843 4407 1050 4463 videret
1085 4423 1192 4463 non
1224 4419 1428 4463 tantum
1454 4409 1728 4464 doctorem

133 4498 221 4554 sibi
245 4514 370 4555 esse
399 4500 790 4566 necessarium,
816 4515 1002 4555 verum
1030 4501 1189 4556 etiam
1214 4500 1510 4572 adjutorem
1536 4501 1728 4570 Deum,

134 4601 158 4639 a
180 4605 283 4658 quo
312 4592 440 4661 ejus
470 4590 664 4644 itinera
691 4591 1010 4670 dirigantur,
1039 4608 1107 4648 ne
1125 4592 1440 4648 dominetur
1473 4593 1520 4648 ei
1555 4594 1731 4650 omnis

133 4684 376 4756 iniquitas
408 4682 590 4757 (Psal.
621 4699 805 4753 cxvm,
835 4686 983 4759 £53),
1017 4696 1070 4742 et
1100 4686 1456 4759 confugiendo
1479 4687 1545 4742 ad
1572 4703 1731 4761 opem

131 4775 316 4834 divine
342 4777 744 4833 misericordia:
772 4790 1027 4836 sanetur:
1056 4789 1216 4852 atque
1239 4781 1308 4836 ita
1331 4782 1420 4836 ubi
1442 4781 1733 4839 abundavit

127 4866 402 4935 delictum,
436 4871 841 4943 superabundet
867 4872 1060 4946 gratia,
1088 4889 1197 4930 non
1214 4875 1487 4946 peccantis
1511 4875 1730 4945 merito,

125 4960 207 5014 sed
229 4961 625 5018 subvenientis
648 4962 872 5018 auxilio.

184 5053 276 5110 10.
320 5055 746 5125 Consequenter
773 5055 1018 5114 eamdem
1055 5057 1374 5114 medicinam
1401 5059 1457 5114 in
1486 5059 1734 5131 passione

119 5153 166 5198 et
185 5145 611 5202 resurrectione
637 5145 834 5204 Christi
862 5150 1086 5221 mystice
1110 5151 1526 5209 demonstratam
1552 5164 1732 5212 osten-

115 5238 184 5296 dit
210 5242 552 5314 Apostolus,
574 5242 758 5299 dicens
779 5260 796 5301 :
819 5244 899 5298 An
918 5245 1163 5317 ignoratis
1182 5247 1419 5318 quoniam
1437 5247 1739 5321 quicumque

117 5335 368 5404 bsptizati
399 5350 586 5389 sumus
610 5335 665 5388 in
704 5334 903 5391 Christo
939 5334 1096 5402 Jesu,
1124 5337 1180 5391 in
1207 5347 1366 5394 morte
1390 5340 1548 5414 ipsius
1572 5340 1739 5412 bapti-

112 5429 209 5482 αιιί
230 5444 438 5483 sumus
456 5426 483 5480 .7
521 5424 816 5496 Consepulti
855 5445 974 5501 ergo
1006 5446 1178 5485 sumus
1200 5431 1277 5485 illi
1304 5448 1392 5504 per
1417 5430 1738 5504 Baptismuut

113 5520 160 5573 in
187 5531 433 5576 mortem
456 5557 473 5585 ,
506 5527 559 5572 ut
583 5521 1011 5592 quemadmodum
1047 5524 1263 5579 surrexit
1293 5523 1520 5580 Christus
1543 5543 1575 5579 a
1601 5542 1736 5582 mor-

112 5615 210 5671 aris
232 5633 342 5686 per
368 5613 600 5688 gloriam
628 5613 827 5683 Patris,
865 5615 940 5671 ita
975 5626 1022 5672 et
1049 5635 1140 5673 nos
1167 5618 1221 5673 in
1246 5621 1464 5675 novitate
1489 5622 1605 5676 vita:
1631 5637 1743 5676 am-

113 5707 386 5764 bulemus.
418 5707 486 5761 Si
509 5709 642 5763 enim
665 5708 997 5780 complantati
1013 5711 1202 5782 fuimus
1226 5711 1547 5768 similitudini
1568 5716 1743 5770 mortis

170 5934 193 6003 ξ
215 5930 476 6003 Quicum
509 5943 685 6003 omnes
717 5932 1031 6003 manuscripti
1063 5935 1324 6000 omittunt,
1363 5937 1414 5989 tn
1446 5942 1661 5992 mortem.

172 5997 196 6030 ⁸
215 6002 388 6056 nam,
411 5992 840 6058 superabtmdaret
855 5992 1026 6057 gratia.

1549 477 1761 539 LIBER
1799 469 2001 539 UNUS.

1827 600 1957 667 ejus,
1981 602 2073 656 sed
2102 613 2149 658 et
2172 605 2191 637 ¹
2232 609 2608 663 resurrectionis
2653 610 2875 668 erimus:
2906 610 3003 668 hoc
3025 612 3268 682 scientes,
3296 615 3416 686 quia

1825 702 1963 747 vetus
1992 694 2140 750 homo
2162 706 2330 753 noster
2348 699 2500 754 simul
2518 703 2792 772 cruciﬁxus
2816 714 2910 772 est,
2932 714 2987 759 ut
3005 717 3273 761 evacuetur
3291 724 3415 762 cor-

1827 801 1921 856 pus
1951 789 2195 856 peccati’,
2224 801 2277 844 ut
2305 789 2440 846 ultra
2466 811 2569 848 non
2596 796 2869 851 serviamus
2893 808 3116 868 peccato.
3145 799 3248 867 Qui
3278 801 3414 855 enim

1824 886 2050 932 mortuus
2078 889 2170 948 est,
2187 881 2499 951 justi/icatus
2524 894 2595 939 est
2618 902 2650 938 a
2676 898 2898 953 peccato.
2937 888 2997 944 Si
3019 901 3190 944 autem
3228 893 3417 948 mortui

1823 985 2000 1025 sumus
2025 988 2137 1026 cum
2180 971 2409 1042 Christo,
2443 979 2692 1034 credimus
2732 982 2852 1052 quia
2882 982 3033 1037 simul
3056 985 3271 1039 vivemus
3299 1002 3412 1040 cum

1823 1061 1956 1128 illo;
1989 1066 2195 1120 scientes
2220 1069 2340 1138 quia
2369 1067 2598 1125 Christus
2629 1089 2840 1144 surgens
2875 1090 2909 1128 a
2941 1079 3152 1130 mortuis
3171 1078 3286 1148 jam
3313 1096 3415 1135 non

1823 1157 2058 1226 moritur,
2087 1169 2133 1212 et
2149 1177 2283 1215 mors
2313 1163 2360 1216 ei
2385 1163 2520 1217 ultra
2549 1181 2650 1220 non
2676 1165 3015 1221 dominabitur
3035 1167 3076 1221 ³.
3107 1170 3256 1234 Quod
3283 1172 3417 1224 enim

1822 1259 2048 1304 mortuus
2067 1263 2141 1306 est
2161 1265 2383 1324 peccato,
2416 1265 2642 1312 mortuus
2666 1267 2738 1312 est
2764 1259 2922 1314 semel
2943 1275 2963 1315 :
2992 1261 3130 1331 quod
3153 1269 3318 1315 autem
3343 1262 3417 1316 vi-

1823 1341 1911 1410 vit,
1936 1344 2052 1397 vivit
2070 1343 2194 1399 Deo.
2219 1344 2304 1400 Ita
2333 1356 2379 1402 et
2407 1365 2493 1403 vos
2515 1351 2793 1407 existimate
2821 1367 2905 1407 vos
2931 1365 3153 1408 mortuos
3173 1371 3280 1409 esse
3301 1372 3419 1427 pec-

1823 1443 1935 1488 cato
1959 1478 1974 1502 ,
2016 1437 2175 1491 vivere
2215 1447 2382 1494 autem
2408 1439 2515 1494 Deo
2543 1443 2597 1496 in
2643 1441 2842 1498 Christo
2870 1443 2996 1500 Iesu
3028 1446 3202 1521 (Rom.
3231 1464 3286 1516 v,
3315 1447 3416 1504 20·

1823 1540 1900 1592 Vl,
1931 1528 2040 1600 ll).
2062 1528 2262 1601 Nempe
2285 1533 2415 1588 satis
2431 1533 2605 1590 elucet
2631 1537 2886 1606 mysterio
2913 1538 3201 1595 Dominicae
3227 1541 3417 1597 mortis

1821 1626 1878 1673 et
1901 1622 2309 1678 resurrectionis
2338 1621 2620 1695 ﬁguratum
2655 1627 2779 1683 vita:
2806 1637 3002 1685 nostra:
3030 1632 3225 1686 veteris
3253 1648 3414 1690 occa-

1821 1724 1961 1778 sum,
1994 1720 2050 1768 et
2085 1725 2334 1771 exortum
2362 1731 2537 1783 novae,
2571 1717 3099 1794 demonstratamquc
3125 1723 3415 1795 iniquitatis

1821 1803 2169 1862 abolitionem
2215 1810 2726 1882 renovationemque
2763 1811 3004 1882 justitim.
3052 1800 3207 1870 Unde
3253 1814 3417 1886 igitur

1821 1896 1925 1952 hoc
1955 1907 2160 1954 tantum
2188 1899 2505 1957 beneﬁcium
2550 1901 2755 1958 homini
2796 1917 2893 1975 per
2937 1903 3170 1961 litteram
3209 1904 3342 1977 legis
3370 1910 3415 1976 ⁸,

1820 1989 1924 2044 nisi
1954 2006 2048 2060 per
2069 1989 2227 2046 ﬁdem
2257 1991 2384 2050 Jesu
2409 1993 2648 2049 Christi?

1891 2080 2122 2139 CAPUT
2163 2083 2274 2140 γιι.
2301 2115 2374 2126 —
2401 2085 2488 2141 il.
2516 2084 2663 2140 Bona
2695 2103 2850 2160 opera
2888 2105 2951 2144 ex
2986 2106 3084 2160 quo
3117 2090 3257 2160 [ante
3300 2106 3416 2144 ma-

1821 2183 1960 2229 nent.
1990 2174 2120 2232 Ιίωο
2147 2177 2398 2249 cogitatio
2430 2188 2612 2234 sancta
2641 2189 2820 2236 servat
2856 2179 2994 2236 ﬁlios
3021 2181 3294 2237 hominum
3314 2223 3330 2250 ,
3361 2182 3416 2237 in

1822 2264 2154 2338 protectione
2179 2269 2386 2325 alarum
2425 2270 2521 2326 Dei
2555 2284 2856 2343 Sperantes,
2889 2282 2949 2329 ut
2982 2275 3316 2331 inebrientur
3346 2276 3414 2331 ab

1823 2345 2066 2417 ubertate
2093 2362 2283 2420 domus
2303 2363 2442 2435 ejus,
2484 2373 2540 2420 et
2565 2371 2806 2424 torrente
2842 2367 3127 2439 voluptatis
3153 2368 3270 2440 ejus
3310 2383 3412 2440 po-

1822 2459 2004 2510 tentur
2024 2454 2046 2487 '
2073 2472 2088 2509 :
2117 2457 2367 2527 quoniam
2392 2457 2534 2528 apud
2557 2459 2727 2530 ipsum
2754 2469 2840 2516 est
2862 2459 2984 2516 fons
3010 2461 3154 2530 vitae,
3180 2470 3235 2517 et
3259 2461 3314 2516 in
3333 2460 3417 2516 lu-

1822 2546 1967 2602 mine
1994 2547 2110 2619 ejus
2153 2548 2452 2606 videbimus
2494 2550 2710 2619 lumen;
2741 2553 2830 2624 qui
2874 2553 3161 2624 przetendit
3203 2554 3416 2609 miseri-

1823 2638 2058 2694 cordiam
2083 2655 2235 2696 suam
2262 2641 2558 2698 scientibus
2585 2659 2708 2698 eum
2729 2683 2746 2712 ,
2771 2652 2830 2700 et
2864 2645 3123 2715 justitiam
3167 2660 3318 2702 suam
3349 2645 3418 2701 iis

1823 2730 1914 2801 qui
1960 2740 2108 2788 recto
2149 2742 2274 2788 sunt
2311 2733 2494 2792 corde.
2536 2734 2720 2808 Neque
2749 2736 2895 2794 enim
2921 2737 3044 2808 quia
3073 2737 3249 2792 sciunt
3268 2779 3286 2806 ,
3315 2738 3414 2794 sed

1823 2824 1987 2880 etiam
2017 2834 2074 2880 ut
2101 2815 2272 2882 sciant
2300 2842 2446 2897 eum,
2473 2829 2756 2900 praetendit
2779 2828 3199 2886 misericordiam
3228 2845 3414 2888 suam:

1824 2931 1926 2972 nec
1952 2918 2075 2988 quia
2105 2919 2239 2974 recti
2277 2930 2401 2976 sunt
2447 2921 2610 2977 corde
2632 2962 2648 2988 ,
2698 2921 2793 2978 sed
2833 2923 2994 2979 etiam
3038 2932 3099 2979 ut
3134 2925 3267 2982 recti
3308 2925 3419 2982 sint

1824 3007 2019 3077 corde,
2047 3011 2331 3080 praetendit
2367 3011 2627 3084 justitiam
2669 3029 2851 3082 suam,
2889 3030 2992 3088 qua
3032 3015 3291 3086 justiticat
3317 3015 3420 3072 im-

1825 3102 1970 3173 pium
2001 3101 2113 3176 (Id.
2144 3118 2216 3170 tv,
2246 3102 2325 3175 5).
2354 3103 2480 3160 llaec
2520 3106 2772 3178 cogitatio
2799 3122 2907 3163 non
2945 3107 3102 3165 eil'ert
3143 3108 3198 3164 in
3226 3125 3419 3183 super-

1825 3193 1968 3249 biam
1986 3194 2041 3262 ⁶;
2069 3195 2213 3266 quod
2251 3197 2438 3252 vitium
2463 3197 2635 3254 oritur
2631 3240 2664 3272 ρ
2693 3215 2816 3255 cum
2847 3201 2946 3256 sibi
2974 3202 3201 3274 quisque
3237 3205 3420 3275 praeli-

1826 3285 1924 3353 dit,
1951 3302 2117 3360 seque
2147 3289 2247 3344 sibi
2285 3289 2352 3344 ad
2382 3290 2670 3347 vivendum
2708 3303 2870 3363 caput
2913 3292 3059 3350 facit.
3099 3295 3217 3365 Quo
3267 3304 3420 3354 motu

1827 3380 2097 3436 receditur
2123 3378 2192 3434 ab
2215 3380 2309 3436 illo
2333 3379 2481 3438 fonte
2505 3383 2648 3451 vitm,
2674 3383 2829 3454 cujus
2854 3384 3019 3441 solius
3049 3387 3240 3442 haustu
3261 3387 3418 3460 justi-

1826 3471 1901 3527 tia
1929 3470 2149 3541 bibitur,
2185 3471 2324 3527 bona
2366 3473 2571 3530 scilicet
2598 3473 2739 3544 vita;
2771 3475 2920 3532 etab
2948 3476 3039 3532 illo
3064 3477 3421 3534 incommuta-

1826 3562 1921 3619 bili
1941 3563 2163 3635 lumine,
2181 3565 2335 3638 cujus
2353 3567 2758 3639 participatione
2785 3568 2962 3624 anima
2991 3569 3268 3627 rationalis
3286 3586 3421 3641 quo-

1828 3655 1952 3711 dam
2007 3657 2168 3713 modo
2219 3660 2531 3715 accenditur
2594 3668 2652 3716 ut
2702 3661 2773 3716 sit
2829 3661 2990 3716 etiam
3043 3661 3158 3733 ipsa
3223 3663 3422 3718 iactum

1829 3757 2174 3821 creatumquc
2201 3750 2380 3806 lumen
2405 3769 2418 3805 :
2447 3751 2584 3807 sicut
2608 3761 2721 3807 erat
2747 3751 2979 3808 Joannes
3007 3751 3212 3807 lucerna
3237 3753 3422 3809 ardens

1829 3849 1877 3894 et
1903 3841 2074 3897 lucens
2101 3841 2280 3915 (Joan.
2314 3858 2370 3908 v,
2404 3842 2530 3918 35);
2553 3845 2643 3915 qui
2676 3852 2852 3901 tamen
2880 3845 3426 3918 undeluceretagno-

1830 3949 2006 4003 scens,
2027 3931 2160 4003 Nos,
2179 3933 2370 4009 inquit,
2389 3938 2452 3992 de
2469 3937 2782 4009 plenitudine
2793 3939 2902 4012 ejus
2913 3938 3198 4009 accepimus
3215 3955 3234 3992 :
3249 3938 3424 4010 cujus,

1832 4032 1936 4086 nisi
1964 4029 2108 4086 illius
2134 4028 2313 4100 utique
2351 4029 2407 4084 in
2449 4029 2602 4100 cujus
2627 4031 3024 4101 comparatione
3051 4029 3287 4086 Joannes
3315 4047 3424 4089 non

1832 4132 1949 4180 erat
1964 4121 2184 4178 lumen?
2205 4121 2341 4177 Illud
2360 4122 2502 4178 enim
2519 4132 2625 4178 erat
2646 4139 2818 4177 verum
2833 4124 3002 4178 lumen
3020 4123 3156 4196 quod
3170 4125 3427 4180 illuminat

1833 4233 2034 4272 omnem
2059 4217 2314 4272 hominem
2338 4217 2609 4271 venientem
2637 4217 2690 4271 in
2711 4217 2846 4271 hunc
2865 4218 3111 4274 mundum
3138 4217 3247 4290 (Id.
3272 4234 3308 4285 ι,
3334 4218 3424 4286 16,

1835 4306 1912 4380 9).
1933 4307 2167 4364 Proinde
2191 4323 2314 4362 cum
2343 4307 2573 4363 dixisset
2599 4308 2651 4362 in
2677 4309 2866 4364 eodem
2896 4309 3123 4378 psalmo,
3154 4309 3426 4365 Pt'wtende

1834 4399 2232 4455 misericordiam
2260 4409 2398 4452 tuam
2435 4399 2706 4453 scientibus
2731 4407 2800 4468 te,
2823 4408 2870 4454 et
2893 4401 3150 4470 justitiam
3181 4411 3321 4456 tuam
3345 4402 3426 4456 his

1833 4491 1920 4564 qui
1947 4499 2082 4544 recto
2105 4497 2222 4544 sunt
2253 4489 2442 4544 corde:
2469 4487 2590 4544 Non
2619 4490 2814 4560 veniat,
2850 4491 3038 4562 inquit,
3071 4491 3196 4547 mihi
3224 4509 3311 4565 pes
3333 4509 3426 4550 su-

1835 4583 2041 4657 perbiae,
2088 4590 2135 4636 et
2158 4597 2341 4636 manus
2366 4591 2689 4655 peccatorum
2717 4599 2820 4637 non
2845 4593 3037 4638 moveat
3061 4585 3081 4617 ⁷
3100 4602 3178 4640 me
3204 4602 3218 4638 :
3242 4586 3313 4640 ibi
3340 4603 3426 4642 ce-

1835 4676 2062 4732 ciderunt
2081 4692 2252 4732 omnes
2270 4676 2360 4749 qui
2388 4687 2665 4748 operantur
2682 4677 3030 4747 iniquitatem;
3057 4677 3258 4749 expulsi
3278 4687 3423 4749 sunt,

1836 4784 1928 4823 nec
1973 4777 2244 4841 potuerunt
2279 4780 2416 4825 stare
2459 4753 2634 4840 (Psal.
2664 4784 2838 4836 xxxv,
2867 4767 3043 4841 8-13).
3089 4769 3198 4825 Hac
3224 4769 3426 4843 quippe

1837 4860 2130 4932 impietate,
2155 4877 2260 4932 qua
2287 4862 2470 4922 tribuit
2490 4862 2592 4920 sibi
2621 4862 2846 4934 quisque
2869 4861 3014 4934 quod
3037 4863 3132 4920 Dei
3159 4871 3262 4931 est,
3301 4861 3424 4934 pel-

1835 4953 1963 5011 litur
1981 4954 2038 5010 in
2057 4956 2302 5014 tenebras
2319 4971 2466 5024 suas,
2487 4971 2607 5028 qua:
2629 4966 2754 5014 sunt
2767 4973 2930 5031 opera
2954 4957 3266 5032 iniquitatis.
3287 4959 3420 5022 Haec

1837 5047 1982 5104 enim
2005 5048 2165 5121 plane
2202 5047 2317 5120 ipse
2340 5047 2510 5120 facit,
2538 5059 2594 5106 et
2621 5047 2690 5106 ad
2720 5050 2835 5106 haec
2854 5054 2877 5085 ⁸
2899 5051 3170 5123 implenda
3200 5052 3304 5112 sibi
3342 5061 3432 5116 est

1909 5241 2064 5293 ίωιιὶ
2088 5276 2106 5304 ,
2138 5239 2282 5294 εὺιιιιι
2325 5246 2392 5295 et.
2427 5247 2487 5292 At
2534 5242 2883 5308 manuscripti,
2909 5243 2999 5297 sed
3019 5249 3068 5300 et
3091 5244 3277 5309 :juxts
3295 5259 3426 5312 m-

1840 5318 1969 5366 eum,
1996 5303 2094 5355 alla
2115 5303 2209 5355 cui.

1906 5371 1929 5401 ι
1945 5373 1995 5416 ιιι
2013 5376 2142 5428 κει,
2165 5369 2546 5438 admovetur

1907 5428 2183 5506 tuerique
2209 5425 2616 5506 μεξτιιρναρωῖι
2635 5444 2728 5506 ἐφη
2819 5435 3086 5506 ,ιηραιναιιτο

1884 5495 1929 5566 ,ι
1966 5491 2188 5558 Belgicus
2208 5493 2367 5544 codex
2404 5497 2451 5541 S.
2487 5493 2682 5543 Amaudi
2715 5497 2962 5557 praeterit,
2999 5507 3088 5558 per
3120 5491 3328 5550 litteram
3357 5493 3405 5550 le

1842 5568 2177 5690 glutinatum
2201 5624 2257 5670 et
2275 5616 2482 5671 Vaticani
2515 5622 2654 5680 Ias,
2691 5624 2739 5670 et
2772 5625 3030 5673 manus
3058 5617 3308 5687 commotis
3342 5633 3407 5690 ρο
3461 5589 3470 5604 ’

2065 5743 2301 5817 RW"
2334 5751 2439 5795 ⁵⁸³·
2473 5745 2570 5817 ΔίίίΑ
2593 5751 2846 5817 πείθεις-ν
2867 5756 2962 5796 ηοη
2987 5745 3150 5809 εφη
3180 5753 3228 5799 in
3261 5761 3406 5813 ευμεν
3437 5781 3446 5792 -

1850 5806 1993 5858 biam.
2016 5806 2135 5856 Editi
2151 5806 2290 5865 vero,
2314 5820 2407 5856 non
2430 5809 2570 5871 aﬁ‘ert
2589 5806 2878 5871 superbiam.
3052 5806 3061 5809 “
3319 5806 3329 5813 ’
3435 5851 3445 5860 .

1852 5870 2845 5954 ,μῖ.θὲἱίὲ;ηῐῐῗῗῖ²ξ⁶9⁸ξῖηθι..ἓ¹⁵ἷοε-ἷ’ἐτξὲἕ²
2879 5880 2901 5920 ³
2943 5877 3085 5922 (⁵⁸⁸³
3131 5873 3203 5931 ’⁵³
3240 5873 3437 5954 Ριυτθει

1852 5933 1972 5990 loco,
2001 5940 2320 5995 peccatorum,
2342 5934 2539 5991 habent,
2566 5933 2844 5995 peccatoris.

1914 5999 1934 6028 ⁸
1960 5992 2030 6047 sic
2051 6004 2156 6046 MSS.
2186 5996 2303 6044 Editi
2325 6003 2506 6056 autem,
2529 5992 2645 6057 facit
2670 5993 2773 6056 ipse
2787 5993 2874 6057 qui
2891 5993 2960 6046 ad
2978 5994 3101 6056 Itayc.
