3996 6484
519 445 630 506 207

523 569 770 627 idoneus.
799 565 974 637 Opera
1008 573 1136 618 vero
1159 555 1378 631 justitia:
1403 568 1509 608 non
1537 551 1660 608 facit
1679 591 1693 617 ,
1723 548 1826 604 nisi
1856 553 2112 618 quantum

527 678 597 718 ex
623 661 718 716 illo
740 661 883 714 fonte
911 663 1072 728 atque
1096 667 1161 708 ex
1191 649 1282 703 illo
1314 647 1512 702 lumine
1541 642 1784 716 percipit,
1803 640 1890 694 ubi
1917 637 2114 694 nullius

527 755 772 826 indigens
804 752 909 805 vita
939 735 1040 813 est,
1089 755 1142 800 et
1187 743 1274 798 ubi
1320 757 1426 797 non
1477 748 1562 796 est
1607 733 1972 799 commutatio,
2017 744 2115 786 nec.

529 842 786 902 momenti
809 837 1143 894 obumbratio
1171 832 1375 906 (Jacobi
1406 849 1442 898 ι,
1473 829 1585 901 17).

603 936 691 991 12.
734 933 860 988 ldco
889 930 1081 986 Paulus
1109 925 1429 1000 Apostolus,
1462 922 1553 994 qui
1599 935 1720 976 cum
1746 916 1939 973 Saulus
1969 913 2113 984 prius

532 1036 816 1086 vocaretur
851 1025 985 1100 (Aci.
1014 1038 1126 1089 xm,
1157 1019 1238 1092 9),
1271 1035 1378 1076 non
1405 1018 1475 1073 ob
1503 1014 1676 1081 aliud,
1705 1019 1958 1082 quantum
1987 1006 2123 1062 mihi

531 1123 762 1187 videtur,
796 1119 898 1172 hoc
928 1130 1122 1172 nomen
1151 1111 1331 1182 elegit,
1364 1109 1464 1164 nisi
1493 1114 1551 1162 ut
1578 1120 1637 1161 se
1660 1101 1966 1158 ostenderet
1997 1112 2119 1168 par-

531 1231 678 1284 vum,
731 1223 982 1284 tanquam
1033 1207 1310 1264 minimum
1356 1205 1375 1237 ί
1417 1200 1833 1274 Apostolorum;
1893 1192 2118 1248 multum

531 1282 721 1364 contra
767 1282 1028 1374 superbos
1065 1307 1122 1356 et
1161 1303 1494 1367 arrogantes,
1539 1299 1595 1346 et
1621 1289 1690 1345 de
1732 1286 1842 1344 suis
1871 1282 2122 1355 operibus

532 1404 943 1473 praesumentes,
1000 1408 1100 1465 pro
1161 1383 1585 1446 commendanda
1631 1383 1731 1437 ista
1781 1378 1878 1434 Dei
1929 1375 2121 1448 gratia,

533 1467 748 1548 fortiter
785 1497 946 1559 atque
982 1483 1178 1541 acriter
1217 1480 1477 1537 dimicans
1506 1494 1519 1530 :
1548 1475 1671 1546 quia
1708 1484 1892 1528 revera
1935 1468 1988 1524 in
2030 1467 2124 1523 illo

534 1580 836 1640 evidentior
863 1586 916 1634 et
943 1575 1136 1634 clarior
1163 1571 1430 1645 apparuit,
1450 1569 1539 1640 qui
1567 1581 1687 1621 cum
1719 1563 1839 1618 talia
1869 1574 2123 1633 operare-

540 1950 788 2024 gratiam,
820 1947 1012 2003 merito
1054 1958 1153 2016 pro
1191 1941 1310 2012 ejus
1351 1937 1662 1994 defensione
1687 1936 1707 1966 ²
1734 1933 1928 1987 clamat
1971 1936 2130 1998 atque

542 2020 838 2107 concertat,
871 2051 973 2094 nec
1019 2037 1071 2091 in
1120 2049 1179 2090 re
1224 2029 1484 2104 profunda
1530 2037 1585 2084 et
1633 2025 1791 2081 nimis
1819 2020 1996 2078 abdita
2022 2033 2127 2074 non

540 2131 977 2204 intelligentium,
1007 2137 1063 2185 et
1087 2125 1248 2182 verba
1278 2137 1373 2178 sua
1412 2132 1544 2178 sana
1580 2119 1632 2173 in
1667 2129 1974 2188 perversum
2003 2126 2130 2168 sen-

541 2242 663 2284 sum
693 2222 1120 2295 detorquentium
1149 2224 1301 2274 curat
1338 2213 1626 2278 invidiam;
1670 2209 1796 2266 dum
1840 2215 2015 2262 tamen
2046 2205 2131 2259 in-

545 2325 862 2374 cunctanter
890 2312 1146 2386 praedicet
1173 2310 1370 2365 donum
1400 2307 1513 2371 Dei,
1544 2319 1650 2375 quo
1692 2315 1799 2358 uno
1827 2299 1959 2356 salvi
2000 2297 2133 2352 ﬁunt

541 2411 637 2467 ﬁlii
663 2406 1068 2480 promissionis,
1097 2403 1188 2458 ﬁlii
1226 2399 1472 2457 beneﬁcii
1499 2396 1702 2464 divini,
1734 2393 1826 2448 lilii
1866 2390 2050 2462 gratiae
2078 2397 2134 2444 et

541 2501 959 2566 misericordiae,
997 2498 1088 2553 ﬁlii
1114 2493 1441 2552 Testamenti
1495 2489 1649 2546 Novi.
1699 2487 1959 2550 Primum,
1989 2480 2133 2553 quod

541 2597 720 2654 omnis
749 2594 865 2666 ejus
891 2591 1140 2650 salutatio
1169 2589 1248 2644 sic
1274 2601 1332 2642 se
1359 2584 1517 2639 habet
1545 2601 1560 2637 :
1589 2579 1767 2636 Gratia
1794 2575 1932 2632 vobis
1959 2583 2008 2628 et
2032 2588 2135 2644 pax

540 2707 576 2746 a
605 2689 712 2743 Deo
742 2664 899 2743 Patre
928 2692 975 2738 et
1008 2665 1223 2737 Domino
1251 2678 1377 2732 Jesu
1404 2674 1606 2732 Christo
1637 2672 1656 2742 (
1682 2669 1840 2724 Initio
1876 2664 2135 2737 Epistola-

541 2782 702 2852 rum).
737 2778 975 2843 Deinde,
1019 2773 1085 2829 ad
1119 2771 1393 2826 Romanos
1421 2781 1558 2836 pene
1603 2763 1716 2833 ipsa
1757 2757 1980 2831 quatstio
2023 2754 2137 2810 sola

543 2846 811 2937 versatur,
853 2877 960 2924 tam
987 2863 1320 2938 pugnaciter,
1353 2867 1457 2913 tam
1497 2851 1882 2923 multipliciter,
1924 2854 1986 2903 ut
2014 2846 2138 2900 fati-

545 2975 637 3038 get
661 2963 875 3036 quidem
915 2955 1140 3029 legentis
1181 2951 1564 3012 intentionem,
1595 2945 1688 3000 sed
1728 2952 1905 2998 tamen
1947 2939 2137 3008 fatiga-

548 3031 696 3111 tione
740 3053 854 3108 utili
883 3065 946 3106 ac
983 3046 1184 3104 salubri
1234 3062 1249 3099 :
1294 3051 1353 3097 ut
1392 3037 1661 3095 interioris
1701 3034 1932 3091 hominis
1972 3031 2141 3102 magis

548 3154 801 3204 exerceat
829 3142 1087 3207 membra,
1121 3152 1280 3211 quam
1309 3135 1534 3204 frangat.

617 3236 846 3294 CAPUT
884 3234 1023 3290 VIII.
1050 3261 1122 3275 --
1160 3231 1247 3286 15.
1295 3224 1590 3282 Observatio
1641 3220 1788 3293 legis.
1837 3217 2140 3273 Judazorum

553 3335 790 3408 gloriatio
859 3329 1045 3402 qualis.
1101 3325 1279 3382 Timor
1322 3336 1501 3394 preme.
1565 3315 1893 3373 Circumcisio
1953 3312 2140 3367 cordis.

553 3427 829 3500 Pelagiani
861 3425 916 3479 in
942 3439 1043 3494 quo
1092 3420 1255 3474 Deum
1298 3425 1484 3472 nostra:
1518 3409 1898 3485 justiﬁcationis
1965 3414 2144 3460 aucto-

554 3538 659 3578 rem
709 3521 1009 3590 agnoscunt.
1086 3511 1213 3567 Inde
1280 3515 1405 3564 sunt
1446 3521 1564 3576 qua:
1607 3517 1768 3574 supra
1820 3513 2146 3554 commemo—

555 3615 690 3671 ravi.
739 3588 862 3664 inde
912 3613 995 3662 est
1021 3603 1165 3676 quod
1215 3600 1455 3658 Judamm
1510 3594 1973 3667 arguit,eumque
2018 3588 2151 3644 dicit

556 3703 796 3760 Judmum
869 3693 1230 3767 cognominari
1261 3733 1277 3758 ,
1364 3698 1419 3746 et
1478 3700 1813 3758 nequaquam
1881 3683 1933 3737 id
2004 3679 2145 3751 quod

558 3791 838 3865 proﬁtetur
893 3788 1134 3858 implere.
1194 3783 1254 3839 Si
1279 3791 1444 3836 autem
1490 3790 1587 3846 tu,
1640 3776 1854 3847 inquit,
1931 3771 2150 3826 Judtrus

557 3882 951 3957 cognominaris,
983 3888 1028 3933 et
1055 3876 1320 3948 requiescis
1348 3875 1402 3928 in
1431 3874 1556 3945 lege,
1589 3882 1634 3926 et
1672 3868 1907 3941 gloriaris
1939 3867 1992 3920 in
2012 3864 2144 3930 Deo,

559 3983 608 4031 et
635 3974 766 4030 nosti
793 3973 1096 4028 voluntatem
1123 3969 1168 4036 ³,
1195 3977 1240 4021 et
1272 3966 1454 4038 probas
1483 3963 1724 4018 distantia
1751 3960 1850 4034 (a).
1877 3961 2152 4013 instructus

561 4085 626 4124 at:
655 4066 781 4138 lege,
814 4062 1029 4132 conﬁdis
1059 4069 1106 4114 te
1144 4061 1307 4130 ipsum
1333 4057 1513 4111 ducem
1537 4071 1642 4108 esse
1677 4068 1924 4106 ctecorum
1944 4090 1957 4114 ,
1985 4049 2154 4103 lumen

563 4175 736 4215 eorum
764 4157 851 4226 qui
889 4156 942 4208 in
972 4152 1189 4208 tenebris
1207 4193 1222 4215 ,
1267 4148 1568 4204 eruditorem
1595 4143 1959 4215 insipientium,
1991 4141 2155 4212 magi-

563 4263 726 4310 str-1n:
749 4249 1040 4319 infantium,
1069 4244 1329 4299 habentem
1361 4245 1578 4313 formam
1600 4237 1824 4293 scientiae
1859 4243 1908 4290 et
1932 4233 2156 4288 veritatis

564 4346 620 4401 in
645 4345 774 4416 lege.
821 4340 921 4408 Qui
961 4355 1080 4411 ergo
1124 4337 1281 4391 alium
1324 4334 1470 4388 doces
1490 4374 1504 4398 ,
1535 4341 1583 4386 te
1622 4331 1791 4400 ipsum
1833 4345 1935 4382 non
1964 4326 2111 4380 doces
2132 4325 2158 4378 ?

565 4441 653 4505 qui
695 4435 940 4509 prtedicas
984 4449 1084 4488 non
1129 4428 1426 4502 furandum,
1474 4422 1708 4496 furoris?
1755 4421 1840 4491 qui
1883 4419 2009 4473 dicis
2055 4434 2157 4472 non

567 4529 980 4592 adulterandum,
1010 4524 1268 4578 adulteras
1286 4522 1312 4574 ?
1340 4519 1425 4588 qui
1455 4514 1761 4570 abominaris
1793 4512 1960 4577 idola,
2001 4510 2162 4564 sacri-

570 4627 756 4699 legium
781 4625 908 4693 facis
929 4623 954 4676 ἓν
975 4619 1062 4692 qui
1086 4619 1139 4671 in
1165 4619 1272 4687 lege
1298 4611 1552 4685 gloriaris,
1583 4625 1671 4679 per
1698 4606 2161 4678 prwvaricationem

571 4693 697 4790 legis
721 4714 888 4770 Deum
916 4711 1192 4765 inhonorus
1213 4709 1238 4760 7
1275 4703 1477 4758 Nomen
1511 4701 1642 4754 enim
1669 4697 1767 4752 Dei
1805 4713 1894 4769 per
1930 4711 2016 4749 vos
2055 4693 2163 4748 bla-

573 4785 866 4881 sphematur
891 4804 944 4857 in
978 4799 1240 4861 Gentibus,
1274 4796 1402 4850 sicut
1428 4792 1671 4861 scriptum
1699 4796 1791 4843 est.
1836 4785 2163 4842 Circumcisio

576 4877 779 4974 quidem
805 4895 1041 4968 prodest,
1071 4891 1115 4945 si
1144 4889 1303 4960 legem
1331 4881 1586 4939 custodias
1611 4896 1629 4936 :
1658 4881 1702 4934 si
1729 4886 1896 4933 autent
1924 4877 2165 4949 prtcvari-

578 4971 720 5050 cator
764 4990 886 5062 legis
923 4988 1012 5050 sis,
1053 4979 1367 5037 circumcisio
1409 4985 1497 5029 tua
1546 4973 1848 5046 prceputium
1890 4971 2028 5041 facta
2072 4979 2164 5023 est.

583 5088 646 5145 Si
687 5086 840 5158 igitur
887 5077 1190 5153 praeputium
1228 5071 1459 5145 justitias
1505 5068 1629 5140 legis
1679 5065 1962 5130 custodiat,
2004 5079 2170 5116 nonne

580 5153 891 5255 praeputium
914 5174 1023 5244 ejus
1053 5171 1105 5223 in
1134 5163 1561 5220 Circumcisionem
1587 5159 1920 5231 reputabitur,
1949 5165 1996 5209 et
2025 5153 2174 5226 judi-

583 5245 715 5329 cabit
743 5267 877 5342 quod
907 5281 968 5320 ea:
993 5272 1178 5317 natura
1206 5267 1279 5313 est
1306 5255 1611 5327 praeputium
1638 5251 1796 5322 legem
1837 5249 2101 5319 perﬁciens
2127 5245 2169 5313 ⁸,

587 5377 635 5421 te
659 5365 740 5436 qui
755 5339 858 5434 iper
883 5359 1100 5414 litteram
1125 5363 1173 5408 et
1199 5349 1626 5405 circumcisionent
1656 5343 2012 5416 praevaricator
2049 5339 2172 5411 legis

588 5460 684 5515 es?
713 5453 835 5511 Non
857 5451 990 5507 enim
1019 5447 1102 5519 qui
1131 5446 1183 5498 in
1212 5442 1476 5512 manifesto
1501 5438 1713 5491 Jmtams
1740 5444 1810 5488 est
1831 5476 1844 5499 ,
1880 5448 2036 5502 neque
2064 5447 2177 5502 qua:

657 5614 676 5647 ι
703 5620 753 5661 In
772 5617 876 5660 Mss.
901 5605 1170 5668 plerisque,
1195 5604 1421 5666 tanqutun
1441 5591 1684 5642 minimus.

658 5677 679 5708 ³
702 5675 787 5724 uie
809 5666 928 5721 editi
949 5666 1151 5723 addunt,
1175 5669 1464 5726 ρι-ιιεειρςιε.Δ
1553 5713 1566 5726 θ

657 5737 681 5769 s
701 5711 1156 5794 ξ’(ιῖιῖὦιιῖιῖατᾟῇ
1176 5711 1299 5786 'ejus.
1329 5711 1493 5776 Abest,
1518 5713 1640 5778 ejus,
1665 5724 1694 5763 a
1722 5711 2058 5775 manusuiptis
2081 5718 2133 5762 et
2153 5724 2181 5760 a

662 5809 760 5847 neco
781 5787 926 5846 textu
947 5787 1172 5853 Apostoli.
1535 5841 1544 5850 _

662 5859 688 5891 ι
709 5859 784 5909 sic
803 5865 976 5907 otnnes
997 5845 1325 5909 manuscripti.
1351 5847 1406 5891 At
1431 5840 1568 5901 editi,
1594 5837 1746 5904 legem
1762 5850 2112 5890 consummatis.

663 5919 739 5990 (ο)
767 5908 952 5978 Grece,
973 5911 1024 5964 ta
1045 5908 1378 5973 diaphéronta.

1460 432 1551 489 DE
1587 427 1856 489 srmrw
1896 427 1986 484 ET
2024 380 2346 492 ιιίἰἘιιᾹ,
2385 426 2443 485 s.
2483 425 2856 485 AUGUSTINI

2216 543 2270 598 iu
2300 545 2568 617 manifesto
2609 546 2665 599 in
2691 561 2843 600 carne
2866 552 2936 601 est
2971 544 3320 611 circiuncisio;
3349 545 3437 601 sed
3477 544 3562 619 qui
3599 545 3650 602 in
3679 547 3797 603 abs-

2217 637 2420 692 condito
2459 637 2674 693 Judtcus
2717 647 2820 703 est,
2859 647 2904 692 et
2941 638 3254 694 circumcisio
3279 638 3443 694 cordis
3468 639 3520 692 in
3548 639 3728 708 spiritu
3754 639 3800 706 ί,

2217 747 2321 786 non
2359 731 2546 796 littera,
2583 733 2730 802 cujus
2757 732 2868 786 laus
2907 748 3006 786 non
3045 747 3109 786 ea:
3143 730 3456 798 hominibus,
3485 730 3574 785 sed
3603 747 3664 784 ea:
3693 729 3800 785 Deo

2219 831 2291 877 est
2313 821 2488 896 (Rom.
2516 838 2575 891 ιι,
2604 822 2822 895 17-29).
2849 823 2948 881 Hic
2972 823 3329 878 manilestavit
3355 821 3799 894 quemadmodum

2221 917 2442 986 dixerit,
2477 918 2712 990 gloriaris
2749 918 2805 974 in
2836 918 2961 973 Deo.
3011 917 3142 973 Nam
3191 918 3375 989 utique
3421 917 3465 972 si
3513 930 3639 972 vero
3685 915 3804 968 talis

2221 1007 2437 1064 Judzeus
2480 1010 2798 1081 gloriaretur
2843 1010 2897 1065 in
2934 1011 3066 1077 Deo,
3113 1025 3179 1066 eo
3223 1009 3382 1065 modo
3426 1025 3532 1080 quo
3576 1008 3810 1078 postulat

2221 1103 2409 1174 gratia,
2437 1118 2557 1174 qua:
2584 1118 2690 1159 non
2717 1119 2937 1175 operum
2967 1103 3193 1170 meritis,
3220 1103 3314 1158 sed
3337 1103 3600 1173 gratuito'
3627 1101 3804 1163 datur,

2224 1209 2291 1250 ex
2321 1196 2430 1250 Deo
2453 1203 2598 1250 esset
2640 1195 2755 1250 laus
2799 1196 2936 1267 ejus,
2981 1209 3089 1251 non
3124 1211 3190 1250 ex
3218 1193 3541 1249 hominibus.
3592 1192 3698 1248 Sed
3739 1193 3806 1246 ita

2223 1286 2588 1358 gloriabantur
2613 1288 2666 1344 in
2695 1288 2827 1354 Deo,
2861 1288 3006 1344 velut
3031 1288 3123 1359 qui
3153 1287 3254 1344 soli
3281 1289 3599 1344 meruissent
3639 1286 3810 1357 legem

2225 1378 2342 1449 ejus
2373 1380 2648 1450 accipere,
2691 1379 2981 1436 secundum
3025 1379 3165 1434 illam
3212 1392 3396 1434 vocem
3431 1377 3662 1444 Psalmi,
3705 1391 3809 1446 qua

2227 1471 2429 1529 dictum
2456 1483 2558 1539 est,
2590 1473 2711 1528 Non
2739 1474 2856 1544 fecit
2879 1473 2952 1527 sic
2977 1471 3072 1528 ulli
3101 1473 3258 1544 genti,
3291 1481 3338 1526 et
3357 1471 3559 1542 judicia
3584 1486 3679 1525 sua
3706 1485 3810 1523 non

2231 1567 2570 1638 manifestavit
2608 1566 2677 1622 eis
2705 1564 2874 1636 (Psal.
2901 1580 3076 1620 chvu
3097 1605 3112 1629 ,
3137 1561 3265 1635 20).
3309 1561 3478 1630 Quam
3515 1570 3690 1615 tamen
3718 1559 3813 1614 Dei

2231 1658 2404 1730 legem
2431 1672 2526 1712 sua
2549 1658 2756 1728 justitia
2782 1671 2840 1712 se
2869 1656 3262 1711 arbitrabantur
3286 1653 3529 1726 implere,
3550 1665 3672 1706 cum
3699 1664 3816 1704 ma-

2230 1751 2461 1823 gisejus
2493 1750 2934 1822 praevaricatores
2962 1757 3164 1804 essent.
3197 1744 3351 1802 Unde
3379 1742 3487 1799 illis
3526 1742 3660 1796 iram
3686 1757 3816 1810 ope—

2232 1844 2453 1899 rabatur
2493 1841 2668 1915 (Rom.
2694 1856 2782 1907 1v,
2816 1839 2927 1908 l5),
2970 1837 3273 1894 abundante
3302 1843 3556 1906 peccato,
3587 1831 3727 1904 quod
3751 1831 3822 1887 ab

2232 1933 2529 1991 scientibus
2562 1930 2992 2004 perpetrabatur.
3044 1928 3178 1995 Quia
3221 1935 3276 1982 et
3307 1926 3628 1997 quicumque
3663 1922 3823 1978 facie-

2233 2030 2364 2086 bant
2391 2027 2532 2100 quod
2556 2027 2640 2082 lex
2668 2024 2885 2095 iubebat
2908 2065 2924 2090 ,
2955 2037 3060 2078 non
3087 2021 3372 2092 adjuvante
3389 2019 3579 2090 spiritu
3607 2017 3814 2088 gratiae,

2235 2121 2428 2177 timore
2455 2133 2628 2189 pinnae
2655 2116 2922 2172 faciebant
2941 2156 2955 2179 ,
2982 2129 3090 2170 non
3132 2126 3316 2168 amore
3345 2110 3566 2180 justitia:
3592 2126 3606 2162 :
3639 2123 3702 2163 ac
3729 2124 3824 2177 per

2235 2212 2340 2269 hoc
2365 2227 2544 2269 coram
2575 2211 2685 2267 Deo
2725 2224 2832 2264 non
2879 2216 2996 2263 erat
3040 2207 3091 2261 in
3139 2205 3430 2269 voluntate,
3458 2200 3601 2272 quod
3644 2215 3822 2255 coram

2236 2303 2542 2362 hominibus
2569 2301 2860 2374 apparebat
2890 2300 2944 2354 in
2970 2313 3134 2369 opere
3167 2315 3180 2350 :
3213 2295 3498 2367 potiusque
3521 2308 3587 2347 ex
3626 2292 3717 2346 illo
3747 2290 3826 2344 rei

2238 2399 2579 2461 tenebantur,
2628 2392 2770 2466 quod
2813 2407 2907 2448 eos
2958 2398 3181 2447 noverat
3207 2389 3350 2444 Deus
3391 2384 3572 2451 malle,
3619 2383 3663 2438 si
3708 2381 3826 2437 ﬁeri

2239 2499 2422 2565 posset
2464 2491 2697 2560 impune,
2739 2485 3092 2542 committere.
3137 2479 3608 2538 Circumcisionem
3649 2486 3826 2530 autem

2241 2583 2421 2640 cordis
2447 2581 2608 2646 dicit,
2633 2593 2818 2650 puram
2853 2576 3058 2632 scilicet
3081 2576 3149 2631 ab
3177 2573 3323 2630 omni
3368 2571 3549 2626 illicita
3575 2568 3831 2638 concupi-

2245 2674 2450 2732 scentia
2479 2672 2805 2728 voluntatem
2843 2687 2860 2723 :
2889 2667 3032 2740 quod
3059 2681 3166 2722 non
3205 2666 3265 2720 lit
3306 2664 3486 2720 littera
3514 2662 3737 2718 docente
3774 2668 3831 2715 et

2242 2768 2500 2831 minante,
2530 2763 2624 2820 sed
2665 2763 2856 2834 spiritu
2893 2759 3178 2831 adjuvante
3219 2767 3380 2828 atque
3417 2764 3661 2814 sanante.
3705 2753 3830 2809 ldeo

2245 2862 2364 2916 laus
2389 2859 2572 2914 talium
2606 2871 2711 2911 non
2743 2871 2812 2911 ex
2851 2852 3158 2908 hominibus
3181 2892 3197 2916 ,
3239 2851 3335 2907 sed
3365 2865 3431 2906 ex
3458 2849 3571 2906 Deo
3597 2855 3710 2912 est,
3737 2847 3830 2917 qui

2246 2968 2343 3024 per
2384 2965 2535 3005 suam
2582 2948 2806 3020 gratiam
2857 2952 3075 3017 praestat
3120 2943 3263 2999 unde
3301 2941 3600 3005 laudentur,
3631 2940 3698 2994 de
3724 2954 3833 3007 quo

2247 3045 2482 3111 dicitur,
2534 3041 2603 3095 In
2650 3041 2872 3094 Domino
2920 3037 3212 3092 laudabitur
3256 3036 3428 3089 anima
3475 3049 3587 3088 mea
3640 3030 3830 3103 (Psal.

2247 3151 2458 3201 χχχιιι,
2486 3134 2578 3204 5);
2611 3142 2662 3187 et
2693 3132 2777 3187 cui
2819 3131 3042 3195 dicitur,
3073 3127 3228 3198 Apud
3267 3135 3315 3182 te
3356 3127 3467 3180 laus
3503 3141 3616 3179 mea
3652 3123 3832 3196 (Psal.

2247 3224 2486 3296 “1,26)
2530 3241 2542 3276 :
2587 3238 2695 3278 non
2716 3222 2900 3292 quales
2926 3221 3000 3275 illi
3027 3218 3263 3288 suntqui
3310 3218 3477 3273 Deum
3494 3215 3695 3270 laudari
3737 3229 3836 3270 vo-

2249 3320 2367 3375 lunt
2387 3317 2527 3389 quod
2550 3317 2791 3372 homines
2823 3323 2987 3380 sunt,
3024 3329 3083 3368 se
3129 3320 3304 3367 autem
3336 3309 3478 3382 quod
3508 3309 3667 3381 justis
3691 3317 3806 3364 unt.

2325 3411 2415 3465 14.
2450 3427 2468 3460 ι
2503 3406 2608 3464 Sed
2641 3405 2939 3470 laudamus,
2970 3422 2990 3456 ι
3023 3402 3290 3472 inquiunt,
3325 3421 3344 3454 ι
3377 3401 3610 3457 etDeum
3643 3409 3838 3454 nostra:

2260 3521 2280 3556 α
2312 3500 2710 3574 justiﬁcationls
2746 3506 3042 3564 auctorem,
3082 3497 3136 3551 in
3183 3511 3250 3551 eo
3281 3494 3422 3565 quod
3463 3493 3631 3564 legem
3669 3490 3838 3558 dedit,

2261 3613 2282 3647 ι
2318 3593 2471 3664 cujus
2498 3592 2689 3647 intuitu
2715 3589 3020 3644 noverimus
3058 3585 3508 3658 quemadmodum
3534 3584 3715 3640 vivere
3739 3582 3838 3638 de-

2261 3705 2283 3741 s
2314 3686 2557 3741 beamus.
2583 3702 2602 3735 ι
2635 3682 2745 3738 Nec
2769 3680 2992 3736 audiunt
3020 3679 3160 3750 quod
3187 3678 3389 3749 legunt,
3413 3676 3546 3742 Quia
3571 3693 3670 3731 non
3685 3675 3843 3747 justi-

2256 3780 2490 3852 ficabitur
2514 3794 2577 3832 ea:
2606 3777 2713 3848 lege
2740 3775 2901 3829 omnis
2940 3788 3058 3827 caro
3097 3788 3269 3826 coram
3295 3770 3422 3824 Deo.
3471 3769 3654 3824 Potest
3698 3768 3841 3822 enim

2259 3871 2377 3926 ﬁeri
2420 3884 2600 3924 coram
2649 3865 2976 3933 hominibus,
3026 3881 3131 3919 non
3175 3871 3354 3917 autem
3397 3875 3574 3916 coram
3615 3860 3706 3914 illo
3751 3860 3844 3929 qui

2255 3962 2436 4020 cordis
2475 3959 2645 4031 ipsius
2674 3968 2730 4015 et
2768 3959 2969 4014 intima:
2996 3957 3284 4012 voluntatis
3322 3957 3588 4025 inspector
3613 3963 3728 4019 est,
3753 3953 3846 4009 ubi

2258 4053 2439 4116 videt,
2466 4051 2677 4107 etiamsi
2707 4049 2848 4104 aliud
2882 4047 3040 4104 faciat
3068 4047 3159 4119 qui
3197 4047 3366 4117 legem
3399 4046 3580 4110 timet,
3612 4043 3738 4116 quid
3769 4053 3847 4098 ta-

2259 4160 2384 4209 men
2413 4141 2592 4198 mallet
2621 4141 2817 4206 facere,
2841 4139 2886 4195 si
2911 4140 3114 4195 liceret.
3143 4139 3219 4193 Ac
3240 4153 3306 4192 ne
3331 4137 3609 4207 quisquam
3638 4144 3852 4205 putaret

2262 4237 2352 4293 hic
2376 4234 2694 4306 Apostolum
2736 4248 2797 4288 ea
2845 4233 2960 4302 lege
3003 4230 3204 4286 dixisse
3234 4227 3501 4284 neminem
3540 4225 3848 4297 justiﬁcari,

2263 4343 2386 4399 quae
2413 4327 2466 4382 in
2497 4325 2850 4382 sacramentis
2873 4322 3143 4379 veteribus
3165 4321 3332 4376 multa
3363 4319 3602 4373 continet
3629 4317 3852 4389 ﬁgurata

2263 4427 2551 4491 praecepta,
2602 4415 2744 4472 unde
2782 4417 2941 4472 etiam
2984 4415 3097 4485 ipsa
3141 4420 3224 4468 est
3268 4411 3602 4467 circumcisio
3648 4411 3853 4478 carnis,

2263 4527 2424 4586 quam
2450 4513 2538 4567 die
2580 4520 2774 4566 octavo
2803 4511 3046 4581 accipere
3075 4508 3280 4579 parvuli
3315 4507 3450 4578 jussi
3492 4514 3618 4561 sunt
3647 4504 3854 4575 (Leuit.

2267 4623 2361 4670 xu,
2394 4607 2494 4675 '5);
2536 4603 2788 4659 continuo
2826 4600 3100 4672 subjuuxit
3136 4614 3294 4670 quam
3333 4600 3505 4670 legem
3545 4598 3772 4663 dixerit,
3807 4607 3865 4652 et

2267 4699 2363 4764 ait,
2397 4696 2500 4752 Per
2527 4697 2683 4767 legem
2725 4695 2860 4749 enim
2902 4693 3122 4764 cognitio
3161 4690 3374 4764 peccati.
3424 4689 3522 4744 llla
3566 4688 3729 4760 igitur
3772 4687 3864 4744 lex

2269 4799 2386 4854 est,
2415 4787 2484 4843 de
2509 4801 2611 4856 qua
2643 4794 2826 4856 postea
2857 4784 3014 4850 dicit,
3045 4781 3320 4837 Peccatum
3369 4797 3470 4835 non
3508 4778 3719 4850 cognovi
3764 4780 3871 4833 nisi

2274 4896 2363 4952 per
2391 4880 2570 4950 legem.
2617 4877 2756 4930 Nam
2785 4873 3242 4944 concupiscentiam
3277 4871 3554 4926 nesciebam
3577 4912 3592 4938 ,
3635 4869 3734 4924 nisi
3780 4870 3873 4924 lea:

2274 4971 2480 5035 diceret,
2514 4967 2638 5022 Non
2663 4967 2984 5037 concupisces
3013 4964 3188 5039 (Rom.
3215 4980 3308 5030 vn,
3343 4960 3419 5035 'i).
3462 4961 3598 5018 Nam
3627 4961 3757 5032 quid
3783 4972 3878 5017 est

2275 5059 2438 5125 aliud,
2473 5057 2578 5112 Per
2606 5058 2762 5129 legem
2795 5057 2926 5112 enim
2955 5055 3173 5127 cognitio
3201 5053 3439 5125 peccati?

2346 5149 2574 5208 CAPUT
2615 5149 2705 5204 ιχ.
2755 5179 2826 5189 ——
2875 5149 2961 5204 15.
3007 5146 3216 5201 Justitia
3262 5144 3357 5199 Dei
3405 5143 3731 5215 manifestata
3779 5160 3883 5213 per

2279 5243 2464 5316 Legem
2491 5252 2539 5298 et
2566 5242 2868 5313 Prophetas.
2900 5239 2998 5294 Hic
3020 5238 3160 5293 forte
3185 5237 3326 5293 dicat
3353 5237 3442 5292 illa
3468 5237 3696 5290 humana
3731 5251 3855 5306 prae
3874 5269 3886 5279 -

2281 5339 2534 5408 sumptio,
2565 5337 2817 5406 ignorans
2846 5333 2940 5388 Dei
2967 5331 3251 5402 justitiam,
3280 5338 3333 5385 et
3360 5345 3507 5385 suam
3529 5329 3715 5384 volens
3741 5344 3886 5384 con-

2283 5431 2532 5496 stituere,
2581 5427 2770 5481 merito
2820 5425 3019 5479 dixisse
3064 5423 3420 5492 Apostolum,
3476 5421 3608 5488 Quia
3654 5437 3716 5475 ea:
3767 5421 3892 5490 lege

2283 5539 2430 5578 nemo
2465 5518 2874 5592 justiﬁcabitur:
2903 5514 3138 5571 ostendit
3182 5513 3325 5568 enim
3377 5512 3745 5568 tantummodo
3789 5511 3892 5570 lex

2284 5615 2414 5688 quid
2459 5611 2758 5670 faciendum
2785 5649 2799 5676 ,
2831 5608 3025 5678 quidve
3047 5606 3345 5663 cavendum
3374 5606 3477 5673 sit,
3518 5614 3578 5659 ut
3607 5603 3754 5675 quod
3786 5603 3895 5661 illa

2325 5773 2368 5842 ,Δί
2391 5769 2504 5819 aliti
2527 5779 2637 5817 cum
2659 5763 2946 5829 quihusdam
2971 5772 3098 5828 Mss”
3119 5767 3168 5816 el
3198 5759 3560 5814 circumcisione
3581 5757 3751 5814 cordis
3781 5758 3904 5825 spi-

2288 5838 2511 5948 mglres
2535 5899 2660 5955 Mss,
2679 5888 2910 5955 gratuita.
