3996 6478
179 354 290 415 209

179 463 482 526 ostenderit
506 463 763 522 voluntas
789 458 1031 536 impleat,
1055 477 1120 520 ac
1141 465 1220 522 sic
1247 465 1410 522 homo
1435 463 1776 536 iustiﬁcetur,

182 576 288 618 non
315 575 414 632 per
439 557 582 631 legis
606 557 918 630 imperium,
940 556 1035 615 sed
1064 572 1162 630 per
1186 557 1414 615 liberum
1438 557 1718 614 arbitrium
1738 558 1781 612 ⁸.

182 654 308 722 Sed,
341 668 376 709 ο
406 652 601 721 homo,
645 652 866 710 attende
902 651 1044 724 quod
1081 653 1325 724 loquitur
1356 669 1371 708 :
1404 651 1561 708 Nune
1597 660 1784 718 autem,

185 747 373 818 inquit,
409 747 528 802 sine
555 747 665 819 lege
683 745 890 816 iustitia
913 743 1012 801 Dei
1037 745 1366 818 manifestata
1391 755 1486 816 est,
1519 745 1790 816 testiﬁcata

189 857 272 910 per
307 837 510 910 Legem
553 848 602 893 et
643 836 958 908 Prophetas.
1001 837 1270 895 Parumne
1320 840 1533 896 insonat
1577 836 1792 894 surdis?

185 927 402 984 Iustitia
423 970 443 994 ,
475 928 688 1001 inquit,
712 926 817 984 Dei
853 928 1176 1000 manifestata
1217 939 1310 986 est.
1353 930 1502 986 Hanc
1545 928 1794 1002 ignorant

187 1021 272 1092 qui
318 1035 490 1077 suam
538 1021 728 1077 volunt
771 1021 1101 1078 constituere
1149 1039 1164 1076 :
1209 1022 1335 1078 huic
1379 1023 1401 1055 ¹
1445 1021 1634 1077 nolunt
1672 1034 1793 1078 esse

187 1113 422 1184 subjecti
455 1113 638 1187 (Rom.
667 1130 723 1178 x,
755 1114 850 1185 5).
875 1113 1106 1183 Iustitia,
1134 1114 1325 1185 inquit,
1362 1113 1456 1169 Dei
1469 1114 1794 1187 mam'festata

189 1217 254 1262 est
275 1225 295 1261 .-
323 1223 451 1263 non
478 1205 651 1274 dixit,
679 1205 894 1262 iustitia
919 1205 1177 1275 hominis,
1205 1206 1289 1261 vel
1327 1206 1533 1277 iustitia
1562 1205 1793 1278 propria:

191 1299 526 1365 voluntatis;
572 1297 693 1364 sed,
738 1298 938 1367 iustitia
975 1296 1108 1364 Dei,
1144 1312 1250 1354 non
1287 1312 1395 1369 qua
1435 1297 1576 1353 Deus
1616 1295 1795 1368 justus

194 1404 285 1461 est,
310 1393 423 1450 sed
451 1408 558 1464 qua
586 1391 758 1447 induit
780 1390 1076 1459 hominem,
1107 1406 1231 1447 cum
1251 1390 1509 1462 iustiﬁcat
1545 1390 1790 1462 impium.

199 1487 313 1543 lisse
379 1484 709 1542 testiﬁcatur
763 1499 861 1555 per
907 1483 1102 1555 Legem
1155 1493 1213 1540 et
1256 1483 1551 1554 Prophetas
1599 1500 1617 1540 :
1669 1481 1795 1538 huic

196 1579 384 1650 quippe
428 1575 801 1633 testimonium
831 1575 1242 1646 perhibentLex
1265 1584 1323 1631 et
1341 1574 1644 1646 Prophette.
1677 1574 1788 1630 Lex

203 1672 442 1743 quidem,
471 1669 580 1726 hoc
605 1670 744 1740 ipso,
771 1669 917 1739 quod
955 1667 1194 1739 iubendo
1219 1676 1276 1725 et
1313 1667 1568 1722 minando
1597 1674 1652 1722 et
1693 1681 1794 1722 ne-

203 1766 393 1820 minem
414 1761 771 1834 justiﬁcando
797 1761 931 1818 satis
960 1761 1182 1827 indicat,
1207 1760 1354 1817 dono
1384 1761 1477 1816 Dei
1511 1759 1794 1834 iustiﬁcari

203 1857 474 1920 hominem
511 1871 608 1926 per
634 1853 962 1925 adiutorium
990 1853 1210 1924 spiritus
1239 1871 1254 1907 :
1283 1852 1566 1923 Prophetze
1590 1861 1791 1920 autem,

204 1951 313 2021 quia
336 1949 396 2004 id
429 1946 581 2019 quod
609 1947 994 2019 pmdixerunt,
1019 1945 1216 2004 Christi
1247 1945 1488 2017 implevit
1513 1945 1793 2002 adventus.

205 2039 324 2095 Nam
349 2040 485 2094 hinc
511 2039 762 2110 sequitur
783 2046 839 2095 et
856 2037 1124 2110 “adiungit,
1153 2037 1358 2103 dicens,
1397 2035 1606 2092 Iustitia
1629 2045 1798 2093 autem

205 2129 288 2186 Dei
330 2148 428 2201 per
463 2129 625 2200 ﬁdem
648 2128 776 2185 Jesu
800 2128 1008 2197 Christi,
1060 2129 1164 2185 hoc
1201 2137 1307 2195 est,
1355 2144 1452 2200 per
1498 2129 1654 2186 tidem
1691 2144 1796 2202 qua

209 2222 440 2279 creditur
462 2223 520 2278 in
549 2221 848 2278 Christum.
891 2219 1041 2278 Sicut
1084 2229 1262 2277 autem
1298 2220 1399 2276 ista
1438 2220 1572 2277 ﬁdes
1595 2220 1797 2278 Christi

209 2316 341 2372 dicta
367 2326 453 2373 est
475 2332 589 2372 non
619 2332 723 2386 qua
749 2315 921 2372 credit
945 2314 1188 2372 Christus
1226 2331 1241 2370 :
1281 2315 1360 2371 sic
1383 2323 1438 2371 et
1471 2315 1558 2370 illa
1591 2314 1798 2387 iustitia

213 2408 296 2464 Dei
336 2423 450 2463 non
491 2422 597 2479 qua
639 2407 817 2478 iustus
856 2415 942 2464 est
979 2407 1140 2463 Deus.
1180 2405 1479 2478 Utrumque
1515 2407 1658 2463 enim
1697 2422 1798 2464 no-

210 2509 376 2580 strum
402 2509 524 2566 est;
568 2498 665 2556 sed
694 2498 818 2556 ideo
844 2499 938 2555 Dei
963 2506 1020 2555 et
1041 2497 1240 2556 Christi
1266 2497 1478 2564 dicitur,
1501 2498 1651 2570 quod
1681 2498 1800 2570 eius

211 2591 360 2649 nobis
395 2592 644 2666 largitate
672 2591 923 2648 donatur.
955 2590 1166 2649 iustitia
1194 2606 1324 2664 ergo
1348 2591 1443 2648 Dei
1469 2591 1492 2624 ⁸
1515 2591 1633 2648 sine
1659 2592 1797 2663 lege,

213 2699 324 2739 non
367 2683 484 2739 sine
518 2687 630 2755 lege
672 2683 1010 2739 manifestata
1051 2691 1156 2740 est.
1199 2681 1480 2752 Quomodo
1517 2682 1662 2738 enim
1704 2697 1802 2758 per

220 2774 399 2845 legem
431 2774 720 2842 testiﬁcata,
751 2775 797 2830 si
827 2775 944 2830 sine
971 2773 1088 2844 lege
1113 2771 1486 2830 manifestata?
1512 2771 1618 2829 Sed
1643 2772 1805 2844 justl-

215 2867 284 2920 tia
313 2864 415 2920 Dei
439 2865 554 2922 sine
578 2865 697 2938 lege
726 2873 832 2932 est,
873 2880 1034 2936 quam
1063 2865 1205 2922 Deus
1228 2879 1327 2936 per
1350 2865 1594 2936 spiritum
1617 2869 1802 2937 gratia:

215 2957 450 3014 credenti
493 2958 708 3014 confert
751 2959 870 3014 sine
913 2957 1177 3029 adiutorio
1217 2957 1372 3030 legis,
1417 2957 1522 3014 hoc
1547 2965 1663 3026 est,
1695 2973 1801 3014 non

217 3051 392 3122 adiuta
430 3067 462 3106 a
501 3052 624 3124 lege
646 3051 690 3107 ⁸.
733 3050 1176 3123 Quandoquidem
1219 3065 1317 3122 per
1358 3051 1530 3123 legem
1569 3051 1805 3108 ostendit

214 3144 410 3200 homini
433 3144 804 3201 inﬁrmitatem
831 3159 982 3200 suam
1000 3185 1016 3213 ,
1056 3153 1114 3200 ut
1137 3142 1205 3198 ad
1233 3143 1353 3214 ejus
1380 3144 1804 3201 misericordiam

216 3253 301 3308 per
329 3236 496 3293 ﬁdem
526 3235 844 3309 confugiens
867 3244 1148 3292 sanaretur
1172 3235 1216 3290 ⁸.
1247 3235 1323 3291 De
1355 3235 1614 3307 sapientia
1644 3236 1802 3308 quip-

215 3343 276 3398 pe
293 3328 409 3399 ejus
427 3328 638 3384 dictum
671 3336 776 3398 est,
799 3327 942 3400 quod
972 3329 1131 3400 legem
1151 3337 1199 3382 et
1219 3329 1616 3384 misericordiam
1633 3329 1688 3384 in
1705 3328 1806 3385 lin-

215 3437 306 3491 gua
332 3430 506 3492 portet
533 3419 729 3493 (PM.
753 3437 844 3490 ιιι,
882 3421 980 3490 l6,
1005 3437 1106 3476 sec.
1130 3419 1310 3492 LXX)
1335 3440 1348 3477 :
1381 3425 1551 3494 legem
1579 3423 1802 3494 scilicet,

218 3526 309 3580 qua
333 3526 462 3566 reos
512 3509 677 3566 iaciat
716 3510 1018 3582 superbos;
1064 3511 1487 3568 misericordiam
1514 3529 1674 3582 vero,
1701 3530 1805 3586 qua

215 3601 460 3671 iustiﬁcet
485 3603 819 3661 humiliatos.
852 3602 1065 3660 Iustitia
1099 3620 1228 3677 ergo
1252 3603 1351 3660 Dei
1378 3623 1467 3676 per
1503 3607 1655 3676 ﬁdem
1678 3605 1805 3662 Iesu

218 3692 398 3750 Christi
431 3713 488 3750 sn
523 3712 699 3752 omnes
734 3697 821 3768 qui
860 3696 1070 3752 credunt
1091 3715 1111 3753 :
1140 3714 1241 3754 non
1265 3698 1399 3754 enim
1423 3707 1496 3754 est
1529 3699 1802 3756 distinctio.

221 3785 403 3842 Omnes
450 3787 591 3843 enim
633 3797 1000 3859 peccaverunt,
1045 3798 1090 3844 et
1129 3799 1273 3861 egent
1325 3790 1490 3861 gloria
1530 3789 1648 3858 Dei,
1698 3806 1808 3848 non

213 3879 378 3949 gloria
407 3895 530 3934 sua.
559 3879 698 3948 Quid
727 3881 868 3936 enim
897 3879 1117 3950 habent,
1147 3881 1289 3953 quod
1316 3898 1423 3939 non
1451 3883 1807 3955 acceperunt?

221 3970 271 4026 Si
311 3981 500 4028 autem
544 3981 900 4043 acceperunt,
949 3971 1076 4043 quid
1120 3973 1413 4044 gloriantur
1435 4015 1451 4041 ,
1499 3975 1651 4045 quasi
1698 3989 1808 4031 non

218 4065 521 4136 acceperint
549 4064 604 4135 (ι
634 4063 750 4120 Cor.
781 4082 853 4132 iv,
883 4065 989 4136 7)?
1041 4065 1214 4136 Egent
1260 4066 1440 4137 itaque
1485 4068 1651 4139 gloria
1687 4067 1804 4136 Dei,

218 4166 265 4210 et
290 4157 416 4211 vide
446 4155 579 4226 quid
621 4165 915 4227 sequatur:
942 4155 1226 4225 Justifieati
1262 4158 1421 4228 gratis
1461 4175 1554 4229 per
1590 4160 1808 4230 gratiam

216 4247 372 4317 ipsius
420 4247 611 4319 (Rom.
641 4263 726 4315 ιιι,
755 4247 990 4319 20-24).
1035 4247 1153 4303 Non
1184 4248 1361 4320 itaque
1402 4248 1676 4318 iustiﬁcati
1715 4266 1811 4320 per

219 4337 385 4409 legem
410 4381 430 4407 ,
461 4354 572 4394 non
594 4337 868 4409 iustiﬁcati
895 4352 990 4410 per
1018 4339 1287 4411 propriam
1313 4340 1639 4396 voluntatem
1669 4359 1683 4396 :
1712 4341 1809 4398 sed

211 4431 485 4500 iustiﬁcati
537 4432 696 4503 gratis
733 4447 823 4503 per
871 4431 1087 4502 gratiam
1122 4431 1324 4503 ipsius;
1362 4446 1468 4487 non
1513 4430 1654 4502 quod
1691 4431 1812 4490 sine

223 4525 499 4580 voluntate
531 4535 711 4580 nostra
737 4523 850 4594 ﬁat,
879 4524 975 4581 sed
1014 4525 1261 4582 voluntas
1291 4534 1473 4582 nostra
1515 4525 1812 4583 ostenditur

217 4617 432 4674 inﬁrma
474 4633 573 4689 per
616 4619 807 4691 legem,
857 4628 916 4675 ut
956 4628 1112 4676 sanet
1149 4620 1317 4692 gratia
1361 4621 1712 4686 voluntatem,
1758 4629 1814 4678 et

217 4719 406 4764 sanata
433 4709 684 4766 voluntas
724 4711 943 4781 impleat
986 4711 1180 4784 legem,
1227 4726 1335 4768 non
1375 4712 1668 4770 constituta
1711 4713 1813 4770 sub

219 4801 354 4871 lege,
389 4816 494 4857 nec
520 4800 763 4873 indigens
787 4801 924 4873 lege.

284 4893 524 4951 CAPUT
563 4893 632 4950 Χ.
658 4925 730 4936 -
767 4895 856 4951 16.
891 4895 1158 4964 Quomodo
1191 4897 1338 4968 justo
1381 4913 1484 4953 non
1529 4899 1696 4970 posita
1739 4907 1813 4955 est

218 4989 320 5042 la.
347 5019 426 5030 -—
447 4987 601 5043 Iusto
640 4990 782 5045 enim
829 4990 912 5046 lea:
963 5007 1066 5046 non
1111 4999 1183 5046 est
1227 4992 1392 5062 posita
1419 5007 1439 5046 :
1464 5007 1582 5063 qua:
1635 5000 1814 5048 tamen

218 5081 352 5136 bona
383 5091 482 5150 est,
511 5083 556 5137 si
579 5081 688 5152 quis
725 5099 786 5137 ea
824 5081 1042 5155 legitime
1070 5092 1263 5138 utatur.
1295 5083 1421 5139 Haec
1444 5083 1554 5140 duo
1582 5085 1814 5155 Aposto-

219 5173 304 5228 lus
324 5175 475 5228 velut
500 5174 640 5229 inter
662 5189 720 5229 se
744 5175 1010 5230 contraria
1035 5183 1378 5242 connectens,
1404 5184 1586 5231 monet
1610 5185 1816 5233 movet-

213 5283 324 5338 quc
369 5266 631 5323 lectorem
675 5267 742 5323 ad
788 5268 1226 5338 perscrutandam
1270 5269 1622 5341 quzestioncm
1654 5279 1816 5342 atque

216 5360 557 5417 solvendam.
589 5360 871 5430 Quomodo
900 5362 1042 5418 enim
1085 5360 1217 5417 bona
1258 5371 1330 5417 est
1368 5363 1472 5431 lex,
1513 5362 1558 5418 si
1604 5363 1719 5434 quis
1756 5378 1818 5420 eo

220 5454 446 5524 legitime
469 5463 644 5508 utatur
671 5453 723 5526 (l
749 5448 886 5508 Tim.
912 5469 950 5521 ι,
982 5453 1037 5518 9.
1065 5452 1160 5524 8);
1195 5453 1241 5508 si
1269 5453 1432 5510 etiam
1464 5453 1606 5524 quod
1639 5454 1818 5525 sequi-

287 5567 306 5597 ¹
332 5565 559 5636 Plerique
577 5564 892 5636 manuscripti
914 5565 1081 5636 verbis
1110 5565 1216 5636 istis
1235 5571 1422 5629 carent,
1456 5577 1552 5617 non
1587 5577 1676 5629 per
1699 5561 1820 5629 legis

614 5625 943 5722 ger,"
958 5625 1230 5679 arbitrium.

335 5691 426 5741 Soli
451 5692 587 5751 editi,
612 5689 661 5741 et
681 5689 815 5740 huic.

287 5753 310 5785 ³
328 5761 422 5804 Hoc
441 5751 548 5805 loco
561 5752 882 5812 manuscripti
903 5754 1142 5813 omittunt,
1165 5751 1272 5803 Dei.

285 5814 428 5880 fani.
448 5822 522 5867 Er.
549 5823 603 5868 et
627 5815 864 5879 plerique
887 5823 1012 5880 Mss,
1035 5828 1128 5868 non
1149 5814 1345 5878 adjutus
1377 5828 1408 5866 a
1429 5814 1549 5880 lege.

286 5877 310 5914 ⁸
328 5879 471 5936 tutuo
487 5877 874 5937 mv..'smetur.

1621 349 1826 409 LIBER
1866 351 2064 412 UNUS.

3371 367 3480 424 210

1894 475 1978 522 tur
2021 484 2208 524 verum
2244 478 2346 539 est,
2392 471 2578 530 Sciens
2619 475 2736 546 hoc,
2785 476 2906 548 quia
2940 461 3086 551 iusto
3129 478 3212 534 lea:
3256 497 3355 536 non
3403 482 3482 538 est

1892 559 2102 630 posita?
2152 560 2285 618 Nam
2315 564 2436 635 quis
2485 566 2720 637 legitime
2757 569 2925 626 utimr
2972 569 3090 642 lege
3118 571 3220 626 nisi
3258 570 3481 643 iustus?

1891 652 1963 707 At
1987 652 2038 708 ei
2067 668 2174 708 non
2201 664 2284 710 est
2310 656 2503 727 posita,
2533 659 2627 714 sed
2673 659 2890 730 iniusto.
2939 661 3021 717 An
3047 672 3102 718 et
3128 660 3380 734 iniustus,
3423 675 3484 722 ut

1889 743 2228 814 iustiﬁcetur,
2277 747 2330 804 id
2367 757 2467 816 est,
2511 760 2572 806 ut
2611 749 2786 822 iustus
2825 753 2936 822 ﬁat,
2975 754 3208 826 legitime
3246 755 3365 828 lege
3402 757 3482 814 uti

1892 834 2071 905 debet,
2117 854 2219 909 qua
2266 848 2512 912 tanquam
2556 841 2846 916 paedagogo
2890 844 3215 916 perducatur
3255 847 3322 902 ad
3361 863 3486 920 gra-

1893 928 2023 984 tiam
2052 928 2246 1004 (Galat.
2278 948 2356 998 ιιι,
2383 932 2500 1004 24),
2529 948 2625 1005 per
2647 950 2808 1005 quam
2840 935 3010 993 solam
3036 938 3178 1010 quod
3211 938 3298 995 lex
3329 939 3486 1010 jubet

1895 1021 2064 1090 possit
2105 1021 2372 1094 implere?
2408 1025 2513 1081 Per
2548 1027 2722 1097 ipsam
2759 1028 2960 1100 quippe
2993 1029 3316 1101 iustiﬁcatur
3356 1047 3485 1104 gra-

1895 1110 1985 1175 tis,
2037 1111 2091 1166 id
2135 1123 2238 1180 est,
2291 1115 2454 1172 nullis
2497 1130 2716 1173 suorum
2773 1133 2999 1189 operum
3059 1123 3487 1190 pmcedentibus

1895 1202 2138 1268 meritis;
2187 1206 2408 1276 alioquin
2446 1209 2610 1280 gratia
2655 1210 2772 1281 jam
2817 1227 2918 1266 non
2971 1221 3043 1267 est
3089 1216 3254 1284 gratia
3294 1213 3484 1284 (Rom.

1895 1310 1973 1362 xi,
2004 1295 2058 1366 6)
2103 1314 2114 1349 :
2155 1298 2367 1368 quando
2407 1300 2623 1371 quidem
2663 1301 2785 1358 ideo
2819 1302 3000 1370 datur,
3044 1320 3150 1359 non
3189 1306 3312 1376 quia
3348 1306 3488 1363 bona

1895 1404 2058 1460 opera
2086 1389 2330 1458 fecimus,
2377 1392 2472 1447 scd
2513 1402 2570 1448 ut
2608 1409 2672 1449 ea
2716 1394 2894 1452 facere
2935 1397 3246 1464 valeamus;
3290 1398 3341 1453 id
3382 1409 3485 1464 est,

1897 1497 2001 1537 non
2046 1483 2166 1554 quia
2207 1483 2377 1554 legem
2421 1485 2777 1556 implevimus,
2809 1487 2903 1543 sed
2947 1497 3007 1543 ut
3045 1489 3215 1560 legem
3259 1490 3484 1560 implere

1898 1575 2182 1646 possimus.
2231 1575 2323 1631 Ille
2362 1577 2506 1632 enim
2551 1577 2703 1642 dixit,
2753 1577 2874 1634 Non
2919 1581 3030 1634 veni
3069 1583 3259 1635 solvere
3299 1583 3482 1651 legem,

1897 1665 1986 1720 sed
2024 1667 2232 1736 implere
2273 1666 2501 1738 (Matth.
2547 1683 2613 1735 v,
2655 1669 2763 1740 l7)
2807 1687 2820 1723 :
2863 1668 2931 1724 de
2971 1687 3080 1740 quo
3131 1671 3330 1726 dictum
3382 1681 3484 1737 est,

1908 1754 2139 1810 Vidimus
2182 1756 2398 1828 gloriam
2438 1759 2580 1830 ejus,
2620 1759 2836 1830 gloriam
2877 1769 3120 1830 tanquam
3161 1760 3420 1832 Unigeniti
3456 1779 3491 1815 a

1900 1847 2076 1913 Patre,
2119 1849 2323 1918 plenum
2361 1851 2526 1922 gratia
2563 1860 2608 1905 et
2641 1852 2848 1907 veritate
2887 1851 3081 1923 (Joan.
3124 1853 3318 1924 1,”).
3363 1853 3490 1909 limo

1897 1948 1982 1995 est
2016 1940 2184 2010 gloria
2223 1941 2292 1997 de
2333 1957 2436 2012 qua
2469 1942 2670 1998 dictum
2709 1953 2812 2012 est,
2859 1944 3047 2000 Omnes
3091 1947 3224 2000 enim
3251 1962 3491 2016 peccave-

1897 2042 2036 2099 runt,
2081 2043 2128 2087 et
2167 2043 2308 2105 egent
2349 2034 2512 2105 gloria
2534 2034 2630 2089 Dei
2665 2052 2684 2090 :
2722 2046 2777 2092 et
2813 2036 2928 2092 lucc
2963 2045 3046 2092 est
3071 2036 3240 2108 gratia
3277 2037 3346 2093 de
3385 2050 3492 2109 qua

1898 2123 2154 2180 continuo
2190 2123 2336 2190 dicit,
2375 2123 2654 2195 Justiﬁcati
2699 2127 2860 2198 gratis
2907 2143 2996 2198 per
3037 2127 3256 2200 gratiam
3299 2127 3486 2200 ipsius.

1901 2215 2134 2286 lniustus
2174 2231 2304 2288 ergo
2349 2217 2585 2289 legitime
2634 2218 2751 2289 lege
2800 2219 2987 2286 utitur,
3043 2228 3102 2275 ut
3143 2222 3321 2290 iustus
3352 2217 3487 2285 ﬁat;

1900 2307 2042 2380 quod
2066 2324 2186 2364 cum
2217 2308 2388 2365 factus
2426 2310 2601 2377 fuerit,
2631 2326 2696 2366 ea
2734 2311 2846 2382 iam
2885 2328 2992 2368 non
3019 2321 3198 2368 utatur
3238 2322 3492 2384 tanquam

1901 2401 2149 2458 vehiculo
2191 2417 2312 2458 cum
2340 2404 2660 2472 pervenerit,
2691 2404 2776 2461 vel
2818 2405 3014 2476 potius,
3057 2414 3115 2461 ut
3151 2421 3310 2476 supra
3349 2404 3494 2462 dicta

1902 2493 2246 2550 similitudine
2283 2495 2525 2564 Apostoli
2561 2503 2698 2562 utar,
2747 2505 2997 2567 tanquam
3043 2497 3332 2569 paedagogo
3369 2512 3494 2553 cum

1902 2587 2145 2644 eruditus
2190 2587 2370 2644 fuerit.
2413 2588 2692 2656 Quomodo
2737 2589 2878 2644 enim
2925 2590 3072 2660 justo
3118 2592 3204 2646 lex
3258 2604 3363 2644 non
3407 2598 3493 2646 est

1903 2679 2094 2750 posita,
2123 2679 2166 2734 si
2197 2677 2418 2750 etjusto
2440 2687 2523 2735 est
2556 2681 2879 2749 necessaria,
2908 2695 3014 2736 non
3040 2697 3141 2752 qua
3169 2681 3399 2751 iniustus
3422 2680 3492 2736 ad

1900 2772 2277 2843 iustiﬁcantem
2317 2774 2542 2844 gratiam
2582 2773 2924 2843 perducatur,
2970 2771 3064 2829 sed
3107 2788 3213 2845 qua
3256 2773 3495 2844 legitime

1899 2863 2009 2936 iam
2035 2865 2209 2936 justus
2236 2865 2454 2920 utatur?
2481 2865 2560 2920 An
2591 2863 2748 2931 forte,
2779 2865 2887 2920 imo
2906 2880 3036 2921 vero
3063 2879 3168 2920 non
3209 2863 3367 2931 forte,
3396 2864 3494 2921 sed

1904 2965 2072 3023 certe,
2099 2957 2179 3014 sic
2208 2957 2441 3028 legitime
2481 2959 2646 3013 utitur
2671 2960 2688 2990 ¹
2721 2959 2838 3030 lege
2856 2958 2967 3029 iam
3001 2958 3200 3030 iustus,
3229 2973 3348 3014 cum
3373 2972 3496 3014 eam

1908 3048 2172 3106 terrendis
2202 3048 2427 3122 imponit
2452 3049 2680 3121 iniustis,
2710 3057 2766 3105 ut
2790 3066 2910 3106 cum
2940 3060 2995 3108 et
3023 3051 3076 3106 in
3107 3049 3234 3121 ipsis
3259 3049 3498 3120 coeperit

1911 3141 2114 3198 inolitze
2149 3143 2598 3213 concupiscentia:
2641 3144 2860 3199 morbus
2890 3145 3158 3200 incentivo
3180 3143 3501 3215 prohibitio-

1908 3234 1993 3290 nis
2020 3243 2075 3290 et
2106 3235 2324 3291 cumulo
2350 3235 2802 3306 prmvaricationis
2830 3236 3034 3307 augeri,
3064 3237 3372 3308 confugiant
3393 3251 3496 3309 per

1907 3328 2067 3385 iidem
2093 3328 2160 3385 ad
2196 3328 2576 3400 iustiﬁcantem
2618 3329 2866 3400 gratiam,
2896 3337 2950 3385 et
2980 3345 3076 3399 per
3101 3329 3301 3385 donum
3331 3329 3498 3400 apiri-

1909 3429 1994 3477 tus
2023 3421 2282 3476 suavitate
2306 3420 2526 3490 iustitia:
2553 3419 2800 3476 delectati
2825 3434 3040 3491 penam
3071 3420 3262 3476 littera:
3287 3419 3496 3476 minan-

1911 3514 1978 3570 tis
2002 3511 2270 3569 evadant?
2316 3513 2390 3568 lla
2427 3527 2532 3567 non
2559 3521 2716 3568 erunt
2741 3512 3027 3580 contraria,
3060 3525 3236 3582 neque
3266 3511 3406 3567 inter
3434 3524 3497 3568 so

1909 3607 2016 3663 duo
2040 3607 2138 3662 ista
2165 3606 2493 3678 pugnabunt,
2528 3612 2588 3660 ut
2615 3605 2776 3661 etiam
2816 3605 2990 3676 iustus
3033 3603 3174 3660 bona
3213 3604 3330 3676 lege
3358 3602 3498 3674 legi-

1911 3703 2039 3758 time
2077 3710 2286 3769 ulatur,
2319 3708 2374 3756 et
2417 3709 2596 3756 tamen
2621 3699 2768 3770 justo
2798 3699 2882 3755 lex
2908 3698 3081 3770 posita
3113 3713 3219 3754 non
3245 3697 3354 3752 sit:
3387 3710 3496 3753 non

1909 3795 2051 3851 enim
2094 3810 2158 3850 ex
2199 3809 2261 3849 ea
2301 3792 2624 3864 iustiﬁcatus
2657 3799 2762 3860 est,
2807 3791 2902 3847 sed
2947 3807 3012 3847 ex
3053 3791 3169 3862 lege
3214 3789 3359 3857 ﬁdei,
3391 3803 3500 3860 qua

1909 3885 2139 3943 credidit
2166 3885 2311 3940 nullo
2336 3885 2496 3939 modo
2524 3898 2682 3955 posse
2709 3898 2821 3938 suae
2848 3881 3143 3939 inﬁrmitati
3172 3881 3237 3936 ad
3264 3881 3496 3952 implen-

1911 3977 1978 4034 da
2003 3992 2087 4046 ea,
2115 3992 2234 4050 qua:
2271 3975 2353 4032 lex
2383 3975 2638 4032 factorum
2665 3976 2687 4008 ³
2711 3975 2925 4046 iuberet
2945 4016 2959 4040 ,
2991 3974 3092 4030 nisi
3123 3973 3300 4030 divina
3327 3974 3499 4046 gratia

1911 4070 2204 4127 subveniri.

1988 4165 2074 4220 l7.
2107 4163 2231 4219 Ideo
2260 4163 2407 4228 dicit,
2443 4161 2540 4219 Ubi
2566 4172 2639 4219 est
2683 4180 2801 4235 ergo
2840 4161 3079 4234 gloriatio
3118 4163 3246 4216 tua?
3275 4159 3501 4219 Exclusit

1912 4263 2006 4311 est.
2045 4254 2147 4309 Per
2170 4272 2321 4326 quam
2350 4254 2508 4326 legem
2530 4256 2556 4310 7
2594 4256 2846 4324 factorum
2867 4255 2893 4308 Ρ
2919 4253 3039 4308 Non
3060 4297 3074 4321 ,
3105 4253 3193 4308 sed
3220 4269 3308 4323 per
3342 4253 3501 4324 legem

1915 4347 2035 4417 ﬁdei
2063 4346 2238 4418 (Rom.
2266 4363 2342 4412 ιιι,
2373 4347 2488 4416 27).
2537 4346 2660 4403 Sive
2684 4347 3051 4418 gloriatiouem
3089 4345 3286 4402 dixerit
3311 4345 3499 4400 lauda-

1913 4439 2098 4506 bilem,
2122 4454 2240 4509 qua:
2270 4439 2322 4492 in
2351 4437 2579 4495 Domino
2601 4449 2704 4504 est,
2734 4454 2958 4509 eamque
2987 4439 3282 4505 exclusam,
3311 4437 3364 4493 id
3393 4448 3498 4506 est,

1917 4547 2025 4588 non
2053 4539 2111 4585 ut
2134 4529 2443 4586 abscederet
2472 4529 2677 4600 pulsam
2699 4572 2712 4596 ,
2741 4529 2835 4584 sed
2877 4541 2934 4585 ut
2976 4529 3239 4585 emineret
3266 4543 3494 4599 expres-

1917 4638 2049 4679 sam.
2097 4621 2250 4680 Unde
2284 4633 2339 4678 et
2379 4622 2687 4678 exclusorcs
2728 4620 2978 4676 dicuntur
3017 4619 3232 4692 quidam
3263 4618 3501 4676 artiﬁces

1918 4715 2223 4787 argentarii.
2270 4713 2405 4772 Hinc
2441 4721 2524 4770 est
2561 4722 2617 4769 ct
2663 4712 2797 4769 illud
2837 4715 2890 4769 in
2935 4713 3182 4781 Psalmis,
3227 4711 3295 4768 Ut
3332 4713 3507 4770 exclu-

1919 4808 2107 4863 dantur
2132 4808 2169 4862 ii
2194 4807 2282 4879 qui
2320 4806 2518 4878 probati
2555 4815 2669 4861 sunt
2705 4815 2914 4878 argento
2945 4803 3116 4878 (Psal.
3145 4820 3322 4870 vau,
3349 4803 3415 4860 3|
3441 4804 3458 4875 )
3489 4823 3506 4863 :

1920 4901 2023 4958 hoc
2059 4910 2162 4966 est,
2205 4910 2263 4956 ut
2301 4901 2572 4958 emineant
2609 4900 2700 4972 qni
2743 4900 2948 4972 probati
2987 4909 3113 4955 sunt
3150 4898 3362 4972 eloquio
3398 4898 3509 4956 Do-

1921 4995 2072 5050 mini.
2110 4993 2243 5049 Nam
2272 5001 2326 5050 et
2365 4993 2491 5050 alibi
2524 4993 2721 5049 dicitur
2757 5010 2772 5048 :
2812 4991 3032 5062 Eloquia
3065 4990 3273 5046 Domini
3310 4991 3511 5060 eloquia

1921 5096 2080 5152 casta,
2120 5095 2386 5157 argentum
2421 5087 2535 5157 igne
2572 5085 2914 5139 examinatum
2954 5081 3128 5154 (Psal.
3159 5099 3238 5152 ιι,
3266 5083 3340 5154 7).
3383 5081 3511 5137 Sive

1921 5177 2289 5250 gloriationcm
2328 5177 2574 5232 vitiosam
2613 5175 2680 5230 de
2720 5174 2968 5245 superbia
3009 5174 3313 5230 venientem
3356 5187 3508 5228 com-

1923 5285 2222 5326 memorare
2263 5267 2530 5336 voluerit,
2575 5280 2763 5323 eorum
2806 5265 3050 5335 scilicet,
3099 5266 3188 5338 qui
3237 5281 3357 5321 cum
3409 5265 3491 5320 sib

1919 5365 2064 5435 iuste
2086 5361 2334 5417 videnlur
2361 5360 2561 5428 vivere,
2591 5359 2662 5414 ita
2701 5359 3013 5430 gloriantur,
3041 5357 3193 5430 quasi
3222 5373 3328 5412 non
3355 5369 3512 5411 acce-

1924 5456 2142 5528 perint:
2173 5469 2399 5525 eamque
2437 5468 2544 5508 non
2584 5467 2677 5524 per
2707 5453 2876 5525 legem
2911 5453 3169 5508 factorum
3197 5451 3239 5518 ³,
3282 5448 3375 5506 sed
3412 5463 3511 5520 per

1927 5550 2102 5623 legem
2143 5548 2266 5605 ﬁdei
2305 5548 2434 5605 dicit
2473 5547 2768 5614 exclusam,
2815 5546 2868 5602 id
2907 5554 3009 5615 est,
3049 5545 3274 5616 eiectam
3317 5550 3372 5598 ει
3407 5541 3509 5599 ab-
3563 5574 3579 5585 ι

1991 5687 2010 5719 ⁸
2034 5692 2083 5734 tn
2105 5691 2219 5735 ante
2245 5684 2454 5743 excusis,
2477 5687 2657 5732 utatur.

1990 5749 2012 5780 ⁸
2035 5754 2137 5809 Duo
2154 5745 2332 5809 Belgici
2350 5753 2457 5795 Mss.
2483 5747 2729 5809 omittunt,
2752 5743 3001 5806 factorum.

1993 5809 2014 5841 ³
2036 5808 2171 5869 Editi,
2189 5798 2326 5872 quasi
2348 5821 2440 5857 non
2471 5798 2881 5870 acceperin't'eam
2907 5819 2926 5856 :
2949 5817 3094 5870 quam
3116 5815 3210 5855 non
3253 5815 3340 5870 per
3363 5798 3518 5871 legent

1931 5872 2180 5938 factorum.
2205 5871 2504 5934 Castigautur
2528 5883 2592 5920 ex
2619 5877 2722 5918 Mss.
