3996 6494
462 424 571 484 215

463 541 742 616 justilicari
790 540 1059 597 hominem
1118 536 1399 609 praeceptis
1449 538 1608 594 bonae
1634 537 1756 592 vita:
1806 535 1906 590 nisi
1957 549 2050 605 per

466 634 625 690 fidem
654 633 781 691 Jesu
809 633 1040 699 Christi,
1064 632 1165 687 hoc
1194 640 1310 699 est,
1342 645 1451 686 non
1494 630 1613 701 lege
1656 643 1876 700 operum
1894 667 1912 695 ,
1955 626 2052 682 sed

467 725 588 782 fidei
612 743 628 792 ;
661 742 768 781 non
798 727 973 781 littera
993 767 1008 793 ,
1033 723 1128 780 sed
1150 723 1372 795 spiritu;
1397 737 1505 779 non
1531 720 1790 777 factorum
1818 719 2047 784 meritis,

467 818 561 874 sed
591 819 818 890 gratuita
848 817 1036 886 gratia.

537 909 763 967 CAPUT
815 908 954 965 XIV.
983 938 1052 949 —-
1098 908 1188 964 25.
1241 906 1531 978 Decalogus
1575 920 1774 975 quoque
1841 901 2048 968 occidit,

468 1004 568 1058 nisi
595 1003 727 1058 adsit
749 1005 934 1074 gratia.
961 1003 1215 1071 Quamvis
1236 1003 1434 1073 itaque,
1463 1000 1584 1056 illos
1609 999 1800 1071 quibus
1820 998 2052 1054 circum-

467 1095 600 1151 cisio
627 1096 1064 1166 persuadebatur,
1095 1097 1164 1150 ita
1190 1095 1462 1166 corripere
1491 1102 1651 1164 atque
1676 1091 1946 1162 corrigere
1972 1089 2056 1143 vi-

470 1187 660 1244 deatur
687 1189 975 1259 Apostolus
997 1231 1011 1257 ,
1040 1198 1096 1243 ut
1118 1188 1247 1259 legis
1292 1186 1510 1241 nomine
1538 1184 1780 1240 eamdem
1824 1183 2054 1238 circum-

469 1279 725 1335 cisionem
755 1281 1004 1351 appellet,
1033 1288 1366 1349 eaeterasque
1410 1277 1674 1347 ejusmodi
1706 1276 1837 1346 legis
1864 1275 2054 1331 obser-

469 1371 738 1437 vationes,
789 1386 920 1440 quas
968 1380 1218 1440 tanquam
1272 1369 1491 1423 umbras
1545 1367 1710 1422 futuri
1748 1366 1859 1436 jam
1913 1380 2055 1422 nunc

470 1471 730 1534 respuunt
754 1462 1036 1518 Christiani
1064 1502 1078 1527 ,
1129 1461 1182 1516 id
1214 1468 1459 1516 tenentes
1485 1460 1628 1531 quod
1669 1475 1765 1530 per
1784 1459 1905 1514 illas
1931 1473 2052 1514 um-

470 1555 594 1611 bras
636 1555 858 1625 figurate
903 1553 1352 1626 promittebatur:
1385 1562 1562 1609 tamen
1621 1553 1791 1624 legem
1843 1567 1909 1608 ex
1957 1567 2060 1623 qua

471 1646 739 1702 neminem
765 1645 892 1702 dicit
906 1646 1184 1716 justificari
1206 1689 1220 1716 ,
1250 1661 1355 1702 non
1401 1656 1604 1701 tantum
1650 1645 1700 1700 in
1742 1645 1847 1700 illis
1879 1659 2059 1699 sacra-

473 1739 669 1794 mentis
715 1753 834 1808 qua:
883 1737 1183 1793 habuerunt
1232 1737 1580 1808 promissivas
1625 1737 1841 1807 figuras,
1876 1749 2061 1790 verum

471 1831 636 1887 etiam
660 1832 716 1888 in
737 1831 843 1888 illis
876 1832 1129 1902 operibus
1149 1831 1260 1887 vult
1287 1831 1532 1902 intelligi,
1559 1846 1677 1901 qua:
1707 1829 1948 1898 quisquis
1980 1828 2059 1883 fe-

473 1925 788 1994 cerit,juste
825 1924 952 1978 vivit
983 1942 997 1979 :
1025 1924 1114 1980 ubi
1161 1933 1245 1980 est
1287 1933 1341 1979 et
1367 1922 1526 1988 illud,
1571 1921 1691 1976 Non
1719 1921 2060 1990 concupisces.

474 2016 653 2086 Atque
675 2025 732 2071 ut
759 2015 862 2072 hoc
887 2015 1029 2087 quod
1049 2015 1275 2071 dicimus
1297 2016 1389 2070 liat
1423 2013 1662 2086 planius,
1693 2012 1864 2082 ipsum
1896 2012 2064 2068 Deca-

475 2112 656 2184 logum
688 2113 984 2170 videamus.
1032 2113 1188 2169 Certe
1237 2114 1380 2169 enim
1430 2113 1601 2182 legem
1655 2111 1865 2182 Moyses
1911 2107 2067 2164 mini-

475 2207 748 2263 strandam
776 2207 974 2279 populo
1002 2207 1209 2277 accepit
1235 2207 1286 2261 in
1312 2216 1523 2271 monte,
1547 2206 1797 2274 scriptam
1831 2205 1883 2258 in
1926 2201 2064 2272 lapi-

475 2299 592 2356 deis
622 2299 815 2356 tabulis
856 2300 1022 2371 digito
1066 2300 1159 2356 Dei
1191 2316 1204 2352 :
1231 2299 1345 2354 huic
1391 2299 1576 2354 decem
1615 2299 1895 2368 prmceptis
1934 2312 2067 2351 con-

475 2391 968 2463 stringitur(Exod.
1014 2407 1165 2460 xxxx,
1215 2392 1318 2457 18;
1366 2391 1520 2445 Deut.
1549 2407 1624 2456 ix,
1668 2390 1756 2455 10,
1798 2399 1844 2444 et
1894 2388 2066 2443 Exod.

476 2483 574 2554 xx)
595 2525 610 2551 ,
635 2483 722 2538 ubi
754 2483 883 2538 nihil
912 2483 979 2540 de
1002 2483 1408 2539 circumcisione
1437 2483 1746 2538 mandatum
1776 2492 1859 2537 est
1879 2524 1894 2549 ,
1925 2480 2059 2536 nihil

476 2572 545 2628 de
569 2573 797 2630 victimis
834 2589 1086 2645 pecorum
1111 2614 1128 2643 ,
1173 2590 1292 2646 quae
1345 2589 1486 2630 nunc
1528 2588 1558 2628 a
1607 2573 1924 2629 Christianis
1962 2587 2069 2628 non

476 2668 840 2725 immolantur.
870 2668 930 2725 ln
968 2669 1072 2724 illis
1098 2667 1260 2740 igitur
1285 2667 1473 2724 decem
1507 2667 1822 2736 praeceptis,
1844 2674 2069 2736 excepta

477 2762 683 2818 sabbati
734 2762 1127 2828 observatione,
1155 2759 1364 2816 dicatur
1392 2759 1667 2828 mihiquid
1700 2774 1803 2812 non
1857 2757 1928 2812 sit
1971 2757 2070 2812 ob-

477 2854 800 2912 servandum
821 2871 851 2910 a
880 2855 1190 2919 christiano,
1220 2853 1334 2909 sive
1368 2852 1433 2908 de
1475 2866 1580 2906 non
1605 2851 1860 2906 faciendis
1889 2849 2072 2905 colen-

479 2945 668 3018 disque
697 2945 855 3002 idolis
901 2946 1129 3016 aliisque
1158 2945 1280 3001 ullis
1319 2944 1421 3000 diis
1452 2953 1646 3014 praeter
1686 2959 1850 2997 unum
1883 2957 2070 2996 verum

479 3038 666 3106 Deum,
691 3039 808 3095 sive
835 3037 901 3094 de
927 3053 1034 3094 non
1063 3037 1373 3108 accipiendo
1394 3035 1609 3090 nomine
1645 3035 1738 3088 Dei
1766 3034 1818 3088 in
1849 3047 2066 3097 vanum,

479 3131 594 3187 sive
629 3129 698 3186 de
742 3130 946 3187 honore
989 3129 1296 3200 parentibus
1325 3127 1614 3184 deferendo
1639 3168 1654 3194 ,
1705 3125 1820 3181 sive
1861 3124 1929 3180 de
1975 3139 2070 3183 ca-

481 3225 671 3282 vendis
736 3223 1214 3292 fornieationibus,
1278 3221 1615 3287 homicidiis,
1662 3219 1853 3284 furtis,
1923 3217 2072 3274 falsis

483 3320 839 3388 testimoniis,
883 3319 1191 3388 adulteriis,
1237 3334 1297 3375 re
1343 3318 1519 3374 aliena
1575 3312 2000 3385 concupiscenda
2029 3314 2068 3366 ⁸.

482 3414 618 3483 Quid
646 3414 836 3471 horum
857 3415 1134 3486 quisquam
1162 3413 1358 3469 dixerit
1376 3411 1724 3468 christianum
1747 3424 1853 3464 non
1871 3407 2072 3464 debere

481 3508 737 3563 servare?
767 3511 848 3562 An
869 3505 1009 3562 forte
1039 3521 1146 3561 non
1183 3506 1340 3559 istam
1371 3503 1538 3573 legem
1567 3517 1687 3572 quze
1718 3501 1771 3554 in
1803 3500 1906 3554 illis
1936 3499 2072 3554 dua-

482 3598 583 3653 bus
605 3599 797 3654 tabulis
835 3598 1030 3667 scripta
1059 3606 1174 3661 est,
1212 3595 1442 3649 litteram
1485 3594 1816 3648 occidentem
1843 3591 2075 3662 appellat

483 3691 806 3760 Apostolus,
840 3688 934 3744 sed
966 3687 1110 3742 illam
1148 3685 1570 3742 circumcisionis
1617 3686 1950 3756 aliorumque
1977 3700 2074 3741 ve-

482 3789 657 3836 terum
675 3781 894 3851 jamque
919 3779 1240 3834 abolitorum
1266 3778 1765 3834 sacramentorum?
1793 3776 1896 3832 Sed
1941 3790 2076 3846 quo-

485 3873 645 3928 modo
683 3872 1008 3943 putabimus,
1057 3885 1177 3925 eum
1218 3869 1271 3924 in
1300 3884 1362 3925 ea
1389 3871 1478 3934 sit,
1533 3867 1656 3923 Non
1705 3869 2030 3938 concupisces
2053 3884 2074 3922 :

483 3980 574 4033 per
597 3962 739 4033 quod
765 3962 1079 4029 mandatum,
1106 3961 1350 4032 quamvis
1375 3969 1604 4015 sanctum
1625 3970 1670 4014 et
1685 3960 1885 4031 justum
1913 3970 1959 4015 et
1985 3960 2076 4014 bo-

484 4075 628 4126 num,
661 4058 841 4128 fefellit
866 4074 964 4125 me,
988 4056 1180 4127 inquit,
1206 4064 1486 4126 peccatum,
1509 4064 1558 4109 et
1579 4071 1671 4126 per
1704 4053 1837 4109 illud
1855 4054 2078 4110 occidit?

484 4149 621 4217 Quid
646 4149 791 4206 enim
821 4149 962 4205 aliud
989 4158 1094 4216 est,
1119 4147 1310 4208 Littera
1333 4147 1552 4202 occidit?

555 4244 645 4300 24.
671 4243 924 4311 Quamvis
949 4243 1247 4299 evidentius
1275 4255 1341 4298 eo
1370 4242 1487 4311 ipso
1508 4241 1626 4296 loco
1647 4242 1714 4296 ad
1738 4240 2067 4308 Corinthios,

485 4336 578 4391 ubi
605 4336 700 4404 ait,
744 4333 936 4390 Littera
979 4335 1182 4400 occidit,
1219 4334 1428 4403 spiritus
1465 4341 1631 4387 autem
1673 4332 1929 4402 vivi/icat;
1968 4345 2076 4386 non

484 4426 646 4481 aliam
671 4425 801 4481 velit
826 4425 1048 4496 intelligi
1075 4425 1330 4492 litteram,
1351 4439 1512 4495 quam
1538 4425 1713 4494 ipsum
1746 4423 2070 4492 Decalogum

485 4517 542 4572 in
566 4517 671 4572 illis
695 4516 901 4574 duabus
929 4517 1125 4572 tabulis
1148 4516 1427 4586 scriptum.
1443 4515 1532 4572 Sic
1550 4515 1695 4570 enim
1709 4514 1838 4569 dicit
1861 4532 1905 4569 τι
1928 4514 2077 4581 Quo-

486 4610 634 4665 niam
678 4609 808 4664 estis
851 4608 1076 4678 epistola
1101 4605 1297 4662 Christi
1328 4607 1629 4662 ministrata
1665 4621 1761 4674 per
1788 4619 1906 4671 nos,
1937 4606 2074 4660 scri-

486 4711 575 4771 pta
597 4715 703 4755 non
728 4708 1046 4766 atramento,
1063 4697 1159 4753 sed
1185 4699 1372 4769 spiritu
1401 4697 1493 4752 Dei
1512 4697 1647 4762 vivi;
1671 4711 1775 4751 non
1793 4697 1848 4750 in
1876 4696 2069 4751 tabulis

487 4791 729 4863 lapideis,
747 4790 842 4846 sed
861 4790 917 4845 in
939 4790 1131 4845 tabulis
1145 4789 1320 4844 cordis
1341 4787 1664 4844 carnalibus.
1682 4786 2070 4843 Confidentiam

487 4894 666 4938 autem
694 4884 854 4938 talem
898 4881 1158 4936 habemus
1186 4895 1280 4950 per
1322 4879 1590 4935 Christum
1633 4879 1700 4934 ad
1744 4880 1937 4946 Deum,
1968 4893 2074 4935 non

489 4975 614 5045 quia
640 4974 818 5030 idonei
861 4972 1030 5028 simus
1069 4973 1306 5043 cogitare
1345 4971 1542 5041 aliquid
1581 4987 1610 5026 a
1651 4972 1804 5027 nobis
1831 4972 1980 5043 quasi
2010 4987 2076 5027 ex

489 5067 916 5137 nobismetipsis;
946 5066 1041 5122 sed
1069 5065 1387 5122 sufficientia
1417 5075 1600 5121 nostra
1629 5080 1692 5121 ex
1722 5067 1832 5123 Deo
1857 5076 1958 5135 est,
1986 5069 2076 5138 qui

489 5161 716 5216 idoneos
743 5174 842 5215 nos
871 5158 996 5214 fecit
1015 5158 1288 5214 ministros
1315 5157 1448 5214 Novi
1465 5157 1793 5214 Testamenti
1813 5200 1827 5224 ,
1857 5175 1962 5214 non
1991 5159 2078 5214 lit-

491 5258 644 5318 terae,
674 5249 770 5307 sed
798 5250 1020 5322 spiritus
1041 5251 1084 5303 ⁸.
1111 5249 1308 5305 Littera
1335 5249 1478 5305 enim
1505 5248 1724 5316 occidit,
1755 5251 1971 5322 Spiritus
1991 5267 2077 5306 au-

487 5340 873 5400 temvivifieat.
905 5341 962 5396 Si
1005 5350 1180 5396 autem
1222 5341 1541 5398 ministratio
1587 5343 1777 5398 mortis
1803 5342 1857 5397 in
1886 5341 2078 5398 litteris

494 5434 720 5506 ﬁgurata
748 5433 802 5489 in
831 5432 1095 5504 lapidibus
1118 5432 1216 5488 fuit
1241 5434 1294 5489 in
1311 5433 1479 5505 gloria
1501 5475 1516 5499 ,
1546 5433 1617 5489 ita
1645 5444 1704 5490 ut
1726 5448 1831 5488 non
1859 5441 2079 5503 possent

488 5527 770 5585 intendere
793 5525 889 5581 filii
910 5523 1073 5581 lsrael
1105 5526 1158 5580 in
1181 5526 1368 5582 faciem
1392 5526 1580 5599 Moysi,
1607 5536 1824 5598 propter
1853 5525 2075 5597 gloriam

490 5620 674 5676 vultus
701 5619 817 5690 ejus
857 5633 977 5690 quae
1019 5629 1338 5687 evacuatur;
1365 5635 1532 5690 quare
1559 5636 1665 5675 non
1709 5619 1877 5690 magis
1921 5619 2078 5674 mini-

554 5757 570 5786 ι
595 5761 716 5804 Tres
737 5753 941 5803 Vaticani
965 5759 1091 5812 Mss,
1117 5764 1170 5817 re
1191 5751 1290 5802 alia
1310 5764 1403 5802 non
1419 5751 1815 5817 concupiscenda.

551 5819 573 5848 ³
595 5819 667 5865 sic
687 5817 998 5878 manuscripti
1022 5816 1242 5878 genitivo
1263 5828 1394 5878 casu,
1427 5814 1580 5878 juxta
1597 5829 1828 5878 graecum.
1847 5814 1966 5864 Bditi
1991 5827 2078 5878 au-

491 5888 591 5929 tem
617 5879 709 5930 hic,
748 5891 842 5942 non
876 5875 1050 5942 littera,
1069 5878 1156 5942 sed
1178 5877 1386 5942 spiritu;
1408 5875 1490 5941 qui
1515 5875 1676 5928 tanien
1716 5877 1862 5934 infra,
1889 5890 1970 5926 nn.
1997 5876 2075 5938 30,

489 5943 566 5997 ὃὸ.
593 5954 702 5992 cum
720 5940 927 6002 antiquis
948 5940 1263 5992 codicilius'et
1287 5956 1396 5990 cum
1414 5940 1572 6002 grzreo
1597 5942 1922 5991 consentiunt.

1417 420 1506 476 ne
1541 416 1811 476 senum
1850 416 1938 474 ET
1977 415 2298 484 LITTERA,
2334 415 2392 472 s.
2425 390 2795 476 AUCUSTINI

3633 418 3738 480 216

2162 537 2350 588 stratio
2391 533 2610 604 spiritus
2654 535 2757 590 erit
2779 535 2835 590 in
2874 534 3086 606 gloria?
3133 535 3190 594 Si
3227 535 3370 593 enim
3416 538 3739 598 ministratio

2158 623 2514 680 damnationis
2569 625 2736 696 gloria
2786 633 2871 682 est
2895 627 2914 658 ¹
2937 668 2954 694 ,
3011 629 3179 684 multo
3235 630 3402 700 magis
3451 630 3742 687 abundabit

2158 716 2513 774 ministerium
2554 717 2777 787 justitiae
2822 718 2877 773 in
2923 718 3089 789 gloria
3117 739 3136 772 ι
3191 719 3256 793 (If
3301 720 3420 776 Cor.
3467 738 3548 791 ιιι,
3594 720 3738 794 2-9).

2160 806 2272 862 Diei
2299 808 2366 864 de
2393 808 2476 864 his
2497 809 2676 865 verbis
2695 811 2858 866 multa
2884 822 3107 882 possunt
3125 815 3168 880 ³,
3195 813 3287 868 sed
3313 822 3497 883 postea
3516 813 3744 871 fortasse

2158 900 2527 969 opportunius.
2544 900 2701 959 Nunc
2723 912 2905 960 autem
2925 903 3141 962 adverte
3165 920 3324 975 quam
3344 905 3486 962 dicat
3510 906 3742 964 litteram

2159 1007 2278 1064 qua:
2307 994 2533 1063 occidit,
2562 996 2648 1052 cui
2672 997 2865 1054 velute
2890 999 3159 1054 contrario
3198 997 3550 1056 vivificantem
3588 1001 3746 1071 spiri—

2162 1095 2274 1143 tum
2301 1088 2512 1159 ingerit.
2537 1088 2613 1143 Ea
2635 1101 2781 1147 certe
2804 1099 2888 1148 est
2911 1092 3233 1148 ministratio
3261 1094 3450 1148 mortis
3469 1094 3524 1148 in
3552 1094 3745 1150 litteris

2165 1181 2388 1252 ﬁgurata
2446 1181 2705 1254 lapideis,
2734 1194 2789 1241 et
2833 1186 3156 1242 ministratio
3203 1187 3593 1256 damnationis;
3623 1191 3746 1260 quia

2167 1273 2254 1330 lex
2277 1276 2597 1332 subintravit
2612 1319 2628 1345 ,
2651 1287 2708 1334 ut
2735 1279 3029 1336 abundaret
3072 1280 3347 1337 delictum.
3376 1281 3545 1339 Porro
3568 1291 3748 1339 autem

2168 1376 2436 1438 praecepta
2459 1369 2570 1437 ipsa
2599 1378 2706 1426 tam
2735 1380 2860 1427 sunt
2882 1372 3029 1427 utilia
3054 1371 3268 1429 facienti
3297 1383 3457 1446 atque
3481 1375 3746 1440 salubria,

2165 1467 2227 1514 ut
2267 1459 2368 1515 nisi
2395 1461 2515 1531 quis
2542 1476 2606 1518 ea
2632 1462 2853 1531 fecerit,
2883 1464 3046 1519 vitam
3070 1464 3269 1522 habere
3309 1481 3415 1522 non
3445 1469 3634 1537 possit.
3663 1469 3747 1523 An

2166 1564 2296 1606 vero
2322 1562 2541 1622 propter
2571 1569 2734 1608 unum
2777 1565 3104 1626 praceptum
3131 1557 3270 1627 quod
3313 1557 3383 1612 ibi
3415 1557 3482 1614 de
3527 1559 3752 1614 sabbato

2167 1651 2251 1698 est
2297 1645 2527 1714 positum
2549 1687 2565 1712 ,
2593 1645 2771 1702 dictus
2817 1656 2900 1704 est
2939 1648 3235 1721 Decalogus
3261 1649 3439 1705 littera
3467 1651 3750 1720 occidens,

2167 1738 2418 1807 quoniam
2439 1739 2838 1810 quisquisillum
2861 1740 3003 1797 diem
3031 1757 3170 1798 nunc
3185 1758 3353 1812 usque
3369 1743 3618 1799 observat
3643 1745 3757 1799 sic-

2169 1839 2226 1884 ut
2248 1830 2422 1886 littera
2450 1844 2633 1897 sonat,
2661 1833 2946 1890 carnaliter
2971 1835 3141 1905 sapit;
3191 1850 3380 1906 sapere
3401 1845 3581 1892 autem
3622 1836 3644 1868 ⁸
3663 1852 3752 1893 se-

2171 1923 2402 1979 cundum
2433 1939 2648 1981 carnem
2664 1941 2810 1983 mors
2834 1937 2915 1982 est
2933 1927 3109 1995 (Rom.
3126 1943 3239 1996 vin,
3262 1927 3340 1995 6);
3369 1937 3423 1984 et
3447 1929 3537 1984 illa
3562 1943 3758 1986 novem

2173 2029 2435 2090 prmeepta
2463 2035 2581 2090 qua:
2611 2021 2689 2076 sic
2727 2029 2873 2076 recte
2902 2021 3254 2076 observantur
3284 2029 3340 2076 ut
3368 2022 3566 2092 scripta
3591 2031 3754 2090 sunt,

2173 2129 2278 2169 non
2321 2113 2387 2168 ad
2416 2114 2587 2183 legem
2611 2131 2833 2185 operum
2864 2131 2929 2171 ex
2956 2130 3060 2186 qua
3104 2130 3262 2171 nemo
3288 2115 3628 2185 justificatur,
3659 2117 3759 2172 sed

2172 2206 2237 2260 ad
2266 2206 2438 2276 legem
2468 2205 2589 2261 fidei
2619 2222 2684 2261 ex
2715 2222 2816 2276 qua
2841 2207 3018 2276 justus
3040 2207 3202 2274 vivit,
3233 2207 3502 2278 pertinere
3527 2206 3759 2278 putanda

2173 2298 2330 2352 sunt?
2357 2299 2484 2366 Quis
2514 2308 2623 2352 tam
2651 2297 2884 2354 absurde
2907 2299 3122 2364 sentiat,
3151 2299 3594 2355 ministrationem
3613 2314 3762 2355 mor-

2175 2389 2242 2443 tis
2270 2389 2323 2443 in
2349 2389 2539 2444 litteris
2569 2389 2848 2460 figuratam
2879 2389 3126 2460 lapideis,
3155 2405 3262 2446 non
3281 2390 3390 2447 dici
3418 2406 3485 2448 ex
3510 2391 3762 2449 omnibus

2175 2479 2360 2535 decem
2388 2481 2690 2551 praeceptis,
2719 2481 2812 2537 sed
2843 2497 2907 2536 ex
2941 2498 3050 2538 uno
3073 2482 3191 2539 solo
3214 2483 3357 2554 quod
3383 2483 3452 2539 ad
3477 2483 3762 2541 sabbatum

2173 2573 2437 2646 pertinet?
2467 2573 2568 2629 Ubi
2607 2589 2736 2646 ergo
2768 2577 3044 2646 ponimus,
3070 2575 3177 2632 Lex
3211 2577 3342 2632 iram
3380 2587 3652 2650 operatur;
3673 2578 3767 2634 ubi

2175 2667 2309 2721 enim
2337 2684 2437 2720 non
2481 2675 2556 2721 est
2607 2665 2688 2721 lex
2711 2707 2724 2733 ,
2750 2684 2838 2722 nec
2891 2668 3238 2738 prmaricatio
3277 2667 3389 2740 (1d.
3417 2684 3490 2737 ιν,
3517 2668 3612 2740 15)
3634 2686 3650 2724 :
3675 2676 3762 2737 et,

2180 2758 2350 2829 Usque
2373 2760 2440 2812 ad
2460 2759 2618 2828 legent
2641 2768 2899 2828 peccatum
2919 2760 2972 2814 in
3006 2760 3198 2814 mundo
3218 2759 3352 2831 fuit;
3381 2770 3644 2831 peccatum
3669 2776 3768 2816 mt-

2175 2861 2274 2906 tem
2300 2867 2400 2905 non
2425 2849 2784 2920 deputabatur,
2812 2867 2927 2904 cum
2957 2850 3039 2904 lex
3077 2867 3180 2905 non
3213 2859 3338 2905 esset
3358 2849 3488 2921 (Id.
3520 2865 3578 2915 v,
3607 2851 3717 2923 i3)
3745 2867 3763 2905 :

2176 2952 2230 2999 et
2259 2942 2386 2997 illud
2415 2941 2556 3012 quod
2580 2941 2688 3012 jam
2713 2943 2868 2998 toties
2893 2942 3452 3008 commemoravimus,
3478 2940 3582 2997 Per
3604 2941 3768 3013 legem

2177 3034 2396 3104 cognitio
2420 3035 2610 3104 peccati
2633 3033 2745 3104 (Id.
2769 3032 2961 3103 111,20)
2987 3052 3000 3088 :
3029 3034 3365 3105 maximeque
3389 3033 3520 3089 illud
3547 3033 3635 3089 ubi
3654 3032 3769 3089 evi-

2176 3126 2390 3183 dentius
2435 3125 2701 3196 expressit
2746 3125 2887 3182 unde
2933 3127 3128 3196 agitur,
3161 3124 3632 3196 Concupisccntiam
3672 3141 3766 3180 nc-

2178 3222 2413 3289 sciebam,
2443 3222 2539 3277 nisi
2561 3221 2643 3276 lex
2663 3221 2867 3285 diceret,
2902 3218 3025 3274 Non
3048 3221 3371 3291 concupisces
3385 3220 3411 3274 2

2249 3314 2339 3369 25.
2379 3314 2552 3381 Quem
2605 3323 2775 3369 totum
2820 3313 2994 3368 locum
3047 3311 3292 3380 attende,
3323 3321 3378 3368 et
3422 3311 3544 3368 vide
3587 3319 3766 3368 utrum

2178 3407 2464 3479 quidquam
2497 3417 2715 3477 propter
2742 3406 3205 3463 eireumcisionem
3231 3407 3317 3462 vel
3345 3406 3623 3462 sabbatum
3641 3448 3656 3473 ,
3679 3406 3768 3462 vel

2185 3497 2313 3569 quid
2338 3497 2479 3554 aliud
2507 3497 2806 3554 umbratilis
2829 3497 3182 3562 sacramenti,
3214 3513 3278 3552 ac
3307 3513 3414 3554 non
3443 3507 3613 3554 totum
3638 3514 3768 3569 pro-

2183 3599 2303 3661 pter
2329 3589 2432 3645 hoc
2455 3589 2626 3657 dicat,
2654 3589 2798 3660 quod
2837 3589 3013 3646 littera
3042 3588 3330 3661 prohibens
3355 3599 3630 3661 peceatum
3658 3605 3768 3646 nou

2179 3682 2412 3737 vivifieat
2438 3680 2460 3712 ⁸
2490 3680 2784 3749 hominem,
2807 3681 2904 3738 sed
2929 3682 3108 3752 potius
3134 3681 3351 3747 occidit,
3375 3681 3618 3752 augendo
3636 3696 3771 3737 eon-

2179 3774 2598 3845 cupiscentiam,
2630 3783 2684 3830 et
2730 3774 3064 3844 iniquitatem
3105 3773 3544 3844 praevaricatione
3582 3787 3772 3828 cumu-

2181 3867 2342 3923 lando
2363 3909 2378 3935 ,
2408 3867 2510 3922 nisi
2540 3865 2730 3922 liberet
2757 3865 2932 3938 gratia
2963 3880 3057 3936 per
3097 3865 3270 3938 legem
3297 3865 3421 3922 ﬁdei
3447 3881 3567 3937 qua
3604 3874 3688 3922 est
3714 3867 3770 3921 in

2180 3961 2398 4016 Christo
2441 3959 2602 4025 Jesu,
2633 3975 2752 4014 eum
2796 3959 3112 4015 diffunditur
3149 3959 3380 4015 charitas
3419 3959 3476 4014 in
3519 3956 3770 4014 cordibus

2180 4054 2376 4110 nostris
2425 4068 2522 4123 per
2573 4052 2831 4123 Spiritum
2881 4060 3124 4108 sanetum
3176 4051 3268 4122 qui
3307 4050 3463 4106 datus
3503 4059 3587 4106 est
3611 4047 3772 4104 nobis

2181 4145 2291 4217 (Id.
2338 4161 2391 4213 v,
2423 4145 2502 4217 5).
2533 4143 2665 4200 Cum
2709 4144 2851 4201 enim
2899 4144 3158 4212 dixisset,
3199 4162 3218 4196 ι
3257 4143 3328 4200 Ut
3373 4143 3665 4198 serviamus
3715 4142 3773 4198 in

2180 4239 2415 4296 novitate
2433 4239 2672 4310 spiritus,
2700 4248 2754 4295 et
2768 4253 2876 4294 non
2889 4238 2944 4293 in
2959 4246 3225 4294 vetustate
3248 4236 3466 4292 litterae:
3483 4234 3620 4303 Quid
3639 4249 3776 4306 ergo

2180 4332 2438 4398 dicemus,
2453 4349 2471 4382 ι
2491 4330 2692 4402 inquit?
2709 4348 2726 4381 ι
2739 4329 2847 4385 Lex
2867 4337 3139 4399 peccatum
3151 4335 3233 4382 est
3243 4328 3268 4382 ?
3279 4326 3460 4382 Absit:
3478 4324 3573 4382 sed
3589 4338 3779 4395 pecea-

2181 4433 2294 4479 tum
2312 4437 2417 4478 non
2431 4423 2677 4493 cognovi,
2695 4423 2795 4477 nisi
2812 4437 2908 4492 per
2923 4422 3116 4492 legem.
3137 4419 3267 4474 Nam
3283 4418 3776 4488 concupiscentiam

2181 4514 2508 4581 nesciebam,
2523 4513 2624 4570 nisi
2637 4513 2722 4568 lex
2733 4513 2954 4577 diceret,
2970 4511 3087 4567 Non
3102 4510 3466 4580 concupisces.
3478 4508 3776 4565 Occasione

2181 4616 2358 4664 autem
2380 4614 2616 4676 accepta,
2635 4613 2914 4675 peceatum
2939 4619 3036 4674 per
3060 4604 3366 4659 mandatum
3391 4611 3667 4673 operatum
3683 4609 3777 4656 est

2182 4703 2234 4757 in
2264 4716 2351 4757 me
2379 4714 2594 4757 onmem
2622 4699 3128 4768 concupiscentiam.
3150 4697 3276 4754 Sine
3292 4696 3409 4766 lege
3423 4696 3564 4751 enim
3583 4708 3780 4763 pecca-

2182 4801 2294 4849 tum
2313 4801 2580 4848 mortuum
2602 4799 2736 4846 erat.
2756 4790 2869 4862 Ego
2887 4799 3065 4847 autem
3081 4789 3324 4846 vivebam
3345 4785 3628 4856 aliquando
3653 4785 3776 4843 sine

2182 4888 2318 4956 lege,
2339 4884 2657 4941 adveniente
2676 4891 2852 4939 autem
2869 4881 3119 4938 mandato
3135 4888 3406 4951 peccatum
3428 4876 3636 4934 revixit.
3657 4875 3778 4946 Ego

2182 4987 2359 5034 autem
2386 4988 2629 5034 mortuus
2655 4992 2794 5045 sum,
2826 4986 2882 5031 et
2900 4975 3171 5029 inventum
3190 4980 3274 5028 est
3301 4969 3433 5025 mihi
3458 4967 3778 5024 mandatum

2183 5071 2325 5145 quod
2347 5080 2465 5127 erat
2506 5073 2558 5126 in
2604 5071 2760 5125 vitam
2783 5109 2798 5134 ,
2826 5069 2928 5124 hoc
2964 5081 3084 5123 esse
3112 5067 3165 5120 in
3211 5073 3457 5119 mortem.
3487 5061 3780 5117 Peccatum

2183 5167 2326 5223 enim
2355 5166 2636 5222 occasione
2659 5172 2876 5234 accepta
2905 5177 3000 5232 per
3024 5158 3330 5216 mandatum
3360 5155 3546 5212 fefellit
3569 5170 3682 5218 me,
3720 5163 3782 5211 et

2185 5277 2279 5333 per
2298 5260 2424 5316 illud
2445 5258 2657 5316 occidit.
2679 5255 2862 5328 Itaque
2883 5255 2966 5310 lex
2993 5253 3206 5325 quidem
3237 5259 3440 5317 sancta,
3465 5256 3516 5304 et
3545 5244 3778 5302 manda-

2185 5362 2296 5409 tum
2326 5361 2589 5420 sanctum,
2613 5360 2667 5406 et
2684 5349 2907 5421 justum,
2935 5356 2990 5404 et
3011 5345 3231 5402 bonum.
3258 5340 3411 5410 Quod
3428 5354 3553 5410 ergo
3571 5339 3779 5394 bonum

2182 5454 2288 5515 est,
2311 5444 2508 5502 factum
2535 5453 2620 5499 est
2641 5441 2775 5499 mihi
2803 5455 2951 5498 mors
2973 5439 3038 5494 l'?
3067 5437 3240 5494 Absit.
3270 5433 3377 5490 Sed
3410 5440 3684 5504 peceatum
3716 5438 3780 5486 ut

2249 5619 2763 5691 ξιιρῖιμῡιειιρνίρςδξ-
2889 5680 2902 5691 .
3073 5678 3101 5691 ..

2247 5688 2268 5716 ³
2289 5669 2453 5734 liti—liti;
2477 5669 2586 5732 Dici
2609 5669 2762 5732 dehis
2799 5680 2947 5731 verba
2984 5678 3134 5729 multa
3177 5679 3385 5741 possunt.
3423 5669 3591 5721 Melius
3613 5677 3720 5718 mss.
3759 5681 3777 5720 :

2185 5745 2301 5815 Dici
2309 5748 2372 5796 de
2388 5745 2460 5796 his
2479 5743 2631 5815 verbis
2648 5743 2808 5815 multa.
2823 5749 3032 5807 possunt,

2249 5813 2270 5843 ³
2290 5817 2389 5856 Arn.
2417 5815 2489 5855 Fr.
2515 5815 2565 5856 et
2583 5814 2711 5864 Mss,
2731 5813 2874 5856 enim.

2249 5874 2267 5902 ⁵
2293 5877 2356 5919 Ita
2382 5879 2485 5918 Mss.
2512 5878 2566 5918 At
2590 5870 2724 5929 editi,
2750 5881 2841 5918 non
2854 5866 3109 5930 justi/ieci.

2248 5937 2269 5967 δ
2294 5933 2428 5995 Ediii,
2453 5934 2578 6000 quod
2603 5921 2903 5999 ergo'bouuin
2926 5921 2993 5984 est
3022 5928 3298 5995 (bummtest
3319 5922 3486 5986 ettim),
3501 5921 3681 5987 factum
3697 5926 3770 5976 est
