3996 6476
192 415 298 476 21⁸1

195 540 458 605 appareat
503 546 792 606 peccatum
818 580 836 610 ,
865 554 962 611 per
998 537 1196 598 bonum
1242 541 1375 599 mihi
1417 553 1696 614 operatum
1724 555 1812 604 est

193 635 430 682 mortem
452 669 470 696 ,
504 637 564 684 ut
595 628 691 686 fiat
709 645 879 704 super
915 633 1131 690 modum
1157 650 1390 706 peccans
1412 647 1686 708 peccatum
1717 655 1812 711 per

190 716 538 773 mandatum.
569 719 782 778 Scimus
808 724 952 780 enim
983 725 1106 795 quia
1138 725 1224 781 lex
1255 715 1545 797 spiritualis
1571 739 1650 785 est
1673 747 1687 796 ;
1710 745 1811 802 ego

190 819 369 865 autem
403 812 642 868 carnalis
672 827 790 870 sum
814 857 830 881 ,
862 817 1214 874 venumdatus
1239 819 1340 874 sub
1382 830 1620 891 peccato.
1655 822 1810 890 Quod

190 902 334 957 enim
371 919 600 974 operor,
644 907 836 978 ignoro
860 927 874 964 :
898 925 1004 966 non
1026 912 1167 966 enim
1194 913 1335 983 quod
1360 914 1480 972 volo
1499 957 1514 982 ,
1545 915 1648 973 hoc
1673 932 1806 988 ago;

191 994 284 1049 sed
317 996 469 1065 quod
515 998 645 1066 odi,
673 999 803 1056 illud
849 1001 1003 1059 facio.
1045 1003 1103 1060 Si
1145 1014 1324 1062 autem
1351 1007 1492 1078 quod
1517 1009 1676 1077 nolo,
1707 1010 1810 1068 hoc

152 1088 164 1165 '_
192 1084 366 1154 facio;
391 1090 681 1146 consentio
705 1091 834 1162 legi,
856 1095 1105 1165 quoniam
1135 1095 1292 1151 bona.
1324 1096 1476 1153 Nunc
1500 1108 1678 1156 autem
1697 1116 1805 1158 non

189 1180 300 1247 jam
329 1195 438 1251 ego
459 1197 662 1252 operor
686 1185 816 1241 illud
838 1227 852 1250 ,
875 1163 982 1243 sed
1009 1188 1150 1258 quod
1181 1189 1382 1247 habitat
1410 1192 1464 1246 in
1506 1209 1593 1250 me
1615 1209 1806 1264 pecca-

195 1279 328 1326 tum.
359 1271 494 1329 Scio
546 1276 690 1331 enim
723 1279 844 1348 quia
887 1297 992 1336 non
1021 1279 1228 1338 habitat
1252 1282 1308 1337 in
1333 1299 1418 1338 me
1439 1325 1454 1350 ,
1483 1283 1587 1341 hoc
1624 1295 1707 1342 est
1749 1287 1807 1343 in

194 1375 355 1419 carne
384 1379 534 1432 mea,
561 1365 785 1422 bonum.
805 1368 952 1425 Velle
978 1369 1120 1426 enim
1143 1371 1349 1442 adjacet
1375 1374 1528 1441 mihi,
1549 1376 1804 1446 perlicere

193 1466 372 1513 autem
401 1457 612 1515 bonum
645 1478 774 1518 non.
794 1461 910 1518 Non
932 1465 1076 1520 enim
1106 1465 1251 1537 quod
1271 1467 1390 1522 volo
1415 1467 1554 1526 facio
1569 1468 1800 1538 bonum;

196 1548 283 1605 sed
311 1549 464 1620 quod
495 1551 625 1609 nolo
654 1553 882 1623 malum,
915 1557 1014 1611 hoc
1036 1571 1157 1627 ago.
1189 1557 1244 1612 Si
1276 1567 1453 1614 autem
1492 1561 1631 1630 quod
1678 1562 1802 1616 nolo

198 1657 288 1712 ego
316 1643 427 1699 hoc
469 1643 612 1700 facio
632 1686 648 1712 ,
673 1645 786 1716 jam
835 1662 940 1702 nou
983 1665 1082 1719 ego
1107 1639 1301 1719 operor
1338 1651 1469 1706 illud
1493 1692 1507 1715 ,
1537 1653 1630 1709 sed
1659 1654 1799 1723 quod

197 1731 393 1789 habitat
423 1734 479 1790 in
513 1752 604 1791 me
634 1746 930 1807 peccatum.
961 1739 1178 1797 Invenio
1224 1757 1351 1813 ergo
1399 1743 1568 1814 legem
1599 1743 1796 1800 volenti

199 1825 313 1880 mihi
339 1827 529 1884 facere
572 1831 772 1886 bonum
797 1874 812 1899 ,
842 1833 1092 1902 quoniam
1123 1834 1253 1888 mihi
1284 1835 1480 1890 malum
1521 1835 1728 1906 adjacet
1754 1838 1794 1892 ¹.

199 1916 554 1976 Condelector
591 1924 738 1977 enim
767 1923 869 1995 legi
901 1924 995 1981 Dei
1041 1926 1333 1982 secundum
1363 1928 1672 1984 interiorem
1700 1930 1797 1983 ho-

197 2009 384 2065 minem
411 2029 426 2065 :
451 2011 616 2068 video
644 2023 826 2069 autem
855 2015 1011 2070 aliam
1056 2015 1228 2087 legem
1276 2018 1329 2072 in
1366 2019 1620 2074 membris
1661 2019 1794 2075 meis

197 2111 578 2173 repugnantem
609 2104 715 2175 legi
741 2105 935 2161 mentis
961 2121 1094 2162 mea:
1114 2149 1130 2174 ,
1163 2117 1217 2162 et
1243 2109 1596 2180 captivantem
1625 2125 1711 2165 me
1738 2111 1791 2165 in

197 2191 297 2262 lege
326 2195 542 2264 peccati
574 2196 617 2259 ',
641 2211 761 2266 quze
806 2205 892 2252 est
932 2197 984 2252 in
1029 2199 1286 2256 membris
1311 2200 1464 2255 meis.
1511 2200 1669 2256 Miser
1694 2217 1792 2272 ego

197 2283 380 2354 homo,
409 2286 538 2359 quis
582 2303 670 2344 me
711 2288 961 2344 liberabit
1003 2289 1070 2346 de
1111 2306 1338 2361 corpore
1366 2293 1552 2347 mortis
1600 2291 1790 2361 hujus?

196 2373 362 2430 Gratia
392 2377 490 2433 Dei
520 2393 620 2450 per
648 2377 834 2435 Jesum
873 2378 1147 2436 Christum
1188 2382 1472 2438 Dominum
1523 2393 1786 2439 nostrum.

195 2465 348 2536 Igitur
371 2483 475 2539 ego
502 2469 619 2539 ipse
646 2480 828 2527 mente
859 2472 1036 2528 servio
1085 2473 1190 2544 legi
1238 2473 1368 2541 Dei,
1399 2488 1562 2530 carne
1603 2484 1784 2533 autem

193 2558 285 2630 legi
316 2561 525 2630 peccati
548 2560 724 2634 (Rom.
751 2579 846 2632 vn,
878 2562 1059 2637 6—25).

253 2652 349 2708 26.
393 2656 624 2726 Apparet
650 2657 812 2729 igitur
839 2658 1028 2715 littera:
1056 2668 1372 2717 vetustatem
1396 2702 1411 2728 ,
1443 2662 1487 2716 si
1517 2662 1656 2719 desit
1679 2677 1785 2718 no-

190 2745 334 2801 vitas
363 2747 574 2816 spiritus
594 2791 609 2816 ,
633 2765 761 2807 reos
800 2751 976 2807 facere
1004 2753 1179 2824 potius
1204 2753 1512 2825 cognitione
1539 2757 1746 2825 peccati
1765 2798 1780 2824 ,

187 2853 349 2906 quam
376 2838 602 2898 liberare
628 2857 659 2897 a
685 2853 928 2914 peccato.
963 2843 1116 2901 Unde
1144 2854 1199 2900 et
1233 2845 1360 2902 alibi
1380 2845 1638 2917 scriptum
1664 2857 1745 2903 est
1763 2888 1780 2914 ,

191 2929 285 2997 Qui
306 2934 525 3001 apponit
565 2935 858 3003 scientiam,
905 2939 1115 3008 apponit
1151 2949 1200 2992 et
1240 2937 1462 2993 dolorem
1499 2937 1698 3010 (Eccle.
1727 2955 1778 3009 ι,

190 3023 268 3095 18)
297 3043 312 3078 :
341 3040 455 3082 non
493 3027 621 3098 quia
652 3029 768 3100 ipsa
796 3030 884 3087 lex
917 3031 1116 3087 malum
1147 3041 1229 3087 est
1247 3074 1264 3098 ,
1291 3031 1387 3088 sed
1405 3032 1529 3103 quia
1556 3033 1778 3089 manda-

189 3122 288 3170 tum
309 3115 519 3173 bonum
543 3117 707 3175 habet
733 3119 787 3175 in
813 3119 990 3176 littera
1015 3121 1446 3190 demonstrante,
1470 3137 1576 3178 non
1605 3122 1662 3178 in
1686 3123 1781 3178 ad-

185 3205 385 3276 iuvante
417 3211 620 3283 spiritu
645 3229 658 3266 :
685 3212 830 3284 quod
855 3214 1165 3271 mandatum
1187 3216 1235 3272 si
1268 3217 1327 3271 ﬁt
1346 3217 1540 3273 timore
1565 3233 1737 3288 ptena:
1757 3260 1774 3286 ,

186 3314 276 3354 non
295 3316 485 3359 amore
501 3302 762 3374 iustitiae,
795 3306 1062 3362 serviliter
1091 3307 1184 3374 lit,
1226 3323 1332 3364 non
1377 3308 1690 3374 liberaliter,
1723 3319 1778 3365 et

185 3388 288 3446 ideo
313 3407 418 3449 nec
439 3393 524 3448 fit.
550 3393 671 3451 Non
697 3397 841 3452 enim
870 3395 1076 3453 fructus
1096 3406 1180 3454 est
1204 3399 1376 3454 bonus
1393 3441 1409 3466 ,
1433 3399 1523 3476 qui
1549 3398 1616 3455 de
1643 3398 1776 3455 cha-

184 3481 334 3541 ritatis
361 3485 558 3543 radice
599 3503 707 3543 non
751 3489 940 3561 surgit.
971 3489 1142 3546 Porro
1183 3499 1362 3546 autem
1387 3491 1432 3546 si
1459 3490 1599 3547 adsit
1637 3490 1775 3548 fides

184 3589 282 3645 qua
310 3591 413 3647 per
445 3577 798 3636 dilectionem
827 3591 1080 3650 operatur
1125 3580 1324 3653 (Galat.
1358 3597 1415 3651 v,
1457 3581 1545 3654 6),
1591 3583 1776 3655 incipit

183 3668 534 3726 condelectari
560 3671 665 3744 legi
689 3673 786 3730 Dei
812 3674 1104 3730 secundum
1131 3674 1442 3731 interiorem
1463 3676 1736 3733 hominem
1752 3719 1769 3745 ,

182 3775 282 3828 qua:
304 3760 604 3819 delectatio
647 3779 756 3820 non
796 3764 1023 3834 litterae,
1055 3765 1150 3821 sed
1177 3767 1397 3836 spiritus
1429 3767 1628 3823 donum
1653 3776 1769 3834 est;

182 3853 369 3908 etiamsi
397 3854 507 3910 alia
539 3857 625 3910 lex
649 3857 702 3911 in
733 3857 988 3913 membris
1010 3858 1184 3914 adhuc
1216 3868 1477 3931 repugnat
1496 3861 1600 3930 legi
1620 3876 1772 3916 men-

183 3943 237 3997 tis
256 3985 271 4010 ,
300 3945 485 4002 donec
516 3947 570 4001 in
594 3949 884 4004 novitatem
903 3992 919 4017 ,
949 3965 1068 4021 quae
1087 3949 1155 4006 de
1181 3950 1267 4006 die
1296 3950 1348 4005 in
1379 3951 1520 4008 diem
1550 3951 1602 4006 in
1633 3952 1772 4008 intc-

179 4034 303 4091 riore
329 4037 561 4093 homine
582 4053 808 4111 augetur
825 4081 840 4106 ,
867 4050 976 4096 tota
1001 4049 1238 4098 vetustas
1264 4051 1468 4100 mutata
1495 4053 1768 4114 pertrans-

181 4136 283 4193 eat,
337 4129 619 4186 liberante
657 4146 757 4186 nos
798 4130 868 4186 de
913 4147 1137 4205 corpore
1176 4134 1363 4190 mortis
1403 4135 1561 4205 hujus
1599 4136 1768 4207 gratia

179 4216 258 4274 Dei
285 4237 384 4290 per
415 4220 607 4278 Iesum
632 4222 903 4278 Christum
927 4225 1210 4281 Dominum
1236 4235 1499 4281 nostrum.

233 4310 466 4369 CAPUT
502 4311 623 4370 XV.
645 4315 821 4370 —27.
853 4315 1028 4371 Gratia
1057 4318 1110 4372 in
1144 4316 1319 4374 Vetere
1340 4318 1660 4375 Testamento
1681 4321 1763 4376 la-

181 4410 292 4471 lens,
310 4407 365 4458 in
403 4403 560 4460 Novo
589 4407 858 4462 reveletur.
891 4408 1017 4464 Haec
1039 4409 1208 4481 gratia
1225 4410 1278 4465 in
1306 4410 1648 4467 Testamento
1674 4427 1765 4468 ve-

175 4502 273 4550 tere
309 4496 493 4551 velata
524 4497 796 4566 latitahat,
821 4515 939 4570 quae
971 4501 1022 4555 in
1064 4501 1261 4556 Christi
1285 4501 1577 4572 Evangelia
1605 4519 1763 4560 reve-

173 4581 270 4640 lata
289 4596 376 4642 est
400 4586 810 4658 dispensatione
848 4597 1147 4660 temporum
1171 4591 1563 4647 ordinatissima
1584 4635 1598 4659 ,
1629 4594 1766 4650 sicut

172 4671 300 4732 Deus
340 4679 502 4733 novit
540 4691 730 4736 cuncta
777 4681 1081 4752 disponere.
1135 4684 1200 4738 Et
1249 4683 1476 4740 fortasse
1519 4686 1587 4740 ad
1633 4687 1765 4743 illud

171 4764 332 4836 ipsum
361 4770 489 4839 ejus
509 4771 786 4828 latibulum
811 4775 1072 4844 pertinet,
1103 4774 1244 4846 quod
1273 4776 1326 4830 in
1367 4792 1432 4831 eo
1462 4777 1725 4849 Dccalogo
1744 4821 1760 4846 ,

169 4861 250 4928 qui
275 4861 446 4916 datus
473 4871 558 4918 est
584 4863 638 4918 in
666 4873 851 4920 monte
873 4865 1000 4921 Sina
1018 4907 1032 4931 ,
1074 4865 1177 4922 hoc
1203 4867 1374 4922 solum
1406 4878 1672 4940 praecepto
1697 4870 1764 4924 fi-

165 4962 347 5018 gurato
382 4953 407 4985 ³
428 4954 756 5011 occultatum
785 4965 896 5024 est,
928 4956 1070 5028 quod
1097 4959 1164 5014 ad
1191 4958 1468 5014 sabbatum
1509 4962 1759 5031 pertinet.

162 5041 457 5104 Sabbatum
478 5056 657 5105 autem
681 5049 798 5106 dies
826 5048 849 5081 ⁸
874 5050 1310 5107 sanctificationis
1334 5061 1433 5108 est.
1457 5052 1566 5108 Nec
1588 5062 1760 5120 vacat,

160 5142 293 5209 quod
336 5143 490 5198 inter
524 5144 701 5199 omnia
727 5159 890 5214 opera
918 5160 1038 5214 quae
1075 5143 1204 5201 fecit
1232 5144 1402 5212 Deus,
1451 5145 1560 5200 illic
1588 5147 1761 5216 primo

159 5234 519 5291 sanctiﬁcatio
547 5235 756 5303 sonuit,
784 5235 875 5291 ubi
900 5236 966 5292 ab
987 5236 1233 5293 omnibus
1261 5235 1514 5308 operibus
1543 5239 1756 5309 requie-

158 5324 229 5378 vit
249 5323 416 5394 (Gen.
445 5341 524 5393 ιι,
553 5326 608 5397 5)
642 5345 657 5383 :
686 5327 828 5383 unde
849 5343 988 5384 nunc
1009 5343 1115 5384 non
1139 5337 1223 5384 est
1250 5330 1547 5386 disserendi
1587 5331 1756 5387 locus.

161 5412 566 5485 Verumtamen,
595 5417 736 5490 quod
760 5419 838 5475 rei
858 5418 926 5476 de
954 5436 1060 5492 qua
1084 5421 1258 5494 agitur
1281 5421 1413 5477 satis
1453 5437 1574 5480 esse
1616 5423 1762 5481 arbi-

283 5543 457 5608 psors.
487 5539 544 5608 at
928 5541 1099 5608 carent
1135 5535 1212 5586 his
1247 5535 1414 5587 verbis
1453 5537 1648 5604 (bonum
1689 5543 1760 5592 est

573 5594 774 5732 $.31?
777 5594 1023 5720 ιῖδὲιὲἓέιὶ
1010 5603 1159 5712 312;:
1172 5696 1188 5723 ,
1210 5658 1346 5723 velle,
1371 5672 1402 5711 a
1421 5663 1760 5726 manuscriptis

153 5729 199 5771 et
219 5735 250 5772 a
271 5726 427 5769 textu
448 5717 674 5782 Apostoli.

205 5787 228 5817 ³
259 5785 340 5853 sic
361 5794 539 5853 omnes
562 5793 719 5846 peope
733 5787 848 5853 Mss.
865 5789 930 5853 At
944 5783 1081 5846 editi,
1102 5788 1149 5836 et
1170 5782 1410 5850 captivum
1433 5798 1510 5837 me
1532 5785 1583 5837 in
1605 5785 1758 5853 legem

149 5851 340 5908 peccata
357 5843 626 5905 ducentem,
652 5843 766 5908 irate
780 5850 868 5905 est,
888 5851 982 5894 etc.

208 5910 369 5975 ξιον.
399 5914 458 5975 ει.
472 5906 729 5975 [miciores
751 5913 877 5967 Mss,
901 5914 1196 5975 prwceptum
1227 5906 1452 5975 ﬁgurate.

207 5971 230 6007 δ
255 5977 381 6029 Vox.
406 5968 527 6033 dies.
550 5971 647 6024 hoc
667 5969 780 6021 loco
801 5968 990 6024 nonest
1012 5968 1185 6026 iu'atss.

1623 404 1838 489 Linea
1881 432 2078 492 unus.

1924 559 2054 619 tror,
2074 566 2180 608 non
2203 553 2400 612 frustra
2418 557 2512 614 illo
2528 557 2616 616 die
2637 563 2865 634 populus
2884 563 2954 621 ab
2971 565 3119 623 omni
3135 581 3301 640 opere
3317 572 3502 629 servili

1917 642 2185 702 abstinere
2207 657 2502 720 praeceptus
2513 661 2614 720 est,
2627 669 2735 726 quo
2743 656 3068 728 significatur
3082 669 3380 730 peccatum,
3394 664 3499 720 nisi

1917 736 2038 804 quia
2058 752 2164 793 non
2187 755 2408 810 peccare
2427 744 2861 805 sanctificationis
2881 757 2986 819 est,
3017 750 3121 808 hoc
3140 761 3242 820 est,
3257 757 3501 814 muneris

1916 829 2009 919 Dei
2056 846 2148 901 per
2177 833 2431 904 Spiritum
2469 846 2713 895 sanctum
2743 858 2758 895 :
2786 843 2926 914 quod
2956 844 3009 900 in
3037 845 3175 916 lege,
3207 864 3326 919 quae
3362 848 3498 905 dua-

1915 918 2016 976 bus
2041 921 2264 991 lapideis
2286 925 2482 984 tabulis
2513 930 2812 1002 conscripta
2845 943 2961 1002 est,
2998 937 3171 992 solum
3210 918 3350 995 inter
3387 953 3497 996 cae-

1915 1019 2025 1067 tera
2055 1013 2110 1069 in
2139 1017 2324 1073 umbra
2355 1017 2537 1091 figurae
2577 1023 2809 1092 positum
2833 1033 2936 1093 est,
2962 1025 3016 1080 in
3044 1043 3147 1098 qua
3173 1028 3343 1085 Judaei
3367 1029 3497 1086 sab-

1911 1103 2091 1161 batum
2120 1107 2437 1178 observant;
2484 1121 2542 1168 ut
2569 1113 2673 1171 hoc
2716 1117 2833 1186 ipso
2870 1117 3260 1188 significaretur
3285 1130 3497 1192 tempus

1914 1207 2039 1255 tunc
2064 1199 2230 1258 fuisse
2255 1205 2584 1261 occultandae
2606 1209 2790 1278 gratia:
2805 1251 2821 1278 ,
2845 1225 2965 1280 qua:
2985 1208 3134 1266 Novo
3153 1211 3496 1270 Testamento

1910 1291 2084 1348 fuerat
2122 1310 2216 1364 per
2258 1295 2454 1354 Christi
2482 1300 2819 1370 passionem,
2843 1310 3094 1374 tanquam
3134 1305 3450 1362 scissionem
3475 1307 3494 1340 ⁸

1910 1383 2037 1450 veli,
2087 1387 2367 1442 revelanda
2420 1389 2631 1460 (Matth.
2659 1407 2826 1458 xxvn,
2854 1391 2968 1464 5|).
2999 1394 3124 1450 Cum
3147 1395 3282 1452 enim
3320 1406 3495 1454 trans-

1907 1477 2020 1530 ierit
2041 1478 2085 1542 ²,
2114 1478 2316 1549 inquit,
2339 1481 2406 1533 ad
2430 1480 2706 1551 Christum,
2728 1488 2985 1556 auferetur
3007 1487 3251 1542 uelamen.

1977 1569 2200 1627 CAPUT
2239 1571 2376 1627 XVI.
2415 1604 2485 1614 —
2521 1575 2612 1630 28.
2639 1577 2864 1646 Spiritus
2888 1589 3092 1636 sanctus
3115 1597 3208 1636 cur
3235 1582 3402 1638 dictus
3427 1583 3494 1639 sit

1905 1665 2091 1735 digitus
2128 1664 2242 1721 Dei.
2271 1697 2340 1707 —-
2361 1666 2608 1723 Dominus
2635 1681 2803 1726 autem
2831 1671 3057 1740 Spiritus
3081 1682 3192 1739 est;
3211 1676 3296 1732 ubi
3319 1686 3492 1732 autem

1906 1759 2132 1827 Spiritus
2158 1759 2392 1827 Domini,
2427 1761 2496 1815 ibi
2520 1761 2720 1816 libertas
2753 1762 2820 1833 (ll
2852 1761 2970 1819 Cor.
3000 1781 3092 1832 ιιι,
3134 1767 3221 1833 16,
3251 1766 3365 1838 17).
3393 1768 3492 1825 llic

1903 1862 2080 1906 autem
2125 1852 2352 1922 Spiritus
2389 1853 2522 1921 Dei,
2559 1854 2709 1924 cujus
2735 1855 2878 1912 dono
2901 1857 3272 1927 justifieamur,
3299 1876 3406 1931 quo
3431 1861 3490 1918 fit

1904 1943 1953 1996 in
1978 1943 2131 1998 nobis
2155 1952 2322 2000 utnon
2351 1959 2573 2014 peccare
2597 1945 2858 2014 delectet,
2882 1948 2972 2003 ubi
2997 1949 3216 2006 libertas
3239 1961 3352 2018 est;
3382 1953 3489 2008 sic-

1903 2045 1958 2090 ut
1997 2044 2192 2106 prteter
2221 2036 2363 2092 hunc
2383 2036 2637 2109 Spiritum
2669 2055 2890 2109 peccare
2933 2041 3196 2114 delectat,
3243 2045 3332 2102 ubi
3372 2060 3488 2103 scr-

1900 2127 2059 2194 vitus,
2091 2142 2120 2181 a
2145 2129 2297 2198 cujus
2319 2129 2570 2199 operibus
2609 2130 2983 2189 abstinendum
3009 2133 3030 2165 ³
3056 2143 3138 2190 est
3166 2153 3181 2190 :
3210 2136 3296 2192 hic
3317 2136 3484 2206 Spiri-

1899 2227 1984 2274 tus
2004 2227 2220 2276 sauctus
2247 2235 2342 2290 per
2366 2236 2524 2290 quem
2549 2221 2863 2279 diffunditur
2891 2224 3123 2282 charitas
3150 2227 3203 2282 in
3229 2227 3484 2286 cordibus

1898 2311 2117 2375 nostris,
2174 2328 2295 2382 quae
2337 2314 2612 2383 plenitudo
2639 2315 2772 2387 legis
2806 2326 2927 2384 est,
2958 2319 3122 2374 etiam
3162 2319 3359 2392 digitus
3387 2321 3484 2379 Dei

1895 2403 1950 2457 in
1975 2402 2264 2474 Evangelio
2284 2404 2476 2461 dicitur
2503 2405 2652 2477 (Luc.
2681 2423 2765 2475 xl,
2801 2408 2918 2480 20).
2959 2410 3113 2468 Unde
3137 2413 3258 2482 quia
3288 2423 3345 2470 et
3377 2415 3483 2471 illae

1896 2495 2086 2551 tabula:
2111 2496 2275 2567 digito
2302 2497 2395 2552 Dei
2441 2499 2761 2569 conscripta
2785 2509 2943 2568 sunt,
2969 2510 3024 2558 et
3049 2503 3248 2574 digitus
3280 2506 3371 2562 Dei
3399 2515 3483 2562 est

1891 2588 2118 2659 Spiritus
2145 2590 2238 2644 Dei
2269 2605 2364 2659 per
2401 2606 2562 2661 quem
2602 2592 3018 2663 sanctificamur,
3050 2605 3110 2651 ut
3131 2613 3203 2653 ex
3245 2598 3354 2654 fide
3398 2600 3478 2654 vi-

1892 2690 2076 2738 ventes
2105 2698 2202 2753 per
2229 2683 2566 2740 dilectionem
2612 2684 2750 2742 bene
2795 2702 3110 2763 operemur;
3155 2675 3314 2761 quem
3363 2708 3472 2750 non

1888 2783 2102 2832 moveat
2131 2776 2232 2831 ista
2261 2778 2607 2848 congruentia
2632 2777 2936 2851 ibidemque
2961 2780 3211 2838 distantia
3253 2782 3316 2840 ‘2
3351 2785 3476 2841 Dies

1887 2867 2030 2922 enim
2054 2868 2434 2940 quinquaginta
2482 2879 2858 2941 computantur
2897 2888 2929 2928 a
2976 2875 3334 2933 celebratione
3369 2877 3474 2934 Pa-

1888 2960 2032 3015 scha:
2050 3002 2065 3026 ,
2096 2977 2216 3031 quae
2243 2961 2513 3018 occisione
2538 2962 2775 3034 figuratae
2801 2965 2918 3021 ovis
2959 2981 3057 3036 per
3097 2966 3313 3040 Moysen
3358 2970 3472 3026 fieri

1887 3061 2152 3123 praecepta
2194 3061 2278 3108 est
2317 3051 2512 3124 (Exod.
2559 3055 2654 3125 ιιι)
2675 3095 2692 3121 ,
2722 3055 2776 3110 in
2801 3056 3244 3126 signiﬁcationem
3289 3061 3474 3131 utique

1885 3143 2077 3201 futura:
2097 3145 2387 3201 Dominica:
2407 3146 2690 3216 passionis,
2712 3161 2882 3218 usque
2894 3148 2964 3202 ad
2982 3148 3123 3204 diem
3138 3166 3240 3221 qua
3264 3149 3472 3222 Moyses

1884 3235 2056 3308 legem
2074 3238 2280 3308 accepit
2292 3237 2343 3292 in
2359 3237 2553 3294 tabulis
2566 3237 2732 3309 digito
2748 3239 2842 3294 Dei
2858 3241 3178 3313 conscriptis
3195 3260 3211 3298 :
3225 3243 3474 3301 similiter

1885 3331 1956 3388 ab
1999 3331 2268 3387 occisione
2295 3340 2350 3386 et
2373 3332 2769 3388 resurrectione
2795 3332 2935 3388 illius
2963 3334 3054 3404 qui
3093 3335 3231 3390 sicut
3249 3335 3367 3392 ovis
3401 3336 3472 3392 ad

1883 3422 2269 3479 immolandum
2298 3421 2489 3478 ductus
2517 3431 2601 3477 est
2631 3421 2786 3495 (Isai.
2825 3439 2949 3490 un,
2981 3424 3061 3494 7),
3089 3424 3471 3497 quinquaginta

1880 3515 2068 3573 diebus
2087 3515 2384 3586 completis,
2410 3524 2759 3586 congregatos
2785 3516 2838 3571 in
2874 3533 3040 3573 unum
3061 3518 3251 3575 ﬁdeles
3271 3519 3470 3590 digitus

1880 3607 1998 3677 Dei,
2031 3609 2136 3668 hoc
2157 3617 2260 3676 est,
2281 3609 2512 3680 Spiritus
2533 3616 2751 3665 sanctus
2776 3609 3019 3682 implevit
3051 3610 3188 3684 (Act.
3219 3626 3290 3679 ιι,
3322 3611 3464 3684 2-4).

1949 3721 2215 3778 CAPUT
2263 3721 2458 3778 XVII.
2497 3753 2568 3764 --
2608 3723 2701 3780 99.
2756 3723 2908 3796 Legis
2953 3723 3200 3781 llosaicat
3245 3735 3292 3781 et
3330 3741 3474 3782 nova

1877 3815 2213 3884 comparatio.
2243 3812 2299 3869 In
2327 3812 2429 3870 hac
2475 3814 2704 3870 mirabili
2749 3817 3098 3887 congruentia
3146 3816 3276 3872 illud
3322 3826 3469 3874 certe

1876 3905 2162 3976 plurimum
2183 3905 2375 3973 distat,
2404 3907 2547 3976 quod
2569 3907 2642 3963 ibi
2665 3907 2890 3978 populus
2913 3907 3170 3964 accedere
3195 3907 3264 3964 ad
3290 3907 3469 3964 locum

1876 3997 1966 4053 ubi
1992 3997 2080 4054 lex
2107 3997 2354 4065 dabatur,
2397 3997 2668 4055 horrendo
2698 4008 2902 4056 terrore
2928 3999 3244 4070 prohibetur
3271 4000 3467 4073 (Exod.

1875 4090 1988 4162 xtx)
2020 4107 2035 4145 :
2064 4089 2150 4146 hic
2183 4098 2360 4146 autem
2386 4091 2438 4146 in
2465 4107 2561 4147 eos
2598 4093 2909 4163 supervenit
2933 4093 3165 4163 Spiritus
3205 4103 3423 4149 sanctus
3447 4135 3464 4161 ,

1873 4182 1966 4253 qui
2014 4198 2136 4237 eum
2183 4183 2502 4253 promissum
2530 4192 2901 4254 exspectantes
2948 4185 3002 4240 in
3044 4200 3210 4241 unum
3252 4185 3468 4241 fuerant

1873 4273 2198 4344 congregati.
2235 4273 2311 4330 lbi
2341 4274 2394 4329 in
2421 4273 2614 4330 tabulis
2643 4275 2866 4345 lapideis
2902 4275 3100 4345 digitus
3146 4276 3241 4332 Dei
3267 4291 3459 4347 opera-

1876 4373 1960 4419 tus
1985 4373 2099 4431 est;
2137 4365 2244 4432 hic,
2278 4365 2328 4418 in
2356 4365 2606 4420 cordibus
2633 4367 2928 4422 hominum.
2969 4368 3044 4422 Ibi
3074 4384 3204 4438 ergo
3243 4369 3327 4424 lex
3357 4384 3454 4423 ex-

1871 4458 2138 4512 trinsecus
2158 4456 2328 4526 posita
2353 4463 2470 4524 est,
2513 4472 2618 4528 qua
2646 4457 2830 4529 injusti
2855 4466 3222 4515 terrerentur:
3260 4458 3347 4514 hic
3373 4461 3459 4514 in-

1873 4549 2135 4605 trinsecus
2161 4549 2284 4605 data
2328 4559 2446 4617 est,
2489 4566 2592 4622 qua
2640 4551 3078 4622 justificarentur.
3125 4551 3280 4608 Nam.
3337 4553 3461 4609 Non

1871 4643 2212 4711 adulterabis,
2247 4641 2368 4698 Non
2396 4642 2724 4698 homicidium
2749 4645 2926 4716 facies,
2955 4643 3076 4700 Non
3100 4647 3422 4716 concupisces
3441 4689 3457 4714 ,

1870 4743 1918 4789 et
1936 4736 1980 4790 si
2004 4735 2139 4807 quod
2163 4745 2234 4790 est
2259 4735 2401 4790 aliud
2428 4737 2754 4803 mandatum,
2784 4736 2928 4807 quod
2953 4737 3138 4808 utique
3166 4738 3221 4793 in
3249 4737 3352 4792 illis
3381 4747 3461 4792 ta-

1869 4825 2009 4882 bulis
2047 4827 2302 4897 scriptum
2329 4835 2412 4882 est
2433 4868 2449 4894 ,
2478 4828 2532 4881 in
2558 4827 2682 4895 hoc,
2725 4829 2915 4899 inquit,
2943 4844 3172 4883 sermone
3206 4830 3461 4900 recapitu-

1871 4918 2026 4986 Iatur,
2059 4920 2112 4974 in
2142 4933 2209 4974 eo
2236 4919 2380 4990 quod
2421 4919 2604 4992 diliges
2637 4921 2927 4992 proximam
2963 4931 3104 4975 tuum
3145 4931 3386 4992 tanquam
3412 4930 3457 4976 te

1871 5010 2059 5080 ipsum.
2089 5009 2309 5064 Dilectio
2353 5012 2572 5081 proximi
2601 5010 2793 5066 malum
2837 5029 2942 5067 non
2988 5021 3248 5083 operatur.
3279 5010 3458 5067 Pleni-

1869 5103 1989 5158 tudo
2017 5113 2187 5157 autem
2215 5103 2339 5173 legis
2364 5114 2436 5158 est
2461 5104 2682 5159 charitas
2706 5103 2882 5176 (Rom.
2912 5119 3040 5172 xm,
3073 5103 3139 5172 9,
3172 5104 3285 5174 ID).
3331 5103 3458 5158 limo

1866 5209 1974 5251 non
2004 5194 2058 5249 in
2087 5194 2283 5249 tabulis
2308 5195 2606 5266 conscripta
2640 5195 2884 5266 lapideis,
2913 5195 3008 5251 sed
3045 5194 3235 5263 diﬂ'usa
3279 5202 3352 5249 est
3400 5194 3454 5248 in

1865 5287 2100 5343 cordibus
2124 5290 2308 5343 nostris
2334 5305 2422 5355 per
2444 5288 2696 5359 Spiritum
2724 5300 2956 5344 sanctum
2979 5291 3065 5360 qui
3088 5290 3237 5344 datus
3261 5299 3332 5342 est
3357 5304 3452 5341 no-

1865 5382 1941 5438 bis
1966 5381 2075 5454 (Id.
2109 5397 2166 5449 v,
2195 5382 2272 5452 5).
2304 5381 2416 5437 Lex
2453 5397 2583 5452 ergo
2610 5382 2705 5437 Dei
2747 5393 2828 5438 est
2869 5381 3122 5438 charitas.
3151 5382 3286 5436 lluic
3327 5394 3454 5448 pru-

1864 5474 2035 5529 dentia
2063 5473 2231 5530 carnis
2258 5490 2361 5529 non
2398 5483 2471 5529 cst
2507 5473 2769 5544 subjecta;
2791 5490 2950 5545 neque
2970 5473 3102 5528 enim
3145 5480 3303 5543 potest
3333 5467 3445 5540 (Id.

1861 5581 1955 5622 vni
1978 5609 1994 5637 ,
2023 5567 2078 5638 7)
2108 5585 2120 5621 :
2156 5566 2251 5624 sed
2287 5567 2355 5624 ad
2396 5566 2534 5622 hanc
2581 5567 2917 5638 prudentiam
2943 5565 3120 5623 carnis
3144 5561 3450 5621 terrendam

1927 5726 1945 5758 ι
1965 5732 2016 5774 In
2042 5725 2200 5787 editis,

1923 5788 2020 5858 3!!!
2041 5796 2249 5858 quatuor
2268 5798 2392 5858 ἒίξέιν
2418 5793 2686 5858 ινφεετεηδ-
2737 5847 2748 5858 .
2783 5846 2810 5858 ..
2882 5844 2914 5858 ..

1925 5849 1946 5880 ³
1968 5844 2199 5913 ilic-editi
2233 5844 2439 5911 addunt,
2478 5847 2532 5900 id
2565 5856 2636 5901 est
2671 5844 2987 5913 spiritualiter
3021 5844 3452 5911 sabbatuandm;

1859 5912 2555 5982 (ιυράςιιξῑεωυεαίνεῐξεξνρβε-
2698 5912 2704 5913 ί
2805 5973 2817 5982 .
3151 5971 3183 5982 -.

1930 5977 1947 6007 δ
1971 5975 2044 6025 sic
2063 5979 2171 6023 Mss.
2197 5980 2252 6026 Αῑ
2276 5971 2409 6038 editi,
2432 5972 2702 6036 ibidemque
2726 5973 2896 6026 eadem
2913 5971 3231 6027 subsistat“.
