3996 6476
204 397 298 456 225

206 514 315 570 illos
341 519 390 567 et
413 512 727 585 gloriﬁcavit
757 512 937 585 (Rom.
964 527 1057 568 vm
1079 554 1092 579 ,
1124 511 1217 580 28,
1244 513 1355 584 30).
1389 511 1514 569 Ideo
1542 514 1559 545 ¹
1591 529 1653 567 ea:
1679 512 1801 581 ﬁde,

207 614 256 661 ut
278 606 563 659 semiudum
591 606 815 676 gratiam
855 606 1007 675 firma
1035 606 1098 660 sit
1127 606 1392 678 promissio
1427 605 1565 661 omni
1588 606 1766 659 semini
1788 646 1804 672 ,

208 716 302 753 non
322 699 366 753 ei
395 707 598 752 tantum
632 700 771 768 quod
796 716 860 754 ea:
889 700 997 772 lege
1017 708 1112 765 est,
1146 699 1196 755 id
1226 708 1327 766 est,
1358 698 1497 771 quod
1520 714 1584 754 ex
1613 699 1804 753 Vetere

212 791 555 848 Testamento
582 792 730 846 venit
757 791 825 847 ad
867 791 1107 859 Novum;
1148 793 1236 848 sed
1274 801 1320 847 et
1357 794 1403 847 ei
1439 792 1576 862 quod
1602 808 1664 847 ex
1707 791 1810 860 ﬁde

212 894 294 948 est,
322 900 433 938 non
462 884 565 939 sibi
594 884 875 955 prmmissa
895 886 1012 955 lege
1031 886 1074 937 ³.
1102 882 1185 938 Ea:
1203 884 1305 953 ﬁde
1324 892 1499 939 autem
1524 882 1803 948 Abraham,

218 976 263 1033 id
290 984 404 1041 est,
438 976 743 1031 imitatores
784 974 907 1029 fidei
943 974 1247 1030 Abraham:
1280 975 1367 1047 qui
1404 984 1476 1030 est
1516 984 1658 1044 pater
1696 990 1807 1027 om-

214 1072 347 1125 nium
368 1080 609 1123 nostrum
628 1111 645 1134 ,
674 1072 807 1123 sicut
835 1069 1079 1140 scriptum
1104 1079 1207 1133 est,
1241 1069 1375 1133 Quia
1405 1078 1599 1139 patrem
1622 1067 1807 1121 multa-

212 1181 315 1217 rum
342 1163 580 1233 gentium
612 1162 761 1234 posui
792 1169 839 1215 te
863 1159 973 1231 (Id.
998 1177 1071 1226 tv,
1101 1162 1189 1229 16,
1225 1159 1335 1232 l7).
1367 1159 1565 1216 Omnes
1596 1174 1724 1229 ergo
1754 1158 1808 1213 hi

214 1256 605 1327 praedestinati,
631 1255 829 1321 vocati,
854 1254 1149 1325 justiiicati,
1181 1254 1458 1326 glorificati
1486 1260 1812 1323 cognoscent

214 1349 369 1404 Deum
418 1348 595 1418 gratia
630 1346 962 1403 Testamenti
1002 1345 1176 1411 Novi,
1218 1361 1248 1399 a
1297 1345 1503 1401 minore
1531 1359 1697 1415 usque
1741 1343 1812 1399 ad

213 1440 469 1511 majorem
499 1454 714 1495 eorum.

273 1552 364 1606 ιι.
396 1551 559 1607 Sicut
584 1565 715 1622 ergo
748 1550 836 1606 lex
865 1550 1122 1606 factorum
1149 1551 1347 1620 scripta
1375 1549 1426 1604 in
1456 1548 1648 1605 tabulis
1678 1548 1812 1620 lapi-

215 1646 346 1710 deis,
397 1656 725 1715 mercesque
752 1642 869 1713 ejus
901 1651 1041 1697 terra
1085 1642 1172 1696 illa
1220 1640 1620 1712 promissionis,
1651 1656 1811 1712 quam

214 1738 438 1794 carnalis
469 1737 668 1792 domus
695 1735 857 1790 Israel
880 1750 1001 1789 cum
1029 1750 1094 1790 ex
1122 1733 1356 1806 Egypto
1386 1733 1606 1789 liberata
1636 1740 1807 1798 esset,

218 1830 437 1900 accepit,
471 1828 711 1899 pertinet
736 1825 805 1880 ad
826 1826 1224 1881 Testamentum
1246 1825 1408 1880 Vetus
1432 1840 1447 1879 :
1481 1825 1551 1880 ita
1580 1824 1665 1879 lex
1689 1822 1811 1879 ﬁdei

214 1922 405 1991 scripta
436 1920 491 1974 in
524 1918 779 1975 cordibus
801 1959 815 1982 ,
863 1931 1173 1988 mercesque
1198 1916 1313 1987 ejus
1335 1918 1540 1987 species
1567 1926 1811 1971 contem-

214 2011 483 2083 plationis,
509 2026 675 2081 quam
697 2009 990 2079 spiritualis
1009 2009 1200 2064 domus
1222 2008 1383 2064 Israel
1403 2008 1471 2063 ab
1494 2009 1597 2063 hoc
1614 2006 1814 2063 mundo

218 2106 434 2159 liberata
462 2104 728 2176 percipiet
752 2146 767 2171 ,
800 2103 1032 2172 pertinet
1058 2102 1125 2156 ad
1153 2102 1552 2157 Testamentum
1581 2100 1810 2157 Novum.

216 2199 357 2254 Tunc
386 2198 482 2253 liet
512 2197 658 2269 quod
688 2196 819 2253 dicit
856 2197 1142 2268 Apostolus
1162 2237 1177 2259 ,
1223 2196 1343 2251 Sive
1385 2196 1665 2267 prophetia:
1700 2212 1814 2251 eva-

214 2290 522 2357 mbuntur,
554 2290 660 2344 sive
683 2290 874 2360 linguae
898 2288 1194 2354 cessabunt,
1222 2288 1326 2343 sive
1358 2288 1566 2342 scientia
1598 2304 1812 2342 evacua-

216 2387 345 2439 bitur
356 2402 376 2450 ;
404 2385 495 2439 illa
526 2384 732 2440 scilicet
760 2382 1104 2454 parvulorum
1143 2382 1366 2438 scientia
1396 2382 1447 2437 in
1488 2397 1589 2453 qua
1622 2381 1707 2437 hic
1733 2381 1812 2435 vi-

214 2478 381 2543 vitur,
415 2493 541 2549 quae
566 2493 633 2532 ex
658 2486 814 2547 parte
843 2486 926 2533 est
966 2492 1062 2547 per
1087 2476 1361 2548 speculum
1392 2477 1447 2532 in
1492 2478 1773 2548 aenigmate
1798 2496 1811 2532 :

214 2582 438 2643 propter
465 2571 606 2627 hanc
630 2570 774 2628 enim
804 2571 1102 2628 necessaria
1129 2580 1213 2627 est
1238 2571 1535 2641 pmpbetia,
1566 2586 1684 2626 cum
1716 2571 1812 2626 ad-

216 2664 330 2719 huc
346 2664 633 2735 praeteritis
654 2663 833 2719 futura
855 2663 1178 2728 succedunt;
1205 2671 1426 2735 propter
1447 2664 1581 2719 hanc
1598 2665 1812 2735 linguai,

223 2755 282 2811 id
317 2764 427 2823 est,
453 2756 808 2828 multiplicitas
837 2756 1284 2827 significationum
1307 2797 1322 2823 ,
1364 2771 1485 2811 cum
1515 2772 1578 2811 ex
1606 2756 1712 2811 alio
1735 2765 1818 2810 at-

217 2863 330 2919 que
356 2848 467 2903 alio
506 2849 644 2904 aliud
691 2857 855 2921 atque
894 2848 1033 2904 aliud
1077 2849 1413 2917 admonetur,
1459 2850 1549 2920 qui
1581 2850 1814 2906 nondum

214 2947 476 2995 sternam
508 2940 680 2996 lucem
726 2941 1022 3012 perspicuae
1047 2940 1288 2996 veritatis
1327 2950 1510 2997 mente
1553 2945 1818 3012 purgatis-

215 3030 349 3086 sima
370 3030 793 3103 contemplatur.
822 3030 950 3088 Cum
974 3041 1144 3087 autem
1168 3034 1356 3088 venerit
1381 3032 1517 3103 quod
1542 3018 1819 3105 perfectum

214 3136 314 3191 est,
344 3134 405 3181 et
433 3132 606 3181 totum
635 3126 738 3182 hoc
763 3126 903 3198 quod
940 3143 1001 3182 ea:
1026 3137 1171 3197 parte
1205 3136 1280 3181 est
1325 3126 1483 3182 fuerit
1524 3137 1818 3181 evacuatum

218 3215 257 3287 (l
285 3215 408 3270 Cor.
436 3232 561 3285 xm,
586 3216 643 3283 8,
665 3217 759 3287 9);
792 3225 917 3273 tunc
954 3217 1096 3288 quod
1117 3217 1138 3249 ³
1162 3226 1432 3288 assumpta
1472 3233 1637 3274 carne
1668 3214 1817 3274 carni

214 3312 501 3378 apparuit,
552 3307 797 3364 ostendet
835 3323 895 3364 se
935 3309 1107 3378 ipsum
1138 3307 1484 3365 dilectoribus
1508 3308 1659 3363 suis:
1692 3318 1819 3365 tunc

215 3402 309 3455 erit
338 3402 450 3455 vita
481 3408 710 3466 aeterna,
740 3409 797 3456 ut
825 3414 1211 3471 cognoscamus
1240 3417 1405 3457 unum
1431 3417 1617 3457 verum
1646 3402 1814 3458 Deum

215 3491 391 3561 (Joan.
422 3507 565 3560 xvn,
596 3490 688 3564 5);
720 3500 844 3548 tunc
872 3492 1076 3549 similes
1096 3493 1147 3549 ei
1167 3493 1364 3548 erimus
1386 3493 1431 3564 (Ι
1455 3494 1611 3548 Joan.
1638 3508 1715 3559 ιιι,
1736 3493 1815 3563 2),

214 3587 467 3656 quatiam
513 3594 646 3641 tunc
689 3601 1074 3658 cognoscemus
1118 3587 1257 3643 sicut
1302 3595 1358 3641 et
1398 3588 1595 3658 cogniti
1635 3603 1819 3643 sumus

217 3678 258 3749 (l
283 3678 407 3733 Car.
451 3695 585 3745 xm,
617 3678 727 3752 l2).
756 3680 907 3735 Tunc
938 3698 1038 3735 non
1064 3681 1258 3735 docebit
1287 3682 1625 3752 unusquisque
1666 3684 1821 3737 civem

223 3786 397 3837 suam,
427 3780 523 3825 aut
553 3775 761 3841 fratrm
786 3788 955 3839 suum,
984 3772 1156 3827 dicens
1177 3814 1191 3839 ,
1220 3771 1474 3846 Cognosce
1501 3771 1777 3828 Dominum
1801 3789 1819 3828 :

216 3879 391 3921 omnes
418 3863 559 3918 enim
587 3871 888 3934 cognoscent
913 3880 1025 3919 eum
1041 3906 1056 3931 ,
1087 3881 1120 3918 a
1158 3864 1353 3918 minore
1377 3880 1533 3935 usque
1557 3865 1626 3918 ad
1658 3867 1822 3937 majo-

212 3972 310 4011 rem
338 3973 546 4011 eorum.
578 3956 732 4024 Quod
777 3956 956 4013 multis
984 3956 1155 4013 modis
1186 3956 1404 4027 intelligi
1446 3964 1640 4026 potest.
1688 3956 1815 4015 Sive

216 4051 331 4119 quia
385 4057 443 4103 et
490 4048 606 4103 illic
633 4049 857 4121 quisque
902 4058 1207 4106 sanctorum
1257 4057 1506 4121 tanquam
1557 4051 1707 4106 stella
1750 4052 1819 4107 ab

215 4141 364 4195 stella
395 4138 583 4194 differt
609 4139 661 4194 in
691 4140 861 4210 gloria
890 4139 1000 4213 (Id.
1030 4156 1121 4207 xv,
1152 4140 1268 4213 ll).
1295 4140 1405 4196 Nec
1431 4141 1496 4197 ad
1524 4157 1635 4197 rem
1665 4142 1823 4213 quid-

213 4246 368 4300 quam
413 4231 682 4297 interest,
725 4239 903 4287 utrum
945 4247 978 4285 a
1013 4231 1208 4286 minore
1248 4248 1406 4300 usque
1444 4232 1512 4286 ad
1540 4233 1816 4303 majorem,

212 4323 348 4377 sicut
389 4323 602 4379 dictum
638 4331 755 4390 est,
787 4336 854 4377 an
884 4322 929 4377 si
970 4337 1001 4376 a
1028 4322 1233 4393 majore
1262 4338 1431 4393 usque
1460 4322 1529 4377 ad
1556 4322 1817 4378 minorem

214 4413 489 4471 diceretur
515 4432 531 4469 :
560 4415 703 4486 quod
748 4414 992 4469 similiter
1027 4413 1158 4470 nihil
1195 4415 1445 4483 interest,
1476 4415 1684 4470 etiamsi
1715 4417 1813 4469 mi-

213 4523 378 4564 nores
408 4508 858 4573 intellexerimus,
884 4508 972 4578 qui
998 4508 1361 4563 tantummodo
1379 4506 1621 4575 credere,
1652 4508 1821 4578 majo-

212 4614 299 4655 res
325 4609 517 4656 autem
544 4598 639 4670 qui
665 4598 827 4655 etiam
857 4598 1151 4670 intelligere
1168 4638 1188 4667 ,
1218 4608 1473 4670 quantum
1498 4598 1551 4653 in
1580 4597 1683 4656 bac
1709 4598 1817 4655 vita

212 4702 398 4765 potest
435 4693 483 4759 ‘,
534 4694 718 4750 lumen
763 4694 1135 4763 incorporeum
1180 4699 1342 4762 atque
1387 4692 1819 4749 incommutabile

213 4790 527 4843 valuerunt.
562 4786 687 4843 Sive
713 4786 971 4853 minores,
999 4794 1242 4856 tempore
1264 4785 1619 4856 posteriores;
1653 4785 1820 4856 majo-

214 4893 300 4933 res
325 4888 514 4933 autem
540 4887 780 4948 tempore
799 4877 1006 4948 priores
1030 4876 1250 4948 intelligi
1275 4876 1458 4932 voluit.
1483 4876 1650 4935 Simul
1675 4878 1817 4932 enim

215 4970 545 5039 promissam
590 4969 682 5023 Dei
707 4968 1210 5037 contemplationem
1252 4952 1520 5038 accepturi
1549 4975 1675 5023 sunt
1698 4984 1817 5022 om-

213 5078 347 5129 nes;
379 5063 508 5133 quia
538 5070 593 5117 et
636 5062 708 5116 illi
751 5078 848 5131 pro
878 5060 1031 5116 nobis
1059 5060 1279 5115 meliora
1321 5059 1701 5131 providerunt,
1751 5076 1819 5116 ne

214 5155 333 5211 sine
359 5153 525 5210 nobis
563 5153 786 5224 perfecti
812 5152 833 5185 ³
874 5152 1261 5222 perﬁcerentur
1285 5151 1473 5223 (Hebr.
1502 5168 1573 5217 xi,
1605 5152 1717 5223 40).
1748 5152 1819 5207 Et

216 5246 342 5303 ideo
366 5247 519 5303 velut
544 5246 752 5317 priores
778 5243 1116 5316 reperiuntur
1144 5243 1381 5299 minores
1406 5243 1448 5311 ⁸,
1480 5243 1602 5315 quia
1640 5243 1819 5300 minus

211 5428 298 5539 hs!
324 5426 469 5487 mliti,
497 5425 718 5490 Ideoque.
745 5432 804 5476 At
832 5426 1143 5489 manuscripti
1166 5439 1261 5475 non
1278 5424 1422 5476 aliter
1450 5438 1594 5491 quam
1617 5432 1817 5489 Aposto-

280 5554 302 5583 ²
322 5552 469 5611 Editi,
494 5564 588 5601 non
608 5550 704 5602 sibi
726 5549 962 5615 prondssa
985 5550 1104 5615 lege.
1130 5550 1220 5600 sed
1243 5553 1325 5613 qui
1354 5552 1431 5601 hic
1461 5550 1715 5601 manifesto
1739 5566 1818 5601 er-

212 5626 330 5664 rore
352 5615 596 5664 recedunt
617 5628 644 5663 a
670 5614 1040 5676 litanuscriptis,
1065 5628 1174 5676 cum
1191 5614 1264 5676 iis
1300 5623 1468 5675 postea
1505 5616 1815 5674 conveniunt,

213 5688 273 5725 n.
284 5677 378 5747 fi,
402 5678 487 5747 ubi
508 5678 773 5747 repetitur,
798 5674 1046 5747 prterian
1068 5674 1159 5725 sibi
1180 5674 1300 5747 lege2

281 5740 305 5801 ἓ
323 5736 373 5789 ιιι
391 5740 549 5801 tribus
568 5736 701 5801 Mss.
725 5736 811 5801 qui
818 5776 828 5786 .
853 5744 901 5786 tn
923 5739 1156 5801 quinque,
1193 5736 1399 5788 Verbum
1414 5738 1559 5801 quod,

281 5800 305 5871 ξ
328 5803 466 5859 aditi,
488 5799 601 5865 ﬁeri
623 5798 794 5871 potest.
820 5798 984 5871 abest,
1010 5798 1145 5871 ﬁeri,
1156 5813 1185 5849 a
1200 5808 1309 5871 uss.

282 5863 537 5926 foliatam-
562 5878 593 5926 e
618 5863 860 5926 Vaticanis
880 5871 1005 5926 Mss...
1029 5863 1244 5926 profecti.

280 5923 305 5957 ⁸
325 5927 447 5977 aditi
465 5942 479 5978 :
498 5932 554 5978 ει
578 5925 692 5978 ideo
714 5923 841 5975 velut
862 5922 1068 5980 mitiores
1100 5922 1404 5986 reperiqu
1438 5922 1641 5987 priores.

1629 394 1834 454 LIBER
1871 393 2068 455 UNUS.

3392 399 3503 459 226

1914 509 2063 566 dilati
2107 519 2261 578 sunt;
2293 511 2430 569 sicut
2475 512 2531 569 in
2560 511 2651 568 illo
2692 513 3001 586 evangeliea
3039 514 3260 573 denario
3288 530 3385 587 per
3417 518 3497 576 si-

1913 602 2265 659 militudinem
2291 603 2503 673 dicitur,
2534 620 2694 676 quem
2730 606 2878 676 prius
2905 606 3172 679 accipiunt
3194 609 3284 679 qui
3312 617 3497 681 poste-

1912 693 2026 750 rius
2049 702 2309 750 venerunt
2333 694 2401 750 ad
2422 696 2627 750 vineam
2654 696 2878 769 (Matth.
2904 713 2996 766 xx,
3019 697 3198 769 8-12).
3220 699 3340 755 Sive
3363 715 3499 771 quo-

1913 785 2043 842 libet
2075 787 2180 842 alio
2213 786 2393 852 modo,
2434 788 2523 858 qui
2554 803 2640 844 me
2669 789 2722 843 in
2748 791 3029 860 praesentia
3072 791 3292 848 forsitan
3332 793 3497 864 fugit,

1913 878 2149 933 minores
2174 880 2512 950 maioresque
2542 882 2836 951 accipiendi
2856 892 2999 939 sunt.

1985 970 2209 1028 CAPUT
2222 972 2463 1028 XXV.—
2482 973 2571 1029 42.
2600 973 2856 1028 Distantia
2887 975 3073 1032 Veteris
3092 986 3137 1032 et
3164 976 3299 1033 Novi
3319 979 3501 1034 Testa-

1912 1066 2085 1119 menti.
2130 1065 2260 1121 Illud
2301 1074 2512 1133 tamen,
2560 1078 2816 1138 quantum
2859 1077 3045 1142 potes,
3090 1071 3373 1143 diligenter
3413 1083 3496 1128 at-

1913 1157 2107 1224 tende,
2150 1160 2290 1230 quod
2332 1169 2479 1216 tanto
2506 1162 2781 1219 molimine
2821 1178 2988 1220 conor
3031 1166 3346 1222 ostendere:
3373 1182 3497 1223 cum

1912 1249 2311 1309 Testamentum
2344 1254 2547 1310 Novum
2578 1256 2842 1327 Propheta
2874 1259 3236 1329 promitteret,
3269 1276 3375 1317 non
3406 1278 3496 1318 se-

1913 1345 2147 1401 cundum
2173 1346 2572 1405 Testamentum
2603 1350 2744 1421 quod
2789 1351 2933 1421 prius
2960 1350 3160 1408 factum
3197 1362 3278 1408 est
3306 1355 3500 1425 populo

1913 1437 2075 1494 Israel
2107 1455 2173 1494 ex
2201 1439 2437 1514 Egypto
2459 1442 2702 1510 liberato,
2726 1445 2857 1499 nihil
2884 1460 3006 1501 eum
3028 1446 3096 1502 de
3118 1447 3498 1505 sacrificiorum

1913 1530 1997 1587 vel
2022 1546 2353 1603 quorumque
2376 1535 2391 1565 ί
2422 1548 2878 1592 sacramentorum
2901 1539 3317 1596 commutatione
3338 1538 3500 1595 dixis-

1914 1638 1994 1692 se,
2023 1626 2266 1696 quamvis
2289 1635 2344 1682 et
2368 1626 2483 1696 ipsa
2522 1629 2638 1685 sine
2670 1629 2833 1686 dubio
2858 1630 3031 1687 fuerat
3055 1642 3331 1700 secutura,
3364 1633 3504 1689 sicut

1914 1724 2153 1771 seCutam
2182 1717 2443 1784 videmus,
2473 1720 2615 1790 quod
2640 1721 2820 1777 multis
2847 1723 2967 1777 aliis
2997 1723 3126 1779 locis
3152 1723 3341 1779 eadem
3370 1740 3501 1794 pro-

1915 1806 2125 1877 phetica
2167 1807 2438 1880 Scriptura
2487 1819 2748 1868 testatur:
2792 1814 2887 1869 sed
2931 1816 3298 1871 tantummodo
3344 1817 3501 1873 istam

1915 1900 2321 1959 commendasse
2351 1902 2652 1959 distantiam
2676 1948 2691 1972 ,
2740 1905 2881 1977 quod
2928 1906 3075 1978 leges
3118 1922 3242 1963 suas
3281 1908 3504 1965 daturus

1914 2004 2059 2050 esset
2087 1996 2229 2051 Deus
2254 1997 2308 2052 in
2340 2006 2571 2054 mentem
2611 2013 2793 2055 eorum
2823 2002 2914 2071 qui
2941 2002 3270 2071 pertinerent
3294 2003 3361 2059 ad
3401 2004 3504 2062 hoc

1916 2084 2338 2156 Testamentum,
2352 2098 2405 2145 et
2422 2104 2606 2145 eorum
2629 2092 2921 2161 scripturus
2940 2095 2962 2125 '
2985 2094 3035 2147 in
3052 2093 3332 2161 cordibus;
3362 2096 3503 2152 unde

1917 2178 2203 2249 Apostolus
2231 2182 2479 2252 sumpsit,
2509 2198 2610 2237 non
2635 2192 2936 2252 atramento,
2954 2185 3044 2240 sed
3067 2186 3248 2257 spiritu
3268 2187 3365 2242 Dei
3383 2189 3500 2253 vivi,

1916 2286 2017 2324 non
2036 2271 2087 2324 in
2111 2271 2293 2328 tabulis
2310 2274 2541 2345 lapideis,
2563 2274 2650 2328 sed
2670 2274 2722 2330 in
2746 2275 2932 2331 tabulis
2952 2278 3119 2334 cordis
3130 2279 3415 2334 carnalibus
3433 2279 3502 2351 (ll

1918 2361 2035 2417 Cor.
2055 2379 2131 2426 ιιι,
2154 2363 2207 2434 5)
2233 2367 2751 2438 :sempiternamque
2779 2369 3080 2425 mercedem
3107 2370 3504 2441 justilicationis

1918 2452 2098 2523 hujus,
2117 2472 2223 2511 non
2241 2466 2437 2512 terram
2452 2458 2520 2514 de
2544 2476 2643 2530 qua
2665 2462 2799 2532 pulsi
2824 2471 2947 2518 sunt
2962 2464 3256 2520 Amorrhaii
3276 2474 3330 2522 et
3343 2465 3508 2523 Cbet-

1920 2553 2037 2614 tari,
2080 2558 2135 2602 et
2163 2548 2282 2603 alia:
2318 2558 2506 2619 gentes
2542 2567 2658 2621 qua:
2689 2553 2758 2607 ibi
2788 2565 3277 2611 commemorantur
3313 2558 3505 2628 (Iosue

1918 2641 2039 2708 xu),
2068 2641 2161 2695 sed
2189 2641 2360 2711 ipsum
2386 2644 2575 2713 Deum,
2599 2646 2683 2700 cui
2706 2646 2981 2703 adhaerere
3002 2648 3196 2704 bonum
3219 2661 3300 2705 est
3329 2651 3500 2723 (Psal.

1920 2748 2091 2797 Lxxn,
2113 2733 2235 2805 28),
2266 2743 2325 2790 ιιι
2343 2735 2541 2791 bonum
2573 2738 2664 2793 Dei
2694 2739 2833 2810 quod
2858 2739 3103 2812 diligunt,
3135 2743 3273 2799 Deus
3301 2745 3373 2799 sit
3392 2744 3508 2816 ipse

1920 2839 2077 2895 quem
2097 2825 2355 2896 diligunt;
2381 2827 2518 2884 inter
2537 2845 2693 2900 quem
2715 2839 2767 2885 et
2782 2830 3027 2889 homines
3046 2834 3147 2890 nisi
3165 2846 3378 2905 peccata
3400 2853 3505 2894 non

1920 2926 2311 2988 separant,quaa
2326 2921 2533 2975 nonnisi
2550 2937 2644 2991 per
2657 2923 2898 2980 eamdem
2911 2926 3134 2996 gratiam
3147 2927 3503 2986 dimittuntur.

1922 3007 2075 3065 Unde
2088 3026 2207 3065 cum
2221 3011 2461 3079 dixisset,
2488 3012 2674 3069 Omnes
2688 3016 2820 3069 enim
2835 3029 3130 3089 cognoscent
3147 3037 3242 3086 me,
3262 3038 3294 3074 a
3314 3023 3510 3079 minore

1920 3117 2078 3173 usque
2095 3102 2164 3155 ad
2182 3106 2425 3177 majorem
2440 3122 2650 3173 eorum;
2680 3123 2802 3163 mox
2826 3108 3062 3175 addidit,
3097 3111 3231 3176 Quia
3260 3115 3510 3184 propitius

1921 3212 2005 3249 ero
2018 3197 2269 3267 iniquitati
2285 3214 2477 3267 eorum,
2497 3208 2544 3253 et
2565 3209 2769 3269 peccata
2788 3218 2960 3257 eorum
2980 3220 3079 3258 non
3096 3207 3412 3260 memorabor
3430 3208 3511 3262 ul-

1923 3297 2019 3343 tra.
2040 3289 2142 3345 Per
2163 3289 2337 3360 legem
2354 3306 2483 3361 ergo
2507 3290 2769 3347 factorum
2790 3293 2919 3350 dicit
2938 3296 3215 3364 Dominus,
3248 3298 3302 3353 Ν
3305 3317 3370 3355 an
3386 3318 3511 3356 con-

1922 3381 2146 3453 cupisces
2174 3380 2385 3451 (Exod.
2404 3399 2495 3448 xx,
2527 3384 2616 3454 l7)
2648 3401 2661 3439 :
2690 3401 2787 3455 per
2814 3386 2985 3458 legem
3015 3388 3139 3445 lidei
3171 3392 3300 3446 dicit
3325 3393 3510 3447 Domi-

1924 3489 2046 3542 nus,
2076 3472 2204 3528 Sine
2227 3491 2306 3529 me
2333 3474 2486 3548 nihil,
2497 3477 2703 3546 potestis
2740 3477 2907 3548 facere
2938 3477 3115 3551 (Joan.
3143 3497 3231 3549 xv,
3258 3482 3346 3553 5);
3379 3498 3510 3554 age-

1923 3565 2017 3622 bat
2038 3566 2058 3597 ⁸
2087 3567 2232 3622 enim
2260 3567 2327 3623 de
2355 3554 2515 3624 bonis
2543 3570 2793 3640 operibus
2817 3614 2834 3641 ,
2863 3572 2965 3629 hoc
2989 3581 3075 3629 est
3096 3616 3113 3642 ,
3140 3575 3207 3631 de
3235 3575 3509 3646 palmitum

1923 3659 2202 3717 fructibus.
2226 3660 2357 3718 Cum
2382 3663 2542 3734 igitur
2556 3662 2671 3721 haec
2691 3675 2943 3738 appareat
2962 3667 3213 3726 distantia
3230 3670 3437 3727 Veteris
3455 3682 3512 3728 et

1923 3753 2056 3811 Novi
2072 3757 2419 3827 Testamenti,
2446 3760 2588 3831 quod
2616 3759 2701 3816 lex
2728 3761 2800 3817 ibi
2823 3764 2876 3818 in
2902 3762 3119 3833 tabulis,
3143 3763 3231 3822 hic
3255 3766 3309 3822 in
3333 3768 3511 3825 cordi-

1922 3847 2022 3904 bus
2050 3850 2325 3919 scribitur,
2356 3860 2415 3907 ut
2440 3852 2581 3923 quod
2610 3852 2682 3908 ibi
2717 3852 3018 3913 forinsecus
3050 3865 3248 3925 terret,
3289 3860 3375 3916 hic
3410 3862 3511 3919 deo

1922 3943 2083 3999 lectet
2111 3944 2432 4001 intrinsecus
2455 3988 2470 4013 ,
2521 3946 2698 4018 ibique
2726 3948 2818 4005 fiat
2845 3952 3219 4021 pmvaricator
3243 3970 3338 4024 per
3363 3958 3508 4011 occi-

1922 4032 2137 4091 dentem
2181 4036 2446 4103 litteram,
2477 4036 2564 4093 hic
2588 4037 2815 4095 dilector
2842 4055 2941 4111 per
2968 4042 3322 4101 viviﬁcantem
3348 4047 3509 4117 spiri-

1924 4135 2035 4183 tum
2067 4146 2082 4183 :
2114 4144 2220 4184 non
2244 4128 2365 4186 ideo
2389 4129 2674 4187 dicendum
2704 4140 2788 4189 est
2813 4135 2956 4205 quod
2986 4135 3127 4192 Deus
3163 4138 3376 4209 adjuvet
3412 4155 3511 4198 nos

1920 4219 1987 4275 ad
2029 4220 2353 4291 operandam
2390 4222 2652 4293 justitiam
2681 4234 2841 4296 atque
2884 4236 3137 4297 Operetur
3162 4229 3217 4284 in
3260 4231 3416 4287 nobis
3455 4242 3510 4288 et

1922 4312 2063 4368 velle
2087 4321 2140 4368 et
2176 4316 2386 4384 operari
2418 4331 2516 4386 pro
2544 4317 2680 4372 bona
2710 4320 2981 4377 voluntate
3006 4319 3267 4393 (Philipp.
3298 4340 3356 4392 ιι,
3392 4326 3503 4395 l3),

1921 4404 2042 4476 quia
2085 4406 2365 4477 praeceptis
2398 4406 2619 4477 iustitia:
2660 4408 2958 4466 forinsecus
3000 4410 3214 4468 insonat
3263 4416 3509 4472 sensibus

1922 4499 2149 4566 nostris;
2181 4501 2274 4556 sed
2304 4500 2427 4572 quia
2448 4500 2771 4559 intrinsecus
2794 4504 3179 4562 incrementum
3206 4507 3295 4563 dat
3317 4508 3359 4581 (Ι
3384 4509 3506 4568 Cor.

1923 4609 1999 4659 ιιι,
2028 4594 2144 4665 7),
2174 4593 2520 4650 dill'undendo
2563 4596 2876 4653 charitatem
2922 4598 2975 4653 in
3018 4598 3269 4657 cordibus
3312 4604 3508 4659 nostris

1923 4702 2020 4757 per
2046 4685 2303 4758 Spiritum
2352 4697 2595 4745 sanctum
2620 4730 2636 4756 ,
2666 4689 2757 4761 qui
2786 4688 2943 4746 datus
2986 4698 3076 4748 est
3116 4691 3271 4748 nobis
3312 4692 3506 4766 (Rom.

1924 4796 1980 4847 ν,
2009 4781 2098 4851 5).

1992 4873 2219 4931 CAPUT
2256 4874 2638 4931 XXVl.—-45.
2660 4877 2884 4944 Quaestio
2911 4878 2965 4932 in
2995 4878 3161 4933 locum
3189 4880 3422 4951 Apostoli
3449 4884 3505 4938 de

1925 4964 2163 5020 Gentibus
2204 4983 2318 5037 qua:
2342 4968 2637 5023 naturaliter
2670 4973 2838 5040 facere
2873 4970 3032 5038 legem
3051 5011 3067 5038 ,
3098 4988 3307 5041 eamque
3330 4973 3511 5028 habere

1921 5058 2163 5130 scriptam
2207 5059 2259 5112 in
2306 5059 2541 5115 cordibus
2577 5060 2833 5115 dicuntur.
2878 5058 3179 5117 Videndum
3205 5071 3292 5118 est
3331 5075 3506 5120 autem

1922 5152 2190 5221 quomodo
2217 5151 2358 5207 dicat
2377 5154 2686 5221 Apostolus,
2707 5151 2836 5209 Cum
2857 5155 2989 5208 enim
3011 5153 3195 5211 Gentes
3215 5173 3330 5227 qua
3350 5158 3506 5229 legem

1922 5260 2025 5298 non
2050 5244 2251 5310 habent,
2285 5245 2583 5299 naturaliter
2600 5261 2717 5311 qua:
2736 5245 2859 5316 legis
2883 5256 3002 5300 sunt
3027 5246 3241 5318 faciunt,
3273 5248 3324 5302 hi
3349 5249 3503 5318 legem

1923 5352 2024 5391 non
2054 5336 2308 5405 habentes,
2335 5337 2434 5407 ipsi
2458 5337 2553 5392 sibi
2570 5347 2685 5393 sunt
2712 5338 2814 5405 lex,
2835 5338 2925 5409 qui
2944 5340 3210 5395 ostendunt
3230 5357 3357 5412 opus
3383 5341 3504 5410 legis

1921 5431 2165 5501 scriptum
2192 5430 2245 5483 in
2270 5430 2504 5484 cordibus
2534 5431 2639 5484 suis
2661 5445 2681 5485 :
2711 5444 2780 5486 ne
2808 5429 3049 5486 videatur
3078 5446 3182 5485 non
3212 5445 3332 5486 esse
3360 5439 3503 5486 certa

1922 5520 2171 5576 distantia
2200 5521 2334 5575 Novi
2362 5520 2719 5588 Testameuti,
2753 5522 2896 5592 quod
2922 5522 3067 5591 leges
3091 5535 3215 5575 suas
3246 5520 3501 5578 Dominus

1924 5613 1977 5671 in
2007 5614 2255 5670 cordibus
2285 5615 2463 5685 populi
2507 5615 2587 5669 sui
2631 5630 2690 5670 se
2719 5615 3040 5685 scripturum
3070 5628 3188 5670 esse
3229 5613 3499 5689 promisit,

1987 5799 2003 5830 ι
2030 5803 2160 5853 Lov.,
2180 5807 2600 5859 quorumcumque.

1986 5863 2008 5893 2
2031 5862 2102 5909 sic
2125 5858 2225 5908 Mss.
2251 5866 2301 5907 At
2324 5859 2459 5915 editi,
2484 5858 2772 5921 scripturas.

1991 5925 2013 5958 ελ
2034 5923 2168 5982 Editi,
2193 5921 2365 5979 aiebat.
2395 5930 2449 5969 Αι
2471 5916 2598 5981 uss,
2614 5916 2799 5982 agebat.
