3996 6510
550 360 656 420 251

549 565 659 622 alio
683 565 928 622 minusve
956 563 1274 635 peccaverit.

623 657 712 714 49.
745 656 881 725 Quid
910 670 1040 726 ergo
1065 654 1190 711 hinc
1214 652 1502 725 Apostolus
1530 653 1744 710 efﬁcere
1771 652 1971 721 voluit,
2000 653 2145 726 quod

544 748 852 821 iactantiam
889 746 1145 803 cohibens
1183 745 1524 814 Iudaeorum,
1565 760 1689 800 cum
1731 744 1987 812 dixisset,
2019 744 2145 801 Non

549 841 802 898 auditores
831 840 955 912 legis
971 841 1104 912 justi
1129 847 1250 895 sunt
1277 840 1414 912 apud
1440 838 1606 896 Deum
1623 881 1638 907 ,
1668 839 1758 894 sed
1781 843 1999 912 [actores
2018 840 2144 912 legis

539 932 960 1005 justiﬁcabuntur
971 950 993 1001 ;
1019 933 1276 990 continuo
1293 932 1520 1004 subjecit
1535 932 1602 988 de
1622 932 1728 1000 his,
1749 933 1838 1004 qui
1859 934 2018 1006 legem
2038 951 2142 990 non

548 1025 818 1092 habentes,
848 1024 1147 1082 naturaliter
1172 1042 1286 1096 quae
1313 1026 1436 1098 legis
1458 1033 1574 1081 sunt
1600 1027 1791 1098 faciunt
1813 1043 1832 1082 :
1858 1028 1904 1082 si
1930 1042 2037 1084 non
2064 1027 2140 1083 illi

545 1128 672 1175 sunt
691 1118 1044 1190 intelligendi,
1066 1120 1156 1191 qui
1184 1119 1452 1190 pertinent
1478 1117 1546 1173 ad
1568 1120 1792 1189 gratiam
1811 1119 2137 1187 Mediatoris,

545 1208 641 1265 sed
667 1209 741 1265 illi
767 1210 966 1282 potius,
994 1211 1086 1282 qui
1109 1224 1232 1266 cum
1253 1209 1422 1266 Deum
1449 1225 1633 1264 verum
1657 1223 1784 1266 vera
1813 1210 2008 1282 pietate
2031 1225 2138 1266 non

543 1302 743 1370 colant,
772 1303 972 1360 habent
997 1311 1173 1358 tamen
1198 1287 1440 1373 quaedam
1471 1316 1632 1372 opera
1659 1302 1798 1357 bona
1826 1302 1878 1358 in
1907 1304 2014 1359 vita
2039 1305 2140 1359 im-

543 1396 669 1466 pia?
713 1398 798 1450 An
846 1395 985 1450 forte
1031 1396 1136 1452 hoc
1175 1395 1293 1466 ipso
1334 1394 1665 1466 probandum
1707 1396 1962 1464 credidit,
1996 1399 2138 1468 quod

543 1502 704 1559 supra
731 1486 973 1556 dixerat,
1002 1487 1126 1559 quia
1154 1503 1258 1542 non
1287 1496 1361 1542 est
1389 1503 1720 1558 personarum
1749 1491 1970 1560 acceptio
1998 1493 2139 1561 apud

543 1577 746 1645 Deum;
773 1586 828 1635 et
867 1578 1007 1650 quod
1049 1587 1234 1650 postea
1262 1578 1427 1647 dixit,
1459 1579 1583 1650 quia
1610 1595 1714 1635 non
1737 1579 2037 1636 Iudteorum
2065 1592 2138 1637 est

538 1669 680 1727 Deus
713 1680 942 1738 tantum,
982 1672 1072 1726 sed
1112 1680 1160 1725 et
1203 1669 1439 1726 Gentium
1481 1671 1660 1741 (Rom.
1693 1687 1786 1740 ιιι,
1823 1671 1916 1743 29)
1947 1690 1960 1727 :
1992 1673 2136 1743 quod

539 1763 1023 1835 quantulacumque
1050 1764 1181 1834 legis
1207 1778 1370 1834 opera
1399 1763 1714 1818 naturaliter
1741 1763 1896 1820 insita
1920 1780 2025 1821 non
2053 1766 2134 1820 in-

538 1854 853 1912 venirentur
877 1856 928 1910 in
956 1855 1065 1922 eis,
1095 1855 1184 1926 qui
1212 1855 1382 1926 legem
1413 1869 1518 1909 non
1552 1864 1902 1926 acceperunt,
1937 1856 2039 1912 nisi
2068 1871 2135 1913 ex

536 1947 780 2019 reliquiis
807 1948 1052 2020 imaginis
1082 1949 1214 2016 Dei;
1245 1963 1405 2019 quam
1436 1962 1542 2003 non
1571 1949 1900 2017 contemnit,
1929 1963 2051 2004 cum
2078 1951 2132 2005 in

537 2054 663 2096 eum
709 2039 967 2106 credunt,
997 2039 1137 2112 apud
1164 2055 1322 2110 quem
1354 2053 1462 2095 non
1489 2049 1572 2096 est
1605 2040 1842 2110 acceptio
1874 2055 2132 2111 persona-

535 2135 690 2191 rum?
713 2133 819 2198 Sed
840 2134 1112 2206 quodlibet
1134 2133 1326 2200 horum
1346 2133 1655 2204 accipiatur,
1677 2143 1888 2190 constat
1905 2135 2130 2205 gratiam

538 2226 632 2283 Dci
663 2227 977 2298 promissam
1007 2241 1128 2283 esse
1154 2226 1494 2281 Testamento
1510 2225 1659 2281 Novo
1685 2225 1846 2281 etiam
1880 2240 1974 2296 per
1999 2226 2132 2282 Pro-

531 2322 747 2392 phetam
780 2338 794 2374 :
825 2319 1178 2390 eamdemque
1220 2318 1443 2388 gratiam
1492 2318 1547 2371 in
1596 2331 1664 2372 eo
1707 2315 2019 2384 deﬁnitam,
2070 2324 2132 2372 ut

531 2410 835 2466 scribantur
875 2410 1022 2481 leges
1063 2409 1160 2464 Dei
1194 2407 1247 2463 in
1289 2407 1538 2463 cordibus
1577 2407 1886 2473 hominum,
1933 2421 2128 2478 perve-

530 2503 784 2573 niantque
804 2501 869 2556 ad
886 2516 1004 2558 eam
1025 2499 1383 2572 cognitionem
1401 2499 1516 2567 Dei,
1536 2498 1626 2554 ubi
1646 2515 1748 2552 non
1763 2498 1959 2553 docebit
1977 2515 2128 2554 unus-

529 2594 737 2664 quisque
763 2593 917 2647 ciuem
935 2608 1086 2647 suum
1112 2591 1189 2646 vel
1214 2595 1422 2662 fratrem
1445 2605 1612 2656 suum,
1640 2589 1809 2643 dicens
1827 2629 1844 2656 ,
1871 2586 2130 2660 Cognosce

527 2683 730 2750 Deum;
759 2685 880 2753 quia
916 2699 1087 2738 omnes
1125 2690 1424 2753 cognoscent
1453 2697 1566 2734 eum
1593 2695 1625 2734 a
1653 2679 1848 2734 minore
1876 2695 2031 2748 usque
2057 2680 2126 2732 ad

526 2778 772 2848 majorem
809 2793 1001 2846 eorum.
1042 2773 1157 2830 lloc
1183 2773 1382 2829 donum
1412 2771 1642 2843 Spiritus
1670 2771 1841 2827 sancti
1869 2778 1988 2840 est,
2017 2786 2124 2841 quo

524 2868 837 2924 diffunditur
865 2866 1099 2922 charitas
1128 2866 1181 2920 in
1205 2864 1456 2920 cordibus
1486 2862 1683 2918 nostris
1712 2880 1727 2918 :
1756 2861 1989 2918 charitas
2015 2877 2122 2919 non

523 2959 793 3031 quaelibet,
821 2957 922 3014 sed
947 2957 1180 3012 charitas
1205 2957 1300 3011 Dei
1325 2955 1394 3012 de
1416 2954 1578 3011 corde
1605 2969 1738 3025 puro
1766 2963 1821 3010 et
1844 2955 2123 3011 conscien-

525 3054 596 3108 tia
621 3052 760 3108 bona
789 3060 844 3108 et
869 3050 976 3107 ﬁde
999 3065 1109 3106 non
1135 3049 1258 3105 ﬁcta
1286 3047 1330 3121 (Ι
1358 3047 1489 3103 Tim.
1513 3064 1562 3116 ι,
1589 3047 1681 3118 5),
1713 3062 1780 3103 ex
1817 3062 1921 3118 qua
1944 3045 2122 3118 justus

523 3148 578 3209 in
599 3148 701 3205 hac
725 3147 1156 3220 peregrinatione
1178 3146 1385 3212 vivens,
1413 3144 1480 3199 ad
1503 3142 1736 3214 speciem
1763 3157 1978 3213 quoque
2001 3156 2124 3214 per-

521 3242 735 3299 ducitur
761 3250 883 3312 post
909 3240 1182 3311 speculum
1224 3248 1280 3295 et
1317 3237 1544 3308 aenigma
1573 3237 1615 3305 ί,
1646 3243 1702 3292 et
1728 3235 1982 3307 quidquid
2006 3242 2122 3292 erat

520 3351 588 3393 ex
611 3341 782 3406 parte,
813 3343 871 3389 ut
895 3334 1027 3389 facie
1050 3331 1115 3388 ad
1144 3331 1334 3388 faciem
1361 3335 1669 3401 cognoscat,
1697 3327 1839 3386 sicut
1863 3337 1918 3383 et
1941 3326 2124 3398 cogni-

519 3433 609 3482 tus
632 3434 715 3482 est
745 3424 787 3498 (1
810 3423 928 3482 Cor.
954 3439 1071 3491 xm,
1095 3422 1209 3494 12).
1235 3422 1408 3478 Unam
1435 3421 1576 3476 enim
1602 3419 1756 3490 petiit
1772 3421 1794 3451 ²
1816 3433 1848 3472 a
1869 3418 2117 3486 Domino,

519 3527 575 3575 et
602 3517 743 3574 hanc
770 3517 1030 3588 requirit,
1076 3525 1136 3570 ut
1180 3513 1440 3569 inhabitet
1481 3513 1533 3566 in
1578 3513 1738 3566 domo
1774 3509 1984 3565 Domini
2027 3522 2122 3579 per

519 3624 708 3666 omnes
732 3609 848 3665 dies
877 3607 1001 3661 vitae
1034 3621 1146 3662 sua:
1165 3647 1180 3670 ,
1211 3605 1279 3659 ad
1321 3605 1421 3658 hoc
1459 3611 1516 3657 ut
1549 3600 1940 3671 contempletur
1966 3599 2115 3656 dele-

517 3701 806 3757 ctationem
834 3698 1045 3754 Domini
1076 3695 1249 3768 (Psat.
1279 3711 1440 3763 xxvr,
1470 3693 1547 3768 4).

589 3787 819 3847 CAPUT
863 3788 1058 3844 XXIX.
1083 3818 1152 3829 —
1181 3786 1269 3843 50.
1298 3785 1508 3841 Iustitia
1540 3801 1602 3839 ea:
1637 3787 1769 3838 dono
1793 3782 1911 3838 Dei.
1950 3782 2118 3840 Nemo

520 3885 700 3956 itaque
727 3883 985 3956 glorietur
1011 3897 1077 3938 ex
1105 3897 1171 3937 eo
1197 3880 1338 3952 quod
1365 3879 1575 3934 videtur
1604 3877 1804 3932 habere
1822 3917 1838 3944 ,
1867 3886 2115 3947 tanquam

518 3995 626 4036 non
655 3977 926 4048 acceperit
958 3974 1001 4049 (Ι
1021 3974 1140 4030 Cor.
1167 3989 1242 4041 tv,
1270 3970 1360 4045 7);
1392 3979 1484 4026 aut
1523 3970 1645 4027 ideo
1682 3985 1742 4026 se
1782 3977 1930 4040 putet
1964 3983 2120 4024 acce-

517 4072 693 4144 pisse,
721 4067 844 4141 quia
870 4069 1045 4124 littera
1074 4066 1413 4123 extrinsecus
1431 4105 1447 4132 ,
1476 4063 1560 4118 vel
1591 4071 1649 4118 ut
1672 4062 1938 4133 legeretur
1956 4077 2116 4132 appa-

518 4162 658 4230 ruit,
687 4160 772 4217 vel
809 4168 872 4216 ut
897 4159 1174 4214 audiretur
1200 4155 1454 4212 insonuit.
1485 4154 1617 4210 Nam
1653 4154 1696 4207 si
1724 4169 1814 4225 per
1842 4154 2001 4224 legem
2016 4154 2112 4223 ju-

515 4255 655 4312 stitia
673 4295 688 4322 ,
716 4270 834 4327 ergo
859 4252 1087 4310 Christus
1114 4250 1273 4322 gratis
1299 4257 1529 4304 mortuus
1557 4257 1632 4303 est
1671 4245 1872 4319 (Galat.
1899 4261 1971 4312 ιι,
1996 4245 2114 4318 21).

516 4347 688 4405 Porro
714 4356 893 4403 autem
937 4346 981 4401 si
1024 4359 1131 4400 non
1169 4343 1336 4415 gratis
1373 4352 1615 4398 mortuus
1652 4351 1763 4410 est,
1794 4341 2030 4397 ascendit
2060 4340 2112 4396 in

517 4440 707 4507 alttm,
735 4439 998 4515 captivam
1023 4435 1175 4492 duxit
1197 4435 1579 4505 captivitatem,
1605 4442 1662 4489 et
1688 4433 1834 4489 dedit
1857 4433 1994 4514 dona
2019 4433 2116 4488 ho-

517 4531 751 4588 minibus
781 4511 950 4601 (Psat.
977 4544 1152 4594 vau,
1185 4527 1288 4593 49;
1322 4526 1515 4596 Ephes.
1544 4540 1617 4591 tv,
1649 4524 1705 4596 ε)
1738 4542 1752 4578 ε
1781 4525 1904 4580 inde
1931 4511 2110 4589 habet,

517 4623 843 4696 quicumque
869 4621 1047 4676 habet.
1077 4618 1329 4689 Quisquis
1351 4627 1529 4673 autem
1560 4616 1686 4671 inde
1713 4630 1771 4670 se
1798 4616 1994 4673 habere
2019 4633 2116 4672 ne-

517 4721 627 4786 gat,
656 4723 747 4768 aut
772 4727 876 4767 non
902 4711 1084 4776 habet,
1113 4718 1206 4764 aut
1234 4709 1286 4764 id
1311 4708 1455 4779 quod
1481 4707 1640 4761 habet
1662 4706 1932 4762 auferetur
1955 4707 2024 4762 ah
2047 4723 2114 4763 eo

518 4805 671 4878 (Luc.
698 4819 822 4873 vm,
851 4801 936 4868 l8,
966 4811 1012 4856 et
1034 4817 1126 4856 xix
1146 4841 1161 4868 ,
1189 4800 1302 4871 36).
1339 4799 1484 4855 Unus
1504 4798 1648 4854 enim
1673 4797 1809 4852 Deus
1845 4799 1929 4868 qui
1958 4800 2114 4870 justi-

519 4901 641 4972 ﬁcat
676 4895 1104 4952 circumcisionem
1140 4909 1204 4948 ea:
1231 4893 1361 4963 ﬁde,
1393 4902 1442 4948 et
1480 4892 1786 4964 praeputium
1827 4909 1917 4964 per
1960 4894 2115 4960 ﬁdem

519 4993 695 5068 (Rom.
725 5006 802 5054 ιιι,
830 4989 923 5060 50)
954 5006 968 5044 :
996 4986 1141 5059 quod
1167 5001 1273 5041 non
1299 4985 1366 5041 ad
1389 4987 1618 5056 aliquam
1645 4985 2000 5042 ditl‘erentiam
2029 4987 2113 5042 di-

517 5094 662 5142 ctum
683 5091 786 5151 est,
812 5091 1060 5153 tanquam
1084 5078 1227 5135 aliud
1254 5080 1324 5134 sit
1349 5095 1412 5134 ex
1433 5079 1556 5148 ﬁde,
1579 5087 1633 5134 et
1655 5079 1797 5134 aliud
1819 5097 1909 5152 per
1929 5081 2112 5150 ﬁdem;

517 5178 613 5236 sed
639 5176 705 5232 ad
731 5177 1040 5232 varietatem
1065 5173 1370 5228 locutionis.
1398 5173 1520 5228 Alio
1543 5173 1737 5242 quippe
1760 5173 1878 5228 loco
1904 5188 2024 5230 cum
2045 5174 2114 5231 de

518 5271 778 5330 Gentibus
807 5269 1030 5336 diceret,
1062 5266 1164 5322 hoc
1190 5276 1300 5334 est,
1329 5265 1396 5321 de
1423 5266 1684 5336 prmputio
1712 5283 1726 5320 :
1755 5265 2046 5321 Prteuidens
2067 5266 2110 5332 ³,

519 5363 722 5436 inquit,
756 5362 1060 5432 Scriptura,
1088 5361 1208 5430 quia
1245 5375 1308 5413 ex
1344 5357 1445 5428 ﬁde
1472 5359 1722 5430 justiﬁcat
1765 5357 1946 5413 Gentes
1972 5357 2113 5412 Deus

521 5457 719 5531 (Calat.
751 5471 838 5522 ιιι,
867 5453 946 5526 8).
980 5453 1218 5524 Itemque
1245 5467 1365 5507 cum
1395 5451 1462 5506 de
1490 5451 1895 5505 circumcisione
1925 5450 2113 5519 loque-

490 5553 667 5617 {retur
686 5591 702 5617 ,
729 5547 870 5604 unde
897 5554 1015 5602 erat
1039 5545 1153 5616 ipse
1178 5563 1192 5600 :
1222 5543 1368 5608 Nos,
1397 5543 1594 5613 inquit,
1625 5550 1807 5595 natura
1833 5540 2036 5608 Iudwi,
2068 5551 2115 5597 et

484 5612 501 5709 ,ἓ
519 5661 620 5701 non
638 5612 700 5699 es
719 5640 962 5698 Gentibus
981 5612 1284 5712 peccatores,
1303 5612 1513 5692 scientes
1535 5634 1656 5706 quia
1678 5650 1779 5689 non
1795 5634 2116 5705 justiﬁcatur

583 5779 604 5846 δ
628 5777 760 5840 "md
780 5784 914 5846 ‘19th

584 5839 855 5910 3131.99“!!!
876 5839 1159 5910 διεδ-’Νι
1330 5909 1369 5910 η
1390 5897 1414 5910 ν.

571 5903 613 5983 ,³
642 5902 777 5964 aditi,
801 5907 856 5953 Et
877 5892 1166 5965 prteuidens.
1189 5896 1488 5960 Manuscripti
1509 5906 1607 5947 non
1625 5892 1827 5980 habent,
1849 5896 1924 5946 Et.

1488 353 1580 411 DE
1608 352 1880 413 SPIRITU
1918 354 2009 412 ET
2047 354 2368 426 LITTERA,
2405 358 2463 415 S.
2507 360 2874 419 AUGUSTINI

552 471 785 542 vacabit,
811 471 953 544 quod
981 471 1037 530 in
1061 471 1176 544 ipsa
1201 469 1474 541 impietate
1499 467 1792 525 damnabili
1816 469 1987 540 magis
2010 469 2167 526 alius.

3733 380 3844 441 252

2250 471 2399 527 homo
2432 489 2494 528 ex
2518 474 2750 544 aperibus
2774 477 2896 548 legis
2915 519 2931 545 ,
2959 477 3057 533 nisi
3082 495 3171 550 per
3193 481 3347 552 ﬁdem
3371 482 3502 542 Iesu
3529 487 3750 560 Christi,
3789 505 3839 552 et

2247 577 2340 618 nos
2352 563 2407 617 in
2425 562 2679 619 Christum
2691 566 2868 622 Iesum
2882 569 3134 625 credimus
3150 571 3352 642 (Colat.
3375 591 3430 642 ll,
3456 578 3547 647 15,
3567 579 3680 654 16).
3701 583 3840 644 Ecce

2243 661 2300 710 et
2325 655 2640 726 praeputium
2669 657 2803 713 dixit
2827 659 3102 730 iustiﬁcari
3131 679 3199 720 ex
3226 664 3367 734 ﬁde,
3396 676 3449 725 et
3475 671 3836 734 circumcisio-

2245 760 2370 800 nem
2399 761 2497 817 per
2525 747 2684 804 ﬁdem
2704 790 2719 815 ,
2750 750 2797 806 si
2835 760 3010 808 tamen
3051 754 3388 815 circumcisio
3421 761 3682 832 justitiam
3716 769 3838 827 ﬁdei

2244 847 2424 897 teneat
2445 840 2484 895 ί.
2514 842 2604 898 Sic
2639 843 2781 898 enim
2822 843 3005 902 Gentes
3039 863 3156 918 qua:
3191 867 3292 905 non
3332 855 3655 912 sectabantur
3684 861 3893 960 justt-F

2243 935 2400 1006 tiam,
2439 939 2880 1010 apprehenderunt
2909 941 3197 1012 justitiam,
3230 945 3489 1016 justitiam
3525 960 3693 1006 autem
3726 935 3890 1025 qua}

2383 994 2398 1006 .
2474 994 2522 1010 ..
2909 994 2930 1012 ,
3067 994 3072 995 κ
3102 994 3109 997 .
3230 994 3488 1016 ,ην-ηπ-.-
3527 994 3693 1006 πη...
3761 994 3834 1012 η..
3876 994 3883 1003 .

2243 1044 2306 1082 ea:
2329 1029 2430 1098 ﬁde
2453 1039 2524 1084 est
2546 1047 2565 1086 :
2586 1030 2919 1102 impetrando
2940 1048 3058 1088 eam
3078 1049 3145 1089 ex
3167 1035 3298 1106 Deo,
3321 1053 3430 1095 non
3449 1055 3514 1096 ex
3535 994 3901 1116 semetipsis‘"

2241 1123 2636 1191 praesumendo.
2663 1122 2833 1179 Israel
2859 1141 2974 1179 vero
3003 1142 3304 1199 persequens
3327 1129 3487 1202 legem
3506 1133 3754 1205 justitite,
3782 1139 3836 1194 in

2241 1213 2401 1284 legem
2419 1216 2638 1286 justitia:
2665 1233 2768 1272 non
2794 1219 3036 1288 pervenit.
3072 1218 3280 1285 Quare?
3323 1223 3457 1290 Quia
3493 1241 3595 1281 non
3623 1243 3686 1282 ea:
3711 1229 3832 1297 ﬁde,

2239 1305 2330 1359 sed
2353 1315 2592 1377 tanquam
2615 1325 2678 1363 ea:
2698 1309 2932 1380 operibus
2958 1309 3134 1381 (Rom.
3157 1327 3230 1378 1x,
3255 1313 3342 1382 50,
3365 1315 3456 1386 51)
3480 1333 3494 1370 :
3517 1316 3571 1372 id
3591 1328 3690 1383 est,
3719 1328 3835 1375 tan-

2238 1411 2398 1467 quam
2427 1414 2545 1455 eam
2573 1415 2670 1470 per
2702 1401 3020 1472 semetipsos
3055 1416 3340 1474 operantes
3357 1449 3373 1476 ,
3405 1421 3512 1463 non
3541 1409 3595 1464 in
3623 1425 3684 1468 se
3709 1426 3833 1469 cre-

2239 1487 2428 1546 dentes
2466 1492 2678 1562 operari
2706 1493 2894 1548 Deum.
2936 1492 3077 1549 Deus
3116 1504 3189 1551 est
3225 1497 3356 1550 enim
3387 1499 3476 1568 qui
3511 1512 3747 1572 operatur
3775 1506 3832 1560 in

2237 1580 2380 1637 nobis
2407 1590 2455 1637 et
2480 1583 2605 1638 velle
2632 1590 2679 1638 et
2707 1584 2908 1654 operari
2925 1625 2942 1653 ,
2983 1601 3076 1657 pro
3105 1585 3237 1641 bona
3273 1588 3525 1645 uoluntate
3566 1591 3833 1666 (Philipp.

2237 1689 2306 1743 ιι,
2337 1675 2451 1745 15).
2481 1676 2559 1731 Ac
2591 1690 2688 1746 per
2713 1677 2816 1733 hoc
2841 1676 3162 1746 offenderunt
3197 1680 3251 1734 in
3291 1681 3511 1752 lapidem
3540 1683 3833 1752 oﬁ'ensionis

2237 1765 2412 1835 (Rom.
2437 1783 2511 1832 ix,
2539 1766 2653 1840 52).
2678 1767 2811 1824 Nam
2838 1769 2964 1840 quid
2990 1769 3203 1837 dixerit,
3230 1773 3350 1843 quia
3378 1790 3481 1828 non
3506 1791 3570 1830 ex
3592 1777 3716 1847 ﬁde,
3739 1783 3834 1834 sed

2236 1867 2476 1929 tanquam
2515 1876 2579 1914 ea:
2609 1861 2880 1930 operibus;
2922 1861 3260 1932 apertissime
3301 1867 3584 1936 exposuit,
3622 1867 3829 1939 dicens,

2232 1949 2538 2020 Ignorantes
2565 1951 2697 2006 enim
2726 1950 2824 2006 Dei
2846 1952 3116 2022 justitiam,
3147 1963 3195 2008 et
3224 1970 3372 2009 suam
3400 1956 3619 2012 volentes
3641 1959 3834 2014 consti-

2233 2047 2403 2107 tuere,
2425 2041 2644 2112 justitite
2665 2040 2763 2096 Dei
2791 2058 2892 2096 non
2919 2052 3036 2097 sunt
3062 2044 3295 2116 subjecti.
3340 2045 3493 2100 Finis
3530 2047 3663 2108 enim
3703 2050 3833 2121 legis

2232 2130 2481 2198 Christus,
2509 2133 2578 2187 ad
2596 2133 2852 2203 justitiam
2899 2135 3040 2188 omni
3079 2136 3301 2190 credenti
3331 2135 3443 2206 (Id.
3470 2153 3538 2204 x,
3564 2139 3621 2204 5,
3647 2137 3730 2212 4).
3763 2141 3834 2196 Et

2229 2223 2406 2280 adhuc
2439 2223 2744 2279 dubitamus
2769 2239 2889 2296 qua:
2917 2225 3024 2280 sint
3050 2239 3213 2296 opera
3251 2226 3383 2298 legis
3403 2268 3420 2296 ,
3447 2229 3636 2299 quibus
3662 2229 3832 2286 homo

2229 2330 2336 2371 non
2357 2315 2698 2385 justiticatur,
2726 2316 2771 2371 si
2797 2329 2862 2370 ea
2888 2324 3137 2387 tanquam
3162 2332 3258 2372 sua
3281 2317 3569 2374 crediderit
3589 2320 3708 2377 sine
3733 2321 3832 2377 ad-

2225 2405 2425 2477 jutorio
2449 2415 2506 2463 et
2531 2407 2674 2463 dono
2698 2405 2822 2475 Dei,
2857 2407 2998 2477 quod
3025 2417 3112 2464 est
3138 2425 3201 2463 ea:
3227 2409 3330 2478 ﬁde
3354 2408 3480 2466 Iesu
3503 2409 3738 2467 Christi?
3775 2423 3834 2470 et

2227 2498 2692 2555 circumcisionem
2753 2506 3055 2570 caeteraque
3116 2500 3239 2556 talia
3287 2502 3653 2572 suspicamur,
3701 2505 3829 2576 quia

2228 2592 2389 2646 etiam
2421 2590 2488 2646 de
2517 2591 2601 2645 his
2637 2589 2991 2645 sacramentis
3027 2590 3144 2646 aliis
3178 2592 3230 2645 in
3261 2590 3392 2647 locis
3430 2593 3553 2647 talia
3581 2593 3831 2664 quaedam

2226 2682 2512 2754 leguntur?
2551 2681 2658 2737 Sed
2698 2681 2784 2736 hic
2825 2681 3006 2752 utique
3028 2681 3049 2712 ³
3076 2696 3181 2737 non
3211 2681 3672 2739 circumcisionem
3704 2693 3829 2740 tan-

2227 2791 2386 2848 quam
2431 2790 2582 2830 suam
2623 2775 2881 2846 justitiam
2925 2775 3177 2831 volebant
3217 2775 3583 2832 constituere:
3615 2776 3744 2846 quia
3772 2787 3832 2834 et

2225 2869 2394 2939 ipsam
2427 2867 2568 2923 Deus
2595 2867 2953 2938 prmcipiendo
2993 2866 3286 2922 constituit.
3325 2865 3434 2922 Nec
3461 2867 3530 2924 de
3553 2867 3659 2924 illis
3689 2884 3827 2939 ope-

2226 2959 2374 3014 ribus
2393 2958 2496 3015 hoc
2522 2958 2742 3028 intelligi
2769 2965 2964 3028 potest,
2992 2957 3060 3012 de
3078 2956 3272 3028 quibus
3294 2956 3550 3013 Dominus
3569 2958 3649 3014 eis
3670 2958 3826 3026 dicit,

2225 3053 2456 3122 Rejicitis
2485 3052 2776 3106 mandatum
2807 3049 2938 3118 Dei,
2969 3059 3025 3106 ut
3054 3051 3346 3105 traditiones
3373 3059 3561 3106 vestras
3587 3053 3831 3108 statuatis

2224 3142 2437 3218 (Matth.
2465 3160 2555 3212 xv,
2583 3144 2650 3210 5,
2691 3153 2738 3198 et
2768 3141 2936 3197 Marc.
2963 3157 3064 3207 vn,
3093 3141 3169 3214 9).
3201 3141 3334 3210 Quia
3372 3158 3702 3213 persequens,
3736 3143 3830 3201 in-

2221 3239 2356 3309 quit,
2387 3238 2548 3308 legem
2574 3237 2815 3308 justitiaz,
2841 3236 2896 3290 in
2921 3235 3079 3307 legem
3106 3235 3323 3306 justitite
3347 3250 3448 3290 non
3474 3236 3699 3306 pervenit
3732 3235 3828 3292 Is-

2221 3333 2331 3386 rael
2355 3346 2375 3386 :
2403 3346 2510 3385 non
2537 3329 2700 3394 dixit,
2735 3329 3072 3400 Persequens
3100 3328 3414 3384 traditiones
3442 3342 3598 3396 suas,
3629 3329 3685 3384 id
3717 3339 3829 3399 est,

2221 3429 2557 3478 consectans.
2590 3419 2717 3476 Haec
2741 3434 2870 3492 ergo
2898 3420 3011 3476 sola
3040 3419 3289 3475 distantia
3313 3427 3428 3486 est,
3465 3421 3586 3490 quia
3618 3419 3831 3490 ipsum,

2223 3513 2347 3570 Non
2384 3512 2706 3584 concupisces
2740 3511 2937 3583 (Exod.
2974 3526 3051 3566 xx
3070 3552 3087 3580 ,
3115 3509 3241 3582 17),
3267 3519 3322 3566 et
3347 3519 3541 3567 caetera
3567 3511 3834 3569 mandata

2220 3609 2338 3679 ejus
2381 3615 2564 3663 sancta
2609 3615 2664 3662 et
2709 3605 2847 3661 bona
2885 3604 2986 3660 sibi
3023 3604 3370 3660 tribuebant:
3401 3619 3520 3675 quae.
3555 3612 3614 3660 ut
3647 3605 3836 3675 possit

2220 3700 2384 3756 homo
2406 3698 2606 3766 facere,
2637 3697 2782 3753 Deus
2806 3705 3056 3768 operatur
3079 3697 3132 3752 in
3153 3695 3372 3752 homine
3395 3710 3493 3768 per
3512 3695 3672 3752 tidem
3694 3696 3835 3754 Iesu

2217 3791 2447 3858 Christi,
2475 3790 2564 3860 qui
2595 3788 2715 3844 linis
2741 3797 2826 3844 est
2864 3787 2931 3843 ad
2966 3786 3225 3858 justitiam
3265 3787 3411 3843 omni
3449 3787 3729 3856 credenti;
3775 3789 3836 3846 id

2219 3895 2335 3951 est,
2365 3885 2451 3940 cui
2471 3884 2492 3916 ³
2517 3899 2614 3954 per
2638 3881 2887 3952 spiritum
2926 3880 3300 3950 incorporatus
3339 3879 3612 3950 factusque
3640 3895 3836 3937 mem-

2218 3980 2371 4036 brum
2412 3978 2564 4048 ejus,
2594 3982 2773 4048 potest
2800 3974 3026 4045 quisque
3067 3972 3163 4028 illo
3201 3973 3590 4029 incrementum
3619 3972 3836 4029 intrin—

2217 4089 2373 4130 secus
2419 4073 2616 4138 dante,
2664 4066 2876 4140 operari
2915 4066 3220 4137 justitiam:
3257 4065 3327 4123 de
3368 4066 3522 4137 cujus
3561 4066 3839 4136 operibus

2216 4165 2378 4221 etiam
2421 4165 2538 4234 ipse
2581 4160 2750 4228 dixit,
2791 4159 2916 4231 quia
2956 4159 3067 4214 sine
3109 4174 3188 4212 me
3231 4157 3360 4212 nihil
3401 4157 3604 4228 potestis
3647 4157 3841 4227 facem

2217 4255 2399 4327 (Ioan.
2428 4269 2522 4321 xv,
2550 4253 2627 4324 5).

2287 4348 2381 4404 5i.
2411 4345 2538 4403 Ideo
2563 4343 2762 4416 quippe
2785 4341 3100 4414 proponitur
3119 4341 3326 4412 justitia
3355 4341 3488 4412 legis
3506 4381 3522 4408 ,
3549 4340 3704 4412 quod
3736 4345 3843 4415 qui

2216 4440 2403 4496 fecerit
2420 4455 2561 4506 eam,
2585 4439 2724 4494 vivet
2748 4437 2805 4491 in
2828 4435 2919 4491 illa
2939 4434 3124 4508 (Leuit.
3148 4449 3302 4498 xvnt,
3326 4433 3416 4506 5);
3444 4443 3503 4490 ut
3527 4449 3646 4490 cum
3672 4437 3843 4507 quis-

2215 4547 2320 4604 que
2349 4532 2712 4587 inﬁrmitatem
2742 4543 2893 4584 suam
2929 4527 3273 4598 cognoverit,
3312 4542 3419 4583 non
3448 4543 3544 4599 per
3571 4541 3704 4586 suas
3746 4532 3842 4586 vi-

2215 4641 2332 4692 res,
2364 4638 2540 4694 neque
2581 4637 2676 4692 per
2718 4621 2948 4676 litteram
2985 4619 3152 4691 ipsius
3181 4619 3347 4690 legis,
3376 4619 3520 4690 quod
3558 4619 3678 4676 ﬁeri
3717 4638 3840 4679 non

2215 4727 2419 4789 potest,
2449 4715 2542 4771 sed
2585 4730 2680 4786 per
2722 4713 2880 4768 (idem
2919 4713 3211 4769 concilians
3249 4712 3657 4783 justiticatorcm
3699 4731 3848 4786 per.

2215 4810 2429 4875 veniat,
2458 4816 2513 4863 et
2535 4805 2731 4872 faciat,
2761 4813 2816 4860 et
2839 4805 2982 4860 vivat
3005 4804 3061 4859 in
3088 4817 3172 4860 ea.
3199 4803 3348 4874 Opus
3371 4804 3511 4860 enim
3548 4804 3702 4874 quod
3738 4809 3850 4878 qui

2215 4902 2435 4968 fecerit,
2467 4900 2610 4955 vivet
2633 4899 2687 4954 in
2715 4913 2811 4966 eo,
2843 4911 2950 4952 non
2984 4897 3044 4952 ﬁt
3074 4897 3176 4952 nisi
3205 4912 3234 4952 a
3261 4897 3571 4968 justiﬁeato.
3609 4897 3845 4956 Iustiti-

2215 4994 2356 5050 catio
2382 4999 2559 5047 autem
2589 5007 2654 5046 ex
2683 4989 2787 5044 ﬁde
2813 4988 3128 5059 impetratur
3156 5005 3168 5044 :
3198 4987 3265 5043 de
3291 5004 3398 5058 qua
3424 4987 3689 5058 scriptum
3722 5001 3846 5060 est,

2217 5083 2302 5139 Ne
2325 5083 2512 5138 dixeris
2539 5083 2592 5136 in
2619 5082 2770 5137 corde
2795 5090 2880 5135 tuo
2900 5122 2915 5147 ,
2949 5079 3076 5148 Quis
3113 5079 3338 5135 ascendit
3375 5080 3429 5134 in
3469 5079 3702 5136 mlum?
3736 5085 3853 5139 hoc

2215 5185 2286 5231 est
2311 5175 2567 5231 Christum
2592 5173 2838 5228 deducere
2865 5188 2884 5227 :
2909 5173 3008 5226 Aut
3041 5172 3151 5243 quis
3181 5172 3434 5226 descendit
3460 5172 3513 5225 in
3538 5171 3854 5244 abyssum!

2218 5269 2311 5324 hoc
2349 5277 2421 5323 est
2461 5267 2715 5322 Christum
2745 5283 2778 5318 a
2818 5265 3027 5319 mortuis
3069 5263 3322 5318 reducere.
3355 5262 3463 5319 Sed
3490 5264 3612 5335 quid
3649 5265 3854 5324 dicit?

2220 5361 2390 5433 PrOpe
2413 5370 2460 5415 te
2484 5371 2555 5416 est
2579 5361 2783 5414 verbum
2804 5358 2857 5411 in
2881 5374 2968 5410 ore
2993 5366 3097 5422 tuo,
3121 5366 3167 5410 et
3193 5356 3244 5410 in
3268 5354 3418 5411 corde
3441 5365 3527 5410 tuo
3551 5372 3569 5410 :
3596 5357 3704 5412 hoc
3732 5371 3849 5430 est,

2218 5456 2408 5526 inquit,
2432 5455 2630 5508 verbum
2658 5455 2776 5524 ﬁdei
2799 5455 2936 5526 quod
2959 5455 3295 5523 prwdicamus
3317 5472 3337 5508 :
3359 5456 3480 5526 quia
3503 5454 3547 5509 si
3565 5457 3852 5526 con/itas.

2215 5549 2365 5603 ris‘in
2392 5563 2478 5601 ore
2501 5557 2585 5602 tuo
2613 5533 2732 5617 quia
2761 5546 3012 5602 Dominus
3044 5557 3115 5602 est
3146 5548 3297 5604 Iesus
3317 5589 3332 5614 ,
3368 5557 3414 5603 et
3453 5547 3753 5607 credideris
3786 5553 3851 5609 in

2281 5703 2302 5739 ³
2336 5701 2559 5766 Plerique
2581 5709 2708 5764 Mss,
2731 5701 2974 5766 justitiam
3000 5703 3088 5755 Dei
3110 5708 3281 5756 teneat.

2280 5767 2302 5830 ξ
2334 5764 2544 5830 Quatuor
2561 5773 2685 5830 3155.,
2711 5764 2796 5816 sed
2821 5765 2872 5814 hi
2889 5764 3072 5830 utique.

2216 5827 2305 5954 qu;
2335 5826 2467 5894 Apud
2490 5835 2598 5878 Iov.
2633 5828 2794 5890 deest,
2821 5826 2899 5880 cui
2916 5842 2934 5892 ;
2967 5825 3019 5878 et
3059 5829 3166 5892 ejus
3198 5829 3307 5881 loco
3343 5828 3470 5894 apud
3498 5834 3575 5880 Er.
3599 5825 3866 5904 ﬁgitur,
