3996 6478
221 438 329 504 233

1074 522 1101 543 ι

218 763 340 803 vus.
368 748 471 805 Per
498 750 645 808 hanc
670 756 816 811 enim
850 758 1008 815 ﬁdem

1670 468 1873 533 LIBER
1913 460 2122 537 unus.

219 564 366 618 corde
389 570 479 618 tuo
506 565 638 636 quia
663 565 805 625 Deus
831 568 979 627 illum
1016 564 1272 631 suscitavit
1306 594 1340 633 a
1377 583 1589 639 mortuis
1608 624 1625 651 ,
1664 589 1836 646 salvus

218 657 318 710 eris
347 655 528 725 (Rom.
555 673 613 725 x,
642 659 791 731 5-9).
824 662 879 718 In
909 674 1110 721 tantum
1136 668 1332 738 justus,
1352 673 1414 759 in
1442 686 1698 745 quantum
1723 681 1832 735 sal-

3424 516 3539 580 23‘

1947 594 2104 650 trium
2134 597 2258 654 dicit
2283 618 2294 654 :
2334 599 2627 665 Voluntarie
2654 606 2953 685 sacriﬁcabo
2974 619 3066 677 tibi
3089 577 3265 694 (Dsal.
3282 611 3415 700 “un,
3439 623 3536 705 8)..

2228 840 2239 851 _
2382 840 2477 844 ην,
2508 840 2633 847 ---νη
2661 840 2739 852 -.μω
2763 840 2871 869 ...ιη
2902 840 3117 864 υυηιιιισ
3165 840 3309 868 raut.
3334 840 3519 888 ωιγιιι,

220 840 361 896 Deus
382 857 411 896 a
435 846 671 900 mortuis
696 848 897 905 excitet
926 870 939 904 :
966 852 1176 909 interim
1200 857 1411 926 spiritu,
1440 870 1495 915 ut
1521 862 1573 917 in
1595 866 1830 924 novitate
1935 868 2050 941 85).
2073 873 2266 945 thuid
2294 892 2421 951 ergo
2447 884 2626 941 miseri
2651 886 2893 949 homines
2911 906 3001 952 aut
3017 898 3083 955 de
3104 840 3274 960 libero
3294 906 3527 966 arbitrio

2158 936 2172 945 '
2354 936 2383 951 υ
2488 936 2493 937 ⁷
2510 936 2540 940 ⁷”
2556 936 2597 940 "
2611 936 2626 941 ’”
2651 936 2893 949 ”’““’¹“⁸ν“’
2911 936 3001 952 ¹¹¹¹¹⁹
3017 936 3083 955 VU
3104 936 3228 959 IIUCI
3241 936 3274 960 U
3294 936 3519 966 αινυιιιίυ

216 936 332 1005 ejus
350 938 543 1006 gratim
565 948 936 1010 temperanter
958 955 1011 1000 et
1031 946 1175 1016 juste
1201 959 1253 1005 et
1281 953 1366 1021 pie
1390 954 1629 1011 vivamus
1653 959 1703 1013 in
1726 959 1828 1017 hoc
1933 964 2130 1021 audent
2157 973 2431 1039 superbire
2456 988 2737 1049 antequam
2759 984 3071 1059 liberentur,
3101 1006 3192 1051 aut
3210 997 3278 1052 de
3301 1001 3411 1055 suis
3434 1003 3519 1058 vi-

216 1028 413 1059 ιιιλιδιιιιι
443 1027 558 1059 Ιτὲι
614 1047 652 1059 η
724 1032 815 1059 λοι
841 1049 855 1059 .
887 1045 1005 1059 ---ι
1048 1040 1193 1059 -.ξᾼιμ
1250 1058 1285 1059 ιι
1532 1055 1543 1059 -
1686 1050 1699 1059 .
1731 1052 1741 1059 .
1963 1055 1991 1059 --

216 1028 413 1082 mulo
442 1027 578 1098 (Tit.
614 1047 689 1098 ιι,
724 1032 855 1105 12);
887 1045 1007 1105 post
1041 1040 1200 1095 etiam
1238 1058 1397 1099 carne
1427 1055 1606 1102 nostra
1634 1050 1700 1104 ad
1729 1052 1826 1106 im-

214 1122 602 1177 mortalitatem
644 1137 1042 1195 rcsurrectura,
1083 1133 1225 1201 quod
1260 1142 1342 1189 est
1379 1138 1625 1193 meritum
1663 1142 1822 1211 spiri-

213 1213 358 1277 tus‘,
403 1215 496 1282 qui
543 1229 665 1270 eam
711 1218 764 1271 in
817 1224 1207 1280 resurrectione
1259 1227 1358 1282 sibi
1416 1244 1679 1301 congrua,
1719 1235 1821 1292 hoc

1930 1055 2097 1125 ribus,
2132 1064 2174 1114 si
2197 1062 2306 1131 jam
2332 1064 2539 1123 liberati
2571 1075 2724 1129 sunt?
2752 1076 2861 1133 Nec
2888 1055 3165 1141 attendunt
3190 1090 3243 1143 in
3275 1090 3391 1161 ipso
3418 1110 3519 1151 no-

1928 1147 2073 1203 mine
2099 1150 2247 1207 liberi
2275 1158 2479 1214 arbitrii
2512 1164 2693 1235 utique
2716 1168 3017 1230 libertatem
3050 1193 3261 1238 sonare.
3291 1183 3389 1239 Ubi
3413 1203 3517 1244 au-

1928 1244 2032 1293 tem
2073 1244 2281 1312 spiritus
2312 1246 2537 1320 Domini,
2588 1256 2655 1309 ibi
2696 1259 2899 1317 libertas
2929 1265 2993 1339 (ll
3041 1269 3157 1324 Cor.
3197 1288 3282 1340 ιιι,
3316 1277 3428 1349 17).
3457 1278 3522 1336 Si

2100 1306 2109 1312 -
2525 1306 2537 1320 1
2696 1306 2897 1317 τ--ν-ν-ν
2929 1306 2993 1339 \u
3042 1306 3157 1324 υνι.
3197 1306 3282 1340 ιιι,
3321 1306 3428 1349 ιι).
3458 1306 3517 1336 οι

212 1312 319 1368 est,
354 1306 406 1360 in
433 1306 825 1376 justiﬁcatione
852 1315 1125 1382 praecedit.
1154 1316 1447 1387 Consepulti
1482 1324 1612 1377 enim
1644 1342 1820 1383 sumus
1924 1343 2054 1399 ergo
2084 1336 2222 1389 servi
2253 1350 2380 1393 sunt
2407 1346 2630 1413 peccati,
2666 1350 2790 1419 quid
2818 1368 2878 1410 se
2900 1355 3106 1426 jactant
3134 1361 3201 1418 de
3227 1364 3399 1422 libero
3424 1385 3517 1425 ar-

212 1394 407 1426 (1.4-1..
444 1416 537 1426 n.-
572 1398 886 1426 D__l.'-...--_-
934 1406 982 1426 Ξ--
1030 1416 1180 1426 ____,,.-
1223 1425 1227 1426 ,
1356 1420 1366 1426 .
1599 1414 1610 1426 ι
1719 1417 1729 1426 ι
1924 1420 1936 1426 -
1962 1420 1972 1426 .
2034 1424 2040 1426 Α

1989 1394 2012 1399 ν
2407 1394 2427 1411 r
2450 1394 2630 1413 ""‘"1
2668 1394 2790 1419 ἰν-υ-
2818 1394 2878 1410 vv
2900 1394 3106 1426 Juusallb
3134 1394 3201 1418 UC
3227 1394 3399 1422 IIUCI‘U
3424 1394 3517 1425 af—

209 1394 407 1450 Christo
443 1416 537 1468 per
564 1398 889 1469 Baptismum
931 1406 986 1459 in
1026 1416 1235 1462 mortem
1255 1451 1271 1475 ,
1311 1420 1368 1464 ut
1395 1414 1817 1480 quemadmodum
1922 1420 2118 1477 bitrio?
2148 1426 2191 1479 Α
2216 1434 2473 1499 quoenim
2499 1440 2612 1507 quis
2633 1440 2855 1499 devictus
2883 1458 2975 1516 est,
3008 1452 3126 1505 huic
3150 1464 3198 1508 et
3222 1474 3396 1514 servus
3421 1463 3518 1515 ad-

211 1489 440 1516 Ρι-ξρι---
472 1495 752 1516 ..-Α-.....,..3ι
787 1512 809 1516 λ
838 1506 978 1516 -_-_,,.,
1007 1499 1038 1516 ἰ
1225 1499 1239 1516 Ι
1305 1503 1317 1515 ο
1444 1503 1482 1516 ιι
1525 1514 1534 1516 -
1568 1507 1581 1516 ι
1705 1509 1716 1516 .
1947 1510 1972 1516 .-

209 1489 440 1544 Christus
472 1495 752 1548 resurrexit
778 1512 810 1548 a
835 1499 1044 1552 mortuis
1072 1516 1160 1568 per
1183 1499 1402 1571 gloriam
1435 1503 1639 1573 Patris,
1671 1509 1743 1563 sic
1768 1518 1817 1565 et
1921 1510 2084 1568 dictus
2128 1530 2202 1571 est

2257 1520 2322 1592 (ll
2356 1521 2497 1579 Petr.
2551 1545 2609 1595 ιι,
2644 1532 2755 1605 l9).
2802 1535 2861 1592 Si
2906 1550 3083 1599 autem
3121 1545 3332 1605 liberati
3364 1562 3512 1624 sunt,

2264 1583 2273 1592 ι
2574 1583 2608 1595 ⁷1
2649 1583 2700 1588 -ν
2744 1583 2754 1587 ν
2802 1583 2861 1592 ’ν-
2906 1583 3083 1599 uva-VIII
3121 1583 3332 1605 ιιυυιαιι
3364 1583 3512 1624 δυΙΙι,

208 1599 294 1635 nos
338 1583 395 1636 in
441 1585 671 1640 novitate
707 1587 824 1641 υειω
862 1588 1175 1646 ambulemus
1227 1592 1399 1666 (llam.
1436 1613 1520 1664 γι,
1561 1597 1639 1672 4).
1684 1601 1813 1658 Fide
1918 1604 2043 1671 quid
2075 1620 2132 1661 se
2152 1609 2362 1678 jactant
2388 1617 2530 1673 velut
2555 1620 2623 1676 de
2664 1583 2826 1694 opere
2853 1635 3091 1702 proprio,
3123 1647 3178 1693 et
3215 1640 3515 1710 gloriantur

210 1673 357 1710 ἷσίοηιι
402 1674 529 1710 ΙΩΩΙΙ
571 1676 769 1710 [Ἲς-υἷειῖ
809 1680 1154 1710 ἷΜηΛο-Λση--η
1191 1686 1415 1710 ι.-1..ιΑ-..
1474 1698 1518 1710 ,Α
1565 1703 1713 1710 _,,,-_,.
2051 1699 2063 1710 ο

208 1673 357 1741 igitur
394 1674 531 1730 Jesu
571 1676 770 1733 Christi
809 1680 1156 1751 impetramus
1190 1686 1440 1753 salutem,
1468 1698 1521 1746 ct
1556 1703 1810 1762 quantum

206 1764 348 1819 nobis
386 1765 684 1823 inchoatur
721 1769 773 1823 in
811 1786 899 1835 re,
945 1783 999 1827 et
1042 1786 1298 1845 quantum
1341 1781 1665 1850 perﬁcienda
1710 1801 1805 1840 ex-

202 1864 471 1923 spectatur
515 1859 572 1912 in
609 1873 724 1929 spe.
772 1860 950 1917 Omnis
984 1866 1115 1919 enim
1157 1868 1242 1937 qui
1279 1869 1581 1929 invocaverit
1624 1892 1806 1932 nomen

204 1946 441 2015 Domini,
471 1951 646 2006 salvus
674 1953 770 2006 erit
799 1951 944 2024 (Joel
968 1972 1032 2022 ιι,
1060 1958 1162 2024 32;
1202 1960 1352 2015 Rom.
1381 1979 1416 2018 x
1436 2006 1451 2031 ,
1487 1965 1597 2037 15).
1639 1967 1805 2031 Quam

200 2042 350 2095 multa
371 2045 674 2113 mltitudo,
698 2046 771 2101 ait
788 2047 1094 2117 Psalmista,
1118 2052 1402 2111 dulcedinis
1422 2066 1539 2125 tum,
1562 2058 1799 2129 Domine,

199 2150 340 2201 quam
367 2138 689 2191 abscondisti
715 2140 1002 2196 timentibus
1026 2153 1091 2210 te,
1122 2148 1373 2218 perfecisti
1400 2160 1568 2203 autem
1592 2168 1803 2221 speran-

200 2226 321 2280 tibus
346 2228 403 2283 in
441 2236 489 2281 te
518 2227 696 2299 (Psal.
728 2246 870 2297 xxx,
896 2231 1025 2303 εον
1058 2234 1135 2289 Ex
1169 2236 1284 2306 lege
1316 2239 1565 2297 timemus
1593 2244 1757 2299 Deum
1780 2288 1795 2312 ,

196 2332 254 2372 ex
297 2318 405 2375 ﬁde
448 2336 732 2391 speramus
768 2323 822 2378 in
854 2324 1019 2379 Deum
1051 2343 1063 2379 :
1094 2327 1188 2382 sed
1229 2330 1541 2389 timentibus
1581 2350 1797 2406 pcenam

193 2409 541 2466 absconditur
578 2413 768 2482 gratia.
817 2414 928 2469 Sub
965 2432 1072 2487 quo
1102 2418 1293 2476 timore
1320 2423 1496 2477 anima
1522 2425 1791 2495 laborans,

190 2503 401 2571 quando
438 2506 931 2575 concupiscentiam
966 2510 1161 2565 malam
1203 2528 1308 2569 non
1336 2515 1553 2581 vicerit,
1585 2534 1683 2575 nec
1723 2523 1793 2575 ti-

188 2609 303 2648 mor
330 2596 426 2651 ille
452 2597 604 2666 quasi
634 2607 819 2653 custos
847 2614 1067 2657 severus
1103 2602 1457 2672 abscesserit;
1495 2623 1594 2679 per
1631 2609 1791 2666 ﬁdem

184 2688 471 2758 confugiat
510 2690 574 2743 ad
608 2692 1027 2750 misericordiam
1068 2696 1197 2766 Dei,
1227 2707 1288 2754 ut
1314 2699 1407 2756 det
1438 2702 1580 2773 quod
1613 2704 1785 2775 jubet,

186 2787 361 2847 atque
404 2780 641 2850 inspirata
665 2785 685 2814 ²
725 2785 911 2854 gratiae
952 2786 1211 2844 suavitate
1250 2805 1347 2859 per
1375 2789 1630 2863 Spiritum
1661 2812 1787 2852 san-

182 2877 330 2922 ctum
359 2868 521 2925 faciat
542 2873 662 2943 plus
685 2874 954 2931 delectare
982 2878 1122 2948 quod
1155 2881 1394 2952 praecipit
1411 2924 1426 2949 ,
1453 2899 1611 2955 quam
1640 2886 1786 2943 dele-

183 2968 286 3014 ctat
306 2962 456 3031 quod
476 2963 716 3032 impedit.
745 2964 819 3019 Ita
843 2969 1005 3022 multa
1028 2971 1309 3028 multitudo
1330 2973 1626 3033 dulcedinis
1646 2980 1781 3050 ejus,

184 3050 278 3107 hoc
302 3062 411 3119 est,
442 3054 531 3109 lex
559 3055 704 3122 ﬁdei,
734 3058 967 3117 cbaritas
991 3061 1108 3132 ejus
1132 3067 1430 3137 conscripta
1456 3069 1508 3125 in
1532 3072 1783 3130 cordibus

181 3153 329 3214 atque
355 3145 578 3213 diﬂ'usa,
614 3148 889 3219 perﬁcitur
916 3155 1256 3224 sperantibus
1281 3157 1333 3212 in
1360 3176 1479 3215 eum
1507 3161 1548 3228 ⁸,
1580 3171 1639 3218 ιιι
1665 3166 1781 3219 ani-

181 3252 257 3289 ma
298 3247 489 3293 sanata
541 3255 652 3295 non
700 3242 894 3298 timore
942 3259 1147 3314 pinnae,
1196 3247 1289 3303 sed
1336 3265 1519 3308 amore
1555 3253 1777 3324 justitite

180 3339 421 3397 operetur
450 3329 678 3387 bonum.

237 3418 466 3477 CAPUT
506 3421 682 3478 XXX.
724 3456 794 3466 -ι
831 3426 920 3482 52.
972 3427 1050 3484 An
1106 3442 1369 3489 evacuetur
1396 3436 1604 3493 liberum
1632 3440 1773 3495 arbi-

185 3512 317 3564 trium
343 3528 441 3580 per
465 3515 710 3584 gratiam.
754 3516 1006 3575 Liberum
1044 3536 1173 3592 ergo
1216 3526 1494 3584 arbitrium
1533 3546 1764 3587 evacua-

178 3616 283 3655 tnus
311 3619 415 3674 per
452 3605 731 3675 gratiam“?
774 3608 929 3664 Absit
971 3628 985 3665 :
1018 3614 1112 3669 sed
1155 3617 1325 3687 magis
1357 3618 1584 3676 liberum
1626 3626 1768 3680 arbi-

175 3695 319 3748 trium
349 3699 671 3753 statuimus.
700 3697 1010 3757 Sicutenim
1046 3705 1131 3761 lex
1157 3722 1253 3776 per
1280 3708 1439 3765 ﬁdem
1465 3712 1641 3785 (Rom.
1685 3733 1762 3787 ιιι,

174 3784 275 3855 3f),
303 3788 384 3843 sic
426 3788 667 3845 liberum
690 3791 968 3847 arbitrium
1000 3810 1097 3866 per
1120 3799 1342 3868 gratiam
1386 3784 1492 3858 non
1532 3820 1764 3862 evacua-

173 3885 264 3943 tnr,
291 3879 392 3935 sed
418 3882 701 3937 statuitur.
732 3883 918 3957 Neque
944 3889 1086 3945 enim
1120 3890 1207 3947 lex
1238 3893 1489 3964 impletur
1525 3899 1667 3955 nisi‘
1693 3902 1762 3958 li-

172 3968 285 4026 hero
322 3973 562 4030 arbitrio
606 3993 621 4031 :
669 3977 765 4032 sed
805 3993 901 4049 per
928 3980 1099 4053 legem
1146 3987 1380 4056 cognitio
1408 3994 1632 4062 peccati,
1666 4010 1764 4065 per

172 4063 313 4119 Μαι)
365 4067 686 4137 impetratio
730 4072 913 4141 gratiae
958 4084 1145 4131 contra
1177 4088 1471 4151 peccatum,
1513 4100 1609 4155 per
1631 4063 1758 4157 gra-

170 4156 279 4212 tiam
303 4160 524 4214 sanatio
551 4162 747 4218 animae
792 4178 822 4218 a
869 4165 1000 4221 vitio
1031 4171 1288 4239 peccati“,
1326 4188 1423 4243 per
1448 4177 1642 4234 animae
1671 4196 1758 4236 sa-

167 4248 375 4306 nitatem
407 4251 639 4310 libertas
677 4254 905 4324 arbitrii,
936 4271 1033 4327 per
1071 4260 1298 4318 liberum
1349 4267 1629 4325 arbitrium
1668 4272 1756 4342 ju-

163 4342 306 4397 stiti:
334 4344 586 4413 dilectio,
602 4361 700 4416 per
719 4346 942 4418 iustitia:
966 4351 1307 4412 dilectionem
1334 4358 1465 4429 legis
1491 4365 1751 4432 operatio.

162 4434 229 4486 Ac
271 4450 366 4504 per
390 4435 523 4503 hoc,
558 4437 697 4492 sicut
735 4439 819 4495 lex
866 4456 973 4497 non
1014 4458 1321 4516 evacuatur,
1366 4453 1462 4507 sed
1500 4457 1752 4514 statuitur

164 4537 246 4593 per
271 4525 463 4594 ﬁdem,
506 4529 634 4599 quia
674 4530 807 4588 ﬁdes
833 4533 1082 4606 impetrat
1109 4542 1356 4611 gratiam,
1391 4561 1495 4616 qua
1533 4548 1618 4604 lex
1645 4550 1749 4606 im-

163 4615 407 4682 pleatur:
456 4621 533 4675 ita
582 4622 808 4679 liberum
848 4628 1125 4685 arbitrium
1174 4649 1279 4688 non
1319 4647 1608 4695 evacuatur
1654 4657 1751 4713 per

160 4712 397 4779 gratiam,
428 4714 531 4769 sed
558 4717 829 4787 statuitur,
860 4721 985 4790 quia
1010 4726 1181 4794 gratia
1209 4738 1361 4784 sanat
1390 4712 1743 4805 voluntatem,

157 4817 249 4869 qua
286 4804 504 4873 justitia
555 4807 719 4865 libere
761 4810 1032 4883 diligatur.
1064 4814 1253 4874 Omnia
1286 4820 1400 4878 hare
1441 4840 1559 4895 qua:
1598 4804 1744 4885 velut

100 4918 111 4968 ε
157 4897 439 4951 catenatim
481 4901 732 4967 connexi,
764 4903 962 4960 habent
989 4922 1149 4965 voces
1188 4926 1312 4967 suas
1353 4914 1409 4969 in
1449 4915 1743 4989 Scripturis

156 4988 366 5041 sanctis.
396 4988 512 5045 Lex
538 4990 669 5047 dicit
702 5010 715 5047 ε
759 4994 885 5051 Non
927 5004 1248 5074 concupisces
1274 5005 1467 5077 (Exod.
1498 4988 1590 5077 xx,
1622 5012 1739 5085 17).

155 5075 304 5135 Fides
331 5082 469 5137 dicit
507 5102 521 5137 :
553 5084 698 5139 Sana
747 5089 971 5145 animam
1017 5109 1201 5161 meam,
1248 5101 1487 5167 quoniam
1537 5106 1742 5173 peccavi

152 5170 231 5223 tibi
258 5170 436 5243 (Psal.
476 5190 568 5242 XL,
613 5177 690 5248 5).
724 5177 903 5236 Gratia
930 5182 1057 5240 dicit
1086 5204 1098 5240 :
1132 5186 1266 5242 Ecce
1290 5206 1445 5246 sanus
1472 5170 1638 5263 factus
1661 5214 1736 5265 es,

144 5264 245 5328 jam
269 5267 379 5327 noli
408 5284 640 5337 peccare,
674 5288 736 5327 ne
762 5275 887 5343 quid
906 5276 992 5330 tibi
1019 5278 1240 5336 deterius
1260 5285 1519 5357 contingat
1553 5288 1733 5361 (Joan.

148 5368 194 5418 ν,
226 5358 337 5429 ﬂ).
367 5359 585 5416 Sanitas
612 5362 743 5419 dicit
791 5384 805 5420 :
850 5365 1072 5425 Domine
1098 5370 1239 5427 Deus
1264 5393 1423 5446 meus,
1460 5358 1738 5437 exclamavi

146 5450 207 5501 ad
233 5459 303 5518 te,
333 5462 384 5506 et
427 5456 621 5509 sanasti
653 5472 732 5511 me
776 5457 951 5529 (Psal.
981 5479 1131 5533 xxix,
1174 5467 1254 5538 ὅ).
1297 5468 1548 5528 Liberum
1587 5474 1733 5531 arbi-

199 5583 217 5614 ι
250 5587 479 5649 Quinque
498 5590 979 5654 manuscripti,quod
1015 5595 1064 5648 ei
1111 5598 1335 5652 meritum
1357 5601 1557 5669 spiritus
1601 5620 1734 5660 com-

453 5722 607 5784 prope
624 5719 759 5784 μεθ,
782 5714 1048 5781 inspirata.

196 5770 217 5847 ξ
250 5770 591 5847 Aliquot—bisti,
615 5773 672 5847 in
694 5770 819 5827 etim.

194 5831 216 5899 ξ
249 5831 445 5899 aliquot
465 5831 591 5899 Mss,
618 5836 740 5888 sine.

195 5894 636 5978 Ῐιὲξῗξέίὲιῗῖᾴβί
675 5899 901 5967 Plerique
930 5911 1037 5957 Mss.
1062 5916 1119 5961 At
1161 5906 1293 5975 non,
1332 5915 1516 5971 sanatio
1554 5917 1729 5978 (cum

172 6076 195 6105 ε
368 6041 600 6108 Sutor.
637 6046 921 6112 Auens'r.
974 6053 1057 6116 X.
1629 6151 1667 6186 ³

550 6248 591 6273 ρ

1916 1699 2065 1766 quasi
2096 1716 2202 1757 non
2231 1710 2574 1776 acceperint?
2602 1715 2684 1770 An
2710 1717 2782 1773 ita
2809 1699 2932 1778 sunt
2954 1699 3130 1793 liberi,
3152 1699 3338 1789 utvnec
3360 1736 3510 1792 illum

1916 1790 2081 1846 velint
2107 1793 2305 1851 habere
2336 1800 2635 1872 Dominum,
2671 1811 2761 1879 qui
2798 1814 2876 1868 eis
2901 1815 3048 1885 dicit,
3097 1790 3223 1878 Sine
3258 1842 3338 1880 me
3379 1830 3512 1884 nihil

1912 1885 2117 1951 potestis
2160 1891 2327 1957 facere
2367 1892 2544 1962 (Joan.
2579 1914 2664 1963 xv,
2700 1902 2788 1975 5);
2821 1915 2891 1971 et,
2924 1908 2987 1963 Si
3015 1929 3100 1966 vos
3127 1913 3299 1971 Filius
3324 1919 3511 1976 libera-

1909 1973 2053 2039 verit,
2085 1984 2202 2029 tunc
2231 1994 2340 2035 vere
2365 1983 2508 2039 liberi
2530 1990 2668 2046 eritis
2693 1973 2804 2063 (id.
2837 2014 2949 2066 Vlll,
2981 2002 3112 2074 56)?

1982 2064 2210 2125 CAPUT
2250 2072 2443 2131 XXXI.
2483 2111 2555 2121 —
2574 2083 2662 2139 55.
2696 2086 2853 2145 Fides
2878 2064 2942 2147 an
2983 2064 3127 2153 sit‘in
3155 2112 3328 2159 nostra
3356 2119 3506 2177 pots-

1907 2164 2053 2212 state.
2080 2159 2295 2227 Qumret
2330 2171 2542 2241 aliquis,
2572 2186 2748 2235 utrum
2779 2183 2911 2240 ﬁdes
2943 2189 3075 2258 ipsa,
3108 2194 3159 2249 in
3190 2212 3292 2267 qua
3317 2159 3506 2260 salutis

2963 2248 2975 2258 _
3062 2248 3074 2257 ,
3196 2248 3292 2267 τη
3318 2248 3502 2260 __.-....

1906 2248 1989 2302 vel
2018 2250 2085 2305 ad
2114 2254 2339 2311 salutem
2370 2269 2721 2327 connexionis
2764 2274 2942 2347 hujus,
2971 2298 3130 2352 quam
3168 2303 3502 2351 commemo-

1904 2342 2041 2409 ravi,
2064 2358 2184 2401 esse
2214 2348 2423 2407 videtur
2460 2361 2759 2426 exordium.
2797 2368 2849 2421 in
2898 2383 3082 2431 nostra
3110 2385 3397 2440 constituta
3426 2388 3499 2443 sit

1903 2439 2166 2500 potestate
2199 2456 2213 2492 :
2250 2443 2393 2510 quod
2420 2445 2625 2507 facilius
2654 2455 2975 2529 videbimus,
3009 2467 3054 2521 si
3095 2472 3242 2538 prius
3268 2477 3397 2545 quid

1902 2534 2138 2593 potestas
2184 2531 2461 2603 aliquanto
2503 2541 2808 2614 diligentius
2859 2531 3317 2627 perspexerimus.
3360 2570 3501 2629 Cum

1900 2620 2044 2672 enim
2072 2620 2179 2675 duo
2202 2626 2445 2693 quaedam
2472 2636 2599 2700 sint,
2631 2640 2767 2696 velle
2793 2620 3057 2716 et—posse,
3089 2654 3232 2710 unde
3277 2674 3379 2717 nec
3404 2665 3500 2733 qui

1900 2709 2009 2733 -..ιι
2047 2713 2289 2733 ,Α-ιεμη-
2400 2729 2410 2733 -
2489 2731 2497 2733 ι

1898 2709 2015 2763 vult
2042 2713 2298 2770 continuo
2326 2729 2522 2792 potest,
2566 2742 2668 2783 nec
2716 2733 2807 2803 qui
2848 2709 3022 2806 potest
3062 2745 3317 2805 continuo
3342 2709 3495 2821 vult;

1895 2801 2016 2870 quia
2056 2804 2195 2861 sicut
2237 2809 2481 2870 volumus
2507 2801 2793 2891 aliquando
2835 2801 2978 2899 quod
3025 2850 3132 2892 non
3180 2801 3490 2916 possumus:

2852 2892 2869 2899 -
3180 2892 3490 2916 r""'"'""'

1891 2892 1973 2949 sic
2009 2899 2169 2955 etiam
2198 2917 2486 2971 possumus
2509 2914 2797 2985 aliquando
2826 2924 2970 2992 quod
3012 2930 3261 2989 nolumus
3305 2954 3318 2991 :
3360 2942 3497 2996 satis

1894 2988 2121 3046 evolutis
2159 2993 2325 3065 ipsis’
2353 3002 2514 3057 etiam
2557 3009 2834 3068 vocabulis
2879 3030 3114 3085 resonat,
3147 3026 3289 3094 quod
3327 3028 3395 3084 ab
3424 3047 3495 3088 eo

1889 3082 2031 3150 quod
2047 3093 2130 3139 est
2156 3089 2313 3158 velle,
2337 3096 2612 3165 voluntas;
2643 3102 2711 3158 ab
2737 3119 2803 3159 eo
2829 3117 3008 3165 autem
3038 3082 3179 3184 quod
3196 3130 3279 3174 est
3304 3136 3490 3194 posse,

1887 3181 2121 3241 petestas
2138 3195 2332 3238 nomen
2358 3190 2947 3267 accepit.Quapropter,
2980 3181 3220 3278 sicutqui
3249 3181 3364 3268 vult
3391 3181 3493 3272 ha:

1884 3264 1978 3323 bet
2004 3271 2355 3343 voluntatem,
2388 3280 2459 3336 ita
2486 3264 3280 3366 potestatem—qui—potcstISed
3388 3326 3489 3378 po-

1885 3366 2078 3419 teState
2105 3366 2304 3438 aliquid
2346 3371 2456 3442 ﬁat,
2486 3377 2732 3434 voluntas
2771 3382 2960 3441 aderit.
2996 3389 3183 3463 Neque
3209 3398 3351 3453 enim
3378 3366 3487 3462 dici

1881 3451 2022 3509 solet
2047 3458 2309 3529 qniSpiam
2329 3474 2592 3533 potestate
2621 3468 2858 3543 fecisse’,
2888 3478 2932 3532 si
2959 3451 3232 3549 quidll‘ecit
3262 3489 3481 3551 invitus.

1880 3544 2224 3620 Quanquam,
2271 3556 2317 3611 si
2370 3560 2616 3618 subtilius
2685 3566 3060 3641 advertamus,
3117 3580 3279 3636 etiam
3334 3585 3482 3656 quod

1879 3638 2104 3711 quisque
2145 3643 2345 3704 invitus
2381 3652 2555 3710 facere
2577 3659 2805 3729 cogitur,
2834 3664 2876 3719 si
2917 3638 3061 3734 facit,
3094 3638 3369 3733 voluntatt:
3396 3678 3479 3734 fa-

1875 3728 1949 3782 cit
1977 3747 1991 3783 :
2024 3733 2117 3787 sed
2143 3736 2264 3806 quia
2298 3742 2479 3799 mallet
2505 3728 2669 3814 aliud,
2701 3728 2823 3809 ideo
2860 3755 3074 3827 invitus,
3110 3763 3213 3820 hoc
3234 3775 3335 3835 est,
3368 3786 3477 3828 no-

1874 3817 1991 3875 lens
2028 3821 2206 3882 facerc
2234 3829 2446 3890 dicitur.
2483 3835 2621 3894 Malo
2666 3843 2864 3915 quippe
2903 3849 3082 3921 aliquo
3120 3853 3300 3915 facere
3317 3817 3475 3919 ,com-

1872 3912 2106 3981 pellitur,
2129 3919 2270 3987 quod
2301 3924 2486 3982 volens
2512 3929 2715 3989 evitare
2743 3937 2829 3993 vel
2866 3955 2897 3994 a
2925 3956 2985 3997 se
3014 3960 3315 4020 removere,
3342 3954 3477 4014 facit

1873 4006 2014 4075 quod
2046 4012 2267 4080 cogitur.
2291 4015 2422 4072 Nam
2448 4020 2491 4074 si
2516 4030 2661 4079 tanta
2693 4028 2939 4087 voluntas
2977 4036 3068 4105 sit,
3102 4048 3161 4095 ut
3193 4006 3471 4105 malithoc

1870 4114 1976 4155 non
2004 4101 2176 4161 facere
2205 4122 2361 4178 quam
2390 4112 2519 4170 illud
2546 4132 2655 4174 non
2682 4122 2826 4190 pati;
2856 4101 3065 4198 cogenti
3092 4138 3273 4203 procul
3302 4138 3471 4199 dubio

1869 4194 2089 4262 resistit,
2124 4214 2224 4255 nec
2257 4202 2400 4257 facit.
2431 4207 2506 4261 Ac
2536 4224 2633 4279 per
2658 4211 2782 4281 hoc,
2825 4217 2869 4271 si
2897 4194 3054 4288 facit;
3092 4194 3200 4282 non
3246 4232 3465 4300 quidem

1861 4285 2022 4354 plena
2045 4296 2100 4342 et
2125 4289 2291 4347 libera
2320 4295 2612 4367 voluntate,
2636 4304 2731 4360 sed
2758 4314 2935 4365 tamen
2957 4328 3062 4369 non
3085 4315 3211 4372 facit
3236 4322 3339 4377 nisi
3360 4339 3460 4380 vo-

1862 4375 2067 4433 luntate
2098 4397 2110 4433 :
2140 4395 2299 4451 quam
2328 4388 2652 4447 voluntatem
2674 4399 2797 4464 quia
2827 4399 3047 4479 effectus
3086 4413 3455 4483 consequitur,

1859 4482 1967 4523 non
1999 4485 2283 4540 possumus
2310 4476 2491 4537 dicere
2517 4494 2834 4552 potestatem
2874 4476 3107 4554 defuisse
3138 4498 3371 4560 facienti.
3395 4506 3457 4564 Si

1858 4559 2002 4614 enim
2028 4565 2241 4634 cogenti
2270 4569 2467 4626 cedens
2490 4574 2651 4631 vellet
2678 4577 2873 4650 facere,
2908 4601 3009 4642 nec
3035 4601 3249 4659 posset;
3277 4599 3328 4652 ei
3358 4614 3455 4655 vo-

1857 4648 2114 4708 luntatem
2148 4656 2383 4716 adfuisse
2409 4662 2533 4719 licet
2561 4648 2970 4740 extortam,rsed
3002 4648 3318 4748 pbtestatem
3348 4689 3450 4747 de-

1852 4740 2017 4800 fuisse
2058 4745 2380 4807 diceremus.
2409 4754 2540 4811 Cum
2569 4774 2697 4817 vero
2741 4764 2863 4822 ideo
2898 4785 3003 4826 non
3046 4773 3293 4847 faciebat,
3322 4785 3453 4855 quia

1854 4834 2068 4855 __,A,__
2254 4851 2263 4855 Α
2356 4844 2387 4855 μ.

1854 4834 2105 4904 nolebat;
2156 4851 2271 4896 erat
2311 4844 2498 4917 utique
2537 4858 2797 4924 potestas,
2843 4860 2938 4915 sed
2966 4864 3213 4924 voluntas
3237 4834 3426 4933 declat

1850 4928 2103 4996 quamdiu
2130 4936 2339 5001 cogenti
2378 4939 2691 5000 reluctando
2716 4962 2823 5004 non
2852 4950 2997 5007 fecit.
3026 4956 3163 5013 Hinc
3183 4970 3268 5018 est
3299 4968 3446 5036 quod

1851 5020 2010 5076 etiam
2039 5023 2112 5077 illi
2139 5027 2228 5095 qui
2250 5040 2469 5101 cogunt,
2496 5036 2577 5091 vel
2612 5039 2702 5109 qui
2728 5044 2972 5113 suadent,
3001 5050 3179 5109 solent
3213 5020 3395 5118 dicere
3420 5080 3441 5120 :

1845 5108 2001 5178 Quod
2042 5113 2206 5172 habes
2250 5119 2303 5175 in
2350 5108 2641 5194 poteState,
2679 5147 2844 5202 quare
2884 5108 2990 5193 non
3034 5141 3186 5214 facis,
3233 5158 3293 5205 ut
3337 5153 3444 5212 hoc

1846 5203 1989 5259 malo
2015 5211 2235 5265 careas?
2256 5211 2321 5267 Et
2341 5216 2430 5285 qui
2453 5220 2672 5278 omnino
2698 5225 2873 5284 facere
2892 5246 3001 5288 non
3026 5250 3269 5311 possunt,
3294 5249 3440 5316 quod

1848 5296 1969 5354 ideo
1989 5312 2248 5372 coguntur
2269 5314 2325 5360 ut
2355 5307 2571 5381 faciant,
2594 5318 2719 5387 quia
2743 5335 2901 5390 posse
2926 5328 3238 5403 creduntur,
3262 5296 3439 5398 sdlent

1845 5393 2148 5449 excusando
2163 5399 2491 5468 respondere
2514 5413 2569 5460 et
2594 5406 2776 5467 dicere
2806 5432 2820 5468 :
2850 5415 3125 5490 Facerem,
3150 5426 3195 5479 si
3216 5440 3360 5485 esset
3381 5432 3437 5487 in

1845 5490 2127 5551 potestate.
2177 5486 2317 5555 Quid
2363 5492 2523 5563 igitur
2561 5497 2703 5555 ultra
2744 5508 3069 5575 quaerimus;
3101 5486 3441 5591 quandoqui-

1906 5677 1922 5708 ί
1956 5677 2106 5730 Editio
2125 5686 2235 5734 Lov.
2260 5682 2339 5736 hic
2356 5686 2506 5752 addit,
2529 5704 2659 5744 suas.

1902 5739 1923 5834 ξ
1951 5746 2275 5834 galli???
2299 5749 2415 5802 satis
2435 5753 2589 5806 elucet
2600 5754 2720 5821 ipsis
2746 5771 2766 5810 :
2784 5771 2850 5812 ex
2867 5762 2947 5815 his
2961 5766 3172 5834 quidam,
3198 5775 3316 5829 εσσε
3330 5779 3440 5833 ειη,

2024 5803 2037 5811 '
2101 5804 2111 5813 I
2188 5803 2204 5807 _
2260 5803 2270 5806 _
2441 5803 2451 5805 ν
2504 5803 2715 5821 ,,,-_r--v
2746 5803 3435 5834 -u—W1WWﬂu‘

1838 5803 1930 5859 cet,
1951 5806 1996 5851 et
2016 5814 2153 5864 ipsis,
2179 5815 2274 5858 etc.

1903 5862 1924 5893 ³
1959 5866 2167 5916 Vaticani
2188 5868 2303 5933 duo,
2330 5881 2381 5924 et
2416 5882 2520 5928 tres
2550 5878 2775 5932 Gallicani
2811 5890 2941 5951 Uss,
2964 5890 3203 5950 uoluntate
3242 5900 3435 5977 (scisse.

1838 5929 1967 5974 Hanc
1989 5923 2249 5977 lectionem
2274 5937 2590 5977 Dmtnlpnmt
2626 5950 2851 5977 sant-fnum
2874 5958 3163 5977 ...ηη-αΑ-έ-
3338 5966 3354 5977 -

1836 5929 1967 5997 uane
1989 5923 2249 5999 lectionem
2272 5923 3439 6032 ῥιζτιξιιιῙθῖυἶιιιῖῖιῖῖιῶἰἆ’ίῗὲίιῖιυιιῗιμοέιτιεἔξω

1842 5986 2068 6032 editionis
2085 5996 2197 6032 Inv-
2222 6007 2333 6032 nnm
2359 5999 2479 6032 Nu"

1842 5986 2068 6045 editionis
2085 5996 2198 6044 ιον.
2222 5986 2337 6051 uini
2359 5986 2497 6052 164i;
