3996 6474
419 434 530 496 ιὸὅ

422 535 540 608 ειεξιιὶ
590 549 726 605 hanc
741 545 978 610 dicimus
1015 546 1356 618 potestatem,
1397 540 1484 594 ubi
1511 538 1769 594 voluntati
1799 535 2006 606 adiacet

423 641 646 698 facultas
689 633 992 694 faciendi‘?
1036 631 1189 690 Unde
1236 629 1339 687 hoc
1377 631 1602 703 quisque
1644 631 1698 684 in
1744 635 2009 700 potestate

425 733 624 791 habere
651 731 862 798 dicitur,
894 725 1038 800 quod
1075 726 1121 782 si
1150 725 1280 793 vult,
1317 724 1472 792 facit;
1504 723 1551 780 si
1594 739 1701 779 non
1739 721 1869 789 vult,
1900 735 2009 775 non

427 824 568 882 facit.

514 915 604 969 54.
644 911 876 968 Attende
914 910 1023 981 jam
1063 907 1194 966 illud
1234 905 1377 982 quod
1421 907 1795 965 excutiendum
1837 908 2017 978 posui-

438 1019 582 1071 mus,
615 1013 791 1059 utrum
818 1003 952 1059 ﬁdes
992 1001 1044 1058 in
1088 1010 1347 1073 potestate
1376 1001 1480 1057 sit?
1516 1001 1592 1056 De
1620 1001 1719 1056 hac
1745 1001 1886 1056 enim
1912 999 2018 1058 ﬁde

438 1113 582 1154 nunc
607 1097 892 1170 loquimur,
936 1112 1092 1167 quam
1131 1094 1445 1150 adhibemus
1470 1109 1592 1150 cum
1621 1092 1816 1162 aliquid
1847 1092 2020 1148 credi-

439 1205 585 1257 mus,
611 1203 716 1244 non
747 1203 906 1259 quam
933 1187 1120 1242 damus
1148 1201 1268 1242 cum
1294 1182 1490 1254 aliquid
1520 1183 1864 1255 pollicemur;
1898 1198 2018 1237 nam

440 1292 498 1340 et
526 1285 637 1352 ipsa
668 1283 862 1338 dicitur
898 1281 1050 1336 ﬁdes.
1088 1279 1192 1334 Sed
1237 1279 1391 1334 aliter
1429 1275 1674 1332 dicimus.
1729 1277 1845 1331 Non
1891 1275 2021 1330 mihi

441 1375 627 1431 habuit
658 1375 812 1431 ﬁdem
835 1393 849 1430 :
872 1374 1047 1439 aliter,
1093 1371 1208 1426 Non
1254 1371 1380 1425 mihi
1419 1371 1650 1424 servavit
1680 1369 1860 1423 ﬁdem.
1890 1368 2020 1422 Nam

443 1465 568 1522 illud
600 1474 702 1531 est,
719 1463 834 1520 Non
851 1462 1076 1519 credidit
1099 1460 1239 1533 quod
1265 1460 1373 1515 dixi
1396 1477 1408 1512 :
1435 1458 1586 1525 illud,
1612 1458 1726 1513 Non
1745 1457 1866 1514 fecit
1883 1457 2022 1528 quod

443 1557 595 1613 dixit.
641 1555 943 1612 Secundum
990 1553 1126 1609 lianc
1175 1552 1331 1608 tidem
1377 1566 1475 1622 qua
1508 1549 1796 1614 credimus,
1842 1548 2026 1604 ﬁdeles

443 1663 627 1704 sumus
673 1647 815 1702 Deo:
843 1643 1134 1702 secundum
1177 1644 1321 1699 illam
1366 1657 1494 1698 vero
1517 1657 1620 1714 qua
1648 1639 1705 1696 ﬁt
1731 1640 1872 1710 quod
1903 1655 2028 1710 pro-

445 1741 728 1807 mittitur”,
760 1739 917 1794 etiam
945 1739 1087 1793 Deus
1111 1737 1225 1808 ipse
1250 1723 1420 1791 ﬁdelis
1443 1744 1525 1792 est
1551 1733 1722 1789 nobis.
1748 1733 1861 1788 Hoc
1881 1733 2024 1788 enim

442 1833 576 1890 dicit
614 1833 933 1902 Apostolus:
964 1830 1158 1886 Fidelis
1196 1825 1361 1898 Deus,
1405 1829 1490 1900 qui
1519 1844 1621 1883 non
1663 1843 1748 1881 vos
1777 1826 2030 1898 permittat

449 1925 634 1979 tentari
659 1941 810 1996 super
839 1923 894 1976 id
919 1922 1054 1994 quod
1098 1921 1300 1994 potestis
1341 1917 1388 1991 (Ι
1432 1915 1550 1974 Cor.
1581 1935 1636 1984 ι,
1671 1915 1782 1990 15).
1819 1917 1891 1972 De
1936 1915 2027 1971 illa

449 2018 630 2088 itaque
671 2017 775 2072 ﬁde
814 2016 1122 2086 quaerimus,
1166 2023 1344 2068 utrum
1390 2011 1442 2066 in
1493 2017 1755 2081 potestate
1797 2007 1886 2075 sit,
1928 2020 2033 2076 qua

449 2110 719 2168 credimus
764 2110 894 2175 Deo,
943 2108 1025 2161 vel
1073 2105 1337 2162 credimus
1382 2103 1436 2157 in
1476 2103 1662 2158 Deum.
1709 2099 1844 2156 Hinc
1889 2097 2034 2154 enim

429 2204 692 2275 scriptum
719 2211 822 2267 est,
845 2199 1071 2256 Credidit
1107 2197 1363 2252 Abraham
1400 2195 1528 2265 Deo,
1554 2205 1601 2252 et
1624 2196 1921 2265 deputatum
1951 2204 2026 2250 est

431 2295 510 2350 illi
539 2295 606 2348 ad
615 2295 895 2368 justitiam;
936 2300 1010 2359 et,
1038 2287 1274 2346 Credenti
1302 2289 1354 2343 in
1393 2305 1507 2342 eum
1525 2289 1612 2359 qui
1640 2289 1890 2360 justiﬁcat
1927 2288 2025 2341 im-

432 2387 597 2460 pium,
626 2387 894 2457 deputatur
923 2382 1048 2452 ﬁdes
1083 2383 1192 2455 ejus
1235 2380 1304 2434 ad
1318 2380 1574 2451 justitiam
1593 2377 1746 2453 (Gen.
1774 2395 1863 2445 xv,
1897 2377 1951 2446 6,
1978 2386 2028 2433 et

433 2476 588 2534 Rom.
614 2491 691 2542 tv,
724 2477 776 2540 ὅ,
806 2474 884 2546 5).
915 2475 1042 2528 Vide
1081 2486 1222 2527 nunc
1266 2481 1447 2526 utrum
1472 2469 1696 2541 quisque
1735 2469 1952 2537 credat,
1980 2470 2028 2525 si

434 2571 698 2635 noluerit;
743 2577 837 2622 aut
868 2583 973 2621 non
1003 2566 1208 2630 credat,
1239 2565 1283 2620 si
1313 2564 1558 2619 voluerit.
1587 2561 1740 2632 Quod
1767 2563 1813 2618 si
1841 2565 2030 2620 absur-

434 2663 562 2721 dum
591 2670 673 2720 est
693 2661 839 2734 (quid
860 2669 940 2716 est
963 2660 1108 2715 enim
1137 2657 1377 2721 credere,
1397 2656 1498 2712 nisi
1519 2657 1820 2712 consentire
1839 2671 2028 2712 verum

435 2775 555 2816 esse
584 2757 726 2829 quod
761 2753 1000 2811 dicitur?
1039 2751 1324 2808 consensio
1361 2760 1539 2806 autem
1582 2750 1765 2821 utique
1801 2749 2030 2805 volentis

436 2853 584 2923 est);
630 2850 866 2922 proiecto
893 2847 1024 2903 ﬁdes
1054 2847 1108 2901 in
1151 2853 1415 2916 potestate
1441 2853 1543 2900 est.
1568 2844 1696 2907 Sed,
1731 2845 1869 2898 sicut
1889 2845 2033 2913 Apo-

437 2945 608 3002 stolus
628 2942 776 3008 dicit,
807 2939 928 2994 Non
947 2948 1022 2994 est
1042 2945 1260 3010 potestas
1279 2936 1377 2990 nisi
1404 2953 1436 2989 a
1463 2932 1572 2990 Deo
1599 2934 1776 3007 (Rom.
1802 2950 1918 3001 xm,
1949 2935 2028 3005 1).

437 3037 578 3107 Quid
620 3035 778 3106 igitur
803 3047 981 3088 causae
1009 3039 1093 3088 est
1119 3045 1216 3086 cur
1241 3045 1350 3085 non
1373 3037 1429 3085 et
1469 3028 1536 3084 de
1565 3028 1664 3084 ista
1705 3027 1858 3084 nobis
1886 3027 2030 3084 dica-

439 3138 549 3196 tur,
581 3127 716 3194 Quid
741 3126 873 3182 enim
899 3122 1050 3178 habes
1074 3121 1209 3190 quod
1237 3138 1338 3176 non
1357 3120 1592 3192 accepisti
1618 3119 1668 3194 (Ι
1696 3117 1814 3176 Cor.
1837 3134 1915 3188 1v,
1943 3118 2060 3190 7)'L

438 3222 574 3284 Nam
613 3230 750 3278 etut
777 3215 1112 3285 credamus',
1152 3216 1295 3272 Deus
1335 3215 1500 3271 dedit.
1543 3213 1810 3286 Nusquam
1853 3221 2033 3274 autem

439 3314 671 3386 legimus
699 3311 754 3367 in
786 3307 1081 3379 Scripturis
1125 3307 1345 3374 sanctis,
1377 3299 1495 3360 Non
1533 3313 1616 3362 est
1649 3304 1896 3360 voluntas
1932 3303 2038 3360 nisi

441 3423 477 3465 a
511 3405 639 3463 Deo.
683 3405 752 3461 Et
791 3410 938 3459 recte
979 3415 1086 3457 non
1116 3399 1374 3470 scriptum
1418 3407 1519 3464 est,
1549 3397 1672 3468 quia
1713 3411 1898 3452 verum
1930 3411 2036 3451 non

443 3509 568 3560 est:
599 3499 834 3570 alioquin
874 3496 1037 3552 etiam
1082 3502 1442 3565 peccatorum,
1471 3491 1613 3562 quod
1654 3491 1814 3559 absit,
1854 3499 2039 3545 auctor

443 3602 530 3653 est
553 3594 720 3660 Deus,
751 3590 797 3644 si
840 3603 948 3644 non
979 3595 1063 3641 est
1101 3585 1350 3639 voluntas
1397 3583 1496 3638 nisi
1525 3581 1592 3637 ab
1622 3581 1713 3636 illo
1743 3600 1758 3638 :
1787 3583 2040 3654 quoniam

444 3687 586 3744 mala
610 3683 855 3737 voluntas
879 3679 990 3749 jam
1031 3675 1145 3731 sola
1185 3683 1462 3745 peccatum
1502 3681 1604 3740 est,
1631 3676 1792 3730 etiam
1833 3674 1879 3729 si
1903 3673 2042 3730 desit

448 3776 692 3841 eﬁ'eetus,
724 3772 778 3828 id
806 3780 907 3835 est,
933 3769 978 3824 si
1008 3783 1114 3822 non
1145 3765 1337 3822 habeat
1361 3774 1701 3837 potestatem.
1725 3766 1893 3822 Porro
1915 3780 2040 3822 cum

446 3869 696 3925 voluntas
720 3863 856 3920 mala
888 3867 1206 3932 potestatem
1235 3859 1431 3930 accipit
1455 3858 1678 3930 implere
1699 3858 1842 3930 quod
1870 3859 2043 3914 inten-

449 3960 589 4027 dlt",
613 3967 686 4014 ex
729 3954 930 4026 judicio
971 3952 1065 4007 Dei
1105 3951 1271 4018 venit,
1302 3949 1442 4020 apud
1471 3965 1629 4020 quem
1673 3965 1779 4006 non
1809 3959 1892 4008 est
1937 3950 2040 4005 ini-

451 4054 628 4126 quitas
672 4049 846 4120 (Rom.
873 4061 948 4110 ix,
974 4043 1088 4114 M).
1131 4039 1290 4097 Punit
1323 4043 1465 4097 enim
1507 4042 1667 4096 etiam
1711 4043 1812 4097 isto
1851 4042 2041 4109 modo;

452 4161 558 4204 nec
581 4144 706 4200 ideo
736 4140 952 4212 injuste,
983 4138 1105 4210 quia
1149 4137 1381 4192 occulte.
1410 4135 1676 4192 Caeterum
1707 4137 1918 4208 iniquus
1943 4152 2044 4208 pu-

451 4240 555 4298 niri
601 4251 659 4293 se
693 4235 924 4306 ignorat,
969 4230 1071 4286 nisi
1116 4245 1237 4285 cum
1277 4228 1558 4284 manifesto
1591 4230 1884 4301 supplicio“
1925 4247 2046 4286 sen-

453 4331 588 4390 serit
618 4327 826 4394 nolens,
855 4330 1109 4395 quantum
1142 4320 1268 4376 mali
1307 4319 1375 4376 sit
1403 4320 1546 4393 quod
1588 4323 1914 4394 perpetravit
1949 4338 2046 4378 νο-

454 4424 598 4481 lens.
645 4409 759 4475 Hoc
807 4406 890 4473 εει
930 4413 1073 4486 quod
1117 4412 1187 4469 de
1231 4410 1545 4483 quibusdam
1605 4413 1893 4484 Apostolus
1925 4415 2044 4468 ait:

453 4513 694 4574 Tradidit
715 4510 838 4566 illos
879 4507 1018 4563 Deus
1054 4506 1110 4561 in
1155 4505 1585 4576 concupiscentiae
1615 4505 1778 4561 cordis
1817 4505 2046 4572 illorum,

455 4617 514 4664 ut
559 4606 749 4678 faciant
789 4616 903 4672 qua:
952 4615 1055 4653 non
1104 4597 1401 4652 conveniant
1451 4597 1561 4668 (Id.
1618 4613 1656 4664 ι,
1683 4597 1796 4670 24).
1834 4597 1968 4653 Hinc
1995 4610 2049 4655 et

456 4696 720 4756 Dominus
775 4693 984 4748 Pilato:
1019 4689 1143 4744 Non
1169 4690 1374 4743 haberes
1400 4689 1453 4742 in
1482 4705 1579 4756 me,
1605 4689 1794 4760 inquit,
1827 4699 2047 4759 potesta-

461 4799 587 4857 tem,
646 4787 745 4842 nisi
787 4785 909 4838 data
935 4792 1060 4838 esset
1083 4781 1171 4835 tibi
1199 4781 1411 4852 desuper
1435 4778 1614 4854 (Joan.
1645 4797 1762 4849 xu,
1794 4782 1908 4854 H).
1946 4782 2053 4838 Sed

461 4898 585 4938 cum
617 4885 854 4950 potestas
880 4875 1059 4937 datur,
1107 4887 1210 4927 non
1257 4873 1548 4928 necessitas
1599 4876 1780 4944 utique
1824 4873 2054 4945 imponi-

462 4985 572 5032 tur.
597 4969 752 5029 Unde
776 4984 896 5025 cum
921 4964 1094 5022 David
1123 4963 1300 5019 Saulis
1328 4963 1600 5020 occidendi
1626 4973 1942 5035 potestatem
1967 4980 2056 5022 ac-

465 5067 736 5138 cepisset,
767 5059 953 5117 maluit
987 5071 1227 5129 parcere,
1267 5071 1429 5126 quam
1460 5055 1622 5112 ferire
1673 5058 1716 5129 (l
1762 5057 1891 5131 Reg.
1930 5074 2056 5115 ntv

475 5171 523 5216 et
553 5155 726 5227 xxvi).
767 5152 922 5211 Unde
967 5151 1310 5222 intelligimus
1337 5150 1506 5208 malos
1553 5153 1795 5224 accipere
1836 5163 2058 5224 potesta-

463 5261 576 5310 tem
607 5249 674 5306 ad
718 5247 1116 5304 damnationem
1165 5243 1320 5299 malae
1365 5244 1654 5301 voluntatis
1703 5261 1835 5316 suae,
1887 5247 2058 5302 bonos

468 5353 647 5403 autem
675 5341 744 5397 ad
768 5336 1134 5412 probationem
1157 5336 1315 5393 bona:
1341 5337 1635 5395 voluntatis
1675 5354 1807 5395 suae.

543 5431 773 5496 CAPUT
801 5427 1108 5490 XXXII.—
1144 5431 1234 5489 55.
1263 5430 1391 5499 Qua
1429 5433 1557 5503 ﬁdes
1597 5433 1878 5488 laudanda.
1923 5432 2060 5491 Cum

537 5556 555 5622 ξ
589 5561 640 5604 tn
658 5552 851 5622 duobus
869 5550 1211 5622 manusgjiptis
1229 5549 1467 5600 Vaticanis
1485 5548 1649 5610 deest,
1673 5547 1904 5613 faciendi.

535 5619 558 5649 ¹
593 5618 724 5681 Apud
745 5622 878 5675 Lov.,
900 5615 1150 5681 promittit.

539 5681 560 5712 ³
592 5672 722 5728 Lov.:
750 5672 871 5728 Nam
890 5672 935 5725 et
958 5672 1047 5724 hoc
1084 5679 1137 5723 ut
1176 5672 1652 5740 credarmts._Abest,
1693 5675 1797 5738 hoc,
1823 5675 1884 5725 ab
1921 5673 2066 5740 editis

476 5749 579 5791 Am.
605 5747 659 5792 et
672 5748 748 5791 Br.
774 5747 966 5789 necnon
985 5733 1609 5803 a_n_nnusci'iptis'qulnque
1629 5733 1884 5803 Vaticanis,
1911 5752 1939 5788 a
1954 5738 2068 5791 Bel-

477 5803 602 5870 sicis
623 5803 828 5870 duobus,
855 5807 906 5849 et
922 5798 1272 5870 Gallicisprope
1293 5798 1542 5870 timuit-ms;

543 5868 565 5934 ξ
596 5871 665 5916 tta
686 5857 1568 5934 ρίανᾴεξιεθκιῑᾲξιὶῖνθιξοηξηξςηάὶων.

539 5928 563 5963 ⁸
594 5919 1396 5984 ωόθιγωωηίδηεο,

1349 423 1438 482 DE
1477 421 1744 482 SPIRITU
1781 419 1872 479 ΕΤ
1908 415 2230 487 LITTERA,
2269 417 2327 477 S.
2369 413 2736 480 AUGUSTINI
2769 477 2774 482 .

3603 421 3710 483 256

2118 548 2246 604 ergo
2269 533 2403 590 ﬁdes
2430 534 2483 589 in
2512 542 2776 606 potestate
2801 529 2892 602 sit,
2920 532 3173 604 quoniam
3193 546 3317 590 cum
3345 531 3461 591 vult
3479 535 3710 608 quisque

2117 625 2322 693 credit;
2356 634 2410 681 et
2450 641 2571 682 cum
2612 626 2812 693 credit,
2866 625 3054 680 volens
3098 625 3290 694 credit,
3317 625 3513 683 deinde
3559 642 3712 700 qua»

2118 719 2347 775 rendum
2376 728 2480 787 est,
2505 715 2614 774 imo
2640 718 3013 787 recolendum,
3041 735 3199 791 quam
3231 720 3390 777 ﬁdem
3413 731 3558 779 tanta
3581 737 3720 780 conn

2126 810 2415 868 ﬁictationc
2455 813 2798 869 commendet
2838 813 3147 884 Apostolus.
3193 813 3309 870 Non
3353 817 3496 872 enim
3538 816 3712 888 quod-

2120 907 2250 963 libet
2277 906 2498 962 credere
2525 907 2723 962 bonum
2741 913 2856 962 est:
2886 921 3010 961 nam
3032 906 3173 962 unde
3197 915 3281 962 est
3306 908 3454 975 illud,
3480 907 3712 978 Fratres,

2121 999 2275 1053 nolite
2293 999 2429 1053 omni
2457 998 2661 1070 spiritui
2684 999 2923 1063 credere;
2953 997 3042 1053 sed
3065 993 3271 1068 probate
3291 999 3524 1070 spiritum
3539 1002 3627 1073 qui
3651 1018 3715 1057 eu

2122 1090 2230 1146 Deo
2266 1093 2369 1146 est‘
2399 1091 2454 1163 (ι
2494 1091 2651 1146 Joan.
2681 1107 2756 1158 tv,
2795 1089 2892 1161 1)?
2939 1090 3047 1147 Nec
3075 1091 3128 1146 in
3169 1090 3415 1149 laudibus
3439 1092 3716 1150 charitatis

2123 1183 2263 1254 quod
2309 1183 2507 1239 dictum
2545 1193 2656 1250 est,
2701 1183 2890 1238 Omnia
2931 1183 3089 1239 credit
3127 1183 3183 1254 (ι
3211 1183 3328 1239 Cor.
3375 1187 3604 1261 xnt,‘7),
3634 1187 3716 1243 sic

2123 1275 2492 1345 accipiendum
2529 1284 2633 1340 est,
2668 1282 2727 1329 ut
2753 1275 3000 1330 charitati
3029 1275 3328 1346 cujuspiam
3373 1276 3712 1348 derogemus,

2125 1367 2169 1422 si
2224 1382 2328 1422 non
2370 1365 2512 1438 quod
2537 1366 2783 1432 audierit,
2819 1367 2996 1421 statim
3043 1366 3348 1423 crediderit.
3375 1367 3545 1436 Quid,
3572 1367 3716 1440 quod

2127 1458 2314 1512 eadem
2359 1458 2592 1514 charitas
2636 1457 2908 1525 admonet,
2941 1473 3048 1514 non
3091 1457 3247 1515 facile
3273 1459 3338 1514 de
3381 1459 3543 1516 fratre
3587 1460 3716 1516 mali

2127 1549 2328 1622 aliquid
2357 1565 2478 1606 esse
2519 1550 2866 1618 credendum,
2911 1560 3112 1606 etcum
3141 1551 3250 1608 tale
3273 1552 3470 1623 aliquid
3493 1552 3716 1620 dicitur,

2128 1643 2233 1700 hoc
2269 1643 2337 1700 ad
2374 1659 2434 1700 se
2461 1645 2630 1716 magis
2657 1643 2892 1715 judicat'
2923 1646 3193 1716 pertinere
3246 1661 3314 1702 ne
3348 1646 3566 1702 credat?
3613 1647 3722 1702 Po-

2128 1745 2331 1792 stremo
2378 1736 2492 1807 ipsa
2529 1736 2766 1793 charitas
2810 1753 2912 1810 qua
2956 1740 3135 1794 omnia
3177 1739 3367 1805 credit,
3420 1753 3529 1795 non
3572 1739 3722 1796 omni

2129 1829 2340 1899 spiritui
2364 1829 2535 1884 credit
2562 1847 2576 1883 :
2606 1845 2670 1884 ac
2693 1846 2792 1902 per
2820 1831 2944 1899 hoc;
2971 1832 3149 1887 omnia
3177 1831 3394 1903 quidem
3415 1831 3606 1898 credit,
3624 1831 3723 1888 sed

2131 1920 2275 1987 Deo;
2304 1922 2426 1992 quia
2453 1936 2559 1976 non
2589 1922 2789 1978 dictum
2821 1933 2925 1988 est,
2955 1921 3216 1980 Omnibus
3241 1923 3432 1980 credit.
3462 1923 3600 1980 Nulli
3624 1924 3722 1979 ita-

2132 2028 2236 2084 que
2274 2012 2492 2068 dubium
2536 2023 2640 2082 est,
2680 2030 2799 2070 eam
2849 2015 3009 2072 ﬁdem
3050 2016 3118 2072 ab
3165 2017 3424 2087 Apostolo
3451 2032 3724 2075 commen-

2133 2105 2270 2172 dari,
2299 2122 2405 2176 qua
2435 2107 2673 2162 creditur
2703 2107 2835 2162 Deo.

2205 2197 2296 2252 56.
2339 2195 2447 2252 Sed
2485 2197 2661 2252 adhuc
2701 2197 2898 2269 aliquid
2947 2197 3358 2256 discernendum
3397 2201 3514 2258 est'
3543 2220 3557 2257 :
3583 2216 3724 2273 quo-

2134 2288 2279 2343 niam
2304 2296 2358 2343 et
2387 2289 2460 2343 illi
2499 2289 2589 2359 qui
2619 2290 2719 2344 sub
2748 2290 2862 2361 lege
2887 2297 3032 2356 sunt,
3065 2298 3118 2346 et
3145 2291 3336 2347 timore
3375 2307 3546 2363 pinnae
3567 2293 3729 2363 justi.

2136 2380 2264 2436 tiam
2291 2397 2442 2437 suam
2469 2382 2647 2438 facere
2672 2391 2954 2450 conantur,
2978 2392 3034 2438 et
3075 2383 3196 2440 ideo
3237 2399 3344 2440 non
3387 2385 3584 2440 faciunt
3631 2387 3728 2442 Dei

2130 2471 2416 2544 justitiam,
2456 2473 2578 2543 quia
2607 2473 2842 2528 charitas
2880 2489 2998 2530 eam
3036 2473 3186 2543 facit,
3217 2491 3375 2544 quam
3417 2493 3521 2532 non
3562 2475 3730 2532 libet‘

2137 2565 2242 2620 nisi
2272 2565 2416 2636 quod
2444 2566 2588 2634 licet,
2619 2581 2726 2622 non
2768 2567 2947 2634 timor,
2974 2569 3063 2638 qui
3091 2569 3298 2640 cogitur
3335 2569 3389 2624 in
3428 2585 3592 2640 opere
3632 2570 3728 2625 lia-

2137 2658 2269 2715 bere
2295 2659 2438 2730 quod
2483 2659 2627 2726 licet,
2657 2675 2778 2715 cum
2807 2659 2951 2716 aliud
2990 2661 3184 2718 habeat
3222 2663 3276 2717 in
3305 2662 3596 2730 voluntate,
3621 2679 3730 2734 qua

2138 2752 2347 2819 mallet,
2361 2752 2406 2806 si
2431 2751 2544 2807 ﬁeri
2562 2761 2761 2822 posset,
2785 2753 2946 2809 licere
2967 2753 3110 2824 quod
3132 2769 3238 2810 non
3257 2755 3410 2811 licet:
3430 2765 3486 2812 et
3506 2755 3579 2810 illi
3599 2771 3736 2827 ergo

2139 2843 2368 2899 credunt
2396 2843 2538 2909 Deo;
2563 2859 2684 2899 nam
2711 2845 2756 2899 si
2786 2845 3004 2900 omnino
3023 2861 3129 2900 non
3157 2845 3466 2912 crederent,
3492 2861 3592 2902 nec
3611 2862 3734 2916 pae-

2141 2950 2265 2990 nam
2295 2935 2427 3006 legis
2471 2935 2654 3006 utique
2684 2934 3050 2992 formidarent.
3095 2937 3200 2994 Sed
3245 2953 3352 2995 non
3397 2940 3532 2995 hanc
3571 2939 3736 2996 ﬁdem

2141 3027 2483 3084 commendat
2506 3028 2792 3098 Apostolus
2815 3069 2830 3093 ,
2851 3030 2942 3100 qui
2970 3029 3133 3098 dicit,
3166 3029 3290 3086 Non
3317 3032 3450 3086 enim
3472 3033 3738 3100 accepistis

2148 3119 2383 3191 spiritum
2403 3119 2653 3175 servitutis
2679 3119 2864 3174 iterum
2882 3120 2937 3175 in
2959 3122 3208 3189 timorem;
3232 3121 3323 3178 sed
3341 3124 3602 3194 accepistis
3624 3125 3740 3194 spi-

2143 3212 2300 3267 ritum
2322 3213 2876 3284 adoptionis-filiorum,
2906 3213 2960 3269 in
2982 3231 3083 3286 quo
3111 3215 3411 3284 clamamus,
3434 3216 3592 3285 Abba,
3621 3215 3740 3272 Pa-

2145 3313 2218 3362 ter
2252 3307 2423 3380 (Rom.
2473 3322 2598 3373 vm,
2629 3306 2737 3377 15).
2787 3306 2970 3363 Timor
2997 3323 3124 3379 ergo
3163 3309 3253 3365 ille
3281 3310 3491 3366 servilis
3525 3322 3604 3366 est
3633 3329 3648 3366 :
3682 3321 3743 3368 et

2146 3397 2270 3454 ideo
2307 3398 2548 3469 quamvis
2571 3398 2624 3454 in
2647 3398 2738 3454 illo
2767 3399 2990 3456 Domino
3019 3401 3286 3470 credatur,
3315 3417 3420 3457 non
3439 3409 3624 3459 tamen
3651 3403 3743 3475 ju-

2148 3491 2293 3546 stilia
2334 3491 2606 3562 diligitur,
2635 3491 2732 3548 sed
2771 3492 3042 3549 damnatio
3077 3493 3312 3550 timetur.
3335 3494 3454 3550 Filii
3476 3511 3604 3551 vero
3628 3495 3747 3551 cla-

2146 3591 2297 3638 mant
2310 3581 2653 3652 Abba,Pater,
2667 3599 2892 3655 quarum
2905 3585 3129 3640 duarum
3145 3599 3333 3642 vocum
3352 3601 3455 3642 una
3463 3587 3748 3643 διετείν-

2149 3674 2493 3741 cumcisione,
2508 3673 2671 3730 altera
2683 3691 2750 3730 ex
2765 3677 3042 3746 praeputio,
3057 3676 3224 3732 Judaei
3243 3679 3466 3748 primum
3479 3686 3533 3734 et
3543 3677 3741 3735 Greca:

2148 3767 2387 3839 quoniam
2409 3783 2541 3822 unus
2569 3777 2642 3822 est
2666 3767 2832 3835 Deus,
2854 3773 2940 3835 qui
2957 3770 3208 3840 justiﬁcat
3227 3771 3652 3826 circumcisionem
3678 3789 3750 3828 ea:

2151 3859 2284 3930 ﬁde,
2309 3868 2357 3914 et
2386 3861 2690 3931 prteputium
2711 3876 2798 3930 per
2819 3860 2973 3930 ﬁdem
3003 3859 3122 3934 (1d.
3150 3877 3240 3930 Ill,
3262 3862 3377 3933 50).
3401 3861 3533 3919 Cum
3559 3873 3748 3919 autem

2151 3950 2405 4015 clamant,
2432 3951 2629 4021 aliquid
2659 3959 2876 4020 petunt:
2897 3960 2954 4008 et
2975 3952 3101 4023 quid
3125 3961 3306 4023 petunt
3325 3954 3425 4008 nisi
3451 3953 3589 4024 quod
3609 3969 3746 4009 esu-

2153 4042 2301 4097 riunt
2350 4051 2405 4098 et
2442 4043 2672 4097 sitiunt?
2705 4043 2772 4098 Et
2796 4043 2897 4099 hoc
2925 4043 3053 4114 quid
3081 4045 3320 4112 est,-nisi
3363 4045 3502 4116 quod
3531 4045 3599 4102 de
3631 4046 3753 4104 illis

2153 4133 2354 4189 dictum
2381 4143 2494 4203 est,
2523 4134 2666 4192 Beati
2691 4136 2778 4207 qui
2800 4137 3026 4191 esuriant
3053 4147 3100 4191 et
3122 4138 3298 4192 sitiunt
3317 4137 3590 4210 justitiam,
3615 4154 3754 4209 quo-

2155 4230 2294 4284 niam
2331 4229 2432 4301 ipsi
2457 4229 2817 4284 saturabuntur
2840 4230 3054 4298 (Matth.
3072 4245 3128 4300 v,
3156 4231 3250 4304 6)?
3279 4232 3395 4288 Huc
3417 4248 3544 4304 ergo
3571 4243 3755 4290 trans-

2156 4329 2283 4377 eant
2333 4321 2422 4392 qui
2459 4321 2558 4376 sub
2583 4321 2699 4393 lege
2739 4331 2901 4387 sunt,
2933 4332 2990 4377 ut
3017 4338 3083 4379 ex
3119 4325 3286 4379 servis
3315 4324 3406 4379 lilii
3448 4326 3572 4380 ﬁant
3599 4342 3614 4380 :
3643 4341 3755 4383 nec

2157 4411 2236 4468 sic
2288 4420 2506 4478 tamen,
2557 4421 2615 4468 ut
2667 4413 2807 4468 servi
2854 4427 2974 4469 esse
3019 4413 3312 4480 desistant;
3367 4415 3462 4471 sed
3515 4423 3572 4470 ut
3621 4425 3757 4472 tan-

2159 4521 2317 4577 quam
2346 4506 2437 4562 tilii
2458 4506 2676 4562 domino
2699 4516 2754 4561 et
2783 4505 2918 4576 patri
2941 4507 3230 4564 liberaliter
3249 4509 3515 4574 serviant,
3541 4511 3665 4580 quia
3696 4522 3762 4569 et

2160 4599 2263 4655 hoc
2301 4608 2663 4670 acceperunt:
2697 4598 2834 4652 dedit
2879 4600 3020 4654 enim
3049 4609 3343 4671 potestatem
3379 4600 3467 4656 ille
3513 4600 3713 4656 Unicus
3734 4645 3755 4672 ,

2163 4693 2295 4762 filios
2317 4691 2412 4746 Dei
2428 4692 2540 4761 fieri
2562 4692 2877 4748 credentibus
2904 4693 2957 4746 in
2987 4694 3190 4748 nomine
3211 4693 3321 4764 ejus
3342 4693 3520 4764 (Joan.
3549 4711 3586 4760 I,
3610 4695 3708 4767 12)
3739 4713 3759 4752 :

2163 4799 2363 4856 eosque
2390 4784 2668 4840 admonuit
2697 4791 2878 4854 petere
2895 4825 2911 4849 ,
2938 4799 3180 4854 quaarere
3198 4825 3213 4848 ,
3238 4785 3448 4855 pulsare
3470 4827 3485 4854 ,
3516 4794 3572 4840 ut
3604 4789 3762 4842 acci-

2163 4877 2348 4948 piant,
2377 4885 2432 4933 et
2456 4876 2762 4944 inveniant,
2791 4885 2845 4930 et
2880 4876 3150 4946 aperiatur
3191 4877 3302 4942 eis;
3346 4876 3548 4932 addens
3578 4877 3765 4934 incre-

2165 4971 2456 5042 pationem,
2487 4979 2542 5026 et
2559 4971 2764 5038 dicens,
2797 4969 2858 5026 Si
2881 4986 2967 5025 sos
2985 4985 3101 5024 cum
3121 4970 3231 5024 sitis
3255 4970 3403 5036 mali,
3431 4971 3588 5025 nostis
3618 4971 3767 5027 bona

2166 5065 2287 5118 data
2305 5063 2430 5119 dare
2454 5065 2574 5134 ﬁliis
2608 5064 2809 5129 vestris,
2834 5071 3035 5135 quanta
3045 5063 3206 5134 magis
3238 5061 3394 5116 Pater
3418 5071 3574 5118 vester
3591 5063 3682 5132 qui
3701 5064 3769 5120 in

2167 5157 2304 5212 oculis
2328 5164 2435 5222 est,
2459 5155 2596 5210 dabit
2620 5155 2751 5210 bona
2776 5155 3051 5227 petentibus
3069 5169 3121 5208 se
3149 5157 3172 5223 (
3191 5151 3379 5207 Matth.
3413 5168 3486 5208 vu
3506 5193 3522 5220 ,
3553 5153 3762 5225 7-H)!

2167 5246 2301 5306 Cum
2344 5263 2471 5321 ergo
2492 5248 2659 5304 virtus
2699 5246 2901 5318 peccati
2947 5246 3033 5302 les
3063 5244 3469 5302 inﬂammaverit
3508 5243 3766 5302 aculeum

2169 5342 2356 5398 mortis
2380 5340 2424 5411 (l
2448 5341 2567 5396 Cor.
2598 5356 2688 5406 xv,
2711 5340 2828 5410 56),
2846 5349 2904 5395 ut
2930 5339 3210 5396 occasione
3229 5347 3447 5409 accepta
3473 5344 3766 5408 peccatum

2171 5450 2268 5506 per
2332 5432 2638 5490 mandatum
2701 5439 2955 5502 operetur
2999 5445 3211 5488 omnem
3261 5427 3762 5502 concupiscentiam

2237 5617 2255 5650 ι
2289 5619 2408 5665 Tres
2432 5627 2461 5664 e
2480 5614 2718 5663 vatlcanls
2736 5619 2869 5671 Mss,
2893 5613 3057 5660 utrum
3076 5621 3139 5660 ea:
3157 5613 3260 5661 ‘Deo
3279 5614 3364 5660 est.

2238 5680 2258 5711 ’
2293 5686 2341 5727 In
2365 5677 2525 5734 editis,
2552 5674 2751 5724 indicat.

2241 5741 2262 5773 ³
2278 5741 2411 5795 Editi,
2437 5728 2528 5810 sed:
2546 5736 2704 5786 adhuc
2721 5742 2788 5787 est
2800 5732 2984 5799 aliquid
3001 5732 3066 5784 ad
3082 5730 3465 5784 discernendmn.
3492 5728 3653 5792 Abest,
3674 5729 3777 5796 ad,

2175 5817 2204 5855 a
2226 5809 2578 5862 munuscrtlitls.

2235 5867 2261 5977 ἶ
2294 5865 2429 5918 Edili,
2455 5853 2547 5973 (ptui
2572 5874 2662 5911 non
2687 5860 2813 5921 libet,
2862 5867 2913 5910 At
2935 5867 3060 5920 Mss,
3085 5870 3229 5922 quam
3251 5863 3344 5908 non
3383 5854 3512 5908 libet.
3533 5855 3605 5906 sic
3627 5853 3777 5921 loqu;

2259 5934 2307 5976 et
2333 5935 2490 5977 Antius
2517 5937 2638 5972 mus.

2181 5934 2307 5982 solet
2333 5934 2638 5986 Augustinus.
