3996 6478
248 403 353 473 957

242 707 350 766 scit
375 710 663 782 insipiens,
695 713 841 784 quod
872 730 1031 770 neruo
1057 731 1178 773 esse
1216 719 1383 788 possit
1403 722 1717 792 continens,
1752 724 1856 781 nisi

1681 422 1887 500 LIBER
1924 427 2128 489 unus.

170 509 187 578 ἰ
251 525 423 598 (Rom.
453 539 566 593 vn,
600 526 694 602 8),
717 541 750 584 a
781 543 891 602 quo
918 529 1143 603 petenda
1172 540 1255 590 est
1278 534 1605 593 continentia
1628 581 1639 602 ,
1662 538 1764 596 nisi
1791 541 1859 598 ab

242 615 338 672 illo
364 617 453 690 qui
481 619 638 674 novit
667 620 808 678 bona
836 623 958 678 data
995 623 1124 682 dare
1155 624 1276 682 ﬁliis
1311 628 1459 683 suis?
1484 630 1566 684 An
1592 629 1732 688 forte
1759 649 1858 689 ne-

3457 458 3564 519 233

1971 560 2111 614 mus,
2143 546 2283 606 Ecce
2312 547 2569 612 habemus
2597 556 2925 619 voluntatem
2945 563 3232 634 credendi,
3263 586 3421 642 quam
3450 593 3558 635 non

1966 643 2270 712 accepimus
2305 663 2470 706 :ecce
2497 651 2584 708 ubi
2625 655 2936 730 gloriamur,
2967 663 3108 734 quod
3147 682 3252 722 non
3283 675 3559 742 acceperi-

1963 748 2105 791 mus.
2133 737 2186 792 Si
2213 748 2392 797 autem
2418 743 2738 814 dixerimus,
2775 754 2933 810 etiam
2972 755 3276 830 hujusmodi
3307 737 3558 824 volunta-

2576 800 2738 814 '-'——"v
2778 800 2933 810 vv-“u-u
2972 800 3041 811 ιιι-υ
3072 800 3276 817 ιιυιιιυυι
3315 800 3558 824 νυιυιιι.-

239 800 386 857 Deus
409 800 502 858 ἀει
528 801 689 874 (δορα
721 821 848 875 Vl“,
876 805 1145 878 21)?H0c
1175 824 1306 882 θνεο
1337 821 1392 866 υι
1435 813 1600 882 θείειν
1629 813 1743 886 ipsa
1775 817 1858 872 ίη·
1965 833 2068 881 tem
2114 844 2219 885 non
2267 848 2389 890 esse
2433 837 2534 892 nisi
2583 839 2781 899 donum
2826 846 2955 916 Dei,
2986 800 3171 908 rqusus
3212 858 3560 919 metuendum

240 893 386 919 4‘2..--
413 897 674 919 --n2-__.2_
744 898 851 919 rem-
881 901 941 919 9.-
1302 905 1354 919 ιο-
1388 905 1425 919 λ
1469 916 1476 919 .
1516 907 1528 919 ο
1653 910 1664 919 ι
1759 911 1770 919 .
1809 911 1820 919 .

236 893 390 967 (liget
412 897 706 966 sapientia.
742 898 854 956 Cur
880 901 1057 973 itaque
1078 919 1186 959 non
1211 905 1360 960 audit
1388 905 1558 962 Patris
1585 910 1665 964 sui
1691 911 1853 982 Spiri-

234 994 356 1041 tum
378 986 652 1044 dicentem
679 1005 776 1062 per
798 994 1099 1062 apostolum
1121 994 1352 1062 Christi,
1383 996 1464 1052 vel
1495 999 1665 1070 ipsum
1693 999 1851 1057 Chri-

233 1085 384 1133 stum
414 1078 509 1150 qui
560 1078 694 1136 dicit
722 1082 776 1137 in
806 1083 1097 1157 Evangelia
1135 1101 1233 1142 suo
1255 1130 1272 1157 ,
1304 1087 1467 1143 Petita
1487 1131 1500 1156 ,
1525 1100 1571 1145 et
1595 1093 1851 1164 accipietis

235 1169 458 1240 (lauit.
488 1188 566 1228 vu
588 1215 604 1242 ,
635 1174 737 1246 7)?
763 1174 1072 1248 loquentem
1098 1179 1259 1236 etiam
1290 1181 1345 1236 in
1373 1184 1618 1253 apostolo
1646 1200 1764 1252 suo,
1795 1194 1850 1242 et

233 1262 510 1321 dicentem
529 1308 543 1330 ,
580 1265 642 1322 Si
666 1267 778 1338 quis
806 1279 1025 1324 vestrum
1051 1271 1243 1344 indiget
1269 1274 1538 1344 sapientia,
1572 1277 1791 1346 postulet
1815 1295 1848 1332 a

231 1355 377 1424 Deo,
407 1359 497 1427 qui
522 1359 612 1413 dat
659 1362 891 1418 omnibus
917 1363 1172 1438 affluenter
1215 1376 1261 1422 et
1286 1384 1386 1422 non
1428 1369 1769 1441 improperat,
1799 1382 1848 1428 et

234 1449 446 1503 dabitur
463 1450 583 1517 illi;
611 1454 830 1524 postulet
855 1465 1022 1510 autem
1049 1457 1102 1511 in
1130 1457 1232 1528 ﬁde
1253 1501 1269 1526 ,
1299 1459 1430 1515 nihil
1456 1462 1696 1518 lawsitans
1722 1461 1842 1538 (Ja-

233 1544 344 1598 cobi
370 1561 411 1611 ι,
435 1545 491 1614 5,
519 1545 624 1620 6)?
651 1548 778 1604 llzec
805 1560 889 1606 est
916 1550 1068 1619 ﬁdes,
1099 1568 1164 1608 ex
1187 1569 1290 1623 qua
1310 1554 1486 1624 justus
1506 1557 1640 1612 vivit
1660 1556 1840 1631 (Rom.

234 1651 285 1703 ι,
314 1640 404 1709 17)
446 1657 459 1693 :
493 1639 614 1696 haec
639 1649 726 1698 est
754 1641 889 1698 ﬁdes
910 1685 927 1712 ,
959 1659 1063 1716 qua
1089 1645 1325 1702 creditur
1346 1648 1399 1704 in
1423 1664 1548 1705 eum
1575 1652 1666 1721 qui
1687 1651 1844 1721 justi-

231 1728 350 1786 ﬁcat
371 1731 605 1802 impium
634 1731 744 1804 (Id.
769 1749 842 1803 ιν,
874 1735 929 1806 5)
956 1754 969 1790 :
1002 1736 1117 1793 haec
1143 1747 1226 1794 est
1255 1737 1405 1807 ﬁdes,
1441 1756 1538 1813 per
1564 1757 1724 1812 quam
1747 1757 1842 1799 ex-

234 1824 462 1880 cluditur
501 1825 756 1898 gloriatio
783 1826 894 1900 (ld.
927 1845 1010 1896 ιιι,
1039 1829 1168 1903 27);
1197 1832 1312 1888 sive
1339 1841 1399 1889 ut
1441 1835 1692 1892 abscedat
1734 1853 1839 1909 qua

232 1915 280 1971 in
326 1917 492 1973 nobis
535 1916 824 1989 inﬁamur,
859 1921 972 1976 sive
1018 1930 1076 1977 ut
1121 1923 1354 1980 emineat
1381 1941 1484 1998 qua
1527 1927 1582 1983 in
1609 1928 1838 1985 Domino

231 2010 523 2082 gloriamur
550 2030 564 2066 :
597 2011 714 2068 haec
739 2022 822 2070 est
841 2013 995 2084 ﬁdes,
1017 2032 1120 2087 qua
1146 2017 1462 2089 impetratur
1489 2020 1707 2094 largitas
1721 2025 1834 2096 spi-

232 2102 356 2158 ritus
380 2145 398 2171 ,
426 2101 502 2159 de
528 2119 638 2176 quo
682 2103 908 2171 dicitur,
934 2106 1047 2162 Nos
1089 2109 1223 2164 enim
1255 2111 1437 2181 spiritu
1465 2128 1527 2167 ea:
1550 2114 1654 2184 ﬁde
1692 2132 1834 2186 spem

225 2194 433 2266 iustitia
477 2206 835 2268 exspectamus
855 2197 1050 2269 (Galat.
1075 2214 1131 2266 v,
1164 2199 1242 2272 5).
1273 2200 1376 2258 Ubi
1403 2205 1619 2275 quidem
1662 2209 1832 2278 quaeri

231 2287 398 2344 adhuc
427 2297 649 2358 potest,
679 2299 856 2346 utrum
883 2306 1036 2364 spem
1061 2292 1285 2363 justitite
1313 2293 1548 2367 dixerit,
1576 2314 1680 2371 qua
1702 2315 1830 2371 spe-

231 2393 304 2437 rat
323 2382 540 2451 justitia
568 2384 585 2416 ¹
604 2425 620 2452 ,
655 2399 724 2440 an
754 2399 857 2456 qua
887 2395 1132 2457 speratur
1161 2388 1274 2458 ipsa
1303 2387 1507 2459 justitia
1533 2409 1546 2446 :
1575 2393 1828 2464 quoniam

202 2472 392 2543 justus
418 2490 486 2532 ex
537 2475 646 2534 ﬁde
673 2478 893 2545 vivens,
916 2487 1096 2550 Sperat
1131 2480 1314 2552 utique
1340 2481 1503 2538 vitam
1530 2492 1784 2540 aeternam
1808 2503 1824 2553 ;

229 2565 460 2639 itemque
510 2569 647 2626 ﬁdes
687 2571 934 2628 esuriens
973 2573 1268 2646 sitiensque
1290 2575 1554 2646 justitiam
1600 2593 1828 2636 renova-

229 2663 380 2720 tione
399 2667 423 2697 ²
444 2665 515 2722 de
544 2665 626 2722 die
655 2665 711 2722 in
751 2666 896 2723 diem
925 2667 1195 2724 interioris
1220 2668 1450 2726 hominis
1496 2668 1563 2743 (Il
1584 2669 1703 2728 Cor.
1735 2689 1822 2744 tv,

238 2754 329 2826 16)
361 2758 564 2827 prolicit
585 2759 635 2814 in
665 2774 751 2825 ea,
775 2770 830 2815 et
854 2769 1032 2831 Sperat
1060 2760 1114 2816 in
1159 2777 1222 2818 ea
1242 2762 1426 2818 satiari
1456 2762 1509 2818 in
1533 2763 1638 2819 vita
1661 2773 1822 2822 aeter-

228 2861 315 2916 na,
345 2847 435 2903 ubi
456 2848 549 2905 ﬁet
563 2848 614 2908 id
637 2851 782 2922 quod
806 2851 858 2906 in
877 2851 1088 2906 Psalmo
1103 2853 1171 2908 de
1193 2853 1305 2910 Deo
1323 2853 1535 2921 dicitur,
1558 2855 1657 2922 Qui
1670 2859 1823 2914 satiat

226 2936 273 2994 in
291 2939 438 2995 bonis
462 2940 769 2996 desiderium
799 2952 940 2997 tuum
962 2941 1132 3018 (Psal.
1165 2959 1234 3000 cu
1253 2987 1268 3010 ,
1291 2942 1378 3020 5).
1405 2945 1531 3003 Hzec
1559 2956 1641 3004 est
1666 2949 1820 3019 ﬁdes,

227 3044 317 3100 qua
343 3031 479 3084 salvi
497 3030 652 3099 ﬁunt,
670 3033 864 3104 quibus
880 3033 1073 3090 dicitur
1091 3054 1103 3090 :
1119 3033 1295 3090 Gratia
1317 3037 1444 3092 salvi
1458 3039 1582 3108 [acti
1598 3041 1715 3096 estis
1732 3059 1822 3113 per

225 3122 392 3192 ﬁdem;
407 3133 455 3178 et
471 3123 570 3180 hoc
590 3141 692 3179 non
708 3143 771 3180 ex
790 3125 1040 3194 vobis,sed
1057 3126 1154 3182 Dei
1171 3129 1358 3184 donum
1374 3139 1447 3186 est
1465 3148 1486 3186 :
1503 3149 1603 3187 non
1623 3150 1687 3188 ea:
1701 3152 1821 3204 ope-

223 3216 366 3282 ribus,
392 3233 454 3270 ne
475 3217 611 3286 forte
631 3219 742 3289 quis
760 3220 1053 3275 extollatur.
1069 3219 1242 3292 Ipsius
1263 3223 1394 3278 enim
1409 3241 1583 3280 sumus
1600 3225 1818 3298 ﬁgmen-

222 3316 335 3374 tum,
353 3310 516 3363 creati
542 3309 596 3363 in
619 3307 820 3365 Christo
835 3308 871 3365 Ι
875 3328 961 3366 esu
977 3314 1031 3367 in
1047 3313 1280 3382 operibus
1305 3315 1466 3381 bonis,
1479 3333 1593 3388 quas
1611 3334 1816 3391 μητρα-

219 3401 337 3453 rarit
368 3399 510 3456 Deus
535 3410 588 3455 ut
621 3403 674 3456 in
700 3403 804 3458 illis
827 3403 1139 3461 ambulemus
1163 3405 1380 3478 (Ephes.
1408 3425 1481 3478 ιι,
1515 3410 1679 3483 840).
1713 3411 1818 3469 Po-

221 3502 415 3549 stremo
445 3493 568 3550 haec
591 3505 676 3550 est
721 3495 854 3553 ﬁdes
874 3539 888 3564 ,
923 3513 1042 3568 quae
1072 3514 1168 3569 per
1191 3497 1536 3558 dilectionem
1563 3514 1817 3574 operatur

221 3582 406 3656 (Colat.
431 3602 488 3652 v,
526 3586 605 3658 6),
636 3603 742 3643 non
770 3603 869 3659 per
897 3589 1166 3657 timorem;
1197 3607 1304 3647 non
1335 3591 1670 3651 formidando
1695 3612 1814 3668 pce-

219 3689 362 3744 nam,
395 3677 495 3734 sed
523 3679 756 3734 amando
777 3680 1061 3750 justitiam.
1095 3676 1250 3739 Unde
1270 3697 1400 3756 ergo
1425 3686 1523 3741 ista
1551 3683 1775 3746 dilectio
1793 3731 1809 3758 ,

218 3765 264 3821 id
286 3778 401 3832 est,
439 3769 680 3825 charitas
707 3785 804 3842 per
852 3787 1011 3843 quam
1038 3773 1170 3830 ﬁdes
1214 3784 1497 3846 operatur,
1529 3779 1633 3836 nisi
1670 3780 1814 3839 unde

215 3859 350 3916 illam
378 3862 516 3918 ﬁdes
546 3863 661 3936 ipsa
705 3865 1042 3936 impetravit?
1072 3867 1255 3939 Neque
1284 3870 1429 3925 enim
1459 3881 1605 3929 esset
1630 3873 1685 3929 in
1714 3887 1814 3932 no-

215 3950 286 4010 bis
309 3997 325 4018 ,
353 3964 796 4029 quantacumque
821 3959 890 4013 sit
915 3959 967 4014 in
992 3960 1146 4017 nobis
1168 4003 1183 4028 ,
1213 3961 1315 4018 nisi
1340 3962 1729 4023 diffunderetur
1753 3968 1808 4025 in

214 4048 458 4104 cordibus
493 4051 694 4106 nostris
722 4066 820 4123 per
843 4051 1101 4124 Spiritum
1132 4065 1396 4124 sanctum,
1424 4059 1514 4126 qui
1539 4058 1694 4118 datus
1724 4069 1809 4118 est

213 4143 356 4196 nobis
381 4143 565 4214 (Rom.
602 4159 636 4198 v
657 4187 671 4211 ,
695 4145 775 4217 5).
798 4145 1044 4203 Charitas
1062 4149 1260 4220 quippe
1286 4149 1382 4207 Dei
1427 4151 1570 4209 dicta
1593 4164 1677 4211 est
1700 4153 1806 4212 dif-

210 4234 349 4293 fundi
377 4238 434 4292 in
484 4237 740 4294 cordibus
792 4241 1026 4308 nostris,
1052 4256 1158 4298 non
1193 4258 1297 4314 qua
1339 4259 1436 4300 nos
1457 4245 1571 4315 ipse
1599 4246 1801 4318 diligit,

210 4331 294 4386 sed
323 4343 430 4402 Qua
462 4347 565 4388 nos
585 4331 710 4387 facit
749 4331 1039 4390 dilectores
1073 4349 1235 4390 suos:
1267 4337 1406 4392 sicut
1437 4336 1640 4410 justitia
1669 4341 1761 4397 Dei
1787 4383 1800 4406 ,

209 4440 301 4496 qua
327 4426 463 4497 justi
492 4426 614 4495 ejus
645 4440 868 4482 munere
908 4427 1169 4483 efﬁcimur
1197 4426 1315 4503 (Id.
1340 4445 1423 4496 ιιι,
1455 4427 1593 4504 24);
1617 4439 1672 4487 et
1701 4432 1805 4488 Do-

207 4516 332 4572 mini
358 4517 544 4583 salus,
576 4533 679 4588 qua
707 4532 806 4572 nos
841 4517 1018 4573 salvos
1041 4517 1168 4574 facit
1197 4519 1369 4590 (Psal.
1408 4537 1497 4590 ιιι,
1525 4523 1614 4594 9);
1647 4533 1702 4580 et
1734 4525 1802 4579 ﬁ-

205 4608 296 4666 des
322 4610 454 4667 Jesu
476 4609 710 4678 Christi,
743 4627 847 4684 qua
877 4627 974 4666 nos
999 4611 1183 4669 fideles
1210 4613 1334 4669 facit
1357 4613 1552 4686 (Galat.
1585 4633 1658 4688 ιι,
1684 4617 1797 4692 16).

204 4699 326 4758 [hec
372 4711 458 4758 est
493 4702 699 4774 justitia
745 4703 880 4772 Dei,
930 4719 1086 4774 quam
1130 4721 1238 4760 non
1280 4707 1452 4761 solum
1495 4708 1654 4764 docet
1706 4726 1801 4781 per

203 4795 330 4867 legis
378 4805 743 4869 praeceptum,
774 4812 962 4854 verum
1006 4799 1168 4854 etiam
1202 4789 1291 4854 dat
1318 4815 1414 4871 per
1453 4801 1672 4872 spiritus
1697 4803 1796 4860 do-

270 4984 502 5044 CAPUT
538 4985 781 5043 XXXIII.
836 5017 890 5030 —-
929 4988 1018 5044 57.
1053 4988 1302 5045 Voluntas
1352 4990 1592 5046 credendi
1638 4995 1790 5049 unde.

198 5075 302 5136 Sed
328 5094 666 5151 consequens
692 5088 773 5136 est
802 5080 1069 5150 paululum
1098 5097 1338 5153 quaerere
1361 5125 1376 5150 ,
1409 5092 1584 5142 utrum
1605 5087 1795 5142 volun-

199 5177 282 5226 tas
305 5170 396 5226 illa
422 5185 526 5242 qua
551 5171 820 5228 credimus
839 5214 853 5236 ,
883 5173 1042 5228 etiam
1089 5173 1203 5245 ipsa
1232 5173 1326 5231 Dei
1347 5175 1544 5233 donum
1591 5179 1698 5248 sit,
1725 5196 1792 5236 an

196 5279 266 5320 ex
306 5264 401 5320 illo
443 5264 756 5321 naturaliter
800 5265 959 5321 insito
986 5265 1154 5322 libero
1190 5266 1504 5324 adhibeatur
1548 5270 1787 5327 arbitrio.

194 5349 253 5421 Si
271 5357 414 5412 enim
437 5355 733 5413 dixerimus
752 5372 869 5413 eam
897 5374 1002 5414 non
1025 5373 1145 5416 esse
1173 5358 1370 5416 donum
1399 5361 1526 5428 Dei,
1550 5370 1792 5419 metuen-

143 5518 146 5520 γ
192 5445 322 5503 dum
359 5456 445 5504 est
468 5463 538 5504 ne
565 5449 936 5505 existimemus
960 5449 1227 5506 invenisse
1251 5466 1348 5506 nos
1381 5451 1578 5524 aliquid
1599 5495 1614 5521 ,
1646 5455 1789 5525 quod

190 5539 455 5609 Apestom
479 5540 851 5611 merepanti—et
870 5540 1066 5598 dicenti
1085 5582 1102 5610 ,
1133 5542 1269 5609 Quid
1301 5544 1437 5600 enim
1465 5543 1617 5602 habes
1652 5547 1790 5617 quod

190 5646 299 5685 non
349 5633 629 5705 accepisti?
677 5631 741 5690 Si
792 5643 958 5688 autem
999 5642 1046 5689 et
1087 5636 1356 5707 accepisti,
1392 5637 1516 5709 quid
1549 5639 1788 5710 gloriaris

188 5725 338 5794 quasi
363 5742 466 5780 non
499 5726 760 5797 acceperis
786 5723 805 5800 (
827 5725 848 5782 l
869 5723 986 5782 Cor.
1019 5741 1089 5794 tv,
1123 5728 1156 5782 7
1176 5726 1196 5800 )
1216 5727 1589 5800 ἳιιθεροιιᾱοιθ
1618 5732 1788 5802 possi-

250 5867 277 5962 ;
304 5869 1150 5996 ἓίέιξῖἕξεῗπ

623 6078 654 6086 α
683 6075 772 6084 ..ρ-ρ

1959 926 2074 984 est,
2108 936 2176 977 ne
2196 922 2437 982 inﬁdeles
2461 939 2633 1002 atque
2662 934 2809 1008 impii
2834 954 2941 994 non
2970 939 3238 1003 immerito
3263 963 3324 1005 se
3343 953 3507 1008 veluti
3531 955 3551 987 ¹

1954 1007 2097 1078 juste
2125 1027 2382 1072 excusare
2412 1019 2723 1092 vidcantur,
2748 1007 2879 1084 ideo
2921 1047 3027 1086 non
3055 1035 3380 1110 credidisse,
3412 1045 3557 1115 quod

1957 1101 2089 1196 dare
2139 1106 2243 1164 illis
2272 1110 2410 1166 Deus
2453 1113 2608 1172 istam
2659 1121 2830 1177 noluit
2858 1125 3206 1186 voluntatem.
3245 1101 3378 1190 Nam
3423 1101 3554 1196 illud

1955 1195 2098 1265 quod
2123 1198 2321 1256 dictum
2352 1214 2433 1260 est
2453 1247 2468 1273 ,
2500 1205 2642 1265 Deus
2677 1223 2750 1267 est
2779 1216 2911 1271 enim
2937 1219 3026 1290 qui
3059 1235 3299 1294 Operatur
3331 1229 3384 1283 in
3413 1195 3555 1288 nobis

1953 1298 2003 1392 et
2027 1291 2152 1347 velle
2171 1301 2440 1398 etoperari
2459 1344 2476 1370 ,
2507 1320 2600 1375 pro
2625 1305 2758 1363 bona
2785 1310 3042 1369 voluntate
3063 1291 3322 1391 (Philipp.
3339 1327 3397 1390 ti,
3423 1326 3514 1398 15)
3535 1343 3550 1384 :

1946 1380 2060 1452 jam
2101 1389 2284 1487 gratiae
2329 1403 2406 1450 est
2440 1397 2460 1428 ²
2485 1439 2501 1464 ,
2527 1413 2685 1469 quam
2742 1401 2872 1458 ﬁdes
2927 1380 3304 1481 impe'trat,'ut
3347 1380 3556 1487 possint

1950 1488 2071 1580 esse
2101 1476 2331 1539 hominis
2351 1501 2512 1558 opera
2543 1489 2700 1558 bona,
2733 1510 2853 1565 qua:
2879 1476 3131 1568 operatur
3170 1476 3303 1563 ﬁdes
3343 1476 3440 1580 per
3467 1512 3551 1568 di-

1949 1563 2272 1640 lectionem,
2304 1592 2422 1646 quae
2475 1563 2791 1640 diﬁ‘unditur
2833 1587 2887 1643 in
2917 1563 3093 1650 'corde
3142 1610 3238 1669 per
3289 1563 3551 1670 Spiritum

1949 1672 2190 1721 sanctum
2219 1669 2311 1739 qui
2337 1670 2492 1728 datus
2521 1684 2605 1731 est
2643 1679 2816 1734 nobis.
2846 1681 2900 1738 Si
2931 1683 2952 1715 ³
2978 1686 3249 1746 credimus
3279 1669 3344 1747 ut
3373 1693 3549 1766 impe-

1947 1761 2150 1814 tremus
2180 1757 2319 1818 hanc
2345 1766 2568 1835 gratiam
2591 1811 2605 1834 ,
2639 1779 2694 1826 et
2731 1774 2914 1845 utique
2941 1777 3210 1837 voluntate
3242 1757 3544 1860 credimus,

1945 1848 2014 1905 de
2042 1849 2142 1908 hac
2168 1857 2426 1926 quaeritur
2454 1861 2597 1918 unde
2624 1863 2694 1918 sit
2722 1867 2896 1923 nobis.
2939 1870 2994 1926 Si
3017 1884 3224 1942 natura,
3248 1893 3412 1950 quare
3436 1848 3546 1940 non

1943 1943 2230 2015 omnibus,
2270 1962 2393 2005 cum
2442 1952 2513 2007 sit
2565 1953 2709 2011 idem
2759 1957 2900 2016 Deus
2925 1965 3164 2020 omnium
3206 1943 3545 2032 creator?Si

1942 2033 2086 2093 dono
2108 2038 2240 2108 Dei,
2269 2044 2430 2099 etiam
2453 2045 2556 2103 hoc
2583 2065 2749 2120 quare
2779 2068 2884 2109 non
2912 2057 3180 2128 omnibus,
3199 2076 3320 2120 cum
3348 2080 3540 2126 omnes

1941 2124 2187 2188 homines
2210 2134 2340 2190 velit
2380 2137 2559 2194 salvos
2590 2140 2704 2198 ﬁeri
2729 2185 2745 2214 ,
2777 2145 2910 2202 etin
2935 2124 3261 2220 agnitionem
3287 2124 3535 2216 veritatis

1938 2220 2124 2278 venire
2145 2223 2188 2293 (Ι
2217 2223 2352 2281 Tim.
2393 2245 2427 2284 ll
2452 2271 2467 2302 ,
2499 2231 2596 2304 4)?

2033 2314 2122 2370 58.
2174 2315 2413 2375 Liberum
2467 2323 2733 2381 arbitrium
2789 2330 2959 2387 media
3008 2334 3100 2390 vis.
3169 2335 3326 2395 Prius
3380 2342 3540 2415 igitur

1937 2403 2066 2461 illud
2113 2407 2353 2468 dicamus
2385 2454 2402 2482 ,
2435 2422 2489 2469 et
2525 2416 2803 2476 videamus
2853 2431 3030 2479 utrum
3076 2424 3201 2484 huic
3247 2403 3540 2492 satisfaciat

1935 2502 2216 2570 quaastioni
2259 2544 2274 2570 ,
2345 2507 2488 2577 quod
2559 2509 2786 2568 liberum
2870 2516 3148 2574 arbitrium
3222 2527 3536 2586 naturaliter

1932 2595 2244 2650 attributum
2289 2613 2318 2652 a
2379 2599 2633 2659 Creatore
2680 2605 2872 2662 anima:
2933 2609 3219 2681 rationali,
3269 2616 3357 2672 illa
3421 2635 3537 2678 me-

1931 2683 2017 2740 dia
2045 2686 2126 2741 vis
2144 2697 2262 2756 est,
2287 2705 2407 2762 qua:
2435 2692 2518 2747 vel
2544 2693 2747 2750 intendi
2767 2697 2835 2752 ad
2865 2697 3054 2768 ﬁdem,
3085 2704 3170 2760 vel
3196 2705 3437 2766 inclinari
3463 2713 3532 2771 ad

1931 2775 2299 2837 inﬁdelitatem
2343 2792 2519 2852 potest
2551 2802 2564 2839 :
2592 2794 2647 2842 et
2681 2786 2803 2844 ideo
2845 2806 2945 2848 nec
2965 2792 2989 2825 ⁸
3013 2795 3170 2851 istam
3200 2799 3528 2862 voluntatem

1930 2886 2031 2941 qua
2056 2873 2228 2928 credit
2271 2874 2417 2943 Deo,
2443 2877 2548 2933 dici
2575 2888 2754 2952 potest
2779 2881 2940 2942 homo
2983 2887 3182 2946 habere
3229 2909 3389 2965 quam
3419 2913 3526 2956 non

1928 2966 2215 3036 acceperit;
2239 2967 2673 3041 quandoquidem
2693 2986 2919 3033 vocante
2941 2977 3054 3036 Deo
3078 2984 3244 3054 surgit
3269 2986 3528 3048 delibero

1927 3057 2169 3123 arbitrio,
2193 3060 2335 3143 quod
2363 3064 2674 3121 naturaliter
2700 3082 2821 3123 cum
2843 3082 3120 3129 crearetur
3147 3077 3373 3150 accepit.
3403 3080 3528 3142 Vult

1925 3159 2106 3208 autem
2134 3139 2277 3208 Deus
2300 3168 2487 3210 omnes
2517 3156 2760 3214 homines
2800 3159 2982 3217 salvos
3009 3163 3124 3220 ﬁeri
3150 3207 3165 3235 ,
3193 3177 3250 3223 et
3289 3169 3340 3224 in
3368 3175 3526 3242 agni-

1926 3244 2125 3300 tionem
2152 3246 2392 3301 veritatis
2419 3249 2637 3318 venire;
2660 3266 2766 3307 non
2796 3255 2876 3309 sic
2901 3265 3103 3326 tamen,
3133 3269 3193 3314 ut
3219 3262 3297 3317 eis
3322 3265 3526 3324 adimat

1923 3334 2151 3398 liberum
2172 3337 2468 3405 arbitrium,
2497 3356 2604 3410 quo
2626 3341 2711 3398 vel
2750 3343 2886 3401 bene
2915 3347 3000 3402 vel
3039 3350 3177 3406 male
3205 3362 3414 3411 utentes
3434 3357 3524 3427 ju-

1923 3428 2158 3484 stissime
2191 3428 2518 3500 judicentur.
2559 3431 2713 3502 Quod
2756 3451 2879 3492 cum
2900 3438 3002 3508 ﬁt,
3032 3439 3277 3500 inﬁdeles
3301 3449 3520 3518 quidem

1921 3533 2107 3578 contra
2132 3523 2457 3580 voluntatem
2497 3526 2591 3582 Dei
2639 3526 2872 3598 faciunt,
2903 3545 3026 3588 cum
3077 3534 3193 3606 ejus
3221 3537 3517 3612 Evangelia

1920 3627 2030 3670 non
2054 3613 2280 3670 credunt
2310 3632 2324 3671 :
2349 3632 2450 3672 nec
2478 3617 2596 3673 ideo
2628 3627 2806 3677 tamen
2828 3636 2944 3679 eam
2972 3625 3211 3698 vincunt,
3240 3646 3426 3689 verum
3453 3651 3516 3694 se

1919 3705 2070 3777 ipsos
2099 3706 2345 3763 fraudant
2368 3724 2562 3781 magno
2591 3720 2646 3768 et
2668 3729 2880 3772 summo
2903 3717 3044 3774 bono
3065 3762 3080 3787 ,
3111 3722 3376 3797 malisque
3407 3744 3520 3801 pm-

1919 3802 2130 3858 nalibus
2155 3797 2464 3877 implicant',
2492 3811 2760 3879 experturi
2802 3812 2854 3868 in
2894 3816 3167 3887 suppliciis
3192 3797 3514 3891 potestatem

1917 3892 2070 3964 ejus,
2111 3895 2261 3968 cujus
2304 3897 2356 3952 in
2401 3898 2557 3954 donis
2601 3902 3020 3964 misericordiam
3055 3921 3509 3987 contempserunt.

1917 3985 1992 4040 lta
2017 3987 2263 4043 voluntas
2315 3990 2407 4046 Dei
2434 4007 2649 4064 semper
2689 3996 2883 4054 invicta
2912 4009 2997 4056 est
3027 4020 3041 4056 :
3075 3985 3379 4066 vinceretur
3412 4027 3514 4068 au-

1915 4086 2047 4149 tem,
2079 4083 2127 4136 si
2167 4097 2274 4139 non
2304 4084 2566 4142 inveniret
2594 4089 2718 4159 quid
2762 4091 2829 4148 de
2868 4101 3322 4170 contemptoribus
3361 4103 3513 4165 face-

1913 4182 2027 4242 ret,
2054 4182 2146 4229 aut
2177 4176 2285 4232 ullo
2310 4177 2470 4233 modo
2504 4191 2724 4251 possent
2769 4185 2996 4244 evadere
3037 4192 3178 4262 quod
3216 4194 3283 4252 de
3319 4199 3511 4259 talibus

1913 4263 2004 4321 ille
2037 4268 2330 4323 constituit.
2363 4269 2499 4338 Quid
2531 4273 2672 4328 enim
2703 4275 2865 4342 dicit,
2897 4280 3042 4335 verbi
3061 4285 3254 4354 gratia,
3285 4286 3419 4346 Volo
3448 4304 3510 4349 ut

1912 4357 1967 4414 hi
1995 4373 2183 4415 omnes
2207 4362 2349 4416 servi
2389 4363 2494 4418 mei
2523 4377 2813 4434 operentur
2835 4371 2886 4424 in
2916 4372 3066 4428 vinea
3085 4415 3102 4442 ,
3132 4386 3186 4433 et
3215 4391 3332 4448 pOSt
3359 4383 3511 4440 labo-

1910 4467 2023 4507 rem
2061 4454 2458 4524 requiescentes
2499 4459 2800 4529 epulentur,
2833 4461 2902 4517 ita
2947 4473 3004 4520 ut
3039 4469 3279 4540 quisquis
3315 4489 3505 4534 eorum

1910 4543 2013 4600 hoc
2039 4545 2304 4613 noluerit,
2332 4546 2383 4601 in
2407 4547 2632 4617 pistrino
2668 4566 2881 4624 semper
2908 4557 3076 4615 molat
3102 4578 3117 4616 :
3140 4562 3348 4622 videtur
3383 4571 3504 4640 qui—

1908 4636 2034 4694 dem
2089 4639 2410 4712 quicumque
2463 4647 2874 4716 contempserit,
2931 4662 3115 4708 contra
3170 4636 3502 4719 voluntatem

1906 4729 2118 4786 Domini
2145 4732 2229 4787 sui
2271 4731 2480 4800 facere;
2512 4735 2607 4790 sed
2632 4746 2757 4793 tunc
2776 4754 2895 4796 eam
2931 4745 3147 4815 vincet,
3177 4749 3221 4804 si
3247 4759 3301 4807 et
3323 4755 3504 4823 pistri-

1906 4837 2034 4877 num
2082 4832 2434 4880 contemnens
2480 4827 2726 4899 ell‘ugerit
2760 4835 2935 4904 :quod
2986 4839 3134 4895 nullo
3178 4843 3340 4901 modo
3371 4847 3503 4906 ﬁeri

1904 4922 2083 4985 potest
2117 4915 2218 4972 sub
2250 4917 2342 4972 Dei
2385 4927 2665 4990 potestate.
2700 4921 2853 4980 Unde
2881 4929 3137 4999 scriptum
3163 4943 3284 5004 est,
3322 4937 3500 5000 Semel

1903 5004 2098 5061 locutus
2133 5015 2207 5061 est
2248 5007 2416 5075 Deus,
2448 5009 2548 5066 hoc
2593 5024 2705 5079 est,
2751 5015 3256 5082 incommutabiliter
3281 5045 3301 5085 :
3331 5046 3502 5102 quan-

1903 5114 2062 5169 quam
2090 5107 2146 5155 et
2177 5098 2247 5155 de
2272 5103 2430 5157 unico
2460 5102 2634 5160 Verbo
2665 5110 2831 5176 possit
2858 5111 3097 5187 intelligi.
3131 5098 3497 5179 Deinde‘sub-
3583 5119 3588 5134 τ

1896 5191 2124 5263 jungens
2145 5194 2269 5263 quid
2297 5195 2800 5256 ineommutabiliter
2827 5204 2895 5259 sit
2921 5205 3130 5265 locutus
3155 5229 3168 5266 :
3199 5213 3318 5270 Duo
3357 5218 3489 5288 hac,

1899 5282 2106 5355 inquit,
2141 5285 2314 5339 audivi
2332 5327 2345 5350 ,
2377 5288 2618 5357 quoniam
2644 5300 2861 5361 potestas
2898 5295 2998 5353 Dei
3021 5307 3131 5369 est,
3160 5312 3206 5358 et
3233 5305 3324 5360 tibi
3340 5349 3356 5375 ,
3389 5282 3494 5364 De;

1898 5375 2051 5440 mine,
2083 5377 2428 5434 misericordia
2447 5423 2461 5446 ,
2490 5382 2611 5447 quia
2639 5392 2693 5438 tu
2716 5386 2896 5445 reddes
2921 5394 3188 5464 unicuique
3212 5401 3487 5458 secundum

1898 5483 2050 5542 opera
2074 5486 2167 5526 sua
2209 5469 2380 5542 (Psal.
2414 5489 2524 5540 ut,
2555 5473 2644 5542 '12,
2677 5476 2789 5550 l5).
2821 5479 2915 5537 Ille
2950 5483 3111 5556 igitur
3133 5501 3255 5544 reus
3285 5491 3388 5546 erit
3416 5493 3483 5549 ad

1960 5628 1978 5658 ί
2011 5632 2085 5676 Er.
2111 5632 2166 5678 et
2181 5631 2311 5687 t.ov.,
2335 5627 2422 5678 sed
2446 5625 2607 5679 veluti.

1959 5689 1983 5760 ξ
2013 5695 2144 5760 ιρι,
2163 5687 2325 5760 gratia
2337 5697 2426 5760 est.
2453 5691 2691 5753 editi-alii,
2723 5695 2897 5758 gratim
2917 5704 3007 5760 est1
3041 5701 3115 5750 sic
3143 5703 3293 5753 etiam
3311 5717 3484 5760 me»

1889 5750 2056 5877 ῥιῖἐιέιὶ
2079 5765 2092 5800 :
2227 5751 2279 5800 in
2297 5750 2376 5802 his
2395 5750 3484 5834 constanterlpio,¢mﬁdes;legitiirm

1957 5875 1978 5949 ξ
2010 5875 2217 5949 ξιιιὶσὲθὶ
2239 5873 2420 5949 aliique
2434 5875 2741 5949 pmneslfere
2765 5887 2896 5944 5155.,
2917 5886 3022 5935 sed.

1953 5934 1977 5969 ⁸
2009 5935 2111 5987 Sola
2133 5936 2238 5987 fere
2263 5934 2411 5988 editio
2433 5945 2565 6000 Lov.,
2586 5941 2632 5987 et
2653 5935 2763 5990 ideo
2783 5953 2859 5998 ne.
