3996 6496
355 495 465 563 259

356 618 755 682 damnationem
782 610 881 667 sub
906 609 1172 680 potestate
1191 598 1331 670 ejus,
1363 595 1449 667 qui
1477 581 1858 658 contempserit
1881 577 1950 633 ad

359 713 690 774 credendum
707 711 723 742 ¹
748 697 1170 763 misericordiam
1190 692 1328 764 ejus.
1353 684 1609 756 Quisquis
1638 687 1814 735 autem
1835 687 1954 728 cre-

356 770 556 865 diderit
574 848 590 872 ,
619 804 776 872 eique
797 813 855 854 se
874 811 905 850 a
927 790 1157 864 peccatis
1184 783 1432 839 omnibus
1453 770 1834 832 absolvendum
1855 807 1870 833 ,
1901 772 1956 820 et

360 903 430 956 ab
451 896 702 954 omnibus
729 890 871 945 vitiis
897 881 1213 944 sanandum,
1245 885 1299 932 et
1326 874 1505 929 calore
1533 883 1596 922 ac
1621 862 1821 920 lumine
1839 857 1956 928 ejus

357 987 757 1049 accendendum
802 973 1311 1039 illuminandumque
1356 956 1758 1020 commiserit’;
1787 948 1957 1004 babe—

359 1083 440 1138 bit
461 1096 528 1138 ex
551 1078 668 1149 ejus
689 1073 859 1146 gratia
881 1083 1042 1139 opera
1071 1065 1239 1126 bona,
1265 1073 1330 1112 ex
1361 1052 1552 1124 quibus
1579 1048 1740 1103 etiam
1769 1053 1958 1096 secun-

361 1175 490 1231 dum
522 1144 717 1239 corpus
743 1182 773 1219 a
801 1159 987 1217 mortis
1016 1151 1359 1222 corruptione
1391 1144 1708 1203 redimatur,
1736 1145 1963 1189 corone-

364 1277 482 1330 tur,
514 1263 776 1331 bonisque
804 1255 1046 1316 satietur,
1075 1263 1182 1304 non
1226 1237 1606 1316 temporalibus
1631 1273 1647 1299 ,
1675 1228 1769 1286 sed
1808 1235 1965 1281 aeter-

366 1322 482 1427 nis,
509 1371 671 1428 supra
690 1322 868 1424 lquam
895 1346 1126 1419 petimus
1159 1348 1214 1395 et
1244 1332 1588 1403 intelligimus
1614 1322 1842 1397 (Ephes.
1867 1333 1920 1372 ιιι
1943 1356 1960 1382 ,

367 1451 486 1525 ao).

442 1505 532 1600 ’59.
585 1541 739 1596 Hunc
787 1532 1026 1590 ordinem
1083 1522 1254 1581 tenuit
1276 1518 1562 1581 Psalmus,
1590 1509 1679 1566 ubi
1723 1505 1962 1563 dicitur:

373 1634 615 1698 Benedic,
642 1630 812 1683 anima
839 1640 968 1689 mea,
1002 1618 1279 1673 Dominum
1299 1653 1312 1678 ,
1346 1619 1392 1665 et
1420 1605 1523 1662 noli
1552 1598 1774 1658 oblivisci
1801 1609 1969 1649 omnes

374 1725 726 1782 retributiones
751 1721 859 1789 ejus
889 1731 905 1769 :
932 1686 1015 1783 qui
1039 1707 1287 1781 propitius
1319 1703 1373 1772 [it
1416 1695 1644 1753 omnibus
1690 1686 1971 1758 iniquitati-

379 1829 470 1874 bus
509 1818 628 1883 tuis,
652 1814 736 1884 qui
773 1815 920 1866 sanat
949 1819 1122 1860 omnes
1165 1800 1434 1868 languores
1462 1799 1593 1852 tuos,
1612 1783 1697 1854 qui
1723 1777 1922 1835 redimit
1951 1774 1973 1806 ⁸

381 1917 445 1967 de
473 1906 796 1976 corruptione
821 1902 976 1956 vitam
998 1906 1156 1958 tuam,
1179 1891 1264 1962 qui
1279 1892 1486 1943 coronat
1511 1892 1558 1934 te
1581 1879 1634 1931 in
1658 1871 1976 1929 miseratione

383 2012 430 2058 et
476 1995 857 2061 misericordia,
885 1991 970 2062 qui
1014 1987 1162 2043 satiat
1205 1983 1260 2035 in
1289 1977 1429 2032 bonis
1473 1967 1776 2026 desiderium
1815 1971 1973 2016 tuum.

384 2095 453 2149 Et
483 2107 549 2146 ne
571 2091 705 2144 torte
733 2057 852 2140 lucc
875 2057 1020 2137 tanta
1061 2079 1201 2132 bona
1228 2072 1388 2141 hujus
1406 2062 1707 2123 vetustatis,
1741 2057 1844 2112 hoc
1863 2063 1975 2118 est,

385 2182 726 2258 mortalitatis
771 2174 1083 2232 deformitas
1103 2169 1414 2236 desperaret
1441 2178 1456 2214 :
1484 2151 1852 2216 Renovabitur,
1896 2148 1980 2202 in-

389 2279 538 2350 quit,
567 2252 696 2332 sicut
743 2270 926 2340 aquila:
956 2268 1196 2338 juventus
1247 2268 1355 2312 tua.
1397 2251 1672 2319 Tanquam
1734 2244 1978 2298 diceret:

389 2371 517 2424 llaec
545 2381 665 2437 quae
704 2360 935 2426 audisti,
964 2355 1029 2410 ad
1055 2365 1251 2409 novum
1284 2345 1554 2401 hominem
1581 2348 1636 2394 et
1681 2334 1746 2390 ad
1775 2332 1984 2389 Novum

390 2459 664 2532 pertinent
707 2455 1130 2509 Testamentum.
1172 2439 1371 2498 Recole
1409 2446 1618 2490 mecum
1659 2427 1845 2483 eadem
1872 2424 1986 2492 ipsa

392 2514 666 2625 paululum
688 2589 701 2612 ,
728 2546 953 2600 obsecro
980 2549 1067 2604 te,
1094 2544 1148 2590 et
1194 2530 1397 2601 inspice
1443 2519 1831 2579 delectabiliter
1874 2514 1991 2568 lau-

395 2609 517 2699 dem
541 2609 926 2696 misericordiae
947 2673 962 2699 ,
995 2630 1097 2684 hoc
1124 2635 1241 2691 est,
1271 2622 1458 2693 gratiae
1492 2615 1604 2670 Dei.
1638 2609 1881 2674 Benedic,
1906 2609 1989 2661 in-

395 2740 543 2808 quit,
577 2735 747 2786 anima
767 2743 900 2794 mea,
933 2722 1230 2783 Dominum,
1255 2725 1300 2770 et
1330 2712 1436 2767 noli
1458 2705 1683 2764 oblivisci
1705 2717 1877 2757 omnes
1904 2715 1990 2753 re-

398 2827 691 2882 tributiones
729 2822 838 2891 ejus
861 2836 880 2872 :
923 2830 1028 2870 non
1067 2812 1177 2878 ait,
1206 2805 1548 2862 Tributiones
1567 2845 1581 2869 ,
1613 2800 1636 2832 ‘
1655 2840 1670 2865 ,
1697 2796 1823 2862 sed,
1847 2793 1995 2848 retri-

401 2920 627 2974 butiones
671 2886 812 2984 ejus;
856 2909 977 2979 quia
1024 2901 1272 2959 retribuit
1325 2899 1465 2952 bona
1521 2908 1619 2964 pro
1667 2890 1843 2944 malis.
1897 2886 1998 2952 Qui

403 3013 650 3082 propitius
691 2981 748 3070 ‘ﬁt
797 3002 1026 3058 omnibus
1059 2993 1406 3068 iniquitatibus
1441 2990 1538 3045 tuis
1561 3005 1580 3044 :
1602 2988 1706 3042 hoc
1745 2983 1918 3055 agitur
1942 2981 1998 3035 in

406 3102 747 3175 Baptismatis
794 3099 1152 3152 sacramento.
1185 3089 1285 3154 Qui
1326 3093 1473 3140 sanat
1520 3096 1692 3136 omnes
1731 3079 2001 3147 languorcs

407 3212 521 3254 tuos
549 3213 566 3250 :
591 3195 695 3247 hoc
717 3190 889 3261 agitur
909 3187 960 3240 in
987 3185 1087 3239 hac
1108 3182 1216 3235 vita
1244 3178 1417 3233 ﬁdelis
1444 3173 1695 3238 hominis,
1724 3170 1850 3225 dum
1877 3180 2002 3222 caro

407 3284 737 3356 concupiscit
782 3281 1040 3336 adversus
1089 3273 1332 3343 Spiritum
1355 3312 1368 3335 ,
1397 3278 1450 3324 et
1479 3267 1694 3337 spiritus
1748 3261 2004 3316 adversus

409 3397 649 3444 carnem,
677 3385 735 3432 ut
763 3390 870 3429 non
890 3386 1009 3443 qua:
1033 3368 1278 3423 volumus
1303 3362 1561 3417 faciamus
1583 3355 1781 3427 (Galat.
1803 3369 1859 3420 v,
1889 3349 2002 3423 l7);

412 3476 540 3530 dum
570 3471 672 3524 alia
703 3470 784 3523 lex
818 3467 870 3520 in
903 3460 1157 3518 membris
1195 3461 1454 3526 repugnat
1494 3451 1596 3520 legi
1626 3447 1851 3510 mentis;
1880 3444 2008 3499 dum

416 3568 555 3622 velle
603 3563 842 3631 adiacet,
881 3556 1137 3628 perﬁcere
1183 3558 1359 3604 autem
1399 3546 1596 3600 bonum
1627 3556 1733 3595 non
1763 3539 1786 3570 ⁸
1816 3537 2004 3609 (Rom.

416 3679 490 3718 vtt
514 3703 531 3726 ,
560 3658 634 3714 23
658 3700 672 3723 ,
704 3653 791 3726 18)
821 3671 834 3706 :
865 3652 951 3720 qui
991 3648 1273 3716 languores
1309 3637 1616 3701 vetustatis,
1664 3635 1710 3688 si
1759 3644 2011 3702 perseve-

416 3764 574 3812 rante
603 3753 894 3805 intentione
920 3738 1224 3812 proficimus
1243 3777 1258 3800 ,
1290 3733 1358 3788 de
1379 3731 1467 3786 die
1494 3730 1549 3800 in
1574 3728 1714 3782 diem
1739 3729 2015 3779 crescente

423 3850 660 3904 novitate
688 3845 962 3901 sanantur,
981 3849 1047 3889 ex
1076 3830 1180 3885 ﬁde
1205 3842 1324 3899 quae
1337 3841 1436 3897 per
1460 3823 1800 3878 dilectionem
1819 3831 2011 3887 opera-

422 3948 530 3994 tur.
563 3933 664 4002 Qui
691 3930 891 3985 redimit
927 3927 990 3980 de
1014 3921 1332 3991 corruptione
1357 3917 1511 3971 vitam
1540 3923 1679 3967 tuam
1707 3926 1727 3966 :
1752 3909 1857 3964 hoc
1882 3907 1941 3961 ﬁt
1964 3907 2019 3961 in

425 4031 613 4086 ultima
661 4021 1052 4079 resurrectione
1097 4023 1450 4069 mortuorum.
1501 4005 1600 4074 Qui
1627 4010 1834 4058 coronat
1881 4011 1928 4055 te
1967 3999 2022 4053 in

427 4117 750 4176 miseratione
776 4123 822 4168 et
849 4105 1190 4166 misericordia
1212 4103 1381 4176 (Psal.
1410 4115 1481 4156 cn
1499 4141 1514 4166 ,
1540 4094 1657 4168 2-4)
1689 4113 1705 4151 :
1729 4095 1830 4149 hoc
1870 4091 1928 4146 ﬁt
1967 4091 2022 4145 in

429 4209 651 4284 judicio,
673 4207 764 4262 ubi
795 4219 916 4260 cum
942 4217 1038 4257 rex
1061 4200 1235 4270 justus
1261 4193 1458 4251 sederit
1487 4192 1540 4246 in
1570 4189 1760 4245 throno
1784 4184 2027 4242 redditu-

431 4318 525 4358 rus
554 4297 839 4367 unicuique
864 4289 1154 4349 secundum
1183 4301 1349 4358 opera
1388 4283 1505 4354 ejus
1531 4323 1544 4349 ,
1571 4282 1690 4352 quis
1715 4277 2028 4352 gloriabitur

433 4404 640 4452 castum
670 4407 728 4447 se
778 4389 973 4444 habere
993 4383 1124 4440 cor?
1153 4389 1244 4437 aut
1270 4379 1390 4450 quis
1435 4375 1746 4448 gloriabitur
1771 4371 2028 4428 mundum

435 4503 497 4543 se
520 4501 638 4542 esse
663 4500 691 4538 a
715 4487 934 4552 peccato
961 4475 1142 4549 (Prov.
1167 4488 1265 4538 xx,
1297 4471 1351 4534 8,
1384 4468 1440 4536 9,
1463 4477 1510 4522 et
1535 4466 1724 4521 Matth.
1753 4481 1844 4520 xvr
1861 4505 1876 4531 ,
1895 4462 2030 4533 27)?

437 4579 564 4635 Ideo
593 4576 699 4632 illic
738 4569 1100 4628 necessarium
1135 4565 1231 4620 fuit
1277 4573 1701 4618 commemorare
1730 4557 2032 4611 miseratio-

439 4685 563 4727 nem
584 4676 639 4722 et
659 4661 1078 4721 misericordiam
1103 4656 1345 4721 Domini,
1370 4653 1459 4707 ubi
1477 4651 1584 4722 jam
1618 4649 1754 4719 exigi
1777 4647 1952 4702 debita
1982 4654 2038 4701 et

441 4758 596 4816 reddi
623 4755 812 4812 merita
839 4753 916 4807 sic
938 4756 1160 4821 possent
1183 4746 1384 4812 videri,
1417 4751 1475 4798 ut
1501 4741 1675 4796 nullus
1702 4749 1845 4794 esset
1871 4739 2038 4794 mise-

445 4847 694 4906 ricordia:
719 4845 892 4899 locus.
915 4842 1149 4896 Coronat
1195 4851 1323 4906 ergo
1349 4835 1401 4888 in
1428 4832 1769 4888 miseratione
1797 4839 1851 4886 et
1875 4831 2038 4885 mise-

445 4939 675 4999 ricordia
697 4980 712 5005 ,
741 4936 836 4992 sed
884 4934 1044 4990 etiam
1087 4931 1166 4986 sic
1189 4925 1482 4984 secundum
1510 4938 1694 4996 opera.
1723 4921 2042 4994 Segregabi-

445 5042 536 5090 tur
557 5033 700 5090 enim
729 5030 796 5086 ad
819 5029 1117 5093 dexteram,
1149 5023 1236 5079 cui
1264 5021 1491 5087 dicatur,
1524 5017 1727 5072 Esurivi
1747 5057 1763 5085 ,
1789 5025 1835 5071 et
1863 5015 2044 5071 dedisti

515 5215 536 5247 ι
568 5211 706 5270 Editi,
729 5206 795 5258 ad
812 5201 1125 5270 credendam.
1147 5201 1444 5270 castigantur
1467 5209 1530 5270 ex
1551 5193 1906 5270 manuscripts.

513 5278 535 5308 ²
568 5255 893 5323 {Scitin-hunc
913 5267 974 5316 ad
994 5266 1187 5317 codices
1206 5255 1454 5312 Vaficanos
1474 5259 1615 5318 duos,
1633 5256 1693 5306 ad
1713 5255 2046 5323 __sorbonicum,

465 5344 510 5391 et
545 5318 920 5397 alioquuosdam
953 5326 1219 5397 gallicanos
1255 5323 1603 5397 manuscriptos
1638 5318 2046 5397 redintegramus.

453 5376 1060 5464 ﬁéﬁé’i‘lf'iﬁé‘ediag
1085 5376 1613 5464 corrupt‘edegebatur
1639 5394 1654 5464 ξ
1688 5376 1970 5464 crediderit

529 5439 662 5514 ii‘é'a
681 5439 1130 5522 placatis
1157 5439 1512 5522 absolvendum,
1539 5449 1583 5494 ct
1605 5441 1666 5522 an
1686 5439 2052 5522 oqmibus'vitiis

458 5500 1087 5584 ‘,a,,"'m“d"m';.,'éi'é&ibiéfac
1111 5500 1290 5584 lumine
1325 5507 1430 5573 ejus
1466 5500 1830 5558 accendendum
1867 5500 2052 5553 illumi-

455 5585 766 5640 nandumque
787 5592 881 5630 non
903 5581 1254 5640 contempserit.

526 5650 548 5681 ι
581 5637 804 5708 plerique
828 5650 954 5702 MSS»
975 5637 1199 5708 ηςάῦιιετο
1255 5702 1287 5708 _
1364 5695 1413 5708 ..
1605 5691 1616 5703 -
1743 5688 1760 5708 ι
1797 5645 1805 5652 '

529 5709 553 5742 δ
581 5688 1232 5766 ἱξεῖῒῑῶὴῖὶιάέίωάίρηεεε
1255 5702 1323 5747 Ex
1364 5695 1444 5744 his
1475 5688 1850 5766 Ρτοξίφοᾼοοο
1887 5700 2057 5760 emeri-

460 5749 869 5842 ᾶειιιιῖιιψρῶίὶξίιι
1094 5749 1380 5825 legebatur,
1403 5749 1497 5822 qui
1521 5751 1775 5813 retribuit;
1813 5765 1917 5816 pro,
1943 5749 2058 5816 quia

464 5846 721 5966 f‘i'él‘iii,
754 5887 1190 5966 perﬁcere
1235 5882 1407 5936 bonum
1441 5892 1536 5932 non
1890 5877 2058 5942 Abest,

465 5951 804 6018 invertimus,'a
825 5951 1176 6012 mamma-imis.

1265 475 1354 534 nn
1392 466 1663 533 smnrru
1701 463 1792 523 nr
1829 451 2155 525 LITTERA,
2195 415 2666 510 sfwcusrmt

3003 357 3005 359 ι
3047 354 3080 365 νο

3539 421 3649 489 2w

2057 573 2182 629 mihi
2207 569 2515 625 manducare
2544 558 2768 637 (Matth.
2790 569 2925 620 xxv,
2953 550 3047 624 ’55)
3081 567 3093 606 :
3125 547 3375 622 quoniam
3398 546 3654 620 judicium

2060 668 2168 724 sine
2203 661 2581 723 misericordia,
2608 655 2702 711 sed
2728 652 2805 707 illi
2843 649 2931 722 qui
2974 664 3075 702 non
3104 645 3221 716 fecit
3257 640 3658 698 misericordiam

2063 759 2265 835 (Jacobi
2318 774 2385 823 ιι,
2416 755 2504 824 15)
2531 771 2543 806 :
2573 749 2716 804 Beati
2765 753 2942 801 autem
2989 738 3336 796 misericordes
3360 777 3375 804 ,
3417 735 3659 804 quoniam

2063 833 2290 928 ipsorum
2315 849 2627 906 miserebitur
2645 844 2782 899 Deus
2807 838 3022 912 (Matth.
3051 853 3103 901 v,
3127 835 3207 908 7).
3233 833 3352 890 Jam
3381 847 3509 888 vero
3538 845 3662 886 cum

2065 948 2266 1008 sinistri
2309 946 2469 1002 ierint
2491 944 2544 998 in
2570 936 2960 994 ambustionem
3001 941 3254 986 rctcmam
3278 969 3296 996 ,
3323 926 3453 998 justi
3481 931 3660 980 autem

2066 1046 2122 1102 in
2162 1042 2327 1098 vitam
2378 1049 2632 1094 mternam
2657 1029 2770 1105 (Id.
2801 1043 2936 1094 xxv,
2965 1024 3034 1080 46
3059 1023 3077 1095 )
3103 1041 3116 1077 :
3146 1020 3270 1093 quia
3298 1020 3406 1074 hac
3449 1025 3549 1082 est,
3578 1016 3662 1070 in-

2069 1135 2217 1208 quit,
2245 1133 2346 1188 vita
2367 1139 2573 1194 (eterna,
2603 1134 2658 1179 ut
2678 1126 2980 1194 cognoscant
3008 1126 3055 1170 te
3073 1130 3231 1168 unum
3267 1127 3438 1166 verum
3464 1109 3624 1162 Deum
3644 1147 3662 1174 ,

2071 1200 2117 1283 et
2162 1200 2308 1296 quem
2350 1219 2528 1276 misisti
2567 1217 2742 1272 Jesum
2795 1211 3049 1268 Christum
3073 1205 3251 1281 (Joan.
3280 1220 3422 1272 xvii,
3450 1200 3538 1276 '5);
3574 1202 3664 1256 illa

2072 1319 2394 1391 cognitione,
2420 1314 2508 1368 illa
2529 1311 2736 1366 visione
2754 1349 2769 1374 ,
2800 1306 2886 1360 illa
2914 1300 3361 1371 contemplatione
3389 1295 3665 1354 satiabitur

2073 1415 2126 1470 in
2167 1411 2325 1468 bonis
2363 1408 2554 1462 animae
2581 1399 2904 1459 desiderium
2931 1393 3119 1468 (Psal.
3152 1409 3256 1460 cn,
3280 1390 3360 1463 5).
3389 1389 3500 1446 Hoc
3519 1387 3666 1444 enim

2076 1505 2248 1562 solum
2297 1501 2346 1557 ei
2390 1507 2467 1554 sat
2495 1503 2596 1562 est,
2625 1494 2762 1548 ultra
2788 1475 2894 1545 non
2922 1488 3083 1542 habet
3107 1484 3248 1556 quod
3275 1490 3504 1554 appetat,
3521 1478 3665 1551 quod

2078 1598 2248 1654 inhiet
2269 1637 2284 1662 ,
2313 1591 2453 1665 quod
2480 1588 2734 1659 requirat.
2760 1583 2892 1638 Nam
2933 1579 3200 1636 desiderio
3228 1575 3382 1647 hujus
3407 1572 3669 1630 satietatis

2080 1662 2345 1756 ardebat,
2366 1684 2453 1756 qui
2481 1681 2706 1737 Domino
2751 1675 2964 1731 Christo
2991 1673 3066 1726 ait
3092 1688 3104 1723 :
3139 1667 3358 1724 Ostende
3382 1665 3526 1720 nobis
3559 1662 3670 1716 Pa-

2083 1792 2240 1847 trem,
2272 1754 2327 1834 ct
2351 1754 2528 1847 sufﬁcit
2547 1770 2706 1825 nobis.
2730 1766 2828 1822 Cui
2866 1776 3180 1834 responsum
3219 1768 3302 1814 est
3331 1775 3345 1811 :
3372 1755 3473 1824 Qui
3495 1770 3575 1808 me
3598 1754 3679 1808 vi-

2084 1876 2157 1930 dit
2181 1916 2194 1940 ,
2219 1871 2344 1928 vidit
2384 1878 2430 1923 et
2470 1866 2682 1921 Patrem
2706 1864 2723 1896 ί
2746 1860 2926 1931 (Joan.
2959 1871 3052 1911 xw
3074 1895 3088 1920 ,
3118 1856 3151 1908 8
3170 1894 3185 1920 ,
3211 1851 3291 1922 9).
3312 1849 3447 1918 Quia
3468 1849 3582 1920 ipsa
3605 1853 3679 1902 est

2085 1968 2186 2020 vita
2206 1973 2414 2026 caterua,
2434 1966 2487 2012 ut
2503 1963 2810 2028 cognoscant
2829 1963 2986 2004 unum
3004 1960 3175 2000 verum
3191 1941 3357 1996 Deum
3377 1949 3442 2005 te,
3461 1948 3505 1993 et
3531 1953 3682 2008 quem

2087 2057 2265 2113 misisti
2289 2053 2467 2108 Jesum
2493 2049 2766 2104 Christum.
2808 2042 2914 2098 Sed
2957 2039 3004 2094 si
3042 2039 3130 2092 ille
3155 2035 3246 2107 qui
3287 2033 3416 2088 vidit
3441 2031 3633 2087 Filium
3658 2071 3678 2096 ,

2092 2151 2224 2207 vidit
2239 2156 2292 2204 et
2303 2148 2514 2202 Patrem
2535 2160 2550 2210 ;
2573 2139 2809 2212 profecto
2821 2136 2908 2207 qui
2919 2133 3062 2188 videt
3082 2130 3161 2202 (a)
3176 2129 3385 2183 Patrem
3396 2135 3449 2181 et
3465 2125 3682 2190 Filium,

2088 2242 2233 2298 videt
2261 2248 2316 2295 et
2349 2235 2604 2307 Spiritum
2635 2238 2874 2286 sanctum
2922 2223 3095 2280 Patris
3121 2228 3176 2276 et
3206 2218 3343 2272 Filii.
3376 2217 3447 2271 lta
3473 2231 3575 2271 nec
3595 2230 3688 2269 ar-

2093 2333 2311 2389 bitrium
2337 2329 2567 2383 liberum
2613 2321 2852 2377 tollimus
2873 2359 2887 2383 ,
2917 2325 2972 2371 et
2995 2310 3264 2370 benedicit
3300 2309 3476 2363 anima
3502 2315 3688 2362 nostra

2098 2426 2400 2488 Dominum,
2432 2435 2538 2476 non
2559 2415 2884 2474 obliviscens
2907 2422 3096 2464 omnes
3124 2402 3506 2460 retributiones
3533 2400 3687 2470 ejus:
3783 2464 3785 2466 η

2097 2537 2200 2578 nec
2244 2520 2495 2591 ignorans
2540 2512 2633 2568 Dei
2671 2509 2965 2581 justitiam,
2999 2518 3150 2559 suam
3179 2503 3295 2557 vult
3318 2501 3339 2532 ¹
3365 2496 3694 2554 constituere

2100 2588 2287 2688 (Rom:
2308 2628 2363 2679 x,
2395 2609 2488 2681 5);
2515 2605 2607 2661 sed
2629 2601 2800 2660 credit
2825 2601 2878 2654 in
2909 2613 3030 2652 cum
3057 2597 3145 2666 qui
3168 2593 3420 2665 justiﬁcat
3445 2588 3694 2660 impium,

2101 2678 2156 2764 et
2179 2706 2308 2778 vivit
2349 2678 2595 2765 rex—ﬁde,
2626 2696 2799 2752 donec
2843 2691 2908 2746 ad
2939 2689 3172 2761 speciem
3207 2685 3560 2758 perducatur;
3587 2678 3698 2734 ﬁde

2104 2771 2310 2856 scilicet
2336 2809 2456 2866 qua:
2501 2805 2600 2860 per
2646 2785 2988 2842 dilectionem
3015 2787 3285 2852 operatur.
3314 2776 3443 2844 Quae
3481 2771 3701 2828 dilectio

2104 2865 2417 2950 diﬁ'unditur
2439 2886 2490 2939 in
2530 2880 2782 2938 cordibus
2812 2876 3040 2940 nostris,
3076 2888 3175 2930 nec
3203 2886 3300 2942 per
3324 2865 3701 2923 sufﬁcientiam

2105 2983 2340 3057 propriae
2365 2975 2655 3035 voluntatis
2676 3015 2690 3038 ,
2732 2987 2831 3027 nec
2859 2985 2960 3042 per
3010 2968 3240 3022 litteram
3284 2963 3416 3034 legis
3435 3001 3451 3028 ,
3480 2959 3572 3016 sed
3603 2972 3707 3030 per

2108 3079 2366 3152 Spiritum
2393 3081 2638 3128 sanctum
2664 3065 2753 3136 qui
2781 3063 2939 3118 datus
2968 3068 3051 3116 est
3076 3057 3247 3113 nobis.

2179 3164 2405 3225 CAPUT
2433 3150 3104 3218 XXXIV.—60.Voluntas
3131 3145 3364 3203 credendi
3386 3143 3558 3198 aDeo.
3576 3141 3708 3198 Haec

2111 3281 2421 3355 disputatio,
2441 3279 2484 3334 si
2505 3271 2787 3347 quaestioni
2816 3268 2895 3326 illi
2915 3264 3188 3324 solvendae
3208 3261 3427 3327 sufﬁcit,
3450 3259 3707 3315 sufﬁciat.

2113 3381 2170 3437 Si
2184 3386 2359 3434 autem
2381 3368 2753 3442 respondetur,
2771 3360 3065 3420 cavendum
3078 3372 3196 3414 esse
3211 3371 3277 3410 ne
3298 3355 3575 3425 quisquam
3595 3351 3714 3404 Deo

2116 3467 2452 3527 tribuendum
2478 3441 2626 3532 putet
2655 3465 2950 3530 peccatum,
2980 3449 3119 3521 quod
3149 3447 3442 3503 admittitur
3454 3459 3549 3515 per
3578 3441 3716 3496 libe-

2119 3577 2237 3619 rum
2266 3531 2542 3614 arbitrium
2562 3593 2578 3619 ,
2601 3551 2648 3608 si
2669 3551 2721 3604 in
2743 3563 2808 3603 eo
2832 3544 2976 3616 quod
2993 3541 3188 3597 dicitur
3206 3580 3222 3606 ,
3249 3538 3384 3604 Quid
3404 3535 3554 3590 habes
3572 3531 3716 3606 quod

2120 3671 2223 3710 non
2247 3646 2521 3719 accepisti?
2543 3649 2821 3714 propterea
2846 3636 3007 3693 etiam
3029 3633 3271 3688 voluntas
3291 3643 3392 3700 qua
3417 3626 3716 3690 credimus,

2123 3747 2266 3803 dono
2296 3718 2392 3798 net
2417 3731 2853 3802 tribuitur,quia
2902 3728 2970 3784 de
3013 3727 3182 3782 libero
3228 3723 3408 3778 existit
3447 3718 3715 3785 arbitrio,

2125 3836 2268 3911 quod
2293 3848 2415 3889 cum
2444 3841 2750 3886 crearemur
2765 3819 3067 3890 accepimus
3096 3834 3110 3871 :
3141 3813 3380 3870 attendat
3399 3854 3414 3880 ,
3445 3810 3720 3878 etvideat,

2126 3946 2234 3987 non
2258 3926 2382 3983 ideo
2409 3929 2611 3977 tantum
2638 3918 2791 3972 istam
2820 3911 3146 3967 voluntatem
3173 3906 3352 3962 divino
3384 3901 3590 3958 muneri
3617 3901 3724 3955 tri-

2127 4019 2423 4083 buendam,
2453 4013 2575 4084 quia
2595 4026 2661 4066 ex
2686 4008 2855 4062 libero
2883 4002 3104 4060 arbitrio
3131 4007 3213 4056 est
3233 4040 3250 4066 ,
3278 3996 3420 4070 quod
3445 3993 3596 4051 nobis
3617 4009 3727 4048 na-

2131 4111 2376 4169 turaliter
2401 4109 2743 4162 concreatum
2769 4107 2887 4162 est;
2911 4109 3096 4151 verum
3123 4091 3283 4147 etiam
3309 4087 3450 4160 quod
3483 4087 3726 4142 visorum

2133 4203 2471 4262 suasionibus
2497 4200 2604 4270 agit
2630 4199 2800 4263 Deus,
2837 4199 2897 4248 ut
2920 4189 3183 4254 velimus,
3214 4193 3269 4242 et
3309 4192 3369 4238 ut
3391 4181 3678 4238 credamus
3708 4220 3730 4247 ,

2135 4299 2249 4354 sive
2296 4295 2634 4352 extrinsecus
2680 4301 2779 4358 per
2804 4279 3140 4352 evangelicas
3169 4273 3602 4339 exhortationes,
3629 4269 3732 4325 ubi

2136 4397 2190 4445 et
2214 4385 2460 4442 mandata
2508 4379 2642 4450 legis
2671 4373 2868 4447 aliquid
2897 4379 3094 4443 agunt,
3122 4368 3167 4424 si
3209 4366 3275 4421 ad
3307 4364 3408 4420 hoc
3435 4363 3734 4418 admonent

2140 4483 2415 4541 hominem
2433 4472 2758 4532 inﬁrmitatis
2782 4483 2914 4535 sua),
2932 4474 2991 4520 ut
3014 4463 3081 4519 ad
3101 4460 3326 4533 gratiam
3345 4454 3735 4528 justiﬁcantetn

2140 4571 2409 4632 credendo
2435 4565 2739 4636 confugiat;
2770 4561 2883 4616 sive
2913 4557 3234 4614 intrinsecus
3251 4593 3266 4618 ,
3294 4549 3381 4605 ubi
3395 4562 3553 4604 nemo
3570 4545 3742 4600 habet

2142 4669 2198 4723 in
2228 4670 2492 4737 potestate
2517 4635 2643 4728 quid
2669 4655 2720 4711 ei
2747 4653 2925 4709 veniat
2946 4650 2998 4705 lu
3029 4655 3261 4703 mentem
3281 4689 3297 4711 ,
3321 4640 3412 4697 sed
3430 4635 3743 4695 consentire

2143 4728 2536 4816 vel-dissentire
2559 4747 2792 4822 propriae
2817 4741 3102 4798 voluntatis
3134 4747 3237 4795 est.
3282 4734 3377 4790 His
3405 4747 3533 4802 ergo
3561 4728 3746 4784 modis

2147 4849 2360 4925 quando
2389 4848 2532 4902 Deus
2558 4820 2667 4913 agit
2691 4853 2813 4895 cum
2840 4837 3015 4890 anima
3043 4829 3290 4888 rationali
3314 4871 3330 4895 ,
3363 4837 3421 4882 ut
3444 4825 3491 4880 ei
3514 4820 3744 4886 credat;

2149 4911 2324 5014 neque
2353 4939 2496 4996 enim
2516 4911 2738 4990 credere
2767 4936 2942 5001 potest
2962 4923 3240 4996 quodlibet
3260 4921 3430 4976 libero
3459 4911 3746 4978 arbitrio’,

2150 5038 2193 5092 si
2223 5007 2365 5090 nulla
2392 5030 2462 5086 sit
2485 5026 2664 5084 suasio
2691 5023 2777 5078 vel
2803 5019 3011 5077 vocatio
3036 5015 3123 5072 cui
3148 5012 3367 5077 credat;
3415 5007 3654 5079 profecto
3687 5010 3750 5058 et

2151 5130 2325 5199 ipsum
2354 5123 2493 5179 velle
2515 5118 2735 5176 credere
2760 5115 2898 5170 Deus
2918 5120 3173 5183 operatur
3199 5107 3253 5161 in
3286 5103 3504 5159 homine
3522 5140 3537 5166 ,
3581 5105 3635 5152 et
3689 5095 3754 5152 in

2152 5219 2402 5277 omnibus
2426 5209 2792 5270 misericordia
2817 5208 2935 5278 ejus
2960 5200 3220 5275 prtevenit
3267 5212 3365 5252 nos
3390 5214 3404 5250 :
3436 5190 3757 5250 consentire

2154 5322 2332 5370 autem
2359 5305 2626 5365 vocationi
2647 5301 2777 5369 Dei,
2810 5299 2897 5354 vel
2926 5299 2993 5352 ab
3020 5311 3083 5352 ea
3112 5290 3430 5355 dissentire,
3453 5287 3589 5341 sicut
3610 5280 3756 5349 dixi,

2155 5404 2386 5479 proprias
2413 5396 2700 5456 voluntatis
2724 5401 2824 5450 est.
2847 5391 2978 5460 Quae
3003 5403 3091 5443 res
3129 5399 3236 5442 non
3261 5382 3432 5439 solum
3458 5391 3565 5432 non
3589 5372 3757 5429 inﬁr-

2222 5563 2240 5594 ι
2273 5560 2410 5610 miti:
2429 5554 2518 5618 Qui
2535 5566 2613 5605 me
2633 5549 2778 5612 videt,
2795 5545 2984 5598 videtet
3006 5547 3218 5595 Patrem.
3241 5545 3300 5592 At
3319 5545 3428 5589 Mss.
3451 5533 3765 5592 constante,

2158 5623 2309 5684 vidit;
2328 5622 2465 5683 juxta
2486 5627 2718 5684 graecum.

2225 5689 2245 5718 ³
2279 5675 2446 5734 {dines
2470 5675 2594 5739 M'ss.,
2621 5675 2796 5739 volens.

2227 5748 2249 5781 ³
2269 5715 3351 5802 iii'e‘iiiiii’qiiéiuiinumquamne},
3505 5725 3560 5802 e_t
3589 5715 3774 5802 pleri-

2163 5787 2679 5876 queuman'uscripti
2696 5787 2940 5864 quodlibet
2978 5793 3125 5846 libero
3156 5789 3377 5842 arbitrio.
3423 5793 3552 5838 Unus
3587 5791 3619 5832 θ
3671 5787 3775 5834 ναι

2165 5871 2339 5923 ticanis
2360 5875 2488 5923 Mss,
2516 5858 2976 5923 quodlibet
2996 5852 3271 5911 arbitritun.

2229 5879 2339 5920 anis
2360 5879 2488 5927 MSS.,
2516 5879 2753 5939 quoauaet
2772 5879 2968 5930 uberum

2229 5934 2302 5996 (a)
2334 5937 2474 5980 Forte
2491 5928 2572 5981 hic
2591 5934 2645 5978 et
2667 5927 2808 5983 intra,
2829 5919 2968 5974 vidit.
