3996 6474
287 377 389 436 εει

288 501 402 548 mat
423 486 568 561 quod
597 485 802 544 dictum
822 493 931 554 est,
958 485 1094 556 Quid
1111 484 1243 541 enim
1269 485 1421 539 habes
1444 483 1580 556 quod
1612 499 1712 538 non
1733 499 1878 538 acce-

293 583 410 654 pisti
429 581 456 635 1’
483 595 676 636 verum
701 578 864 637 etiam
884 577 1181 634 conﬁrmat.
1207 577 1462 648 Accipere
1490 575 1684 648 quippe
1711 584 1763 630 et
1789 574 1885 629 ha-

290 679 418 733 bere
447 675 633 730 anima
660 690 770 730 non
798 681 976 745 potest
1003 672 1138 728 dona
1166 715 1182 740 ,
1236 671 1303 727 de
1345 672 1537 743 quibus
1564 670 1666 725 hoc
1690 669 1836 724 audit
1865 711 1880 734 ,

287 769 387 824 nisi
415 766 810 824 consentiendo
838 785 854 822 :
881 781 946 822 ac
971 782 1065 837 per
1102 765 1203 821 hoc
1245 764 1372 836 quid
1401 764 1626 830 habeat,
1661 771 1716 819 et
1757 762 1883 834 quid

287 861 554 931 accipiat,
587 859 685 916 Dei
713 869 798 915 est
829 877 842 917 :
870 859 1111 931 accipere
1157 869 1337 913 autem
1381 866 1436 912 et
1475 856 1672 912 habere
1702 857 1884 927 utique

284 953 600 1021 accipientis
621 962 677 1008 et
701 951 946 1007 habentis
973 959 1076 1007 est.
1101 949 1219 1006 Jam
1255 951 1299 1005 si
1325 950 1390 1004 ad
1420 949 1563 1004 illam
1603 948 1881 1020 profundi-

286 1055 451 1100 tatem
477 1045 826 1101 scrutandum
852 1045 1130 1115 quisquam
1163 1058 1260 1098 nos
1290 1051 1554 1107 coarctet,
1578 1058 1674 1098 cur
1703 1041 1778 1096 illi
1811 1042 1882 1096 ita

283 1135 578 1191 suadeatur
604 1145 660 1189 ut
687 1135 1076 1206 persuadeatur
1103 1135 1120 1166 ¹
1142 1175 1156 1200 ,
1191 1134 1261 1188 illi
1284 1143 1461 1188 antem
1492 1148 1597 1186 non
1627 1133 1696 1186 ita
1721 1147 1736 1197 ;
1778 1131 1883 1185 duo

283 1229 398 1284 sola
427 1237 721 1283 occurrunt
749 1228 958 1282 interim
979 1243 1097 1297 quae
1119 1226 1446 1297 respondere
1471 1224 1600 1280 mihi
1632 1225 1837 1295 placeat
1864 1242 1878 1278 :

290 1318 333 1374 Ο
362 1319 585 1373 altitudo
612 1319 905 1373 diuitiarum
929 1317 1106 1392 (Rom.
1134 1334 1206 1383 ιιι,
1228 1318 1317 1388 55)
1342 1318 1354 1370 l
1383 1325 1457 1381 et,
1499 1314 1763 1384 Numquid
1802 1316 1885 1369 in-

283 1414 471 1482 iquitas
496 1414 640 1485 apud
672 1413 835 1467 Deum
879 1411 990 1482 (Id.
1032 1428 1121 1479 ix,
1166 1412 1298 1480 li)?
1325 1411 1423 1467 Cui
1472 1411 1751 1482 responsio
1781 1410 1880 1465 ista

283 1509 535 1578 displicet
563 1519 771 1580 quaerat
800 1508 1104 1574 doctiores,
1155 1507 1252 1564 sed
1299 1517 1487 1564 caveat
1532 1522 1600 1564 ne
1647 1507 1884 1563 inveniat

283 1611 714 1673 prtesumptores
734 1604 778 1656 ¹.

351 1695 586 1751 CAPUT
625 1694 846 1750 XXXV.
878 1725 948 1735 —
975 1695 1063 1751 61.
1115 1693 1387 1750 Conclusio
1434 1695 1619 1766 operis.
1649 1693 1880 1750 Conclu-

284 1788 474 1844 damus
505 1787 671 1858 igitur
699 1787 890 1842 librum
919 1786 1238 1856 aliquando,
1283 1786 1436 1856 cujus
1481 1795 1625 1841 tanta
1653 1785 1880 1856 prolixi-

284 1888 389 1935 tate
413 1889 598 1934 utrum
630 1878 831 1948 aliquid
869 1879 1167 1950 egerimus,
1220 1879 1401 1934 nescio
1433 1895 1446 1931 :
1481 1893 1587 1932 non
1616 1877 1756 1948 apud
1783 1887 1836 1934 te
1861 1917 1878 1944 ,

280 1977 436 2044 cujus
466 1973 633 2029 ﬁdem
677 1973 827 2038 scio;
876 1971 968 2027 sed
1013 1972 1150 2044 apud
1181 1972 1390 2027 animos
1437 1986 1622 2027 eorum
1666 1979 1883 2042 pr0pter

282 2080 419 2136 quos
439 2080 530 2120 me
559 2065 800 2120 scribere
825 2064 1041 2120 voluisti
1076 2083 1088 2118 :
1120 2065 1211 2134 qui
1240 2079 1347 2120 non
1381 2073 1567 2119 contra
1593 2073 1829 2119 nostram
1864 2105 1879 2129 ,

282 2158 377 2214 sed
419 2158 502 2229 (ut
529 2157 714 2213 mitius
734 2156 922 2226 loquar
941 2199 956 2225 ,
989 2165 1044 2213 et
1069 2172 1174 2213 non
1195 2157 1368 2212 dicam
1402 2157 1542 2210 illius
1567 2157 1657 2227 qui
1693 2156 1746 2211 in
1773 2157 1883 2212 suis

284 2250 562 2321 Apostolis
601 2258 689 2305 est
727 2250 956 2322 locutus)
1007 2259 1151 2306 certe
1190 2260 1374 2306 contra
1427 2253 1559 2306 tanti
1585 2251 1607 2284 ³
1655 2253 1883 2323 apostoli

285 2342 473 2409 Pauli,
507 2357 614 2397 non
638 2357 797 2396 unam
823 2343 1141 2398 sententiam
1165 2383 1178 2406 ,
1209 2343 1303 2398 sed
1330 2352 1435 2398 tam
1463 2343 1832 2400 vehementem
1863 2388 1879 2412 ,

286 2445 401 2491 tam
429 2436 690 2490 intentam
710 2434 1031 2506 vigilemque
1043 2435 1491 2491 conﬂictationem
1517 2438 1882 2493 maluntsuam

287 2527 616 2584 defensitare
644 2529 666 2560 ⁸
687 2529 1004 2584 sententiam
1026 2571 1041 2596 ,
1072 2544 1231 2599 quam
1247 2545 1368 2584 eum
1395 2529 1580 2585 audire
1599 2530 1885 2586 obsecran~

293 2629 405 2674 tem
417 2637 523 2692 per
543 2621 919 2676 miserationem
948 2618 1047 2674 Dei
1069 2661 1084 2685 ,
1116 2630 1172 2676 et
1200 2620 1466 2675 dicentem
1491 2661 1506 2686 ,
1550 2638 1640 2692 per
1669 2621 1886 2691 gratiam

306 2709 406 2764 Dei
432 2711 672 2780 quadata
727 2722 800 2767 est
847 2713 957 2779 illi,
1001 2728 1102 2766 non
1149 2712 1265 2782 plus
1291 2728 1468 2783 sapere
1515 2722 1699 2781 prwter
1734 2729 1887 2782 quam

302 2815 501 2876 oportet
515 2823 683 2877 sapere
704 2848 718 2872 ,
745 2806 836 2861 sed
854 2822 1030 2878 sapere
1059 2806 1126 2859 ad
1155 2806 1568 2877 temperantiam,
1616 2807 1887 2876 unicuique

292 2898 426 2952 sicut
472 2896 608 2951 Deus
628 2898 848 2966 partitus
886 2907 957 2952 est
983 2915 1268 2953 mensuram
1306 2897 1426 2967 ﬁdei
1460 2897 1570 2970 (Id.
1598 2913 1690 2964 xu,
1724 2899 1777 2964 l,
1803 2898 1882 2968 5).

367 2990 457 3046 62.
481 2991 563 3046 Tu
603 3001 780 3046 autem
807 2991 936 3062 quid
963 2991 1091 3046 mihi
1123 2992 1491 3062 proposueris,
1538 2999 1593 3047 et
1624 2991 1750 3062 quid
1778 3003 1886 3046 tam

293 3085 450 3154 longo
472 3084 850 3155 disputationis
889 3083 1047 3155 hujus
1094 3100 1258 3155 opere
1285 3084 1618 3140 effecerimus
1645 3085 1884 3141 adverte.

292 3175 450 3231 llovit
477 3185 532 3231 te
583 3185 732 3231 certe
774 3175 1224 3247 quemadmodum
1278 3175 1478 3231 dictum
1530 3175 1728 3242 fuerit,
1771 3177 1886 3232 ﬁeri

295 3287 450 3340 posse
476 3281 538 3327 ut
558 3273 631 3326 sit
657 3270 818 3326 homo
845 3272 961 3326 sine
988 3279 1206 3340 peccato
1229 3311 1244 3335 ,
1277 3271 1323 3326 si
1355 3270 1602 3326 voluntas
1635 3270 1751 3342 ejus
1779 3286 1884 3327 non

293 3363 468 3430 desit,
494 3377 600 3433 ope
629 3362 915 3433 adjuvante
937 3362 1144 3420 divina:
1171 3363 1412 3432 quamvis
1441 3378 1599 3419 nemo
1625 3372 1731 3418 tam
1761 3378 1886 3433 per-

293 3452 445 3509 lecta:
467 3453 701 3524 justitiae
741 3453 795 3508 in
839 3456 940 3508 hac
984 3454 1090 3508 vita
1119 3454 1311 3520 fuerit,
1340 3455 1422 3510 vel
1445 3454 1550 3522 sit,
1573 3455 1654 3511 vel
1679 3454 1890 3510 futurus

293 3549 375 3602 sit.
409 3548 503 3603 Sic
524 3547 672 3603 enim
696 3547 798 3602 hoc
836 3547 1010 3618 ipsum
1040 3547 1096 3602 in
1117 3547 1219 3603 illis
1243 3549 1390 3617 prius
1410 3547 1476 3603 ad
1499 3557 1550 3604 te
1571 3547 1889 3620 conscriptis

292 3639 438 3695 libris
467 3639 729 3710 proposui
761 3658 776 3694 :
813 3658 834 3692 ι
881 3639 936 3696 Si
980 3655 1012 3694 a
1065 3655 1152 3694 me
1180 3651 1482 3710 quieratur,
1546 3660 1566 3694 ι
1623 3641 1838 3713 inquam
1869 3683 1886 3708 ,

298 3750 318 3784 ι
344 3743 523 3786 utrum
553 3730 718 3786 homo
748 3732 864 3787 sine
888 3740 1107 3802 peccato
1126 3731 1298 3804 possit
1321 3746 1458 3810 esse.
1486 3732 1541 3787 in
1591 3731 1691 3787 hac
1739 3732 1845 3787 vita
1871 3748 1885 3797 ;

293 3825 595 3882 conﬁtebor
639 3840 796 3896 posse
853 3841 947 3896 per
994 3825 1089 3880 Dei
1133 3826 1359 3896 gratiam
1411 3835 1464 3880 et
1496 3824 1720 3880 liberum
1772 3825 1890 3894 ejus

297 3919 581 3974 arbitrium
612 3936 625 3972 :
655 3918 829 3990 ipsum
857 3933 1067 3989 quoque
1106 3917 1332 3973 liberum
1378 3915 1658 3972 arbitrium
1701 3916 1766 3971 ad
1795 3917 1890 3972 Dei

290 4015 550 4085 gratiam,
583 4012 686 4069 hoc
718 4021 837 4080 est,
889 4012 957 4067 ad
983 4013 1076 4068 Dei
1103 4011 1242 4068 dona
1265 4012 1536 4082 pertinere
1564 4025 1668 4066 non
1719 4010 1888 4066 ambi-

293 4122 454 4178 gens,
485 4122 591 4163 nec
611 4115 820 4162 tantum
849 4115 906 4160 ut
926 4107 995 4160 sit
1016 4147 1032 4170 ,
1065 4121 1246 4162 verum
1275 4107 1436 4162 etiam
1467 4115 1527 4161 ut
1552 4106 1752 4162 bonum
1783 4104 1884 4171 sit,

292 4202 343 4256 id
382 4211 501 4266 est,
555 4200 626 4256 ad
662 4199 904 4256 facienda
957 4199 1204 4255 mandata
1251 4199 1461 4255 Domini
1510 4207 1885 4264 convertatur;

293 4305 450 4366 atque
481 4295 558 4350 ita
586 4293 682 4350 Dei
709 4295 878 4364 gratia
903 4335 918 4360 ,
945 4309 1050 4348 non
1069 4293 1242 4349 solum
1267 4293 1513 4349 ostendat
1539 4293 1664 4363 quid
1692 4292 1888 4347 facien-

293 4387 419 4442 dum
448 4387 524 4441 sit
545 4428 560 4449 .
592 4385 688 4440 sed
708 4385 932 4457 adjuvet
955 4386 1146 4452 etiam,
1175 4395 1232 4440 ut
1262 4384 1377 4440 ﬁeri
1416 4384 1586 4455 possit
1628 4383 1768 4454 quod
1796 4399 1886 4438 os-

294 4478 529 4534 tenderit
564 4497 584 4530 »
616 4475 720 4551 (De
749 4476 1080 4534 Peccatorum
1110 4476 1308 4532 Meritis
1333 4519 1348 4545 ,
1374 4476 1460 4531 lib.
1486 4475 1522 4529 2
1545 4517 1560 4543 ,
1593 4493 1646 4530 n.
1672 4475 1749 4548 7).
1769 4475 1887 4531 Tibi

293 4581 471 4627 autem
498 4569 792 4625 absurdum
825 4570 996 4624 visum
1019 4577 1136 4636 est,
1180 4570 1297 4625 sine
1323 4568 1574 4638 exemplo
1617 4583 1738 4624 esse
1774 4583 1887 4623 rem

294 4679 413 4734 qua:
443 4661 562 4717 ﬁeri
586 4669 782 4731 potest.
816 4660 950 4716 Hinc
974 4669 1160 4716 exorta
1197 4668 1280 4715 est
1310 4659 1467 4728 hujus
1488 4658 1610 4713 libri
1638 4659 1884 4729 quaestio,

295 4771 356 4812 ac
379 4771 474 4826 per
501 4754 608 4810 hoc
646 4753 714 4809 ad
762 4769 860 4809 nos
893 4753 1192 4824 pertinebat
1232 4751 1547 4817 ostendere,
1599 4750 1890 4820 ﬁeriposse

298 4847 500 4917 aliquid
528 4847 774 4918 quamvis
798 4845 936 4901 desit
962 4845 1286 4914 exemplum.
1337 4843 1473 4898 Hine
1495 4858 1563 4898 ex
1601 4842 1891 4911 Evangelio

296 4947 349 4992 et
363 4954 431 4994 ex
449 4937 596 5009 Lege
625 4938 868 5009 quaedam
896 4937 1170 5009 posuimus
1187 4937 1240 4992 in
1260 4937 1525 4992 sermonis
1546 4934 1704 5006 hujus
1728 4950 1888 4990 exor-

296 5030 403 5096 dio,
437 5032 578 5086 sicut
598 5030 665 5086 de
684 5031 874 5086 cameli
897 5032 1121 5086 transitu
1149 5045 1245 5101 per
1269 5031 1509 5086 foramen
1529 5045 1658 5086 acus
1679 5029 1888 5102 (Matth.

299 5137 392 5176 ιιι
413 5162 428 5187 ,
451 5121 546 5194 24)
571 5164 587 5190 ,
621 5130 674 5177 et
695 5122 761 5178 de
785 5121 1064 5178 duodecim
1095 5121 1334 5177 millibus
1355 5122 1624 5193 legionum
1655 5122 1891 5193 Angelo-

299 5229 448 5281 rum,
477 5214 570 5287 qui
595 5224 918 5285 potuerunt,
971 5216 1015 5270 si
1037 5215 1201 5270 vellet
1223 5256 1237 5277 ,
1272 5230 1508 5286 pugnare
1545 5230 1642 5286 pro
1680 5215 1893 5272 Christo

303 5307 412 5380 (Id.
439 5323 593 5376 xxvr,
631 5307 814 5381 53),et
827 5308 894 5365 de
917 5308 1023 5364 illis
1044 5308 1290 5380 gentibus
1314 5324 1447 5380 quas
1476 5310 1616 5365 Deus
1643 5309 1771 5366 dicit
1797 5326 1894 5381 po-

302 5401 464 5456 tuisse
490 5415 552 5456 se
571 5415 602 5454 a
642 5399 776 5456 facie
797 5401 976 5471 populi
1017 5402 1099 5456 sui
1137 5402 1307 5458 semel
1327 5403 1682 5457 exterminare
1713 5401 1890 5474 (Deut.

303 5508 456 5559 sui,
506 5493 574 5563 5,
611 5501 658 5548 et
701 5493 944 5547 Iudicum
984 5509 1058 5562 ιι,
1105 5494 1163 5565 3)
1195 5511 1208 5548 :
1237 5509 1357 5564 qua:
1395 5493 1576 5550 omnia
1622 5494 1759 5550 facta
1785 5513 1894 5553 non

361 5627 575 5696 {plures
615 5635 748 5696 Mss,
774 5626 846 5680 ita
871 5627 1075 5680 suadeat
1093 5632 1338 5696 ;_omisso,
1366 5638 1419 5683 ut
1438 5631 1809 5696 persuadeatur.
1843 5641 1898 5686 Et

298 5691 507 5762 quidam,
529 5691 602 5741 ita
622 5690 823 5740 suadeat
847 5697 898 5740 ut
919 5693 1224 5762 pérsuadeat.

359 5755 378 5784 ²
402 5760 505 5817 t)_uo
522 5761 652 5813 Mss,
671 5755 1078 5817 prtessanptiores.

359 5815 570 5880 érhires
592 5815 924 5880 musa-imi,
949 5820 1114 5866 contra
1135 5817 1334 5880 apostoli
1359 5819 1512 5879 Pauli,
1539 5819 1732 5878 omisso,
1759 5826 1895 5872 tanta.

355 5879 376 5909 δ
404 5883 457 5929 tn
482 5885 615 5941 ιω..
641 5888 785 5929 suam
807 5875 1110 5942 (defensare;
1131 5875 1230 5944 vel,
1254 5875 1842 5946 defendere)

1724 365 1931 424 LIBER
1967 367 2168 429 UNUS.

2963 326 2998 350 ο

1992 494 2134 541 sunt.
2156 486 2248 541 llis
2268 487 2389 544 addi
2410 499 2633 560 possunt
2655 491 2814 548 etiam
2836 491 2926 550 illa
2955 507 3076 565 quae
3095 493 3343 567 leguntur
3371 497 3425 553 in
3447 497 3585 555 libro

1988 579 2310 651 Sapientiae,
2339 600 2495 654 quam
2530 587 2689 640 multa
2733 597 2913 657 posset
2956 603 3096 645 nova
3128 598 3390 645 tormenta
3443 591 3584 646 Deus

1989 691 2240 732 exercere
2265 678 2281 710 ¹
2314 678 2366 732 in
2397 678 2586 748 impios
2607 681 2673 733 ad
2705 691 2887 736 nutum
2909 681 3010 737 sibi
3029 682 3301 738 serviente
3338 691 3585 738 creatura

1994 769 2147 841 (Sap.
2182 786 2272 825 xv:
2296 812 2309 835 ,
2352 769 2474 841 24),
2508 787 2627 842 qua:
2668 781 2844 828 tamen
2876 789 2982 829 non
3011 775 3270 831 exercuit.
3321 775 3504 830 Potest
3530 785 3587 829 et

1989 860 2056 916 de
2103 872 2282 916 monte
2325 861 2416 916 illo
2442 879 2598 932 quem
2624 863 2755 918 ﬁdes
2782 864 2834 919 in
2863 881 3008 920 mare
3030 866 3349 923 transferret
3380 865 3574 940 (Marc.

1988 971 2044 1009 ιιι
2069 997 2084 1021 ,
2117 955 2210 1025 25)
2243 974 2255 1009 :
2289 956 2429 1026 quod
2464 966 2636 1011 tamen
2661 975 2920 1029 nusquam
2952 958 3148 1016 factum
3172 1002 3187 1027 ,
3218 960 3303 1016 vel
3330 961 3576 1030 legimus,

1988 1047 2071 1101 vel
2099 1048 2400 1104 audivimus
2426 1049 2524 1122 (a).
2553 1051 2803 1121 Quisquis
2831 1052 2974 1106 enim
3005 1055 3191 1107 horum
3243 1053 3439 1124 aliquid
3472 1054 3584 1109 Dco

1989 1139 2182 1194 dixerit
2208 1157 2327 1196 esse
2357 1142 2687 1212 impossibile
2709 1185 2722 1208 ,
2750 1143 2897 1198 vides
2925 1160 3084 1215 quam
3106 1145 3337 1215 desipiat
3355 1187 3370 1210 ,
3404 1163 3586 1215 quant-

1915 1296 1918 1300 η
1989 1247 2091 1300 que
2135 1231 2391 1288 adversus
2441 1233 2596 1288 fidem
2653 1234 2941 1304 Scriptura:
2970 1235 3086 1305 ejus
3123 1237 3391 1306 loquatur.
3420 1237 3581 1290 Multa

1988 1322 2088 1375 alia
2117 1321 2419 1393 hujusmodi
2443 1335 2665 1395 possunt
2693 1341 2976 1382 occurrere
3005 1328 3088 1383 vel
3125 1327 3325 1398 legenti
3356 1328 3441 1384 vel
3488 1344 3583 1384 co-

1986 1416 2171 1484 gitanti
2197 1457 2213 1484 ,
2241 1433 2358 1488 qua:
2383 1419 2655 1488 possibilia
2709 1421 2817 1475 Deo
2865 1436 3062 1491 negare
3109 1437 3214 1476 non
3248 1437 3536 1494 possumus
3564 1463 3581 1488 ,

1987 1509 2228 1578 quamvis
2256 1525 2439 1564 eorum
2462 1509 2602 1566 desit
2631 1512 2960 1582 exemplum.

2057 1600 2146 1656 65.
2171 1601 2276 1658 Sed
2301 1605 2425 1674 quia
2445 1603 2545 1658 dici
2566 1614 2761 1674 potest,
2786 1605 2873 1660 illa
2899 1621 3061 1676 opera
3082 1621 3204 1662 esse
3224 1607 3424 1674 divina,
3439 1607 3584 1679 justo

1987 1702 2167 1749 autem
2202 1694 2383 1750 vivere
2411 1694 2479 1750 ad
2505 1705 2688 1751 nostra
2717 1711 2878 1764 Opera
2910 1697 3219 1766 pertinere;
3253 1700 3460 1769 suscepi
3491 1713 3584 1754 os-

1987 1785 2209 1841 tendere
2236 1787 2396 1840 etiam
2430 1785 2532 1840 hnc
2556 1802 2690 1857 opus
2720 1802 2838 1843 esse
2867 1789 3125 1855 divinum,
3146 1798 3197 1843 et
3228 1789 3426 1861 hocegi
3444 1791 3581 1845 libro

1987 1876 2090 1931 isto
2115 1878 2391 1947 loquacius
2408 1878 2631 1934 fortasse
2657 1894 2814 1949 quam
2837 1889 2919 1934 sat
2936 1891 3020 1936 est
3049 1897 3063 1933 :
3090 1880 3183 1935 sed
3204 1892 3388 1936 contra
3409 1881 3586 1937 inimi-

1986 1971 2272 2040 cosgratiac
2289 1971 2380 2026 Dei
2397 1971 2553 2026 etiam
2572 1988 2756 2041 parum
2774 1971 2901 2026 mihi
2915 1972 3113 2030 dixisse
3124 1973 3328 2039 videor;
3348 1974 3585 2046 nihilque

1985 2076 2074 2116 me
2111 2071 2219 2116 tam
2261 2063 2486 2118 multum
2510 2064 2690 2119 dicere
2720 2063 2985 2132 delectat,
3037 2082 3194 2136 quam
3233 2066 3325 2121 ubi
3367 2066 3494 2121 mihi
3531 2077 3586 2121 et

1987 2152 2259 2223 Scriptura
2273 2156 2388 2226 ejus
2403 2157 2685 2227 plurimum
2704 2158 3054 2229 suffragatur;
3079 2169 3132 2214 et
3149 2159 3198 2214 id
3215 2160 3406 2231 agitur,
3426 2170 3481 2215 ut
3493 2159 3584 2230 qni

1986 2246 2245 2316 gloriatur
2265 2248 2315 2301 in
2331 2248 2561 2304 Domino
2576 2250 2833 2320 glorietur
2855 2250 2919 2321 (ll
2951 2249 3070 2308 Cor.
3099 2269 3154 2320 ι,
3181 2252 3293 2326 l7),
3313 2263 3367 2308 et
3387 2253 3440 2308 in
3466 2269 3584 2308 om-

1987 2340 2144 2395 nibus
2167 2342 2368 2411 gratias
2397 2357 2616 2414 agamus
2659 2343 2889 2398 Domino
2919 2345 3030 2400 Deo
3050 2356 3233 2400 nostro
3254 2362 3462 2401 sursum
3491 2362 3586 2401 cor

1987 2430 2269 2501 habentes,
2285 2432 2425 2488 unde
2441 2449 2470 2487 a
2490 2434 2645 2490 Patre
2667 2436 2923 2490 luminum
2943 2452 3101 2492 omne
3122 2437 3300 2492 datum
3324 2438 3582 2508 optimum

1989 2534 2043 2579 et
2064 2539 2224 2578 omne
2244 2524 2442 2579 donum
2473 2527 2765 2595 perfectum
2788 2535 2870 2581 est
2896 2526 3098 2600 (Jacobi
3123 2545 3141 2583 ι
3165 2571 3180 2596 ,
3222 2528 3333 2601 17).
3373 2529 3505 2584 Nam
3537 2531 3583 2584 si

1989 2626 2269 2687 propterea
2294 2633 2397 2672 non
2419 2626 2502 2672 est
2526 2632 2662 2686 opus
2687 2618 2780 2672 De'i
2806 2659 2820 2683 ,
2855 2619 2976 2689 quia
3005 2635 3102 2689 per
3128 2635 3224 2675 nos
3255 2621 3432 2691 agitur
3450 2662 3465 2686 ,
3495 2621 3579 2676 vel

1991 2711 2110 2780 quia
2134 2710 2222 2765 illo
2248 2710 2480 2765 donante
2507 2725 2605 2764 nos
2634 2712 2839 2782 agimus
2858 2755 2872 2777 ,
2900 2727 3000 2767 nec
3026 2713 3154 2768 illud
3181 2721 3264 2768 est
3283 2729 3418 2784 opus
3445 2714 3542 2770 Dei
3565 2757 3582 2779 ,
3649 2714 3656 2723 '

1990 2811 2048 2858 ut
2075 2819 2228 2858 mons
2259 2803 2616 2860 transferatur
2637 2805 2690 2860 in
2716 2821 2896 2871 mare;
2921 2807 3044 2876 quia
3077 2823 3172 2876 per
3194 2807 3353 2864 ﬁdem
3402 2807 3583 2863 homi-

1990 2911 2116 2950 num
2151 2896 2264 2950 ﬁcri
2296 2912 2452 2967 posse
2478 2898 2733 2952 Dominus
2759 2897 2892 2953 dixit
2917 2939 2930 2963 ,
2960 2898 3139 2953 ethoc
3163 2899 3398 2968 ipsorum
3428 2901 3580 2970 Operi

1991 2988 2234 3045 attribuit
2257 3031 2270 3054 ,
2301 2990 2489 3045 dicens
2509 3033 2524 3058 ,
2556 2990 2617 3046 Si
2642 2991 2916 3046 habueritis
2938 2992 2990 3046 in
3012 2992 3148 3047 vobis
3169 2992 3322 3061 ﬁdem
3342 3003 3583 3065 tanquam

1991 3100 2208 3154 granum
2235 3083 2426 3154 sinapis
2445 3126 2460 3152 ,
2488 3083 2662 3138 dicetis
2689 3086 2847 3139 monti
2873 3084 2989 3139 huic
3009 3127 3024 3148 ,
3067 3083 3272 3140 Tollere
3313 3099 3362 3140 et
3389 3087 3583 3141 mittere

1991 3176 2045 3228 in
2087 3192 2228 3229 mare
2250 3217 2267 3241 ,
2293 3184 2340 3229 et
2366 3175 2480 3244 ﬁet,
2515 3185 2563 3229 et
2591 3176 2720 3230 nihil
2759 3176 3068 3246 impossibile
3091 3179 3184 3230 erit
3222 3178 3360 3232 vobis
3387 3177 3580 3248 (Marc.

1993 3281 2048 3320 ιιι
2069 3308 2082 3329 ,
2110 3265 2212 3331 25,
2235 3267 2334 3331 24,
2360 3276 2405 3320 ει
2436 3265 2564 3320 Luc.
2596 3283 2707 3320 xvu
2732 3307 2746 3332 ,
2776 3264 2854 3338 6).
2883 3268 3042 3323 Certe
3075 3268 3210 3322 vobis
3234 3269 3404 3333 dixit;
3436 3285 3543 3324 non
3566 3311 3583 3337 ,

1992 3357 2119 3412 Mihi
2143 3356 2401 3412 antPatri
2429 3376 2441 3410 :
2473 3369 2527 3412 et
2558 3368 2732 3412 tamen
2764 3359 2864 3413 hoc
2893 3360 3041 3414 nullo
3075 3359 3235 3415 modo
3261 3360 3583 3430 facithomo,

1993 3449 2094 3503 nisi
2119 3448 2210 3503 illo
2227 3449 2457 3504 donante
2479 3457 2532 3504 et
2547 3462 2823 3520 operante.
2848 3450 2987 3505 Ecce
3004 3451 3451 3520 quemadmodum
3469 3453 3588 3508 sine

1993 3543 2240 3612 exemplo
2265 3551 2348 3597 est
2373 3543 2427 3597 in
2451 3543 2756 3598 hominibus
2782 3542 3021 3613 perfecta
3046 3543 3249 3614 justilia
3272 3586 3288 3612 ,
3324 3553 3376 3600 et
3405 3554 3584 3600 tamen

1993 3633 2340 3703 impossibilis
2366 3648 2473 3688 non
2514 3643 2615 3689 est.
2642 3635 2821 3690 Fieret
2846 3636 2987 3690 enim
3011 3678 3024 3702 ,
3055 3637 3101 3690 si
3145 3645 3292 3690 tanta
3337 3635 3586 3693 voluntas

1993 3724 2370 3793 adhiberetur,
2397 3736 2591 3796 quanta
2641 3725 2834 3783 sufﬁcit
2863 3735 3023 3782 tanta:
3069 3728 3167 3782 rei.
3201 3727 3358 3782 Esset
3403 3736 3584 3784 autem

1994 3827 2139 3873 tanta
2159 3858 2174 3885 ,
2205 3819 2249 3873 si
2275 3829 2330 3874 ct
2379 3819 2511 3873 nihil
2539 3835 2724 3874 eorum
2756 3835 2874 3889 quae
2904 3821 3174 3890 pertinent
3221 3821 3288 3874 ad
3323 3821 3583 3892 justitiam

1994 3927 2093 3967 nos
2114 3912 2337 3980 lateret,
2364 3923 2420 3967 et
2437 3929 2498 3967 ea
2516 3913 2592 3966 sic
2608 3913 2936 3968 delectarent
2955 3914 3215 3979 animum,
3248 3923 3305 3968 ut
3326 3913 3585 3985 qnidquid

1994 4005 2137 4059 aliud
2190 4005 2478 4077 voluptatis
2503 4005 2770 4061 dolorisve
2798 4007 2819 4038 ³
2863 4006 3116 4076 impedit,
3165 4006 3447 4063 delectatio
3497 4005 3590 4062 illa

1995 4108 2272 4170 superaret
2302 4117 2315 4152 :
2347 4099 2487 4170 quod
2513 4110 2571 4155 ut
2599 4115 2704 4155 non
2723 4099 2823 4167 sit,
2855 4116 2963 4154 non
2986 4101 3052 4155 ad
3079 4101 3584 4170 impossibilitatem,

1994 4191 2089 4246 sed
2116 4191 2182 4246 ad
2204 4191 2460 4262 judicium
2492 4191 2581 4246 Dei
2609 4193 2862 4260 pertinet.
2894 4191 3025 4261 Quis
3053 4193 3196 4246 enim
3225 4193 3450 4260 nesciat,
3479 4207 3589 4247 non

1995 4297 2116 4338 esse
2144 4283 2197 4336 in
2229 4282 2459 4337 hominis
2489 4291 2752 4352 potestate
2773 4282 2899 4353 quid
2928 4283 3092 4349 sciat,
3124 4297 3224 4337 nec
3243 4297 3365 4338 esse
3392 4297 3587 4338 conse-

1994 4389 2164 4444 quens
2197 4383 2252 4427 nt
2280 4373 2423 4443 quod
2449 4374 2808 4442 appetendum
2867 4373 3135 4443 cognitum
3169 4372 3328 4428 fuerit
3366 4385 3590 4445 appeta-

1995 4472 2082 4517 tur
2100 4506 2115 4531 ,
2149 4463 2249 4517 nisi
2276 4472 2479 4517 tantum
2508 4462 2772 4530 delectet,
2795 4461 3391 4534 quantumdiligendum
3419 4463 3587 4520 est'?

1995 4555 2110 4610 lloc
2128 4565 2307 4611 autem
2329 4555 2573 4610 sanitatis
2601 4564 2683 4608 est
2706 4555 2918 4610 animm.

2067 4647 2291 4704 CAPUT
2313 4645 2552 4702 XXXVI.
2566 4645 2736 4702 ~64.
2759 4645 3075 4717 Prmeeptum
3090 4647 3376 4703 dilectionis
3386 4648 3590 4721 quando

1996 4739 2524 4812 perfecleimplebitur.
2535 4736 2849 4811 Ignorantia:
2858 4739 3297 4810 peccataJustitia
3311 4741 3463 4813 hujus
3476 4742 3594 4797 vita

1995 4833 2104 4887 sine
2127 4842 2328 4903 peccato
2353 4831 2516 4901 qualis
2546 4831 2665 4902 poni
2699 4831 2875 4903 possit.
2906 4829 3144 4902 Perfecta
3171 4833 3376 4904 justitia
3391 4833 3484 4887 etsi
3507 4833 3592 4889 hic

1998 4939 2097 4977 non
2138 4923 2441 4988 inveniatur,
2493 4939 2592 4977 non
2636 4931 2802 4976 tamen
2844 4921 3186 4991 impossibilis.
3220 4921 3325 4978 Sed
3366 4923 3593 4980 fortasse

1999 5013 2260 5084 quispiam
2292 5013 2580 5082 putaverit,
2605 5011 2734 5066 nihil
2756 5011 2912 5067 nobis
2930 5012 3118 5068 deesse
3148 5013 3214 5068 ad
3234 5013 3592 5086 cognitionem

1995 5105 2218 5176 justitias
2240 5145 2256 5173 ,
2282 5105 2422 5176 quod
2451 5105 2711 5160 Dominus
2739 5105 2959 5160 verbum
2985 5120 3362 5162 consnmnians
3389 5115 3444 5163 et
3465 5105 3595 5162 bre-

2067 5302 2252 5371 δηθά,
2295 5311 2522 5351 exserere
2572 5312 2591 5351 :

2001 5369 2240 5498 ce'Editi,
2280 5422 2492 5490 voluptas
2544 5423 2643 5476 sive
2679 5423 2836 5476 dolor.
2872 5433 2929 5477 At
2969 5433 3111 5487 Mss,
3157 5424 3405 5489 voluptatis
3460 5425 3594 5479 dolo-

2002 5501 2292 5614 m'uiielgici
2307 5549 2405 5600 duo
2424 5556 2554 5610 Mss,
2571 5549 2910 5600 delectandum
2928 5555 3016 5602 est.

2067 5636 2140 5699 (a)
2174 5635 2386 5699 Nondum
2408 5635 2460 5699 in
2506 5635 2614 5698 ejus
2655 5647 2827 5699 manus
2849 5641 3056 5699 venerat
3094 5633 3328 5699 [Lusebius
3360 5645 3537 5699 versus
3567 5648 3598 5685 ι

2004 5693 2183 5758 Ruﬁno,
2200 5699 2283 5768 qui
2304 5697 2522 5768 inipsius
2532 5693 2751 5768 historiae
2764 5696 2888 5768 libro
2901 5696 2951 5768 :7,
2969 5707 3075 5768 cap.
3094 5693 3598 5768 Sineregnorimntveo-

2004 5755 2232 5810 caesareai
2257 5755 2400 5809 Ponti
2413 5759 2680 5808 antistitem
2717 5757 2877 5819 prodit
2899 5757 2946 5806 id
2987 5755 3203 5806 miraculi
3249 5755 3503 5819 effecisse,
3541 5766 3598 5809 ut.

2005 5834 2146 5871 mons
2159 5824 2264 5870 sive
2285 5833 2438 5882 rupes
2455 5820 2561 5869 loco
2583 5817 2864 5869 moveretur
2889 5831 2902 5865 :
2927 5821 3067 5882 cujus
3085 5821 3229 5869 etiam
3245 5817 3352 5868 facti
3375 5821 3598 5872 meminit

2009 5884 2152 5947 Beda,
2177 5883 2259 5934 lib.
2279 5884 2312 5934 ὅ
2332 5881 2598 5933 Comment.
2623 5881 2676 5932 in
2697 5888 2834 5932 hlaro,
2859 5891 2967 5945 cap.
2990 5881 3069 5932 ll.

2637 5306 2690 5351 et
2742 5299 2894 5363 infra,
2953 5301 3204 5364 exseruit;
3261 5313 3380 5367 pro,
3446 5314 3592 5354 caer-
