  <div class='ocr_page' id='page_1' title='image "/cluster/home/n/w/nwhite01/storage/ocr_20150623/44/hvd.32044015706336/127.png"; bbox 0 0 3996 6488; ppageno 0'>
   <div class='ocr_carea' id='block_1_1' title="bbox 284 398 3679 481">
    <p class='ocr_par' dir='ltr' id='par_1_1' title="bbox 284 398 3679 481">
     <span class='ocr_line' id='line_1_1' title="bbox 284 398 3679 481; baseline -0.001 -9"><span class='ocrx_word' id='word_1_1' title='bbox 284 465 295 472; x_wconf 93' lang='grc'><em>.</em></span> <span class='ocrx_word' id='word_1_2' title='bbox 394 402 503 481; x_wconf 65' lang='grc' dir='ltr'><strong>ω</strong></span> <span class='ocrx_word' id='word_1_3' title='bbox 1086 410 1178 469; x_wconf 81' lang='lat' dir='ltr'><strong>DE</strong></span> <span class='ocrx_word' id='word_1_4' title='bbox 1215 407 1486 468; x_wconf 79' lang='lat' dir='ltr'><strong>SPIRITU</strong></span> <span class='ocrx_word' id='word_1_5' title='bbox 1523 406 1613 465; x_wconf 88' lang='lat' dir='ltr'><strong>ET</strong></span> <span class='ocrx_word' id='word_1_6' title='bbox 1649 404 1972 477; x_wconf 79' lang='lat' dir='ltr'><strong>LITTERA,</strong></span> <span class='ocrx_word' id='word_1_7' title='bbox 2010 398 2070 464; x_wconf 89' lang='lat' dir='ltr'><strong>S.</strong></span> <span class='ocrx_word' id='word_1_8' title='bbox 2109 403 2479 463; x_wconf 82' lang='lat' dir='ltr'><strong>AUGUSTINI</strong></span> <span class='ocrx_word' id='word_1_9' title='bbox 2528 405 2733 463; x_wconf 85' lang='lat' dir='ltr'><strong>LIBER</strong></span> <span class='ocrx_word' id='word_1_10' title='bbox 2761 405 2958 466; x_wconf 82' lang='lat' dir='ltr'><strong>UNUS.</strong></span> <span class='ocrx_word' id='word_1_11' title='bbox 3570 406 3679 469; x_wconf 69' lang='grc' dir='ltr'>ω</span> 
     </span>
    </p>
   </div>
   <div class='ocr_carea' id='block_1_2' title="bbox 397 521 1986 615">
    <p class='ocr_par' dir='ltr' id='par_1_2' title="bbox 397 521 1986 615">
     <span class='ocr_line' id='line_1_2' title="bbox 397 521 1986 615; baseline -0.012 -19"><span class='ocrx_word' id='word_1_12' title='bbox 397 534 551 596; x_wconf 77' lang='lat' dir='ltr'><strong>visus</strong></span> <span class='ocrx_word' id='word_1_13' title='bbox 574 549 735 615; x_wconf 80' lang='lat' dir='ltr'><strong>super</strong></span> <span class='ocrx_word' id='word_1_14' title='bbox 762 542 958 591; x_wconf 87' lang='lat' dir='ltr'><strong>terram</strong></span> <span class='ocrx_word' id='word_1_15' title='bbox 985 526 1135 603; x_wconf 84' lang='lat' dir='ltr'><strong>(Isai.</strong></span> <span class='ocrx_word' id='word_1_16' title='bbox 1160 545 1192 584; x_wconf 73' lang='grc' dir='ltr'>χ</span> <span class='ocrx_word' id='word_1_17' title='bbox 1212 569 1228 597; x_wconf 86' lang='grc'><em>,</em></span> <span class='ocrx_word' id='word_1_18' title='bbox 1258 527 1366 595; x_wconf 75' lang='lat'><strong>2&#39;5;</strong></span> <span class='ocrx_word' id='word_1_19' title='bbox 1393 524 1544 582; x_wconf 82' lang='lat' dir='ltr'><strong>Rom.</strong></span> <span class='ocrx_word' id='word_1_20' title='bbox 1570 541 1624 581; x_wconf 81' lang='lat' dir='ltr'><strong>Ix</strong></span> <span class='ocrx_word' id='word_1_21' title='bbox 1642 565 1661 594; x_wconf 92' lang='lat'><strong>,</strong></span> <span class='ocrx_word' id='word_1_22' title='bbox 1688 522 1781 597; x_wconf 78' lang='lat'><strong>28)</strong></span> <span class='ocrx_word' id='word_1_23' title='bbox 1806 566 1822 593; x_wconf 97' lang='lat'><strong>,</strong></span> <span class='ocrx_word' id='word_1_24' title='bbox 1850 521 1986 580; x_wconf 83' lang='lat' dir='ltr'><strong>dixit</strong></span> 
     </span>
    </p>
   </div>
   <div class='ocr_carea' id='block_1_3' title="bbox 396 616 1982 704">
    <p class='ocr_par' dir='ltr' id='par_1_3' title="bbox 396 616 1982 704">
     <span class='ocr_line' id='line_1_3' title="bbox 396 616 1982 704; baseline -0.014 -14"><span class='ocrx_word' id='word_1_25' title='bbox 396 633 455 690; x_wconf 88' lang='lat' dir='ltr'><strong>in</strong></span> <span class='ocrx_word' id='word_1_26' title='bbox 481 628 688 689; x_wconf 90' lang='lat' dir='ltr'><strong>duobus</strong></span> <span class='ocrx_word' id='word_1_27' title='bbox 714 625 997 704; x_wconf 65' lang='lat' dir='ltr'><strong>praeceptis</strong></span> <span class='ocrx_word' id='word_1_28' title='bbox 1016 632 1180 680; x_wconf 90' lang='lat' dir='ltr'><strong>totam</strong></span> <span class='ocrx_word' id='word_1_29' title='bbox 1205 621 1400 692; x_wconf 88' lang='lat' dir='ltr'><strong>Legem</strong></span> <span class='ocrx_word' id='word_1_30' title='bbox 1424 616 1822 689; x_wconf 87' lang='lat' dir='ltr'><strong>Prophetasque</strong></span> <span class='ocrx_word' id='word_1_31' title='bbox 1849 629 1982 687; x_wconf 90' lang='lat' dir='ltr'><strong>pen-</strong></span> 
     </span>
    </p>
   </div>
   <div class='ocr_carea' id='block_1_4' title="bbox 392 711 1985 793">
    <p class='ocr_par' dir='ltr' id='par_1_4' title="bbox 392 711 1985 793">
     <span class='ocr_line' id='line_1_4' title="bbox 392 711 1985 793; baseline -0.013 -9"><span class='ocrx_word' id='word_1_32' title='bbox 392 726 558 793; x_wconf 86' lang='lat' dir='ltr'><strong>dere;</strong></span> <span class='ocrx_word' id='word_1_33' title='bbox 589 738 689 780; x_wconf 90' lang='lat' dir='ltr'><strong>nec</strong></span> <span class='ocrx_word' id='word_1_34' title='bbox 716 737 779 780; x_wconf 90' lang='lat' dir='ltr'><strong>ea</strong></span> <span class='ocrx_word' id='word_1_35' title='bbox 806 718 969 777; x_wconf 92' lang='lat' dir='ltr'><strong>tacuit</strong></span> <span class='ocrx_word' id='word_1_36' title='bbox 994 720 1011 751; x_wconf 87' lang='grc'>¹</span> <span class='ocrx_word' id='word_1_37' title='bbox 1032 759 1048 788; x_wconf 87' lang='grc'><em>,</em></span> <span class='ocrx_word' id='word_1_38' title='bbox 1080 715 1174 772; x_wconf 90' lang='lat' dir='ltr'><strong>sed</strong></span> <span class='ocrx_word' id='word_1_39' title='bbox 1216 713 1390 771; x_wconf 83' lang='lat' dir='ltr'><strong>verbis</strong></span> <span class='ocrx_word' id='word_1_40' title='bbox 1408 711 1759 785; x_wconf 77' lang='lat' dir='ltr'><strong>apertissimis</strong></span> <span class='ocrx_word' id='word_1_41' title='bbox 1804 724 1985 782; x_wconf 90' lang='lat' dir='ltr'><strong>prom-</strong></span> 
     </span>
    </p>
   </div>
   <div class='ocr_carea' id='block_1_5' title="bbox 392 806 1975 892">
    <p class='ocr_par' dir='ltr' id='par_1_5' title="bbox 392 806 1975 892">
     <span class='ocr_line' id='line_1_5' title="bbox 392 806 1975 892; baseline -0.013 -15"><span class='ocrx_word' id='word_1_42' title='bbox 392 820 525 892; x_wconf 87' lang='lat' dir='ltr'><strong>psit,</strong></span> <span class='ocrx_word' id='word_1_43' title='bbox 559 816 766 890; x_wconf 83' lang='lat' dir='ltr'><strong>Diliges,</strong></span> <span class='ocrx_word' id='word_1_44' title='bbox 806 811 1014 886; x_wconf 92' lang='lat' dir='ltr'><strong>inquit,</strong></span> <span class='ocrx_word' id='word_1_45' title='bbox 1055 810 1331 868; x_wconf 86' lang='lat' dir='ltr'><strong>Dominum</strong></span> <span class='ocrx_word' id='word_1_46' title='bbox 1383 806 1545 863; x_wconf 88' lang='lat' dir='ltr'><strong>Deum</strong></span> <span class='ocrx_word' id='word_1_47' title='bbox 1592 816 1733 860; x_wconf 89' lang='lat' dir='ltr'><strong>tuum</strong></span> <span class='ocrx_word' id='word_1_48' title='bbox 1784 820 1846 859; x_wconf 80' lang='lat' dir='ltr'><strong>ea:</strong></span> <span class='ocrx_word' id='word_1_49' title='bbox 1871 812 1975 858; x_wconf 90' lang='lat' dir='ltr'><strong>toto</strong></span> 
     </span>
    </p>
   </div>
   <div class='ocr_carea' id='block_1_6' title="bbox 392 903 1983 975">
    <p class='ocr_par' dir='ltr' id='par_1_6' title="bbox 392 903 1983 975">
     <span class='ocr_line' id='line_1_6' title="bbox 392 903 1983 975; baseline -0.011 -9"><span class='ocrx_word' id='word_1_50' title='bbox 392 909 546 967; x_wconf 86' lang='lat' dir='ltr'><strong>corde</strong></span> <span class='ocrx_word' id='word_1_51' title='bbox 564 918 651 963; x_wconf 92' lang='lat' dir='ltr'><strong>tuo</strong></span> <span class='ocrx_word' id='word_1_52' title='bbox 671 948 685 975; x_wconf 91' lang='lat'><strong>,</strong></span> <span class='ocrx_word' id='word_1_53' title='bbox 712 914 758 962; x_wconf 90' lang='lat' dir='ltr'><strong>et</strong></span> <span class='ocrx_word' id='word_1_54' title='bbox 781 922 845 961; x_wconf 76' lang='lat' dir='ltr'><strong>ea:</strong></span> <span class='ocrx_word' id='word_1_55' title='bbox 867 914 971 960; x_wconf 91' lang='lat' dir='ltr'><strong>tota</strong></span> <span class='ocrx_word' id='word_1_56' title='bbox 993 903 1165 958; x_wconf 82' lang='lat' dir='ltr'><strong>anima</strong></span> <span class='ocrx_word' id='word_1_57' title='bbox 1188 909 1277 956; x_wconf 88' lang='lat' dir='ltr'><strong>tua</strong></span> <span class='ocrx_word' id='word_1_58' title='bbox 1295 939 1312 969; x_wconf 93' lang='lat'><strong>,</strong></span> <span class='ocrx_word' id='word_1_59' title='bbox 1357 911 1404 954; x_wconf 89' lang='lat' dir='ltr'><strong>et</strong></span> <span class='ocrx_word' id='word_1_60' title='bbox 1432 914 1495 954; x_wconf 76' lang='lat' dir='ltr'><strong>ea;</strong></span> <span class='ocrx_word' id='word_1_61' title='bbox 1520 904 1625 952; x_wconf 82' lang='lat' dir='ltr'><strong>tota</strong></span> <span class='ocrx_word' id='word_1_62' title='bbox 1670 905 1832 951; x_wconf 85' lang='lat' dir='ltr'><strong>mente</strong></span> <span class='ocrx_word' id='word_1_63' title='bbox 1860 903 1983 961; x_wconf 85' lang='lat' dir='ltr'><strong>tua;</strong></span> 
     </span>
    </p>
   </div>
   <div class='ocr_carea' id='block_1_7' title="bbox 395 986 1980 1073">
    <p class='ocr_par' dir='ltr' id='par_1_7' title="bbox 395 986 1980 1073">
     <span class='ocr_line' id='line_1_7' title="bbox 395 986 1980 1073; baseline -0.011 -16"><span class='ocrx_word' id='word_1_64' title='bbox 395 1012 444 1057; x_wconf 91' lang='lat' dir='ltr'><strong>et</strong></span> <span class='ocrx_word' id='word_1_65' title='bbox 483 1000 661 1073; x_wconf 86' lang='lat' dir='ltr'><strong>diliges</strong></span> <span class='ocrx_word' id='word_1_66' title='bbox 698 997 985 1071; x_wconf 60' lang='lat' dir='ltr'><strong>proximum</strong></span> <span class='ocrx_word' id='word_1_67' title='bbox 1009 1004 1150 1050; x_wconf 88' lang='lat' dir='ltr'><strong>tuum</strong></span> <span class='ocrx_word' id='word_1_68' title='bbox 1197 1001 1436 1065; x_wconf 80' lang='lat' dir='ltr'><strong>tanquam</strong></span> <span class='ocrx_word' id='word_1_69' title='bbox 1472 999 1521 1046; x_wconf 87' lang='lat' dir='ltr'><strong>te</strong></span> <span class='ocrx_word' id='word_1_70' title='bbox 1559 989 1727 1062; x_wconf 85' lang='lat' dir='ltr'><strong>ipsum</strong></span> <span class='ocrx_word' id='word_1_71' title='bbox 1767 986 1980 1060; x_wconf 78' lang='lat' dir='ltr'><strong>(Matth.</strong></span> 
     </span>
    </p>
   </div>
   <div class='ocr_carea' id='block_1_8' title="bbox 390 1079 1982 1162">
    <p class='ocr_par' dir='ltr' id='par_1_8' title="bbox 390 1079 1982 1162">
     <span class='ocr_line' id='line_1_8' title="bbox 390 1079 1982 1162; baseline -0.01 -13"><span class='ocrx_word' id='word_1_72' title='bbox 390 1094 501 1149; x_wconf 78' lang='lat' dir='ltr'><strong>uti</strong></span> <span class='ocrx_word' id='word_1_73' title='bbox 527 1134 542 1160; x_wconf 93' lang='lat'><strong>,</strong></span> <span class='ocrx_word' id='word_1_74' title='bbox 573 1089 786 1162; x_wconf 66' lang='lat'><strong>57-40).</strong></span> <span class='ocrx_word' id='word_1_75' title='bbox 816 1086 956 1160; x_wconf 85' lang='lat' dir='ltr'><strong>Quid</strong></span> <span class='ocrx_word' id='word_1_76' title='bbox 991 1086 1171 1144; x_wconf 89' lang='lat' dir='ltr'><strong>verius</strong></span> <span class='ocrx_word' id='word_1_77' title='bbox 1194 1127 1210 1154; x_wconf 94' lang='lat'><strong>,</strong></span> <span class='ocrx_word' id='word_1_78' title='bbox 1241 1084 1325 1141; x_wconf 88' lang='lat' dir='ltr'><strong>his</strong></span> <span class='ocrx_word' id='word_1_79' title='bbox 1354 1081 1583 1155; x_wconf 75' lang='lat' dir='ltr'><strong>impletis</strong></span> <span class='ocrx_word' id='word_1_80' title='bbox 1613 1079 1822 1151; x_wconf 91' lang='lat' dir='ltr'><strong>impleri</strong></span> <span class='ocrx_word' id='word_1_81' title='bbox 1862 1093 1982 1134; x_wconf 89' lang='lat' dir='ltr'><strong>om-</strong></span> 
     </span>
    </p>
   </div>
   <div class='ocr_carea' id='block_1_9' title="bbox 391 1169 1983 1258">
    <p class='ocr_par' dir='ltr' id='par_1_9' title="bbox 391 1169 1983 1258">
     <span class='ocr_line' id='line_1_9' title="bbox 391 1169 1983 1258; baseline -0.013 -15"><span class='ocrx_word' id='word_1_82' title='bbox 391 1186 521 1243; x_wconf 87' lang='lat' dir='ltr'><strong>nino</strong></span> <span class='ocrx_word' id='word_1_83' title='bbox 540 1182 842 1258; x_wconf 82' lang='lat' dir='ltr'><strong>justitiam?</strong></span> <span class='ocrx_word' id='word_1_84' title='bbox 866 1180 1245 1238; x_wconf 83' lang='lat' dir='ltr'><strong>Verumtamen</strong></span> <span class='ocrx_word' id='word_1_85' title='bbox 1274 1178 1366 1249; x_wconf 87' lang='lat' dir='ltr'><strong>qui</strong></span> <span class='ocrx_word' id='word_1_86' title='bbox 1394 1174 1497 1230; x_wconf 91' lang='lat' dir='ltr'><strong>hoc</strong></span> <span class='ocrx_word' id='word_1_87' title='bbox 1522 1171 1778 1239; x_wconf 90' lang='lat' dir='ltr'><strong>attendit,</strong></span> <span class='ocrx_word' id='word_1_88' title='bbox 1820 1169 1983 1226; x_wconf 90' lang='lat' dir='ltr'><strong>etiam</strong></span> 
     </span>
    </p>
   </div>
   <div class='ocr_carea' id='block_1_10' title="bbox 391 1270 1982 1353">
    <p class='ocr_par' dir='ltr' id='par_1_10' title="bbox 391 1270 1982 1353">
     <span class='ocr_line' id='line_1_10' title="bbox 391 1270 1982 1353; baseline -0.008 -14"><span class='ocrx_word' id='word_1_89' title='bbox 391 1282 524 1338; x_wconf 89' lang='lat' dir='ltr'><strong>illud</strong></span> <span class='ocrx_word' id='word_1_90' title='bbox 573 1281 847 1346; x_wconf 87' lang='lat' dir='ltr'><strong>attendat,</strong></span> <span class='ocrx_word' id='word_1_91' title='bbox 877 1294 1035 1353; x_wconf 89' lang='lat' dir='ltr'><strong>quam</strong></span> <span class='ocrx_word' id='word_1_92' title='bbox 1067 1278 1121 1332; x_wconf 94' lang='lat' dir='ltr'><strong>in</strong></span> <span class='ocrx_word' id='word_1_93' title='bbox 1177 1274 1363 1331; x_wconf 90' lang='lat' dir='ltr'><strong>multis</strong></span> <span class='ocrx_word' id='word_1_94' title='bbox 1411 1270 1748 1327; x_wconf 82' lang='lat' dir='ltr'><strong>olfendamus</strong></span> <span class='ocrx_word' id='word_1_95' title='bbox 1791 1282 1982 1326; x_wconf 84' lang='lat' dir='ltr'><strong>omnes</strong></span> 
     </span>
    </p>
   </div>
   <div class='ocr_carea' id='block_1_11' title="bbox 393 1362 1978 1446">
    <p class='ocr_par' dir='ltr' id='par_1_11' title="bbox 393 1362 1978 1446">
     <span class='ocr_line' id='line_1_11' title="bbox 393 1362 1978 1446; baseline -0.008 -15"><span class='ocrx_word' id='word_1_96' title='bbox 393 1373 600 1446; x_wconf 81' lang='lat' dir='ltr'><strong>(Jacobi</strong></span> <span class='ocrx_word' id='word_1_97' title='bbox 624 1389 683 1430; x_wconf 84' lang='grc' dir='ltr'><strong>ιιι</strong></span> <span class='ocrx_word' id='word_1_98' title='bbox 701 1414 718 1440; x_wconf 83' lang='grc'><em>,</em></span> <span class='ocrx_word' id='word_1_99' title='bbox 743 1372 804 1444; x_wconf 76' lang='grc'><strong>2)</strong></span> <span class='ocrx_word' id='word_1_100' title='bbox 824 1414 839 1438; x_wconf 88' lang='grc'>,</span> <span class='ocrx_word' id='word_1_101' title='bbox 865 1372 990 1429; x_wconf 92' lang='lat' dir='ltr'><strong>dum</strong></span> <span class='ocrx_word' id='word_1_102' title='bbox 1022 1378 1271 1441; x_wconf 85' lang='lat' dir='ltr'><strong>putamus</strong></span> <span class='ocrx_word' id='word_1_103' title='bbox 1295 1366 1407 1422; x_wconf 91' lang='lat' dir='ltr'><strong>Deo</strong></span> <span class='ocrx_word' id='word_1_104' title='bbox 1425 1408 1442 1434; x_wconf 89' lang='lat'><strong>,</strong></span> <span class='ocrx_word' id='word_1_105' title='bbox 1469 1379 1631 1438; x_wconf 86' lang='lat' dir='ltr'><strong>quem</strong></span> <span class='ocrx_word' id='word_1_106' title='bbox 1668 1362 1937 1436; x_wconf 83' lang='lat' dir='ltr'><strong>diligimus</strong></span> <span class='ocrx_word' id='word_1_107' title='bbox 1961 1402 1978 1429; x_wconf 93' lang='lat'><strong>,</strong></span> 
     </span>
    </p>
   </div>
   <div class='ocr_carea' id='block_1_12' title="bbox 390 1456 1983 1536">
    <p class='ocr_par' dir='ltr' id='par_1_12' title="bbox 390 1456 1983 1536">
     <span class='ocr_line' id='line_1_12' title="bbox 390 1456 1983 1536; baseline -0.007 -16"><span class='ocrx_word' id='word_1_108' title='bbox 390 1465 605 1536; x_wconf 83' lang='lat' dir='ltr'><strong>placere</strong></span> <span class='ocrx_word' id='word_1_109' title='bbox 625 1506 642 1531; x_wconf 94' lang='lat'><strong>,</strong></span> <span class='ocrx_word' id='word_1_110' title='bbox 673 1464 759 1520; x_wconf 91' lang='lat' dir='ltr'><strong>vel</strong></span> <span class='ocrx_word' id='word_1_111' title='bbox 784 1478 890 1519; x_wconf 93' lang='lat' dir='ltr'><strong>non</strong></span> <span class='ocrx_word' id='word_1_112' title='bbox 918 1460 1202 1533; x_wconf 81' lang='lat' dir='ltr'><strong>displicere</strong></span> <span class='ocrx_word' id='word_1_113' title='bbox 1228 1457 1371 1530; x_wconf 92' lang='lat' dir='ltr'><strong>quod</strong></span> <span class='ocrx_word' id='word_1_114' title='bbox 1397 1456 1653 1525; x_wconf 82' lang='lat' dir='ltr'><strong>facimus;</strong></span> <span class='ocrx_word' id='word_1_115' title='bbox 1697 1463 1753 1512; x_wconf 92' lang='lat' dir='ltr'><strong>et</strong></span> <span class='ocrx_word' id='word_1_116' title='bbox 1795 1462 1983 1526; x_wconf 88' lang='lat' dir='ltr'><strong>postea</strong></span> 
     </span>
    </p>
   </div>
   <div class='ocr_carea' id='block_1_13' title="bbox 392 1548 1983 1633">
    <p class='ocr_par' dir='ltr' id='par_1_13' title="bbox 392 1548 1983 1633">
     <span class='ocr_line' id='line_1_13' title="bbox 392 1548 1983 1633; baseline -0.009 -15"><span class='ocrx_word' id='word_1_117' title='bbox 392 1577 491 1633; x_wconf 90' lang='lat' dir='ltr'><strong>per</strong></span> <span class='ocrx_word' id='word_1_118' title='bbox 520 1560 851 1632; x_wconf 89' lang='lat' dir='ltr'><strong>Scripturam</strong></span> <span class='ocrx_word' id='word_1_119' title='bbox 876 1557 1026 1629; x_wconf 85' lang='lat' dir='ltr'><strong>ejus,</strong></span> <span class='ocrx_word' id='word_1_120' title='bbox 1053 1555 1166 1611; x_wconf 87' lang='lat' dir='ltr'><strong>sive</strong></span> <span class='ocrx_word' id='word_1_121' title='bbox 1204 1561 1355 1612; x_wconf 90' lang='lat' dir='ltr'><strong>certa</strong></span> <span class='ocrx_word' id='word_1_122' title='bbox 1383 1559 1439 1609; x_wconf 91' lang='lat' dir='ltr'><strong>et</strong></span> <span class='ocrx_word' id='word_1_123' title='bbox 1465 1550 1746 1623; x_wconf 90' lang='lat' dir='ltr'><strong>perspicua</strong></span> <span class='ocrx_word' id='word_1_124' title='bbox 1774 1548 1983 1604; x_wconf 85' lang='lat' dir='ltr'><strong>ratione</strong></span> 
     </span>
    </p>
   </div>
   <div class='ocr_carea' id='block_1_14' title="bbox 391 1643 1979 1721">
    <p class='ocr_par' dir='ltr' id='par_1_14' title="bbox 391 1643 1979 1721">
     <span class='ocr_line' id='line_1_14' title="bbox 391 1643 1979 1721; baseline -0.008 -11"><span class='ocrx_word' id='word_1_125' title='bbox 391 1652 736 1721; x_wconf 88' lang='lat' dir='ltr'><strong>commoniti,</strong></span> <span class='ocrx_word' id='word_1_126' title='bbox 763 1667 886 1709; x_wconf 93' lang='lat' dir='ltr'><strong>eum</strong></span> <span class='ocrx_word' id='word_1_127' title='bbox 915 1650 1258 1706; x_wconf 86' lang='lat' dir='ltr'><strong>didicerimus</strong></span> <span class='ocrx_word' id='word_1_128' title='bbox 1285 1646 1429 1719; x_wconf 90' lang='lat' dir='ltr'><strong>quod</strong></span> <span class='ocrx_word' id='word_1_129' title='bbox 1481 1644 1533 1703; x_wconf 93' lang='lat' dir='ltr'><strong>ei</strong></span> <span class='ocrx_word' id='word_1_130' title='bbox 1574 1660 1681 1702; x_wconf 93' lang='lat' dir='ltr'><strong>non</strong></span> <span class='ocrx_word' id='word_1_131' title='bbox 1733 1643 1979 1715; x_wconf 89' lang='lat' dir='ltr'><strong>placeat,</strong></span> 
     </span>
    </p>
   </div>
   <div class='ocr_carea' id='block_1_15' title="bbox 394 1736 1983 1819">
    <p class='ocr_par' dir='ltr' id='par_1_15' title="bbox 394 1736 1983 1819">
     <span class='ocr_line' id='line_1_15' title="bbox 394 1736 1983 1819; baseline -0.008 -15"><span class='ocrx_word' id='word_1_132' title='bbox 394 1745 704 1819; x_wconf 80' lang='lat' dir='ltr'><strong>ptenitendo</strong></span> <span class='ocrx_word' id='word_1_133' title='bbox 728 1759 1011 1817; x_wconf 86' lang='lat' dir='ltr'><strong>precamur</strong></span> <span class='ocrx_word' id='word_1_134' title='bbox 1037 1752 1094 1798; x_wconf 92' lang='lat' dir='ltr'><strong>ut</strong></span> <span class='ocrx_word' id='word_1_135' title='bbox 1122 1743 1382 1815; x_wconf 77' lang='lat' dir='ltr'><strong>ignoscat.</strong></span> <span class='ocrx_word' id='word_1_136' title='bbox 1415 1739 1581 1796; x_wconf 89' lang='lat' dir='ltr'><strong>Plena</strong></span> <span class='ocrx_word' id='word_1_137' title='bbox 1612 1739 1842 1795; x_wconf 89' lang='lat' dir='ltr'><strong>humana</strong></span> <span class='ocrx_word' id='word_1_138' title='bbox 1874 1736 1983 1793; x_wconf 88' lang='lat' dir='ltr'><strong>vita</strong></span> 
     </span>
    </p>
   </div>
   <div class='ocr_carea' id='block_1_16' title="bbox 388 1829 1982 1896">
    <p class='ocr_par' dir='ltr' id='par_1_16' title="bbox 388 1829 1982 1896">
     <span class='ocr_line' id='line_1_16' title="bbox 388 1829 1982 1896; baseline -0.008 0"><span class='ocrx_word' id='word_1_139' title='bbox 388 1849 477 1896; x_wconf 88' lang='lat' dir='ltr'><strong>est</strong></span> <span class='ocrx_word' id='word_1_140' title='bbox 504 1837 840 1896; x_wconf 85' lang='lat' dir='ltr'><strong>documentis</strong></span> <span class='ocrx_word' id='word_1_141' title='bbox 862 1836 1072 1894; x_wconf 87' lang='lat' dir='ltr'><strong>talibus.</strong></span> <span class='ocrx_word' id='word_1_142' title='bbox 1118 1833 1272 1892; x_wconf 92' lang='lat' dir='ltr'><strong>Unde</strong></span> <span class='ocrx_word' id='word_1_143' title='bbox 1297 1840 1479 1889; x_wconf 89' lang='lat' dir='ltr'><strong>autem</strong></span> <span class='ocrx_word' id='word_1_144' title='bbox 1524 1829 1982 1887; x_wconf 81' lang='lat' dir='ltr'><strong>minus‘novimus</strong></span> 
     </span>
    </p>
   </div>
   <div class='ocr_carea' id='block_1_17' title="bbox 392 1922 1985 2004">
    <p class='ocr_par' dir='ltr' id='par_1_17' title="bbox 392 1922 1985 2004">
     <span class='ocr_line' id='line_1_17' title="bbox 392 1922 1985 2004; baseline -0.006 -17"><span class='ocrx_word' id='word_1_145' title='bbox 392 1931 521 2004; x_wconf 89' lang='lat' dir='ltr'><strong>quid</strong></span> <span class='ocrx_word' id='word_1_146' title='bbox 547 1931 597 1989; x_wconf 91' lang='lat' dir='ltr'><strong>ei</strong></span> <span class='ocrx_word' id='word_1_147' title='bbox 645 1930 887 2002; x_wconf 87' lang='lat' dir='ltr'><strong>placeat,</strong></span> <span class='ocrx_word' id='word_1_148' title='bbox 920 1929 1022 1984; x_wconf 88' lang='lat' dir='ltr'><strong>nisi</strong></span> <span class='ocrx_word' id='word_1_149' title='bbox 1074 1928 1200 2001; x_wconf 89' lang='lat' dir='ltr'><strong>quia</strong></span> <span class='ocrx_word' id='word_1_150' title='bbox 1247 1935 1303 1983; x_wconf 93' lang='lat' dir='ltr'><strong>et</strong></span> <span class='ocrx_word' id='word_1_151' title='bbox 1354 1926 1470 1998; x_wconf 87' lang='lat' dir='ltr'><strong>ipse</strong></span> <span class='ocrx_word' id='word_1_152' title='bbox 1509 1924 1686 1981; x_wconf 93' lang='lat' dir='ltr'><strong>minus</strong></span> <span class='ocrx_word' id='word_1_153' title='bbox 1712 1932 1872 1980; x_wconf 90' lang='lat' dir='ltr'><strong>notus</strong></span> <span class='ocrx_word' id='word_1_154' title='bbox 1900 1922 1985 1979; x_wconf 78' lang='lat' dir='ltr'><strong>e’st</strong></span> 
     </span>
    </p>
   </div>
   <div class='ocr_carea' id='block_1_18' title="bbox 393 2016 1980 2092">
    <p class='ocr_par' dir='ltr' id='par_1_18' title="bbox 393 2016 1980 2092">
     <span class='ocr_line' id='line_1_18' title="bbox 393 2016 1980 2092; baseline -0.006 -11"><span class='ocrx_word' id='word_1_155' title='bbox 393 2025 586 2081; x_wconf 84' lang='lat' dir='ltr'><strong>nobis?</strong></span> <span class='ocrx_word' id='word_1_156' title='bbox 617 2023 855 2079; x_wconf 76' lang='lat' dir='ltr'><strong>Videmus</strong></span> <span class='ocrx_word' id='word_1_157' title='bbox 875 2023 1017 2079; x_wconf 91' lang='lat' dir='ltr'><strong>enim</strong></span> <span class='ocrx_word' id='word_1_158' title='bbox 1041 2037 1177 2077; x_wconf 84' lang='lat' dir='ltr'><strong>nunc</strong></span> <span class='ocrx_word' id='word_1_159' title='bbox 1196 2036 1287 2092; x_wconf 83' lang='lat' dir='ltr'><strong>per</strong></span> <span class='ocrx_word' id='word_1_160' title='bbox 1308 2018 1570 2091; x_wconf 82' lang='lat' dir='ltr'><strong>speculum</strong></span> <span class='ocrx_word' id='word_1_161' title='bbox 1592 2017 1646 2071; x_wconf 84' lang='lat' dir='ltr'><strong>in</strong></span> <span class='ocrx_word' id='word_1_162' title='bbox 1674 2016 1942 2088; x_wconf 61' lang='lat' dir='ltr'><strong>aenigmate</strong></span> <span class='ocrx_word' id='word_1_163' title='bbox 1962 2055 1980 2084; x_wconf 93' lang='lat'><strong>,</strong></span> 
     </span>
    </p>
   </div>
   <div class='ocr_carea' id='block_1_19' title="bbox 394 2108 1985 2188">
    <p class='ocr_par' dir='ltr' id='par_1_19' title="bbox 394 2108 1985 2188">
     <span class='ocr_line' id='line_1_19' title="bbox 394 2108 1985 2188; baseline -0.006 -16"><span class='ocrx_word' id='word_1_164' title='bbox 394 2125 516 2172; x_wconf 83' lang='lat' dir='ltr'><strong>tunc</strong></span> <span class='ocrx_word' id='word_1_165' title='bbox 539 2126 707 2171; x_wconf 88' lang='lat' dir='ltr'><strong>autem</strong></span> <span class='ocrx_word' id='word_1_166' title='bbox 752 2114 884 2188; x_wconf 81' lang='lat' dir='ltr'><strong>facie</strong></span> <span class='ocrx_word' id='word_1_167' title='bbox 906 2112 977 2169; x_wconf 89' lang='lat' dir='ltr'><strong>ad</strong></span> <span class='ocrx_word' id='word_1_168' title='bbox 1002 2112 1206 2183; x_wconf 76' lang='lat' dir='ltr'><strong>faciem.</strong></span> <span class='ocrx_word' id='word_1_169' title='bbox 1233 2109 1365 2178; x_wconf 85' lang='lat' dir='ltr'><strong>Quis</strong></span> <span class='ocrx_word' id='word_1_170' title='bbox 1383 2124 1513 2166; x_wconf 92' lang='lat' dir='ltr'><strong>vero</strong></span> <span class='ocrx_word' id='word_1_171' title='bbox 1555 2108 1862 2165; x_wconf 79' lang='lat' dir='ltr'><strong>existimare</strong></span> <span class='ocrx_word' id='word_1_172' title='bbox 1889 2121 1985 2163; x_wconf 86' lang='lat' dir='ltr'><strong>au-</strong></span> 
     </span>
    </p>
   </div>
   <div class='ocr_carea' id='block_1_20' title="bbox 393 2197 1985 2277">
    <p class='ocr_par' dir='ltr' id='par_1_20' title="bbox 393 2197 1985 2277">
     <span class='ocr_line' id='line_1_20' title="bbox 393 2197 1985 2277; baseline -0.006 -14"><span class='ocrx_word' id='word_1_173' title='bbox 393 2206 554 2272; x_wconf 86' lang='lat' dir='ltr'><strong>deat,</strong></span> <span class='ocrx_word' id='word_1_174' title='bbox 581 2221 703 2263; x_wconf 88' lang='lat' dir='ltr'><strong>cum</strong></span> <span class='ocrx_word' id='word_1_175' title='bbox 725 2221 792 2263; x_wconf 92' lang='lat' dir='ltr'><strong>eo</strong></span> <span class='ocrx_word' id='word_1_176' title='bbox 819 2202 1037 2262; x_wconf 86' lang='lat' dir='ltr'><strong>ventum</strong></span> <span class='ocrx_word' id='word_1_177' title='bbox 1065 2204 1254 2272; x_wconf 86' lang='lat' dir='ltr'><strong>fuerit,</strong></span> <span class='ocrx_word' id='word_1_178' title='bbox 1282 2201 1425 2275; x_wconf 92' lang='lat' dir='ltr'><strong>quod</strong></span> <span class='ocrx_word' id='word_1_179' title='bbox 1450 2201 1559 2277; x_wconf 76' lang='lat' dir='ltr'><strong>ait,</strong></span> <span class='ocrx_word' id='word_1_180' title='bbox 1585 2197 1656 2257; x_wconf 83' lang='lat' dir='ltr'><strong>Ut</strong></span> <span class='ocrx_word' id='word_1_181' title='bbox 1682 2215 1985 2272; x_wconf 71' lang='lat' dir='ltr'><strong>cognoscam</strong></span> 
     </span>
    </p>
   </div>
   <div class='ocr_carea' id='block_1_21' title="bbox 394 2289 1986 2370">
    <p class='ocr_par' dir='ltr' id='par_1_21' title="bbox 394 2289 1986 2370">
     <span class='ocr_line' id='line_1_21' title="bbox 394 2289 1986 2370; baseline -0.005 -16"><span class='ocrx_word' id='word_1_182' title='bbox 394 2299 521 2354; x_wconf 88' lang='lat' dir='ltr'><strong>sicut</strong></span> <span class='ocrx_word' id='word_1_183' title='bbox 546 2309 592 2354; x_wconf 85' lang='lat' dir='ltr'><strong>et</strong></span> <span class='ocrx_word' id='word_1_184' title='bbox 612 2298 840 2370; x_wconf 85' lang='lat' dir='ltr'><strong>cognitus</strong></span> <span class='ocrx_word' id='word_1_185' title='bbox 861 2314 972 2352; x_wconf 88' lang='lat' dir='ltr'><strong>sum</strong></span> <span class='ocrx_word' id='word_1_186' title='bbox 999 2294 1041 2367; x_wconf 86' lang='lat' dir='ltr'><strong>(l</strong></span> <span class='ocrx_word' id='word_1_187' title='bbox 1072 2294 1191 2351; x_wconf 88' lang='lat' dir='ltr'><strong>Cor.</strong></span> <span class='ocrx_word' id='word_1_188' title='bbox 1216 2311 1312 2352; x_wconf 80' lang='lat' dir='ltr'><strong>xnt</strong></span> <span class='ocrx_word' id='word_1_189' title='bbox 1331 2336 1347 2363; x_wconf 87' lang='lat'><strong>,</strong></span> <span class='ocrx_word' id='word_1_190' title='bbox 1380 2291 1506 2368; x_wconf 74' lang='lat'><strong>12),</strong></span> <span class='ocrx_word' id='word_1_191' title='bbox 1539 2301 1738 2348; x_wconf 88' lang='lat' dir='ltr'><strong>tantam</strong></span> <span class='ocrx_word' id='word_1_192' title='bbox 1766 2291 1861 2347; x_wconf 89' lang='lat' dir='ltr'><strong>Dei</strong></span> <span class='ocrx_word' id='word_1_193' title='bbox 1903 2289 1986 2347; x_wconf 92' lang='lat' dir='ltr'><strong>di-</strong></span> 
     </span>
    </p>
   </div>
   <div class='ocr_carea' id='block_1_22' title="bbox 394 2382 1983 2458">
    <p class='ocr_par' dir='ltr' id='par_1_22' title="bbox 394 2382 1983 2458">
     <span class='ocr_line' id='line_1_22' title="bbox 394 2382 1983 2458; baseline -0.004 -14"><span class='ocrx_word' id='word_1_194' title='bbox 394 2390 680 2446; x_wconf 84' lang='lat' dir='ltr'><strong>lectionem</strong></span> <span class='ocrx_word' id='word_1_195' title='bbox 704 2389 817 2446; x_wconf 89' lang='lat' dir='ltr'><strong>fore</strong></span> <span class='ocrx_word' id='word_1_196' title='bbox 844 2386 1354 2458; x_wconf 89' lang='lat' dir='ltr'><strong>contemplatoribus</strong></span> <span class='ocrx_word' id='word_1_197' title='bbox 1374 2386 1490 2456; x_wconf 90' lang='lat' dir='ltr'><strong>ejus</strong></span> <span class='ocrx_word' id='word_1_198' title='bbox 1513 2426 1529 2451; x_wconf 92' lang='lat'><strong>,</strong></span> <span class='ocrx_word' id='word_1_199' title='bbox 1575 2391 1769 2456; x_wconf 85' lang='lat' dir='ltr'><strong>quanta</strong></span> <span class='ocrx_word' id='word_1_200' title='bbox 1809 2382 1983 2439; x_wconf 85' lang='lat' dir='ltr'><strong>ﬁdeli-</strong></span> 
     </span>
    </p>
   </div>
   <div class='ocr_carea' id='block_1_23' title="bbox 394 2473 1986 2547">
    <p class='ocr_par' dir='ltr' id='par_1_23' title="bbox 394 2473 1986 2547">
     <span class='ocr_line' id='line_1_23' title="bbox 394 2473 1986 2547; baseline -0.004 -11"><span class='ocrx_word' id='word_1_201' title='bbox 394 2479 494 2536; x_wconf 85' lang='lat' dir='ltr'><strong>bus</strong></span> <span class='ocrx_word' id='word_1_202' title='bbox 520 2496 664 2537; x_wconf 88' lang='lat' dir='ltr'><strong>nunc</strong></span> <span class='ocrx_word' id='word_1_203' title='bbox 705 2489 789 2536; x_wconf 89' lang='lat' dir='ltr'><strong>est</strong></span> <span class='ocrx_word' id='word_1_204' title='bbox 822 2498 836 2535; x_wconf 91' lang='lat'><strong>:</strong></span> <span class='ocrx_word' id='word_1_205' title='bbox 866 2487 959 2535; x_wconf 90' lang='lat' dir='ltr'><strong>aut</strong></span> <span class='ocrx_word' id='word_1_206' title='bbox 987 2478 1098 2534; x_wconf 92' lang='lat' dir='ltr'><strong>ullo</strong></span> <span class='ocrx_word' id='word_1_207' title='bbox 1127 2476 1288 2534; x_wconf 92' lang='lat' dir='ltr'><strong>modo</strong></span> <span class='ocrx_word' id='word_1_208' title='bbox 1311 2479 1333 2510; x_wconf 77' lang='grc'>⁸</span> <span class='ocrx_word' id='word_1_209' title='bbox 1361 2476 1498 2533; x_wconf 89' lang='lat' dir='ltr'><strong>hanc</strong></span> <span class='ocrx_word' id='word_1_210' title='bbox 1530 2475 1607 2532; x_wconf 91' lang='lat' dir='ltr'><strong>illi</strong></span> <span class='ocrx_word' id='word_1_211' title='bbox 1639 2484 1889 2547; x_wconf 90' lang='lat' dir='ltr'><strong>tanquam</strong></span> <span class='ocrx_word' id='word_1_212' title='bbox 1916 2473 1986 2530; x_wconf 92' lang='lat' dir='ltr'><strong>de</strong></span> 
     </span>
    </p>
   </div>
   <div class='ocr_carea' id='block_1_24' title="bbox 397 2566 1984 2642">
    <p class='ocr_par' dir='ltr' id='par_1_24' title="bbox 397 2566 1984 2642">
     <span class='ocr_line' id='line_1_24' title="bbox 397 2566 1984 2642; baseline -0.001 -17"><span class='ocrx_word' id='word_1_213' title='bbox 397 2571 646 2642; x_wconf 79' lang='lat' dir='ltr'><strong>proximo</strong></span> <span class='ocrx_word' id='word_1_214' title='bbox 664 2569 1119 2641; x_wconf 86' lang='lat' dir='ltr'><strong>comparandam?</strong></span> <span class='ocrx_word' id='word_1_215' title='bbox 1172 2568 1341 2624; x_wconf 89' lang='lat' dir='ltr'><strong>Porro</strong></span> <span class='ocrx_word' id='word_1_216' title='bbox 1367 2568 1414 2625; x_wconf 90' lang='lat' dir='ltr'><strong>si</strong></span> <span class='ocrx_word' id='word_1_217' title='bbox 1438 2575 1638 2639; x_wconf 90' lang='lat' dir='ltr'><strong>quanto</strong></span> <span class='ocrx_word' id='word_1_218' title='bbox 1665 2566 1837 2638; x_wconf 84' lang='lat' dir='ltr'><strong>major</strong></span> <span class='ocrx_word' id='word_1_219' title='bbox 1882 2581 1984 2623; x_wconf 63' lang='lat' dir='ltr'><strong>nov</strong></span> 
     </span>
    </p>
   </div>
   <div class='ocr_carea' id='block_1_25' title="bbox 395 2657 1986 2733">
    <p class='ocr_par' dir='ltr' id='par_1_25' title="bbox 395 2657 1986 2733">
     <span class='ocr_line' id='line_1_25' title="bbox 395 2657 1986 2733; baseline -0.003 -16"><span class='ocrx_word' id='word_1_220' title='bbox 395 2660 508 2717; x_wconf 83' lang='lat' dir='ltr'><strong>tilia</strong></span> <span class='ocrx_word' id='word_1_221' title='bbox 531 2701 547 2728; x_wconf 93' lang='lat'><strong>,</strong></span> <span class='ocrx_word' id='word_1_222' title='bbox 576 2670 724 2717; x_wconf 84' lang='lat' dir='ltr'><strong>tanto</strong></span> <span class='ocrx_word' id='word_1_223' title='bbox 744 2662 843 2716; x_wconf 91' lang='lat' dir='ltr'><strong>erit</strong></span> <span class='ocrx_word' id='word_1_224' title='bbox 870 2660 1040 2733; x_wconf 88' lang='lat' dir='ltr'><strong>major</strong></span> <span class='ocrx_word' id='word_1_225' title='bbox 1066 2659 1286 2716; x_wconf 88' lang='lat' dir='ltr'><strong>dilectio</strong></span> <span class='ocrx_word' id='word_1_226' title='bbox 1310 2677 1326 2728; x_wconf 94' lang='lat'><strong>;</strong></span> <span class='ocrx_word' id='word_1_227' title='bbox 1374 2657 1616 2731; x_wconf 81' lang='lat' dir='ltr'><strong>profecto</strong></span> <span class='ocrx_word' id='word_1_228' title='bbox 1644 2673 1789 2715; x_wconf 89' lang='lat' dir='ltr'><strong>nunc</strong></span> <span class='ocrx_word' id='word_1_229' title='bbox 1815 2673 1986 2730; x_wconf 88' lang='lat' dir='ltr'><strong>quan-</strong></span> 
     </span>
    </p>
   </div>
   <div class='ocr_carea' id='block_1_26' title="bbox 395 2751 1986 2825">
    <p class='ocr_par' dir='ltr' id='par_1_26' title="bbox 395 2751 1986 2825">
     <span class='ocr_line' id='line_1_26' title="bbox 395 2751 1986 2825; baseline -0.004 -14"><span class='ocrx_word' id='word_1_230' title='bbox 395 2764 507 2811; x_wconf 91' lang='lat' dir='ltr'><strong>tum</strong></span> <span class='ocrx_word' id='word_1_231' title='bbox 534 2754 687 2811; x_wconf 89' lang='lat' dir='ltr'><strong>deest</strong></span> <span class='ocrx_word' id='word_1_232' title='bbox 714 2753 1023 2821; x_wconf 87' lang='lat' dir='ltr'><strong>dilectioni,</strong></span> <span class='ocrx_word' id='word_1_233' title='bbox 1052 2761 1257 2809; x_wconf 90' lang='lat' dir='ltr'><strong>tantum</strong></span> <span class='ocrx_word' id='word_1_234' title='bbox 1307 2752 1648 2825; x_wconf 81' lang='lat' dir='ltr'><strong>perficiendae</strong></span> <span class='ocrx_word' id='word_1_235' title='bbox 1697 2751 1720 2785; x_wconf 83' lang='grc'>³</span> <span class='ocrx_word' id='word_1_236' title='bbox 1764 2751 1986 2824; x_wconf 69' lang='lat' dir='ltr'><strong>justitia:</strong></span> 
     </span>
    </p>
   </div>
   <div class='ocr_carea' id='block_1_27' title="bbox 354 2840 1982 2923">
    <p class='ocr_par' dir='ltr' id='par_1_27' title="bbox 354 2840 1982 2923">
     <span class='ocr_line' id='line_1_27' title="bbox 354 2840 1982 2923; baseline -0.004 -20"><span class='ocrx_word' id='word_1_237' title='bbox 354 2918 355 2923; x_wconf 19' lang='grc' dir='ltr'><strong>η</strong></span> <span class='ocrx_word' id='word_1_238' title='bbox 396 2846 588 2903; x_wconf 89' lang='lat' dir='ltr'><strong>deesse</strong></span> <span class='ocrx_word' id='word_1_239' title='bbox 611 2845 939 2903; x_wconf 91' lang='lat' dir='ltr'><strong>credendum</strong></span> <span class='ocrx_word' id='word_1_240' title='bbox 967 2853 1067 2899; x_wconf 87' lang='lat' dir='ltr'><strong>est.</strong></span> <span class='ocrx_word' id='word_1_241' title='bbox 1095 2843 1229 2900; x_wconf 90' lang='lat' dir='ltr'><strong>Sciri</strong></span> <span class='ocrx_word' id='word_1_242' title='bbox 1260 2844 1403 2898; x_wconf 91' lang='lat' dir='ltr'><strong>enim</strong></span> <span class='ocrx_word' id='word_1_243' title='bbox 1439 2842 1639 2914; x_wconf 88' lang='lat' dir='ltr'><strong>aliquid</strong></span> <span class='ocrx_word' id='word_1_244' title='bbox 1680 2841 1768 2899; x_wconf 89' lang='lat' dir='ltr'><strong>vel</strong></span> <span class='ocrx_word' id='word_1_245' title='bbox 1789 2840 1938 2897; x_wconf 88' lang='lat' dir='ltr'><strong>credi</strong></span> <span class='ocrx_word' id='word_1_246' title='bbox 1966 2881 1982 2909; x_wconf 90' lang='lat'><strong>,</strong></span> 
     </span>
    </p>
   </div>
   <div class='ocr_carea' id='block_1_28' title="bbox 397 2933 1988 3010">
    <p class='ocr_par' dir='ltr' id='par_1_28' title="bbox 397 2933 1988 3010">
     <span class='ocr_line' id='line_1_28' title="bbox 397 2933 1988 3010; baseline -0.004 -14"><span class='ocrx_word' id='word_1_247' title='bbox 397 2950 453 2996; x_wconf 89' lang='lat' dir='ltr'><strong>et</strong></span> <span class='ocrx_word' id='word_1_248' title='bbox 482 2949 658 2996; x_wconf 87' lang='lat' dir='ltr'><strong>tamen</strong></span> <span class='ocrx_word' id='word_1_249' title='bbox 683 2954 790 2995; x_wconf 89' lang='lat' dir='ltr'><strong>non</strong></span> <span class='ocrx_word' id='word_1_250' title='bbox 817 2938 963 3010; x_wconf 83' lang='lat' dir='ltr'><strong>diligi</strong></span> <span class='ocrx_word' id='word_1_251' title='bbox 993 2945 1205 3010; x_wconf 89' lang='lat' dir='ltr'><strong>potest:</strong></span> <span class='ocrx_word' id='word_1_252' title='bbox 1228 2935 1375 3009; x_wconf 85' lang='lat' dir='ltr'><strong>diligi</strong></span> <span class='ocrx_word' id='word_1_253' title='bbox 1414 2944 1592 2993; x_wconf 90' lang='lat' dir='ltr'><strong>autem</strong></span> <span class='ocrx_word' id='word_1_254' title='bbox 1628 2933 1769 3006; x_wconf 91' lang='lat' dir='ltr'><strong>quod</strong></span> <span class='ocrx_word' id='word_1_255' title='bbox 1812 2948 1988 3007; x_wconf 86' lang='lat' dir='ltr'><strong>neque</strong></span> 
     </span>
    </p>
   </div>
   <div class='ocr_carea' id='block_1_29' title="bbox 398 3022 1988 3103">
    <p class='ocr_par' dir='ltr' id='par_1_29' title="bbox 398 3022 1988 3103">
     <span class='ocr_line' id='line_1_29' title="bbox 398 3022 1988 3103; baseline -0.004 -15"><span class='ocrx_word' id='word_1_256' title='bbox 398 3033 566 3088; x_wconf 87' lang='lat' dir='ltr'><strong>scitur</strong></span> <span class='ocrx_word' id='word_1_257' title='bbox 592 3047 765 3103; x_wconf 89' lang='lat' dir='ltr'><strong>neque</strong></span> <span class='ocrx_word' id='word_1_258' title='bbox 786 3030 1023 3087; x_wconf 88' lang='lat' dir='ltr'><strong>creditur</strong></span> <span class='ocrx_word' id='word_1_259' title='bbox 1043 3073 1059 3099; x_wconf 91' lang='lat'><strong>,</strong></span> <span class='ocrx_word' id='word_1_260' title='bbox 1108 3045 1217 3085; x_wconf 90' lang='lat' dir='ltr'><strong>non</strong></span> <span class='ocrx_word' id='word_1_261' title='bbox 1240 3035 1435 3100; x_wconf 86' lang='lat' dir='ltr'><strong>potest.</strong></span> <span class='ocrx_word' id='word_1_262' title='bbox 1467 3028 1538 3083; x_wconf 88' lang='lat' dir='ltr'><strong>At</strong></span> <span class='ocrx_word' id='word_1_263' title='bbox 1556 3027 1602 3082; x_wconf 91' lang='lat' dir='ltr'><strong>si</strong></span> <span class='ocrx_word' id='word_1_264' title='bbox 1621 3024 1889 3082; x_wconf 89' lang='lat' dir='ltr'><strong>credendo</strong></span> <span class='ocrx_word' id='word_1_265' title='bbox 1917 3022 1988 3082; x_wconf 87' lang='lat' dir='ltr'><strong>ad</strong></span> 
     </span>
    </p>
   </div>
   <div class='ocr_carea' id='block_1_30' title="bbox 400 3120 1988 3194">
    <p class='ocr_par' dir='ltr' id='par_1_30' title="bbox 400 3120 1988 3194">
     <span class='ocr_line' id='line_1_30' title="bbox 400 3120 1988 3194; baseline -0.002 -14"><span class='ocrx_word' id='word_1_266' title='bbox 400 3134 601 3180; x_wconf 89' lang='lat' dir='ltr'><strong>tantam</strong></span> <span class='ocrx_word' id='word_1_267' title='bbox 632 3124 970 3182; x_wconf 89' lang='lat' dir='ltr'><strong>dilectionem</strong></span> <span class='ocrx_word' id='word_1_268' title='bbox 1009 3123 1178 3179; x_wconf 88' lang='lat' dir='ltr'><strong>sancti</strong></span> <span class='ocrx_word' id='word_1_269' title='bbox 1208 3120 1489 3193; x_wconf 86' lang='lat' dir='ltr'><strong>pervenire</strong></span> <span class='ocrx_word' id='word_1_270' title='bbox 1529 3129 1853 3192; x_wconf 89' lang='lat' dir='ltr'><strong>potuerunt,</strong></span> <span class='ocrx_word' id='word_1_271' title='bbox 1879 3134 1988 3194; x_wconf 84' lang='lat' dir='ltr'><strong>qua</strong></span> 
     </span>
    </p>
   </div>
   <div class='ocr_carea' id='block_1_31' title="bbox 399 3210 1989 3285">
    <p class='ocr_par' dir='ltr' id='par_1_31' title="bbox 399 3210 1989 3285">
     <span class='ocr_line' id='line_1_31' title="bbox 399 3210 1989 3285; baseline -0.002 -14"><span class='ocrx_word' id='word_1_272' title='bbox 399 3225 545 3273; x_wconf 87' lang='lat' dir='ltr'><strong>certe</strong></span> <span class='ocrx_word' id='word_1_273' title='bbox 584 3215 840 3285; x_wconf 85' lang='lat' dir='ltr'><strong>majorem</strong></span> <span class='ocrx_word' id='word_1_274' title='bbox 887 3214 939 3269; x_wconf 90' lang='lat' dir='ltr'><strong>in</strong></span> <span class='ocrx_word' id='word_1_275' title='bbox 971 3213 1072 3271; x_wconf 90' lang='lat' dir='ltr'><strong>hac</strong></span> <span class='ocrx_word' id='word_1_276' title='bbox 1100 3213 1208 3270; x_wconf 83' lang='lat' dir='ltr'><strong>vita</strong></span> <span class='ocrx_word' id='word_1_277' title='bbox 1238 3227 1358 3269; x_wconf 88' lang='lat' dir='ltr'><strong>esse</strong></span> <span class='ocrx_word' id='word_1_278' title='bbox 1407 3226 1516 3267; x_wconf 94' lang='lat' dir='ltr'><strong>non</strong></span> <span class='ocrx_word' id='word_1_279' title='bbox 1544 3226 1701 3283; x_wconf 88' lang='lat' dir='ltr'><strong>posse</strong></span> <span class='ocrx_word' id='word_1_280' title='bbox 1731 3210 1989 3268; x_wconf 86' lang='lat' dir='ltr'><strong>Dominus</strong></span> 
     </span>
    </p>
   </div>
   <div class='ocr_carea' id='block_1_32' title="bbox 403 3301 1990 3380">
    <p class='ocr_par' dir='ltr' id='par_1_32' title="bbox 403 3301 1990 3380">
     <span class='ocr_line' id='line_1_32' title="bbox 403 3301 1990 3380; baseline -0.002 -16"><span class='ocrx_word' id='word_1_281' title='bbox 403 3309 519 3380; x_wconf 91' lang='lat' dir='ltr'><strong>ipse</strong></span> <span class='ocrx_word' id='word_1_282' title='bbox 542 3318 764 3364; x_wconf 88' lang='lat' dir='ltr'><strong>testatus</strong></span> <span class='ocrx_word' id='word_1_283' title='bbox 789 3317 869 3364; x_wconf 89' lang='lat' dir='ltr'><strong>est</strong></span> <span class='ocrx_word' id='word_1_284' title='bbox 888 3349 904 3376; x_wconf 95' lang='lat'><strong>,</strong></span> <span class='ocrx_word' id='word_1_285' title='bbox 936 3317 996 3364; x_wconf 92' lang='lat' dir='ltr'><strong>ut</strong></span> <span class='ocrx_word' id='word_1_286' title='bbox 1015 3310 1246 3363; x_wconf 89' lang='lat' dir='ltr'><strong>animam</strong></span> <span class='ocrx_word' id='word_1_287' title='bbox 1276 3320 1427 3361; x_wconf 91' lang='lat' dir='ltr'><strong>suam</strong></span> <span class='ocrx_word' id='word_1_288' title='bbox 1459 3320 1559 3376; x_wconf 90' lang='lat' dir='ltr'><strong>pro</strong></span> <span class='ocrx_word' id='word_1_289' title='bbox 1587 3301 1693 3360; x_wconf 86' lang='lat' dir='ltr'><strong>fide</strong></span> <span class='ocrx_word' id='word_1_290' title='bbox 1716 3304 1802 3361; x_wconf 86' lang='lat' dir='ltr'><strong>vel</strong></span> <span class='ocrx_word' id='word_1_291' title='bbox 1838 3303 1862 3337; x_wconf 74' lang='grc'>⁸</span> <span class='ocrx_word' id='word_1_292' title='bbox 1889 3317 1990 3377; x_wconf 89' lang='lat' dir='ltr'><strong>pro</strong></span> 
     </span>
    </p>
   </div>
   <div class='ocr_carea' id='block_1_33' title="bbox 403 3394 1992 3473">
    <p class='ocr_par' dir='ltr' id='par_1_33' title="bbox 403 3394 1992 3473">
     <span class='ocr_line' id='line_1_33' title="bbox 403 3394 1992 3473; baseline -0.003 -17"><span class='ocrx_word' id='word_1_293' title='bbox 403 3400 654 3458; x_wconf 84' lang='lat' dir='ltr'><strong>fratribus</strong></span> <span class='ocrx_word' id='word_1_294' title='bbox 682 3409 945 3473; x_wconf 88' lang='lat' dir='ltr'><strong>ponerent</strong></span> <span class='ocrx_word' id='word_1_295' title='bbox 973 3398 1151 3472; x_wconf 85' lang='lat' dir='ltr'><strong>(Joan.</strong></span> <span class='ocrx_word' id='word_1_296' title='bbox 1183 3415 1252 3454; x_wconf 81' lang='lat' dir='ltr'><strong>xv</strong></span> <span class='ocrx_word' id='word_1_297' title='bbox 1274 3440 1291 3467; x_wconf 93' lang='lat'><strong>,</strong></span> <span class='ocrx_word' id='word_1_298' title='bbox 1320 3398 1412 3468; x_wconf 77' lang='grc'><strong>1⁸5)</strong></span> <span class='ocrx_word' id='word_1_299' title='bbox 1446 3414 1460 3451; x_wconf 91' lang='lat'>:</span> <span class='ocrx_word' id='word_1_300' title='bbox 1491 3411 1615 3452; x_wconf 92' lang='lat' dir='ltr'><strong>cum</strong></span> <span class='ocrx_word' id='word_1_301' title='bbox 1635 3396 1702 3451; x_wconf 88' lang='lat' dir='ltr'><strong>ab</strong></span> <span class='ocrx_word' id='word_1_302' title='bbox 1721 3394 1822 3451; x_wconf 90' lang='lat' dir='ltr'><strong>hac</strong></span> <span class='ocrx_word' id='word_1_303' title='bbox 1835 3410 1992 3468; x_wconf 89' lang='lat' dir='ltr'><strong>pere-</strong></span> 
     </span>
    </p>
   </div>
   <div class='ocr_carea' id='block_1_34' title="bbox 402 3485 1987 3567">
    <p class='ocr_par' dir='ltr' id='par_1_34' title="bbox 402 3485 1987 3567">
     <span class='ocr_line' id='line_1_34' title="bbox 402 3485 1987 3567; baseline -0.005 -17"><span class='ocrx_word' id='word_1_304' title='bbox 402 3495 702 3567; x_wconf 87' lang='lat' dir='ltr'><strong>grinatione</strong></span> <span class='ocrx_word' id='word_1_305' title='bbox 741 3494 792 3549; x_wconf 89' lang='lat' dir='ltr'><strong>in</strong></span> <span class='ocrx_word' id='word_1_306' title='bbox 819 3507 920 3565; x_wconf 87' lang='lat' dir='ltr'><strong>qua</strong></span> <span class='ocrx_word' id='word_1_307' title='bbox 949 3509 1043 3563; x_wconf 90' lang='lat' dir='ltr'><strong>per</strong></span> <span class='ocrx_word' id='word_1_308' title='bbox 1071 3490 1229 3547; x_wconf 86' lang='lat' dir='ltr'><strong>fidem</strong></span> <span class='ocrx_word' id='word_1_309' title='bbox 1258 3504 1401 3545; x_wconf 90' lang='lat' dir='ltr'><strong>nunc</strong></span> <span class='ocrx_word' id='word_1_310' title='bbox 1438 3487 1741 3543; x_wconf 87' lang='lat' dir='ltr'><strong>ambulatur</strong></span> <span class='ocrx_word' id='word_1_311' title='bbox 1773 3486 1837 3562; x_wconf 94' lang='lat' dir='ltr'><strong>(ll</strong></span> <span class='ocrx_word' id='word_1_312' title='bbox 1867 3485 1987 3544; x_wconf 87' lang='lat' dir='ltr'><strong>Cor.</strong></span> 
     </span>
    </p>
   </div>
   <div class='ocr_carea' id='block_1_35' title="bbox 406 3578 1989 3659">
    <p class='ocr_par' dir='ltr' id='par_1_35' title="bbox 406 3578 1989 3659">
     <span class='ocr_line' id='line_1_35' title="bbox 406 3578 1989 3659; baseline -0.004 -18"><span class='ocrx_word' id='word_1_313' title='bbox 406 3602 472 3653; x_wconf 90' lang='lat' dir='ltr'><strong>v,</strong></span> <span class='ocrx_word' id='word_1_314' title='bbox 500 3587 593 3659; x_wconf 88' lang='lat'><strong>7),</strong></span> <span class='ocrx_word' id='word_1_315' title='bbox 625 3594 937 3657; x_wconf 83' lang='lat' dir='ltr'><strong>perventum</strong></span> <span class='ocrx_word' id='word_1_316' title='bbox 994 3584 1097 3640; x_wconf 90' lang='lat' dir='ltr'><strong>erit</strong></span> <span class='ocrx_word' id='word_1_317' title='bbox 1140 3581 1207 3638; x_wconf 89' lang='lat' dir='ltr'><strong>ad</strong></span> <span class='ocrx_word' id='word_1_318' title='bbox 1237 3581 1510 3654; x_wconf 90' lang='lat' dir='ltr'><strong>speciem,</strong></span> <span class='ocrx_word' id='word_1_319' title='bbox 1555 3596 1715 3651; x_wconf 90' lang='lat' dir='ltr'><strong>quam</strong></span> <span class='ocrx_word' id='word_1_320' title='bbox 1755 3578 1989 3635; x_wconf 90' lang='lat' dir='ltr'><strong>nondum</strong></span> 
     </span>
    </p>
   </div>
   <div class='ocr_carea' id='block_1_36' title="bbox 403 3672 1991 3748">
    <p class='ocr_par' dir='ltr' id='par_1_36' title="bbox 403 3672 1991 3748">
     <span class='ocr_line' id='line_1_36' title="bbox 403 3672 1991 3748; baseline -0.005 -14"><span class='ocrx_word' id='word_1_321' title='bbox 403 3679 574 3735; x_wconf 90' lang='lat' dir='ltr'><strong>visam</strong></span> <span class='ocrx_word' id='word_1_322' title='bbox 618 3691 896 3748; x_wconf 87' lang='lat' dir='ltr'><strong>speramus</strong></span> <span class='ocrx_word' id='word_1_323' title='bbox 934 3718 949 3742; x_wconf 93' lang='lat'><strong>,</strong></span> <span class='ocrx_word' id='word_1_324' title='bbox 999 3685 1052 3730; x_wconf 87' lang='lat' dir='ltr'><strong>et</strong></span> <span class='ocrx_word' id='word_1_325' title='bbox 1100 3689 1197 3745; x_wconf 89' lang='lat' dir='ltr'><strong>per</strong></span> <span class='ocrx_word' id='word_1_326' title='bbox 1248 3672 1557 3743; x_wconf 83' lang='lat' dir='ltr'><strong>patientiam</strong></span> <span class='ocrx_word' id='word_1_327' title='bbox 1616 3677 1991 3742; x_wconf 82' lang='lat' dir='ltr'><strong>exspectamus</strong></span> 
     </span>
    </p>
   </div>
   <div class='ocr_carea' id='block_1_37' title="bbox 408 3763 1992 3843">
    <p class='ocr_par' dir='ltr' id='par_1_37' title="bbox 408 3763 1992 3843">
     <span class='ocr_line' id='line_1_37' title="bbox 408 3763 1992 3843; baseline -0.004 -16"><span class='ocrx_word' id='word_1_328' title='bbox 408 3770 586 3843; x_wconf 86' lang='lat' dir='ltr'><strong>(Rom.</strong></span> <span class='ocrx_word' id='word_1_329' title='bbox 619 3786 711 3825; x_wconf 77' lang='lat' dir='ltr'><strong>vni</strong></span> <span class='ocrx_word' id='word_1_330' title='bbox 730 3810 745 3837; x_wconf 94' lang='lat'><strong>,</strong></span> <span class='ocrx_word' id='word_1_331' title='bbox 773 3767 865 3841; x_wconf 74' lang='lat'><strong>25)</strong></span> <span class='ocrx_word' id='word_1_332' title='bbox 885 3810 901 3834; x_wconf 92' lang='lat'><strong>,</strong></span> <span class='ocrx_word' id='word_1_333' title='bbox 936 3768 1116 3839; x_wconf 85' lang='lat' dir='ltr'><strong>procul</strong></span> <span class='ocrx_word' id='word_1_334' title='bbox 1135 3766 1297 3822; x_wconf 87' lang='lat' dir='ltr'><strong>dubio</strong></span> <span class='ocrx_word' id='word_1_335' title='bbox 1323 3775 1375 3822; x_wconf 92' lang='lat' dir='ltr'><strong>et</strong></span> <span class='ocrx_word' id='word_1_336' title='bbox 1396 3766 1506 3843; x_wconf 88' lang='lat' dir='ltr'><strong>ipsa</strong></span> <span class='ocrx_word' id='word_1_337' title='bbox 1536 3763 1753 3820; x_wconf 91' lang='lat' dir='ltr'><strong>dilectio</strong></span> <span class='ocrx_word' id='word_1_338' title='bbox 1769 3778 1873 3820; x_wconf 88' lang='lat' dir='ltr'><strong>non</strong></span> <span class='ocrx_word' id='word_1_339' title='bbox 1899 3777 1992 3820; x_wconf 89' lang='lat' dir='ltr'><strong>so-</strong></span> 
     </span>
    </p>
   </div>
   <div class='ocr_carea' id='block_1_38' title="bbox 409 3856 1992 3932">
    <p class='ocr_par' dir='ltr' id='par_1_38' title="bbox 409 3856 1992 3932">
     <span class='ocr_line' id='line_1_38' title="bbox 409 3856 1992 3932; baseline -0.004 -15"><span class='ocrx_word' id='word_1_340' title='bbox 409 3862 524 3918; x_wconf 85' lang='lat' dir='ltr'><strong>lum</strong></span> <span class='ocrx_word' id='word_1_341' title='bbox 549 3876 706 3932; x_wconf 86' lang='lat' dir='ltr'><strong>supra</strong></span> <span class='ocrx_word' id='word_1_342' title='bbox 733 3876 890 3931; x_wconf 85' lang='lat' dir='ltr'><strong>quam</strong></span> <span class='ocrx_word' id='word_1_343' title='bbox 921 3860 1009 3916; x_wconf 91' lang='lat' dir='ltr'><strong>hic</strong></span> <span class='ocrx_word' id='word_1_344' title='bbox 1030 3859 1287 3915; x_wconf 88' lang='lat' dir='ltr'><strong>habemus</strong></span> <span class='ocrx_word' id='word_1_345' title='bbox 1311 3901 1326 3928; x_wconf 89' lang='lat'><strong>,</strong></span> <span class='ocrx_word' id='word_1_346' title='bbox 1351 3856 1444 3914; x_wconf 89' lang='lat' dir='ltr'><strong>sed</strong></span> <span class='ocrx_word' id='word_1_347' title='bbox 1474 3858 1629 3928; x_wconf 88' lang='lat' dir='ltr'><strong>longe</strong></span> <span class='ocrx_word' id='word_1_348' title='bbox 1649 3872 1809 3927; x_wconf 86' lang='lat' dir='ltr'><strong>supra</strong></span> <span class='ocrx_word' id='word_1_349' title='bbox 1834 3871 1992 3929; x_wconf 87' lang='lat' dir='ltr'><strong>quam</strong></span> 
     </span>
    </p>
   </div>
   <div class='ocr_carea' id='block_1_39' title="bbox 409 3946 1995 4029">
    <p class='ocr_par' dir='ltr' id='par_1_39' title="bbox 409 3946 1995 4029">
     <span class='ocr_line' id='line_1_39' title="bbox 409 3946 1995 4029; baseline -0.004 -21"><span class='ocrx_word' id='word_1_350' title='bbox 409 3952 639 4029; x_wconf 88' lang='lat' dir='ltr'><strong>petimus</strong></span> <span class='ocrx_word' id='word_1_351' title='bbox 670 3960 722 4008; x_wconf 91' lang='lat' dir='ltr'><strong>et</strong></span> <span class='ocrx_word' id='word_1_352' title='bbox 744 3951 1086 4023; x_wconf 77' lang='lat' dir='ltr'><strong>intelligimus</strong></span> <span class='ocrx_word' id='word_1_353' title='bbox 1111 3952 1214 4007; x_wconf 91' lang='lat' dir='ltr'><strong>erit</strong></span> <span class='ocrx_word' id='word_1_354' title='bbox 1238 3947 1453 4022; x_wconf 83' lang='lat' dir='ltr'><strong>(Ephes.</strong></span> <span class='ocrx_word' id='word_1_355' title='bbox 1479 3964 1535 4004; x_wconf 86' lang='grc' dir='ltr'><strong>ιιι</strong></span> <span class='ocrx_word' id='word_1_356' title='bbox 1556 3990 1569 4015; x_wconf 90' lang='grc'><em>,</em></span> <span class='ocrx_word' id='word_1_357' title='bbox 1592 3946 1721 4021; x_wconf 77' lang='lat'><strong>20);</strong></span> <span class='ocrx_word' id='word_1_358' title='bbox 1752 3963 1850 4005; x_wconf 90' lang='lat' dir='ltr'><strong>nec</strong></span> <span class='ocrx_word' id='word_1_359' title='bbox 1875 3947 1995 4002; x_wconf 91' lang='lat' dir='ltr'><strong>ideo</strong></span> 
     </span>
    </p>
   </div>
   <div class='ocr_carea' id='block_1_40' title="bbox 412 4039 1995 4114">
    <p class='ocr_par' dir='ltr' id='par_1_40' title="bbox 412 4039 1995 4114">
     <span class='ocr_line' id='line_1_40' title="bbox 412 4039 1995 4114; baseline -0.004 -15"><span class='ocrx_word' id='word_1_360' title='bbox 412 4056 589 4099; x_wconf 90' lang='lat' dir='ltr'><strong>tamen</strong></span> <span class='ocrx_word' id='word_1_361' title='bbox 610 4043 726 4114; x_wconf 85' lang='lat' dir='ltr'><strong>plus</strong></span> <span class='ocrx_word' id='word_1_362' title='bbox 757 4057 877 4098; x_wconf 86' lang='lat' dir='ltr'><strong>esse</strong></span> <span class='ocrx_word' id='word_1_363' title='bbox 902 4042 1095 4114; x_wconf 90' lang='lat' dir='ltr'><strong>poterit</strong></span> <span class='ocrx_word' id='word_1_364' title='bbox 1119 4082 1133 4103; x_wconf 84' lang='lat'><strong>,</strong></span> <span class='ocrx_word' id='word_1_365' title='bbox 1157 4057 1313 4112; x_wconf 89' lang='lat' dir='ltr'><strong>quam</strong></span> <span class='ocrx_word' id='word_1_366' title='bbox 1339 4055 1403 4096; x_wconf 83' lang='lat' dir='ltr'><strong>ex</strong></span> <span class='ocrx_word' id='word_1_367' title='bbox 1432 4047 1542 4095; x_wconf 90' lang='lat' dir='ltr'><strong>toto</strong></span> <span class='ocrx_word' id='word_1_368' title='bbox 1567 4039 1729 4094; x_wconf 89' lang='lat' dir='ltr'><strong>corde</strong></span> <span class='ocrx_word' id='word_1_369' title='bbox 1748 4081 1762 4105; x_wconf 92' lang='lat'><strong>,</strong></span> <span class='ocrx_word' id='word_1_370' title='bbox 1799 4054 1865 4093; x_wconf 86' lang='lat' dir='ltr'><strong>ex</strong></span> <span class='ocrx_word' id='word_1_371' title='bbox 1886 4046 1995 4093; x_wconf 92' lang='lat' dir='ltr'><strong>tota</strong></span> 
     </span>
    </p>
   </div>
   <div class='ocr_carea' id='block_1_41' title="bbox 413 4129 1997 4203">
    <p class='ocr_par' dir='ltr' id='par_1_41' title="bbox 413 4129 1997 4203">
     <span class='ocr_line' id='line_1_41' title="bbox 413 4129 1997 4203; baseline -0.003 -13"><span class='ocrx_word' id='word_1_372' title='bbox 413 4137 611 4200; x_wconf 87' lang='lat' dir='ltr'><strong>anima,</strong></span> <span class='ocrx_word' id='word_1_373' title='bbox 636 4150 698 4190; x_wconf 76' lang='lat' dir='ltr'><strong>ex</strong></span> <span class='ocrx_word' id='word_1_374' title='bbox 731 4143 833 4189; x_wconf 88' lang='lat' dir='ltr'><strong>tota</strong></span> <span class='ocrx_word' id='word_1_375' title='bbox 859 4141 1057 4189; x_wconf 89' lang='lat' dir='ltr'><strong>mente.</strong></span> <span class='ocrx_word' id='word_1_376' title='bbox 1088 4132 1271 4203; x_wconf 80' lang='lat' dir='ltr'><strong>Neque</strong></span> <span class='ocrx_word' id='word_1_377' title='bbox 1297 4133 1439 4189; x_wconf 90' lang='lat' dir='ltr'><strong>enim</strong></span> <span class='ocrx_word' id='word_1_378' title='bbox 1462 4139 1630 4187; x_wconf 89' lang='lat' dir='ltr'><strong>restat</strong></span> <span class='ocrx_word' id='word_1_379' title='bbox 1645 4131 1697 4185; x_wconf 90' lang='lat' dir='ltr'><strong>in</strong></span> <span class='ocrx_word' id='word_1_380' title='bbox 1722 4129 1875 4185; x_wconf 90' lang='lat' dir='ltr'><strong>nobis</strong></span> <span class='ocrx_word' id='word_1_381' title='bbox 1899 4129 1997 4185; x_wconf 88' lang='lat' dir='ltr'><strong>ali-</strong></span> 
     </span>
    </p>
   </div>
   <div class='ocr_carea' id='block_1_42' title="bbox 413 4220 1995 4297">
    <p class='ocr_par' dir='ltr' id='par_1_42' title="bbox 413 4220 1995 4297">
     <span class='ocr_line' id='line_1_42' title="bbox 413 4220 1995 4297; baseline -0.003 -17"><span class='ocrx_word' id='word_1_382' title='bbox 413 4225 539 4297; x_wconf 86' lang='lat' dir='ltr'><strong>quid</strong></span> <span class='ocrx_word' id='word_1_383' title='bbox 555 4224 693 4297; x_wconf 90' lang='lat' dir='ltr'><strong>quod</strong></span> <span class='ocrx_word' id='word_1_384' title='bbox 712 4224 830 4279; x_wconf 79' lang='lat' dir='ltr'><strong>addi</strong></span> <span class='ocrx_word' id='word_1_385' title='bbox 851 4224 1017 4295; x_wconf 88' lang='lat' dir='ltr'><strong>possit</strong></span> <span class='ocrx_word' id='word_1_386' title='bbox 1036 4224 1101 4279; x_wconf 90' lang='lat' dir='ltr'><strong>ad</strong></span> <span class='ocrx_word' id='word_1_387' title='bbox 1121 4232 1317 4289; x_wconf 84' lang='lat' dir='ltr'><strong>totum;</strong></span> <span class='ocrx_word' id='word_1_388' title='bbox 1341 4223 1463 4294; x_wconf 86' lang='lat' dir='ltr'><strong>quia</strong></span> <span class='ocrx_word' id='word_1_389' title='bbox 1481 4221 1523 4277; x_wconf 90' lang='lat' dir='ltr'><strong>si</strong></span> <span class='ocrx_word' id='word_1_390' title='bbox 1543 4221 1761 4277; x_wconf 87' lang='lat' dir='ltr'><strong>restabit</strong></span> <span class='ocrx_word' id='word_1_391' title='bbox 1776 4220 1995 4291; x_wconf 90' lang='lat' dir='ltr'><strong>aliquid,</strong></span> 
     </span>
    </p>
   </div>
   <div class='ocr_carea' id='block_1_43' title="bbox 412 4312 1999 4383">
    <p class='ocr_par' dir='ltr' id='par_1_43' title="bbox 412 4312 1999 4383">
     <span class='ocr_line' id='line_1_43' title="bbox 412 4312 1999 4383; baseline -0.003 -11"><span class='ocrx_word' id='word_1_392' title='bbox 412 4313 542 4372; x_wconf 87' lang='lat' dir='ltr'><strong>illud</strong></span> <span class='ocrx_word' id='word_1_393' title='bbox 568 4330 671 4371; x_wconf 91' lang='lat' dir='ltr'><strong>non</strong></span> <span class='ocrx_word' id='word_1_394' title='bbox 690 4316 791 4371; x_wconf 85' lang='lat' dir='ltr'><strong>erit</strong></span> <span class='ocrx_word' id='word_1_395' title='bbox 811 4324 998 4371; x_wconf 91' lang='lat' dir='ltr'><strong>totum.</strong></span> <span class='ocrx_word' id='word_1_396' title='bbox 1017 4313 1248 4370; x_wconf 86' lang='lat' dir='ltr'><strong>Proinde</strong></span> <span class='ocrx_word' id='word_1_397' title='bbox 1265 4313 1368 4369; x_wconf 92' lang='lat' dir='ltr'><strong>hoc</strong></span> <span class='ocrx_word' id='word_1_398' title='bbox 1382 4312 1406 4346; x_wconf 82' lang='lat'><strong>&#39;</strong></span> <span class='ocrx_word' id='word_1_399' title='bbox 1428 4313 1652 4383; x_wconf 90' lang='lat' dir='ltr'><strong>primum</strong></span> <span class='ocrx_word' id='word_1_400' title='bbox 1676 4319 1999 4382; x_wconf 74' lang='lat' dir='ltr'><strong>praeceptum</strong></span> 
     </span>
    </p>
   </div>
   <div class='ocr_carea' id='block_1_44' title="bbox 409 4402 2002 4479">
    <p class='ocr_par' dir='ltr' id='par_1_44' title="bbox 409 4402 2002 4479">
     <span class='ocr_line' id='line_1_44' title="bbox 409 4402 2002 4479; baseline -0.004 -16"><span class='ocrx_word' id='word_1_401' title='bbox 409 4404 651 4478; x_wconf 74' lang='lat' dir='ltr'><strong>justitite,</strong></span> <span class='ocrx_word' id='word_1_402' title='bbox 673 4423 778 4479; x_wconf 89' lang='lat' dir='ltr'><strong>quo</strong></span> <span class='ocrx_word' id='word_1_403' title='bbox 796 4406 1048 4478; x_wconf 86' lang='lat' dir='ltr'><strong>juhemur</strong></span> <span class='ocrx_word' id='word_1_404' title='bbox 1067 4404 1288 4476; x_wconf 88' lang='lat' dir='ltr'><strong>diligere</strong></span> <span class='ocrx_word' id='word_1_405' title='bbox 1315 4404 1480 4459; x_wconf 87' lang='lat' dir='ltr'><strong>Deum</strong></span> <span class='ocrx_word' id='word_1_406' title='bbox 1502 4419 1565 4458; x_wconf 79' lang='lat' dir='ltr'><strong>ex</strong></span> <span class='ocrx_word' id='word_1_407' title='bbox 1588 4412 1697 4458; x_wconf 93' lang='lat' dir='ltr'><strong>toto</strong></span> <span class='ocrx_word' id='word_1_408' title='bbox 1726 4402 1916 4470; x_wconf 90' lang='lat' dir='ltr'><strong>corde,</strong></span> <span class='ocrx_word' id='word_1_409' title='bbox 1944 4410 2002 4459; x_wconf 92' lang='lat' dir='ltr'><strong>et</strong></span> 
     </span>
    </p>
   </div>
   <div class='ocr_carea' id='block_1_45' title="bbox 414 4483 2002 4566">
    <p class='ocr_par' dir='ltr' id='par_1_45' title="bbox 414 4483 2002 4566">
     <span class='ocr_line' id='line_1_45' title="bbox 414 4483 2002 4566; baseline -0.005 -11"><span class='ocrx_word' id='word_1_410' title='bbox 414 4515 478 4555; x_wconf 82' lang='lat' dir='ltr'><strong>ex</strong></span> <span class='ocrx_word' id='word_1_411' title='bbox 502 4508 609 4554; x_wconf 87' lang='lat' dir='ltr'><strong>tota</strong></span> <span class='ocrx_word' id='word_1_412' title='bbox 631 4501 828 4566; x_wconf 88' lang='lat' dir='ltr'><strong>anima,</strong></span> <span class='ocrx_word' id='word_1_413' title='bbox 851 4506 905 4554; x_wconf 88' lang='lat' dir='ltr'><strong>et</strong></span> <span class='ocrx_word' id='word_1_414' title='bbox 920 4483 986 4553; x_wconf 63' lang='lat' dir='ltr'><strong>ex</strong></span> <span class='ocrx_word' id='word_1_415' title='bbox 1010 4505 1117 4553; x_wconf 89' lang='lat' dir='ltr'><strong>tota</strong></span> <span class='ocrx_word' id='word_1_416' title='bbox 1140 4504 1336 4561; x_wconf 90' lang='lat' dir='ltr'><strong>mente,</strong></span> <span class='ocrx_word' id='word_1_417' title='bbox 1358 4495 1443 4550; x_wconf 90' lang='lat' dir='ltr'><strong>cui</strong></span> <span class='ocrx_word' id='word_1_418' title='bbox 1468 4506 1554 4549; x_wconf 91' lang='lat' dir='ltr'><strong>est</strong></span> <span class='ocrx_word' id='word_1_419' title='bbox 1582 4493 1648 4548; x_wconf 92' lang='lat' dir='ltr'><strong>de</strong></span> <span class='ocrx_word' id='word_1_420' title='bbox 1665 4495 1907 4564; x_wconf 79' lang='lat' dir='ltr'><strong>proximo</strong></span> <span class='ocrx_word' id='word_1_421' title='bbox 1928 4492 2002 4548; x_wconf 88' lang='lat' dir='ltr'><strong>di-</strong></span> 
     </span>
    </p>
   </div>
   <div class='ocr_carea' id='block_1_46' title="bbox 414 4583 1998 4662">
    <p class='ocr_par' dir='ltr' id='par_1_46' title="bbox 414 4583 1998 4662">
     <span class='ocr_line' id='line_1_46' title="bbox 414 4583 1998 4662; baseline -0.004 -16"><span class='ocrx_word' id='word_1_422' title='bbox 414 4590 628 4662; x_wconf 86' lang='lat' dir='ltr'><strong>ligendo</strong></span> <span class='ocrx_word' id='word_1_423' title='bbox 647 4590 876 4644; x_wconf 89' lang='lat' dir='ltr'><strong>alterum</strong></span> <span class='ocrx_word' id='word_1_424' title='bbox 902 4603 1239 4658; x_wconf 89' lang='lat' dir='ltr'><strong>consequens</strong></span> <span class='ocrx_word' id='word_1_425' title='bbox 1260 4629 1274 4654; x_wconf 96' lang='lat'><strong>,</strong></span> <span class='ocrx_word' id='word_1_426' title='bbox 1304 4586 1356 4640; x_wconf 93' lang='lat' dir='ltr'><strong>in</strong></span> <span class='ocrx_word' id='word_1_427' title='bbox 1380 4585 1466 4640; x_wconf 87' lang='lat' dir='ltr'><strong>illa</strong></span> <span class='ocrx_word' id='word_1_428' title='bbox 1499 4583 1607 4639; x_wconf 90' lang='lat' dir='ltr'><strong>vita</strong></span> <span class='ocrx_word' id='word_1_429' title='bbox 1634 4583 1998 4654; x_wconf 89' lang='lat' dir='ltr'><strong>implebimus,</strong></span> 
     </span>
    </p>
   </div>
   <div class='ocr_carea' id='block_1_47' title="bbox 417 4673 2004 4737">
    <p class='ocr_par' dir='ltr' id='par_1_47' title="bbox 417 4673 2004 4737">
     <span class='ocr_line' id='line_1_47' title="bbox 417 4673 2004 4737; baseline -0.004 0"><span class='ocrx_word' id='word_1_430' title='bbox 417 4695 539 4737; x_wconf 88' lang='lat' dir='ltr'><strong>cum</strong></span> <span class='ocrx_word' id='word_1_431' title='bbox 567 4680 863 4735; x_wconf 80' lang='lat' dir='ltr'><strong>videbimus</strong></span> <span class='ocrx_word' id='word_1_432' title='bbox 890 4679 1025 4734; x_wconf 82' lang='lat' dir='ltr'><strong>faeie</strong></span> <span class='ocrx_word' id='word_1_433' title='bbox 1052 4678 1117 4733; x_wconf 87' lang='lat' dir='ltr'><strong>ad</strong></span> <span class='ocrx_word' id='word_1_434' title='bbox 1142 4677 1350 4734; x_wconf 77' lang='lat' dir='ltr'><strong>faciem.</strong></span> <span class='ocrx_word' id='word_1_435' title='bbox 1400 4674 1508 4732; x_wconf 90' lang='lat' dir='ltr'><strong>Sed</strong></span> <span class='ocrx_word' id='word_1_436' title='bbox 1544 4673 1666 4730; x_wconf 88' lang='lat' dir='ltr'><strong>ideo</strong></span> <span class='ocrx_word' id='word_1_437' title='bbox 1709 4674 1861 4730; x_wconf 88' lang='lat' dir='ltr'><strong>nobis</strong></span> <span class='ocrx_word' id='word_1_438' title='bbox 1898 4674 2004 4731; x_wconf 89' lang='lat' dir='ltr'><strong>hoc</strong></span> 
     </span>
    </p>
   </div>
   <div class='ocr_carea' id='block_1_48' title="bbox 422 4766 2004 4843">
    <p class='ocr_par' dir='ltr' id='par_1_48' title="bbox 422 4766 2004 4843">
     <span class='ocr_line' id='line_1_48' title="bbox 422 4766 2004 4843; baseline -0.004 -13"><span class='ocrx_word' id='word_1_439' title='bbox 422 4774 583 4830; x_wconf 86' lang='lat' dir='ltr'><strong>etiam</strong></span> <span class='ocrx_word' id='word_1_440' title='bbox 606 4788 747 4828; x_wconf 89' lang='lat' dir='ltr'><strong>nunc</strong></span> <span class='ocrx_word' id='word_1_441' title='bbox 775 4780 1098 4843; x_wconf 74' lang='lat' dir='ltr'><strong>praeceptum</strong></span> <span class='ocrx_word' id='word_1_442' title='bbox 1129 4779 1211 4825; x_wconf 86' lang='lat' dir='ltr'><strong>est</strong></span> <span class='ocrx_word' id='word_1_443' title='bbox 1236 4812 1251 4837; x_wconf 92' lang='lat'><strong>,</strong></span> <span class='ocrx_word' id='word_1_444' title='bbox 1294 4777 1353 4824; x_wconf 92' lang='lat' dir='ltr'><strong>ut</strong></span> <span class='ocrx_word' id='word_1_445' title='bbox 1399 4767 1842 4836; x_wconf 89' lang='lat' dir='ltr'><strong>admoneremur,</strong></span> <span class='ocrx_word' id='word_1_446' title='bbox 1874 4766 2004 4838; x_wconf 89' lang='lat' dir='ltr'><strong>quid</strong></span> 
     </span>
    </p>
   </div>
   <div class='ocr_carea' id='block_1_49' title="bbox 421 4856 2005 4934">
    <p class='ocr_par' dir='ltr' id='par_1_49' title="bbox 421 4856 2005 4934">
     <span class='ocr_line' id='line_1_49' title="bbox 421 4856 2005 4934; baseline -0.004 -14"><span class='ocrx_word' id='word_1_447' title='bbox 421 4862 526 4921; x_wconf 73' lang='lat' dir='ltr'><strong>ﬁde</strong></span> <span class='ocrx_word' id='word_1_448' title='bbox 540 4879 831 4934; x_wconf 70' lang='lat' dir='ltr'><strong>cXposccre</strong></span> <span class='ocrx_word' id='word_1_449' title='bbox 851 4906 865 4931; x_wconf 92' lang='lat'><strong>,</strong></span> <span class='ocrx_word' id='word_1_450' title='bbox 890 4877 995 4933; x_wconf 86' lang='lat' dir='ltr'><strong>quo</strong></span> <span class='ocrx_word' id='word_1_451' title='bbox 1017 4877 1165 4932; x_wconf 91' lang='lat' dir='ltr'><strong>spem</strong></span> <span class='ocrx_word' id='word_1_452' title='bbox 1189 4859 1538 4933; x_wconf 59' lang='lat' dir='ltr'><strong>praemittere,</strong></span> <span class='ocrx_word' id='word_1_453' title='bbox 1568 4867 1620 4913; x_wconf 92' lang='lat' dir='ltr'><strong>ct</strong></span> <span class='ocrx_word' id='word_1_454' title='bbox 1640 4856 2005 4915; x_wconf 79' lang='lat' dir='ltr'><strong>obliviscenda</strong></span> 
     </span>
    </p>
   </div>
   <div class='ocr_carea' id='block_1_50' title="bbox 318 4949 2004 5029">
    <p class='ocr_par' dir='ltr' id='par_1_50' title="bbox 318 4949 2004 5029">
     <span class='ocr_line' id='line_1_50' title="bbox 318 4949 2004 5029; baseline 0 -21"><span class='ocrx_word' id='word_1_455' title='bbox 318 4966 349 5029; x_wconf 49' lang='grc' dir='ltr'><strong>ᾖ</strong></span> <span class='ocrx_word' id='word_1_456' title='bbox 420 4973 541 5029; x_wconf 77' lang='lat' dir='ltr'><strong>quze</strong></span> <span class='ocrx_word' id='word_1_457' title='bbox 572 4967 711 5011; x_wconf 84' lang='lat' dir='ltr'><strong>retro</strong></span> <span class='ocrx_word' id='word_1_458' title='bbox 737 4964 894 5020; x_wconf 78' lang='lat' dir='ltr'><strong>sunt,</strong></span> <span class='ocrx_word' id='word_1_459' title='bbox 932 4954 983 5009; x_wconf 92' lang='lat' dir='ltr'><strong>in</strong></span> <span class='ocrx_word' id='word_1_460' title='bbox 1006 4970 1123 5026; x_wconf 68' lang='lat' dir='ltr'><strong>qua)</strong></span> <span class='ocrx_word' id='word_1_461' title='bbox 1150 4953 1417 5007; x_wconf 88' lang='lat' dir='ltr'><strong>anteriora</strong></span> <span class='ocrx_word' id='word_1_462' title='bbox 1445 4965 1540 5006; x_wconf 90' lang='lat' dir='ltr'><strong>nos</strong></span> <span class='ocrx_word' id='word_1_463' title='bbox 1583 4950 1870 5007; x_wconf 78' lang='lat' dir='ltr'><strong>extendere</strong></span> <span class='ocrx_word' id='word_1_464' title='bbox 1905 4949 2004 5007; x_wconf 88' lang='lat' dir='ltr'><strong>de-</strong></span> 
     </span>
    </p>
   </div>
   <div class='ocr_carea' id='block_1_51' title="bbox 342 5036 2057 5121">
    <p class='ocr_par' dir='ltr' id='par_1_51' title="bbox 342 5036 2057 5121">
     <span class='ocr_line' id='line_1_51' title="bbox 342 5036 2057 5121; baseline -0.005 -15"><span class='ocrx_word' id='word_1_465' title='bbox 342 5036 355 5092; x_wconf 59' lang='grc' dir='ltr'><em>ῗ</em></span> <span class='ocrx_word' id='word_1_466' title='bbox 421 5049 643 5106; x_wconf 80' lang='lat' dir='ltr'><strong>beamus</strong></span> <span class='ocrx_word' id='word_1_467' title='bbox 674 5047 931 5121; x_wconf 80' lang='lat' dir='ltr'><strong>(Philipp.</strong></span> <span class='ocrx_word' id='word_1_468' title='bbox 965 5044 1069 5117; x_wconf 86' lang='grc' dir='ltr'>ιιι).</span> <span class='ocrx_word' id='word_1_469' title='bbox 1123 5047 1199 5100; x_wconf 88' lang='lat' dir='ltr'><strong>Ac</strong></span> <span class='ocrx_word' id='word_1_470' title='bbox 1244 5060 1336 5115; x_wconf 89' lang='lat' dir='ltr'><strong>per</strong></span> <span class='ocrx_word' id='word_1_471' title='bbox 1376 5044 1512 5109; x_wconf 66' lang='lat' dir='ltr'><strong>hoc,</strong></span> <span class='ocrx_word' id='word_1_472' title='bbox 1573 5051 1827 5114; x_wconf 87' lang='lat' dir='ltr'><strong>quantum</strong></span> <span class='ocrx_word' id='word_1_473' title='bbox 1877 5043 2007 5098; x_wconf 90' lang='lat' dir='ltr'><strong>mihi</strong></span> <span class='ocrx_word' id='word_1_474' title='bbox 2053 5061 2057 5065; x_wconf 92' lang='grc'><strong>·</strong></span> 
     </span>
    </p>
   </div>
   <div class='ocr_carea' id='block_1_52' title="bbox 334 5132 2006 5207">
    <p class='ocr_par' dir='ltr' id='par_1_52' title="bbox 334 5132 2006 5207">
     <span class='ocr_line' id='line_1_52' title="bbox 334 5132 2006 5207; baseline -0.004 -11"><span class='ocrx_word' id='word_1_475' title='bbox 334 5132 357 5207; x_wconf 67' lang='grc' dir='ltr'><strong>ξ</strong></span> <span class='ocrx_word' id='word_1_476' title='bbox 430 5139 637 5195; x_wconf 78' lang='lat' dir='ltr'><strong>videtur</strong></span> <span class='ocrx_word' id='word_1_477' title='bbox 659 5180 671 5201; x_wconf 84' lang='lat'><strong>,</strong></span> <span class='ocrx_word' id='word_1_478' title='bbox 701 5138 752 5193; x_wconf 89' lang='lat' dir='ltr'><strong>in</strong></span> <span class='ocrx_word' id='word_1_479' title='bbox 776 5154 836 5194; x_wconf 85' lang='lat' dir='ltr'><strong>ea</strong></span> <span class='ocrx_word' id='word_1_480' title='bbox 869 5154 986 5207; x_wconf 74' lang='lat' dir='ltr'><strong>qua:</strong></span> <span class='ocrx_word' id='word_1_481' title='bbox 1012 5134 1335 5207; x_wconf 77' lang='lat' dir='ltr'><strong>perﬁcienda</strong></span> <span class='ocrx_word' id='word_1_482' title='bbox 1366 5134 1665 5207; x_wconf 86' lang='lat' dir='ltr'><strong>estjuslilia</strong></span> <span class='ocrx_word' id='word_1_483' title='bbox 1696 5135 1915 5189; x_wconf 88' lang='lat' dir='ltr'><strong>multum</strong></span> <span class='ocrx_word' id='word_1_484' title='bbox 1952 5135 2006 5189; x_wconf 92' lang='lat' dir='ltr'><strong>in</strong></span> 
     </span>
    </p>
   </div>
   <div class='ocr_carea' id='block_1_53' title="bbox 427 5225 2006 5300">
    <p class='ocr_par' dir='ltr' id='par_1_53' title="bbox 427 5225 2006 5300">
     <span class='ocr_line' id='line_1_53' title="bbox 427 5225 2006 5300; baseline -0.004 -12"><span class='ocrx_word' id='word_1_485' title='bbox 427 5232 530 5288; x_wconf 89' lang='lat' dir='ltr'><strong>hac</strong></span> <span class='ocrx_word' id='word_1_486' title='bbox 558 5231 660 5285; x_wconf 84' lang='lat' dir='ltr'><strong>vita</strong></span> <span class='ocrx_word' id='word_1_487' title='bbox 690 5231 779 5285; x_wconf 91' lang='lat' dir='ltr'><strong>ille</strong></span> <span class='ocrx_word' id='word_1_488' title='bbox 823 5228 1079 5300; x_wconf 86' lang='lat' dir='ltr'><strong>profecit,</strong></span> <span class='ocrx_word' id='word_1_489' title='bbox 1112 5230 1200 5298; x_wconf 88' lang='lat' dir='ltr'><strong>qui</strong></span> <span class='ocrx_word' id='word_1_490' title='bbox 1242 5243 1400 5299; x_wconf 87' lang='lat' dir='ltr'><strong>quam</strong></span> <span class='ocrx_word' id='word_1_491' title='bbox 1432 5228 1587 5298; x_wconf 91' lang='lat' dir='ltr'><strong>longe</strong></span> <span class='ocrx_word' id='word_1_492' title='bbox 1630 5227 1699 5282; x_wconf 85' lang='lat' dir='ltr'><strong>sit</strong></span> <span class='ocrx_word' id='word_1_493' title='bbox 1735 5242 1764 5281; x_wconf 90' lang='lat' dir='ltr'><strong>a</strong></span> <span class='ocrx_word' id='word_1_494' title='bbox 1795 5225 2006 5297; x_wconf 81' lang='lat' dir='ltr'><strong>perfec-</strong></span> 
     </span>
    </p>
   </div>
   <div class='ocr_carea' id='block_1_54' title="bbox 427 5314 1488 5394">
    <p class='ocr_par' dir='ltr' id='par_1_54' title="bbox 427 5314 1488 5394">
     <span class='ocr_line' id='line_1_54' title="bbox 427 5314 1488 5394; baseline -0.007 -14"><span class='ocrx_word' id='word_1_495' title='bbox 427 5314 570 5381; x_wconf 72' lang='lat' dir='ltr'><strong>tione</strong></span> <span class='ocrx_word' id='word_1_496' title='bbox 592 5324 807 5394; x_wconf 69' lang='lat' dir='ltr'><strong>jnstitia:</strong></span> <span class='ocrx_word' id='word_1_497' title='bbox 828 5364 841 5390; x_wconf 93' lang='lat'><strong>,</strong></span> <span class='ocrx_word' id='word_1_498' title='bbox 874 5314 1200 5392; x_wconf 80' lang='lat' dir='ltr'><strong>proﬁciendo</strong></span> <span class='ocrx_word' id='word_1_499' title='bbox 1219 5320 1488 5391; x_wconf 84' lang='lat' dir='ltr'><strong>cognovit.</strong></span> 
     </span>
    </p>
   </div>
   <div class='ocr_carea' id='block_1_55' title="bbox 494 5431 1300 5508">
    <p class='ocr_par' dir='ltr' id='par_1_55' title="bbox 494 5431 1300 5508">
     <span class='ocr_line' id='line_1_55' title="bbox 494 5431 1300 5508; baseline -0.007 -23"><span class='ocrx_word' id='word_1_500' title='bbox 494 5433 725 5508; x_wconf 46' lang='lat' dir='ltr'><strong>{aliquot</strong></span> <span class='ocrx_word' id='word_1_501' title='bbox 901 5442 1117 5508; x_wconf 53' lang='lat' dir='ltr'><strong>asceam</strong></span> <span class='ocrx_word' id='word_1_502' title='bbox 1135 5431 1300 5508; x_wconf 51' lang='lat' dir='ltr'><strong>tacuit:</strong></span> 
     </span>
    </p>
   </div>
   <div class='ocr_carea' id='block_1_56' title="bbox 489 5495 1429 5555">
    <p class='ocr_par' dir='ltr' id='par_1_56' title="bbox 489 5495 1429 5555">
     <span class='ocr_line' id='line_1_56' title="bbox 489 5495 1429 5555; baseline -0.003 -8"><span class='ocrx_word' id='word_1_503' title='bbox 489 5502 507 5531; x_wconf 81' lang='grc'>³</span> <span class='ocrx_word' id='word_1_504' title='bbox 524 5495 662 5555; x_wconf 77' lang='lat' dir='ltr'><strong>Fditi,</strong></span> <span class='ocrx_word' id='word_1_505' title='bbox 687 5504 768 5547; x_wconf 81' lang='lat' dir='ltr'><strong>aut</strong></span> <span class='ocrx_word' id='word_1_506' title='bbox 793 5495 876 5546; x_wconf 84' lang='lat' dir='ltr'><strong>illo</strong></span> <span class='ocrx_word' id='word_1_507' title='bbox 897 5495 1036 5546; x_wconf 86' lang='lat' dir='ltr'><strong>modo</strong></span> <span class='ocrx_word' id='word_1_508' title='bbox 1063 5497 1259 5544; x_wconf 89' lang='lat' dir='ltr'><strong>:minus</strong></span> <span class='ocrx_word' id='word_1_509' title='bbox 1283 5497 1429 5555; x_wconf 85' lang='lat' dir='ltr'><strong>bene.</strong></span> 
     </span>
    </p>
   </div>
   <div class='ocr_carea' id='block_1_57' title="bbox 491 5552 2012 5622">
    <p class='ocr_par' dir='ltr' id='par_1_57' title="bbox 491 5552 2012 5622">
     <span class='ocr_line' id='line_1_57' title="bbox 491 5552 2012 5622; baseline -0.005 -13"><span class='ocrx_word' id='word_1_510' title='bbox 491 5562 510 5593; x_wconf 79' lang='grc'><strong>³</strong></span> <span class='ocrx_word' id='word_1_511' title='bbox 534 5552 672 5621; x_wconf 76' lang='lat' dir='ltr'><strong>thti,</strong></span> <span class='ocrx_word' id='word_1_512' title='bbox 709 5565 891 5610; x_wconf 84' lang='lat' dir='ltr'><strong>tantum</strong></span> <span class='ocrx_word' id='word_1_513' title='bbox 926 5562 1041 5608; x_wconf 82' lang='lat' dir='ltr'><strong>tunc</strong></span> <span class='ocrx_word' id='word_1_514' title='bbox 1072 5554 1401 5622; x_wconf 78' lang='lat' dir='ltr'><strong>perlicicttdw.</strong></span> <span class='ocrx_word' id='word_1_515' title='bbox 1444 5552 1605 5615; x_wconf 77' lang='lat' dir='ltr'><strong>Abest,</strong></span> <span class='ocrx_word' id='word_1_516' title='bbox 1639 5556 1770 5614; x_wconf 66' lang='lat' dir='ltr'><strong>timo,</strong></span> <span class='ocrx_word' id='word_1_517' title='bbox 1791 5563 1821 5602; x_wconf 89' lang='lat' dir='ltr'><strong>a</strong></span> <span class='ocrx_word' id='word_1_518' title='bbox 1842 5564 2012 5603; x_wconf 86' lang='lat' dir='ltr'><strong>manu-</strong></span> 
     </span>
    </p>
   </div>
   <div class='ocr_carea' id='block_1_58' title="bbox 426 5623 638 5686">
    <p class='ocr_par' dir='ltr' id='par_1_58' title="bbox 426 5623 638 5686">
     <span class='ocr_line' id='line_1_58' title="bbox 426 5623 638 5686; baseline -0.014 -12"><span class='ocrx_word' id='word_1_519' title='bbox 426 5623 638 5686; x_wconf 80' lang='lat' dir='ltr'><strong>scriptis.</strong></span> 
     </span>
    </p>
   </div>
   <div class='ocr_carea' id='block_1_59' title="bbox 491 5684 923 5741">
    <p class='ocr_par' dir='ltr' id='par_1_59' title="bbox 491 5684 923 5741">
     <span class='ocr_line' id='line_1_59' title="bbox 491 5684 923 5741; baseline 0.005 -10"><span class='ocrx_word' id='word_1_520' title='bbox 491 5684 511 5716; x_wconf 69' lang='grc'><strong>⁸</strong></span> <span class='ocrx_word' id='word_1_521' title='bbox 530 5684 579 5737; x_wconf 72' lang='grc' dir='ltr'>ω</span> <span class='ocrx_word' id='word_1_522' title='bbox 603 5684 764 5741; x_wconf 83' lang='lat' dir='ltr'><strong>editis,</strong></span> <span class='ocrx_word' id='word_1_523' title='bbox 783 5690 844 5735; x_wconf 84' lang='lat' dir='ltr'><strong>et.</strong></span> <span class='ocrx_word' id='word_1_524' title='bbox 918 5726 923 5733; x_wconf 93' lang='lat'><strong>.</strong></span> 
     </span>
    </p>
   </div>
   <div class='ocr_carea' id='block_1_60' title="bbox 490 5736 2013 5802">
    <p class='ocr_par' dir='ltr' id='par_1_60' title="bbox 490 5736 2013 5802">
     <span class='ocr_line' id='line_1_60' title="bbox 490 5736 2013 5802; baseline -0.003 -8"><span class='ocrx_word' id='word_1_525' title='bbox 490 5746 511 5778; x_wconf 83' lang='grc'><strong><em>⁵</em></strong></span> <span class='ocrx_word' id='word_1_526' title='bbox 531 5736 615 5795; x_wconf 71' lang='lat' dir='ltr'><strong>Hic</strong></span> <span class='ocrx_word' id='word_1_527' title='bbox 634 5747 681 5794; x_wconf 92' lang='lat' dir='ltr'><strong>in</strong></span> <span class='ocrx_word' id='word_1_528' title='bbox 706 5736 849 5796; x_wconf 82' lang='lat' dir='ltr'><strong>editis</strong></span> <span class='ocrx_word' id='word_1_529' title='bbox 871 5744 1032 5795; x_wconf 78' lang='lat' dir='ltr'><strong>fuerat</strong></span> <span class='ocrx_word' id='word_1_530' title='bbox 1067 5742 1299 5801; x_wconf 76' lang='lat' dir='ltr'><strong>additum,</strong></span> <span class='ocrx_word' id='word_1_531' title='bbox 1320 5739 1432 5793; x_wconf 83' lang='lat' dir='ltr'><strong>erit.</strong></span> <span class='ocrx_word' id='word_1_532' title='bbox 1462 5754 1479 5793; x_wconf 92' lang='lat'><strong><em>:</em></strong></span> <span class='ocrx_word' id='word_1_533' title='bbox 1506 5747 1558 5791; x_wconf 91' lang='lat' dir='ltr'><strong>et</strong></span> <span class='ocrx_word' id='word_1_534' title='bbox 1579 5739 1719 5799; x_wconf 77' lang='lat' dir='ltr'><strong>infra,</strong></span> <span class='ocrx_word' id='word_1_535' title='bbox 1748 5745 1872 5802; x_wconf 84' lang='lat' dir='ltr'><strong>post,</strong></span> <span class='ocrx_word' id='word_1_536' title='bbox 1897 5736 2013 5802; x_wconf 74' lang='lat' dir='ltr'><strong>alte-</strong></span> 
     </span>
    </p>
   </div>
   <div class='ocr_carea' id='block_1_61' title="bbox 430 5799 2016 5871">
    <p class='ocr_par' dir='ltr' id='par_1_61' title="bbox 430 5799 2016 5871">
     <span class='ocr_line' id='line_1_61' title="bbox 430 5799 2016 5871; baseline -0.001 -16"><span class='ocrx_word' id='word_1_537' title='bbox 430 5817 542 5855; x_wconf 83' lang='lat' dir='ltr'><strong>rum</strong></span> <span class='ocrx_word' id='word_1_538' title='bbox 572 5819 895 5871; x_wconf 83' lang='lat' dir='ltr'><strong>consequens;</strong></span> <span class='ocrx_word' id='word_1_539' title='bbox 929 5806 1217 5870; x_wconf 77' lang='lat' dir='ltr'><strong>legebatur,</strong></span> <span class='ocrx_word' id='word_1_540' title='bbox 1251 5799 1379 5867; x_wconf 71' lang='lat' dir='ltr'><strong>quod</strong></span> <span class='ocrx_word' id='word_1_541' title='bbox 1421 5802 1475 5856; x_wconf 83' lang='lat' dir='ltr'><strong>in</strong></span> <span class='ocrx_word' id='word_1_542' title='bbox 1514 5802 1600 5855; x_wconf 80' lang='lat' dir='ltr'><strong>illa</strong></span> <span class='ocrx_word' id='word_1_543' title='bbox 1631 5802 1727 5855; x_wconf 78' lang='lat' dir='ltr'><strong>rita</strong></span> <span class='ocrx_word' id='word_1_544' title='bbox 1750 5799 2016 5865; x_wconf 70' lang='lat' dir='ltr'><strong>complebi-</strong></span> 
     </span>
    </p>
   </div>
   <div class='ocr_carea' id='block_1_62' title="bbox 2159 519 3675 595">
    <p class='ocr_par' dir='ltr' id='par_1_62' title="bbox 2159 519 3675 595">
     <span class='ocr_line' id='line_1_62' title="bbox 2159 519 3675 595; baseline 0.006 -18"><span class='ocrx_word' id='word_1_545' title='bbox 2159 519 2248 577; x_wconf 85' lang='lat'><strong>65.</strong></span> <span class='ocrx_word' id='word_1_546' title='bbox 2282 520 2388 579; x_wconf 90' lang='lat' dir='ltr'><strong>Sed</strong></span> <span class='ocrx_word' id='word_1_547' title='bbox 2426 521 2472 579; x_wconf 87' lang='lat' dir='ltr'><strong>si</strong></span> <span class='ocrx_word' id='word_1_548' title='bbox 2503 522 2607 579; x_wconf 91' lang='lat' dir='ltr'><strong>dici</strong></span> <span class='ocrx_word' id='word_1_549' title='bbox 2634 531 2809 595; x_wconf 88' lang='lat' dir='ltr'><strong>potest</strong></span> <span class='ocrx_word' id='word_1_550' title='bbox 2833 521 3078 594; x_wconf 78' lang='lat' dir='ltr'><strong>quaedam</strong></span> <span class='ocrx_word' id='word_1_551' title='bbox 3113 520 3318 594; x_wconf 83' lang='lat' dir='ltr'><strong>justitia</strong></span> <span class='ocrx_word' id='word_1_552' title='bbox 3349 523 3523 582; x_wconf 90' lang='lat' dir='ltr'><strong>minor</strong></span> <span class='ocrx_word' id='word_1_553' title='bbox 3550 525 3675 587; x_wconf 88' lang='lat' dir='ltr'><strong>huic</strong></span> 
     </span>
    </p>
   </div>
   <div class='ocr_carea' id='block_1_63' title="bbox 2088 614 3672 694">
    <p class='ocr_par' dir='ltr' id='par_1_63' title="bbox 2088 614 3672 694">
     <span class='ocr_line' id='line_1_63' title="bbox 2088 614 3672 694; baseline 0.004 -24"><span class='ocrx_word' id='word_1_554' title='bbox 2088 615 2210 671; x_wconf 69' lang='lat' dir='ltr'><strong>vitae</strong></span> <span class='ocrx_word' id='word_1_555' title='bbox 2235 623 2564 687; x_wconf 87' lang='lat' dir='ltr'><strong>competens,</strong></span> <span class='ocrx_word' id='word_1_556' title='bbox 2591 632 2694 689; x_wconf 89' lang='lat' dir='ltr'><strong>qua</strong></span> <span class='ocrx_word' id='word_1_557' title='bbox 2709 615 2885 688; x_wconf 85' lang='lat' dir='ltr'><strong>justus</strong></span> <span class='ocrx_word' id='word_1_558' title='bbox 2909 632 2974 672; x_wconf 80' lang='lat' dir='ltr'><strong>ex</strong></span> <span class='ocrx_word' id='word_1_559' title='bbox 2995 614 3099 672; x_wconf 82' lang='lat' dir='ltr'><strong>fide</strong></span> <span class='ocrx_word' id='word_1_560' title='bbox 3119 616 3249 672; x_wconf 87' lang='lat' dir='ltr'><strong>vivit</strong></span> <span class='ocrx_word' id='word_1_561' title='bbox 3277 615 3452 691; x_wconf 82' lang='lat' dir='ltr'><strong>(Rom.</strong></span> <span class='ocrx_word' id='word_1_562' title='bbox 3484 635 3524 689; x_wconf 81' lang='grc' dir='ltr'>ι,</span> <span class='ocrx_word' id='word_1_563' title='bbox 3553 622 3672 694; x_wconf 82' lang='grc'><strong>17),</strong></span> 
     </span>
    </p>
   </div>
   <div class='ocr_carea' id='block_1_64' title="bbox 2088 704 3673 781">
    <p class='ocr_par' dir='ltr' id='par_1_64' title="bbox 2088 704 3673 781">
     <span class='ocr_line' id='line_1_64' title="bbox 2088 704 3673 781; baseline 0.006 -20"><span class='ocrx_word' id='word_1_564' title='bbox 2088 704 2334 778; x_wconf 89' lang='lat' dir='ltr'><strong>quamvis</strong></span> <span class='ocrx_word' id='word_1_565' title='bbox 2382 706 2695 779; x_wconf 87' lang='lat' dir='ltr'><strong>peregrinus</strong></span> <span class='ocrx_word' id='word_1_566' title='bbox 2742 722 2772 763; x_wconf 88' lang='lat' dir='ltr'><strong>a</strong></span> <span class='ocrx_word' id='word_1_567' title='bbox 2817 705 3075 777; x_wconf 92' lang='lat' dir='ltr'><strong>Domino,</strong></span> <span class='ocrx_word' id='word_1_568' title='bbox 3127 716 3181 764; x_wconf 91' lang='lat' dir='ltr'><strong>et</strong></span> <span class='ocrx_word' id='word_1_569' title='bbox 3223 707 3343 765; x_wconf 91' lang='lat' dir='ltr'><strong>ideo</strong></span> <span class='ocrx_word' id='word_1_570' title='bbox 3373 725 3469 781; x_wconf 89' lang='lat' dir='ltr'><strong>per</strong></span> <span class='ocrx_word' id='word_1_571' title='bbox 3514 711 3673 771; x_wconf 84' lang='lat' dir='ltr'><strong>fidem</strong></span> 
     </span>
    </p>
   </div>
   <div class='ocr_carea' id='block_1_65' title="bbox 2089 797 3676 872">
    <p class='ocr_par' dir='ltr' id='par_1_65' title="bbox 2089 797 3676 872">
     <span class='ocr_line' id='line_1_65' title="bbox 2089 797 3676 872; baseline 0.005 -19"><span class='ocrx_word' id='word_1_572' title='bbox 2089 799 2392 865; x_wconf 90' lang='lat' dir='ltr'><strong>ambulans,</strong></span> <span class='ocrx_word' id='word_1_573' title='bbox 2423 797 2657 859; x_wconf 87' lang='lat' dir='ltr'><strong>nondum</strong></span> <span class='ocrx_word' id='word_1_574' title='bbox 2679 815 2777 871; x_wconf 90' lang='lat' dir='ltr'><strong>per</strong></span> <span class='ocrx_word' id='word_1_575' title='bbox 2791 799 3025 872; x_wconf 87' lang='lat' dir='ltr'><strong>speciem</strong></span> <span class='ocrx_word' id='word_1_576' title='bbox 3055 818 3069 856; x_wconf 91' lang='lat'><strong>:</strong></span> <span class='ocrx_word' id='word_1_577' title='bbox 3101 815 3207 856; x_wconf 91' lang='lat' dir='ltr'><strong>non</strong></span> <span class='ocrx_word' id='word_1_578' title='bbox 3229 800 3460 858; x_wconf 90' lang='lat' dir='ltr'><strong>absurde</strong></span> <span class='ocrx_word' id='word_1_579' title='bbox 3481 803 3676 863; x_wconf 89' lang='lat' dir='ltr'><strong>dicitur</strong></span> 
     </span>
    </p>
   </div>
   <div class='ocr_carea' id='block_1_66' title="bbox 2089 891 3671 968">
    <p class='ocr_par' dir='ltr' id='par_1_66' title="bbox 2089 891 3671 968">
     <span class='ocr_line' id='line_1_66' title="bbox 2089 891 3671 968; baseline -0.001 -21"><span class='ocrx_word' id='word_1_580' title='bbox 2089 891 2251 947; x_wconf 91' lang='lat' dir='ltr'><strong>etiam</strong></span> <span class='ocrx_word' id='word_1_581' title='bbox 2279 891 2345 947; x_wconf 91' lang='lat' dir='ltr'><strong>ad</strong></span> <span class='ocrx_word' id='word_1_582' title='bbox 2377 891 2531 947; x_wconf 88' lang='lat' dir='ltr'><strong>istam</strong></span> <span class='ocrx_word' id='word_1_583' title='bbox 2576 892 2849 963; x_wconf 86' lang='lat' dir='ltr'><strong>pertinere</strong></span> <span class='ocrx_word' id='word_1_584' title='bbox 2883 909 2951 949; x_wconf 93' lang='lat' dir='ltr'><strong>ne</strong></span> <span class='ocrx_word' id='word_1_585' title='bbox 2979 902 3182 964; x_wconf 90' lang='lat' dir='ltr'><strong>peccet.</strong></span> <span class='ocrx_word' id='word_1_586' title='bbox 3219 893 3404 968; x_wconf 88' lang='lat' dir='ltr'><strong>Neque</strong></span> <span class='ocrx_word' id='word_1_587' title='bbox 3436 896 3599 962; x_wconf 86' lang='lat' dir='ltr'><strong>enim,</strong></span> <span class='ocrx_word' id='word_1_588' title='bbox 3623 893 3671 946; x_wconf 84' lang='lat' dir='ltr'><strong>id</strong></span> 
     </span>
    </p>
   </div>
   <div class='ocr_carea' id='block_1_67' title="bbox 2087 982 3681 1057">
    <p class='ocr_par' dir='ltr' id='par_1_67' title="bbox 2087 982 3681 1057">
     <span class='ocr_line' id='line_1_67' title="bbox 2087 982 3681 1057; baseline 0 -18"><span class='ocrx_word' id='word_1_589' title='bbox 2087 999 2210 1040; x_wconf 89' lang='lat' dir='ltr'><strong>esse</strong></span> <span class='ocrx_word' id='word_1_590' title='bbox 2253 982 2488 1039; x_wconf 91' lang='lat' dir='ltr'><strong>nondum</strong></span> <span class='ocrx_word' id='word_1_591' title='bbox 2536 993 2713 1057; x_wconf 89' lang='lat' dir='ltr'><strong>potest</strong></span> <span class='ocrx_word' id='word_1_592' title='bbox 2755 993 2899 1040; x_wconf 89' lang='lat' dir='ltr'><strong>tanta</strong></span> <span class='ocrx_word' id='word_1_593' title='bbox 2942 984 3159 1041; x_wconf 89' lang='lat' dir='ltr'><strong>dilectio</strong></span> <span class='ocrx_word' id='word_1_594' title='bbox 3187 984 3324 1053; x_wconf 89' lang='lat' dir='ltr'><strong>Dei,</strong></span> <span class='ocrx_word' id='word_1_595' title='bbox 3372 995 3569 1057; x_wconf 86' lang='lat' dir='ltr'><strong>quanta</strong></span> <span class='ocrx_word' id='word_1_596' title='bbox 3593 982 3681 1045; x_wconf 84' lang='lat' dir='ltr'><strong>illl</strong></span> 
     </span>
    </p>
   </div>
   <div class='ocr_carea' id='block_1_68' title="bbox 2086 1077 3673 1153">
    <p class='ocr_par' dir='ltr' id='par_1_68' title="bbox 2086 1077 3673 1153">
     <span class='ocr_line' id='line_1_68' title="bbox 2086 1077 3673 1153; baseline 0.001 -20"><span class='ocrx_word' id='word_1_597' title='bbox 2086 1077 2375 1149; x_wconf 88' lang='lat' dir='ltr'><strong>cognitioni</strong></span> <span class='ocrx_word' id='word_1_598' title='bbox 2423 1078 2593 1150; x_wconf 68' lang='lat' dir='ltr'><strong>plenae</strong></span> <span class='ocrx_word' id='word_1_599' title='bbox 2639 1078 2997 1151; x_wconf 65' lang='lat' dir='ltr'><strong>perfectaeque</strong></span> <span class='ocrx_word' id='word_1_600' title='bbox 3050 1077 3295 1146; x_wconf 86' lang='lat' dir='ltr'><strong>debetur,</strong></span> <span class='ocrx_word' id='word_1_601' title='bbox 3347 1079 3457 1150; x_wconf 88' lang='lat' dir='ltr'><strong>jam</strong></span> <span class='ocrx_word' id='word_1_602' title='bbox 3501 1083 3673 1153; x_wconf 62' lang='lat' dir='ltr'><strong>culpa:</strong></span> 
     </span>
    </p>
   </div>
   <div class='ocr_carea' id='block_1_69' title="bbox 2086 1168 3675 1249">
    <p class='ocr_par' dir='ltr' id='par_1_69' title="bbox 2086 1168 3675 1249">
     <span class='ocr_line' id='line_1_69' title="bbox 2086 1168 3675 1249; baseline 0.001 -25"><span class='ocrx_word' id='word_1_603' title='bbox 2086 1168 2448 1249; x_wconf 81' lang='lat' dir='ltr'><strong>deputandum</strong></span> <span class='ocrx_word' id='word_1_604' title='bbox 2476 1179 2578 1226; x_wconf 89' lang='lat' dir='ltr'><strong>est.</strong></span> <span class='ocrx_word' id='word_1_605' title='bbox 2606 1170 2764 1227; x_wconf 84' lang='lat' dir='ltr'><strong>Aliud</strong></span> <span class='ocrx_word' id='word_1_606' title='bbox 2789 1180 2873 1228; x_wconf 90' lang='lat' dir='ltr'><strong>est</strong></span> <span class='ocrx_word' id='word_1_607' title='bbox 2892 1172 3034 1226; x_wconf 92' lang='lat' dir='ltr'><strong>enim</strong></span> <span class='ocrx_word' id='word_1_608' title='bbox 3061 1179 3228 1227; x_wconf 90' lang='lat' dir='ltr'><strong>totam</strong></span> <span class='ocrx_word' id='word_1_609' title='bbox 3257 1171 3496 1227; x_wconf 91' lang='lat' dir='ltr'><strong>nondum</strong></span> <span class='ocrx_word' id='word_1_610' title='bbox 3526 1188 3675 1228; x_wconf 76' lang='lat' dir='ltr'><strong>asse-</strong></span> 
     </span>
    </p>
   </div>
   <div class='ocr_carea' id='block_1_70' title="bbox 2086 1261 3669 1336">
    <p class='ocr_par' dir='ltr' id='par_1_70' title="bbox 2086 1261 3669 1336">
     <span class='ocr_line' id='line_1_70' title="bbox 2086 1261 3669 1336; baseline -0.003 -17"><span class='ocrx_word' id='word_1_611' title='bbox 2086 1263 2222 1336; x_wconf 82' lang='lat' dir='ltr'><strong>qui‘</strong></span> <span class='ocrx_word' id='word_1_612' title='bbox 2254 1263 2609 1332; x_wconf 88' lang='lat' dir='ltr'><strong>charitatem,</strong></span> <span class='ocrx_word' id='word_1_613' title='bbox 2664 1261 2806 1318; x_wconf 88' lang='lat' dir='ltr'><strong>aliud</strong></span> <span class='ocrx_word' id='word_1_614' title='bbox 2855 1263 3054 1319; x_wconf 88' lang='lat' dir='ltr'><strong>nullam</strong></span> <span class='ocrx_word' id='word_1_615' title='bbox 3101 1261 3251 1333; x_wconf 89' lang='lat' dir='ltr'><strong>sequi</strong></span> <span class='ocrx_word' id='word_1_616' title='bbox 3303 1262 3669 1334; x_wconf 89' lang='lat' dir='ltr'><strong>cupiditatem.</strong></span> 
     </span>
    </p>
   </div>
   <div class='ocr_carea' id='block_1_71' title="bbox 2086 1353 3674 1425">
    <p class='ocr_par' dir='ltr' id='par_1_71' title="bbox 2086 1353 3674 1425">
     <span class='ocr_line' id='line_1_71' title="bbox 2086 1353 3674 1425; baseline -0.001 -16"><span class='ocrx_word' id='word_1_617' title='bbox 2086 1354 2441 1422; x_wconf 85' lang='lat' dir='ltr'><strong>Quamobrem</strong></span> <span class='ocrx_word' id='word_1_618' title='bbox 2466 1353 2627 1413; x_wconf 89' lang='lat' dir='ltr'><strong>debet</strong></span> <span class='ocrx_word' id='word_1_619' title='bbox 2654 1353 2815 1412; x_wconf 91' lang='lat' dir='ltr'><strong>homo</strong></span> <span class='ocrx_word' id='word_1_620' title='bbox 2842 1395 2859 1424; x_wconf 89' lang='lat'><strong>,</strong></span> <span class='ocrx_word' id='word_1_621' title='bbox 2888 1353 3128 1425; x_wconf 87' lang='lat' dir='ltr'><strong>quamvis</strong></span> <span class='ocrx_word' id='word_1_622' title='bbox 3154 1353 3309 1425; x_wconf 89' lang='lat' dir='ltr'><strong>longe</strong></span> <span class='ocrx_word' id='word_1_623' title='bbox 3333 1370 3507 1410; x_wconf 80' lang='lat' dir='ltr'><strong>minus</strong></span> <span class='ocrx_word' id='word_1_624' title='bbox 3531 1361 3674 1408; x_wconf 80' lang='lat' dir='ltr'><strong>amet</strong></span> 
     </span>
    </p>
   </div>
   <div class='ocr_carea' id='block_1_72' title="bbox 2087 1443 3670 1518">
    <p class='ocr_par' dir='ltr' id='par_1_72' title="bbox 2087 1443 3670 1518">
     <span class='ocr_line' id='line_1_72' title="bbox 2087 1443 3670 1518; baseline -0.003 -15"><span class='ocrx_word' id='word_1_625' title='bbox 2087 1445 2286 1514; x_wconf 90' lang='lat' dir='ltr'><strong>Deum,</strong></span> <span class='ocrx_word' id='word_1_626' title='bbox 2333 1461 2490 1518; x_wconf 91' lang='lat' dir='ltr'><strong>quam</strong></span> <span class='ocrx_word' id='word_1_627' title='bbox 2535 1462 2655 1502; x_wconf 91' lang='lat' dir='ltr'><strong>eum</strong></span> <span class='ocrx_word' id='word_1_628' title='bbox 2687 1452 2861 1517; x_wconf 90' lang='lat' dir='ltr'><strong>potest</strong></span> <span class='ocrx_word' id='word_1_629' title='bbox 2907 1460 3088 1500; x_wconf 86' lang='lat' dir='ltr'><strong>amare</strong></span> <span class='ocrx_word' id='word_1_630' title='bbox 3130 1454 3505 1516; x_wconf 87' lang='lat' dir='ltr'><strong>conspectum,</strong></span> <span class='ocrx_word' id='word_1_631' title='bbox 3538 1443 3670 1499; x_wconf 88' lang='lat' dir='ltr'><strong>nihil</strong></span> 
     </span>
    </p>
   </div>
   <div class='ocr_carea' id='block_1_73' title="bbox 2086 1535 3671 1610">
    <p class='ocr_par' dir='ltr' id='par_1_73' title="bbox 2086 1535 3671 1610">
     <span class='ocr_line' id='line_1_73' title="bbox 2086 1535 3671 1610; baseline -0.003 -17"><span class='ocrx_word' id='word_1_632' title='bbox 2086 1545 2265 1594; x_wconf 88' lang='lat' dir='ltr'><strong>tamen</strong></span> <span class='ocrx_word' id='word_1_633' title='bbox 2312 1545 2563 1610; x_wconf 88' lang='lat' dir='ltr'><strong>appetere</strong></span> <span class='ocrx_word' id='word_1_634' title='bbox 2608 1536 2850 1592; x_wconf 90' lang='lat' dir='ltr'><strong>illicitum</strong></span> <span class='ocrx_word' id='word_1_635' title='bbox 2885 1554 2898 1591; x_wconf 90' lang='lat'><strong>:</strong></span> <span class='ocrx_word' id='word_1_636' title='bbox 2929 1536 3066 1592; x_wconf 91' lang='lat' dir='ltr'><strong>sicut</strong></span> <span class='ocrx_word' id='word_1_637' title='bbox 3108 1536 3271 1591; x_wconf 82' lang='lat' dir='ltr'><strong>etiam</strong></span> <span class='ocrx_word' id='word_1_638' title='bbox 3322 1535 3376 1589; x_wconf 91' lang='lat' dir='ltr'><strong>in</strong></span> <span class='ocrx_word' id='word_1_639' title='bbox 3423 1535 3506 1590; x_wconf 87' lang='lat' dir='ltr'><strong>his</strong></span> <span class='ocrx_word' id='word_1_640' title='bbox 3549 1550 3671 1606; x_wconf 68' lang='lat' dir='ltr'><strong>qua:</strong></span> 
     </span>
    </p>
   </div>
   <div class='ocr_carea' id='block_1_74' title="bbox 2085 1624 3674 1701">
    <p class='ocr_par' dir='ltr' id='par_1_74' title="bbox 2085 1624 3674 1701">
     <span class='ocr_line' id='line_1_74' title="bbox 2085 1624 3674 1701; baseline -0.002 -17"><span class='ocrx_word' id='word_1_641' title='bbox 2085 1628 2333 1701; x_wconf 88' lang='lat' dir='ltr'><strong>adjacent</strong></span> <span class='ocrx_word' id='word_1_642' title='bbox 2375 1629 2623 1685; x_wconf 89' lang='lat' dir='ltr'><strong>sensibus</strong></span> <span class='ocrx_word' id='word_1_643' title='bbox 2669 1627 2911 1698; x_wconf 91' lang='lat' dir='ltr'><strong>corporis</strong></span> <span class='ocrx_word' id='word_1_644' title='bbox 2931 1668 2947 1695; x_wconf 92' lang='lat'><strong>,</strong></span> <span class='ocrx_word' id='word_1_645' title='bbox 2978 1634 3154 1697; x_wconf 89' lang='lat' dir='ltr'><strong>potest</strong></span> <span class='ocrx_word' id='word_1_646' title='bbox 3179 1625 3367 1685; x_wconf 89' lang='lat' dir='ltr'><strong>oculus</strong></span> <span class='ocrx_word' id='word_1_647' title='bbox 3392 1624 3552 1681; x_wconf 88' lang='lat' dir='ltr'><strong>nullis</strong></span> <span class='ocrx_word' id='word_1_648' title='bbox 3588 1633 3674 1681; x_wconf 84' lang='lat' dir='ltr'><strong>te-</strong></span> 
     </span>
    </p>
   </div>
   <div class='ocr_carea' id='block_1_75' title="bbox 2087 1716 3669 1791">
    <p class='ocr_par' dir='ltr' id='par_1_75' title="bbox 2087 1716 3669 1791">
     <span class='ocr_line' id='line_1_75' title="bbox 2087 1716 3669 1791; baseline -0.005 -13"><span class='ocrx_word' id='word_1_649' title='bbox 2087 1722 2269 1778; x_wconf 87' lang='lat' dir='ltr'><strong>nebris</strong></span> <span class='ocrx_word' id='word_1_650' title='bbox 2298 1721 2578 1790; x_wconf 88' lang='lat' dir='ltr'><strong>delectari,</strong></span> <span class='ocrx_word' id='word_1_651' title='bbox 2611 1720 2852 1791; x_wconf 83' lang='lat' dir='ltr'><strong>quamvis</strong></span> <span class='ocrx_word' id='word_1_652' title='bbox 2875 1733 2979 1774; x_wconf 93' lang='lat' dir='ltr'><strong>non</strong></span> <span class='ocrx_word' id='word_1_653' title='bbox 3004 1719 3168 1789; x_wconf 90' lang='lat' dir='ltr'><strong>possit</strong></span> <span class='ocrx_word' id='word_1_654' title='bbox 3198 1716 3252 1774; x_wconf 90' lang='lat' dir='ltr'><strong>in</strong></span> <span class='ocrx_word' id='word_1_655' title='bbox 3282 1716 3669 1789; x_wconf 81' lang='lat' dir='ltr'><strong>fulgentissima</strong></span> 
     </span>
    </p>
   </div>
   <div class='ocr_carea' id='block_1_76' title="bbox 2088 1807 3679 1884">
    <p class='ocr_par' dir='ltr' id='par_1_76' title="bbox 2088 1807 3679 1884">
     <span class='ocr_line' id='line_1_76' title="bbox 2088 1807 3679 1884; baseline -0.005 -15"><span class='ocrx_word' id='word_1_656' title='bbox 2088 1812 2207 1869; x_wconf 91' lang='lat' dir='ltr'><strong>luce</strong></span> <span class='ocrx_word' id='word_1_657' title='bbox 2231 1812 2407 1884; x_wconf 81' lang='lat' dir='ltr'><strong>deligi.</strong></span> <span class='ocrx_word' id='word_1_658' title='bbox 2442 1812 2637 1867; x_wconf 82' lang='lat' dir='ltr'><strong>Verum</strong></span> <span class='ocrx_word' id='word_1_659' title='bbox 2674 1820 2800 1867; x_wconf 88' lang='lat' dir='ltr'><strong>ecce</strong></span> <span class='ocrx_word' id='word_1_660' title='bbox 2822 1809 2932 1882; x_wconf 89' lang='lat' dir='ltr'><strong>jam</strong></span> <span class='ocrx_word' id='word_1_661' title='bbox 2961 1810 3121 1865; x_wconf 89' lang='lat' dir='ltr'><strong>talem</strong></span> <span class='ocrx_word' id='word_1_662' title='bbox 3150 1809 3534 1864; x_wconf 85' lang='lat' dir='ltr'><strong>constituamus</strong></span> <span class='ocrx_word' id='word_1_663' title='bbox 3562 1807 3679 1862; x_wconf 90' lang='lat' dir='ltr'><strong>ani-</strong></span> 
     </span>
    </p>
   </div>
   <div class='ocr_carea' id='block_1_77' title="bbox 2087 1899 3676 1975">
    <p class='ocr_par' dir='ltr' id='par_1_77' title="bbox 2087 1899 3676 1975">
     <span class='ocr_line' id='line_1_77' title="bbox 2087 1899 3676 1975; baseline -0.006 -12"><span class='ocrx_word' id='word_1_664' title='bbox 2087 1921 2235 1964; x_wconf 89' lang='lat' dir='ltr'><strong>mam</strong></span> <span class='ocrx_word' id='word_1_665' title='bbox 2269 1905 2555 1960; x_wconf 87' lang='lat' dir='ltr'><strong>humanam</strong></span> <span class='ocrx_word' id='word_1_666' title='bbox 2585 1904 2636 1959; x_wconf 93' lang='lat' dir='ltr'><strong>in</strong></span> <span class='ocrx_word' id='word_1_667' title='bbox 2666 1900 2766 1959; x_wconf 90' lang='lat' dir='ltr'><strong>hoc</strong></span> <span class='ocrx_word' id='word_1_668' title='bbox 2790 1901 3124 1975; x_wconf 86' lang='lat' dir='ltr'><strong>corruptibili</strong></span> <span class='ocrx_word' id='word_1_669' title='bbox 3151 1915 3401 1971; x_wconf 88' lang='lat' dir='ltr'><strong>corpore,</strong></span> <span class='ocrx_word' id='word_1_670' title='bbox 3429 1914 3547 1971; x_wconf 67' lang='lat' dir='ltr'><strong>quae</strong></span> <span class='ocrx_word' id='word_1_671' title='bbox 3573 1899 3676 1954; x_wconf 91' lang='lat' dir='ltr'><strong>etsi</strong></span> 
     </span>
    </p>
   </div>
   <div class='ocr_carea' id='block_1_78' title="bbox 2086 1988 3678 2067">
    <p class='ocr_par' dir='ltr' id='par_1_78' title="bbox 2086 1988 3678 2067">
     <span class='ocr_line' id='line_1_78' title="bbox 2086 1988 3678 2067; baseline -0.007 -13"><span class='ocrx_word' id='word_1_672' title='bbox 2086 1997 2324 2054; x_wconf 88' lang='lat' dir='ltr'><strong>nondum</strong></span> <span class='ocrx_word' id='word_1_673' title='bbox 2371 1997 2461 2052; x_wconf 88' lang='lat' dir='ltr'><strong>illa</strong></span> <span class='ocrx_word' id='word_1_674' title='bbox 2502 1991 3085 2067; x_wconf 87' lang='lat' dir='ltr'><strong>supereminentissima</strong></span> <span class='ocrx_word' id='word_1_675' title='bbox 3132 1990 3459 2063; x_wconf 89' lang='lat' dir='ltr'><strong>perfectione</strong></span> <span class='ocrx_word' id='word_1_676' title='bbox 3500 1988 3678 2045; x_wconf 88' lang='lat' dir='ltr'><strong>chari-</strong></span> 
     </span>
    </p>
   </div>
   <div class='ocr_carea' id='block_1_79' title="bbox 2088 2072 3678 2147">
    <p class='ocr_par' dir='ltr' id='par_1_79' title="bbox 2088 2072 3678 2147">
     <span class='ocr_line' id='line_1_79' title="bbox 2088 2072 3678 2147; baseline -0.007 0"><span class='ocrx_word' id='word_1_677' title='bbox 2088 2091 2213 2147; x_wconf 92' lang='lat' dir='ltr'><strong>tatis</strong></span> <span class='ocrx_word' id='word_1_678' title='bbox 2251 2090 2347 2146; x_wconf 90' lang='lat' dir='ltr'><strong>Dei</strong></span> <span class='ocrx_word' id='word_1_679' title='bbox 2394 2105 2583 2145; x_wconf 86' lang='lat' dir='ltr'><strong>omnes</strong></span> <span class='ocrx_word' id='word_1_680' title='bbox 2612 2094 2789 2143; x_wconf 88' lang='lat' dir='ltr'><strong>motus</strong></span> <span class='ocrx_word' id='word_1_681' title='bbox 2823 2096 3050 2144; x_wconf 66' lang='lat' dir='ltr'><strong>terrenae</strong></span> <span class='ocrx_word' id='word_1_682' title='bbox 3080 2072 3313 2140; x_wconf 88' lang='lat' dir='ltr'><strong>libidinis</strong></span> <span class='ocrx_word' id='word_1_683' title='bbox 3340 2082 3678 2139; x_wconf 89' lang='lat' dir='ltr'><strong>absorbuerit</strong></span> 
     </span>
    </p>
   </div>
   <div class='ocr_carea' id='block_1_80' title="bbox 2086 2172 3677 2255">
    <p class='ocr_par' dir='ltr' id='par_1_80' title="bbox 2086 2172 3677 2255">
     <span class='ocr_line' id='line_1_80' title="bbox 2086 2172 3677 2255; baseline -0.007 -16"><span class='ocrx_word' id='word_1_684' title='bbox 2086 2191 2248 2255; x_wconf 89' lang='lat' dir='ltr'><strong>atque</strong></span> <span class='ocrx_word' id='word_1_685' title='bbox 2277 2180 2709 2251; x_wconf 88' lang='lat' dir='ltr'><strong>consumpserit,</strong></span> <span class='ocrx_word' id='word_1_686' title='bbox 2750 2188 2984 2234; x_wconf 90' lang='lat' dir='ltr'><strong>attamen</strong></span> <span class='ocrx_word' id='word_1_687' title='bbox 3023 2177 3077 2231; x_wconf 90' lang='lat' dir='ltr'><strong>in</strong></span> <span class='ocrx_word' id='word_1_688' title='bbox 3116 2177 3214 2232; x_wconf 91' lang='lat' dir='ltr'><strong>ista</strong></span> <span class='ocrx_word' id='word_1_689' title='bbox 3243 2176 3448 2231; x_wconf 90' lang='lat' dir='ltr'><strong>minore</strong></span> <span class='ocrx_word' id='word_1_690' title='bbox 3471 2172 3677 2246; x_wconf 87' lang='lat' dir='ltr'><strong>justitia</strong></span> 
     </span>
    </p>
   </div>
   <div class='ocr_carea' id='block_1_81' title="bbox 2087 2262 3677 2342">
    <p class='ocr_par' dir='ltr' id='par_1_81' title="bbox 2087 2262 3677 2342">
     <span class='ocr_line' id='line_1_81' title="bbox 2087 2262 3677 2342; baseline -0.007 -13"><span class='ocrx_word' id='word_1_691' title='bbox 2087 2273 2154 2330; x_wconf 91' lang='lat' dir='ltr'><strong>ad</strong></span> <span class='ocrx_word' id='word_1_692' title='bbox 2183 2272 2429 2329; x_wconf 91' lang='lat' dir='ltr'><strong>illicitum</strong></span> <span class='ocrx_word' id='word_1_693' title='bbox 2476 2269 2674 2342; x_wconf 89' lang='lat' dir='ltr'><strong>aliquid</strong></span> <span class='ocrx_word' id='word_1_694' title='bbox 2718 2268 3044 2340; x_wconf 87' lang='lat' dir='ltr'><strong>operandum</strong></span> <span class='ocrx_word' id='word_1_695' title='bbox 3074 2264 3247 2322; x_wconf 87' lang='lat' dir='ltr'><strong>eidem</strong></span> <span class='ocrx_word' id='word_1_696' title='bbox 3282 2262 3487 2321; x_wconf 86' lang='lat' dir='ltr'><strong>libidini</strong></span> <span class='ocrx_word' id='word_1_697' title='bbox 3527 2263 3677 2319; x_wconf 89' lang='lat' dir='ltr'><strong>nulla</strong></span> 
     </span>
    </p>
   </div>
   <div class='ocr_carea' id='block_1_82' title="bbox 2087 2356 3676 2427">
    <p class='ocr_par' dir='ltr' id='par_1_82' title="bbox 2087 2356 3676 2427">
     <span class='ocr_line' id='line_1_82' title="bbox 2087 2356 3676 2427; baseline -0.008 -4"><span class='ocrx_word' id='word_1_698' title='bbox 2087 2364 2431 2423; x_wconf 77' lang='lat' dir='ltr'><strong>inclinatione</strong></span> <span class='ocrx_word' id='word_1_699' title='bbox 2472 2356 2772 2420; x_wconf 80' lang='lat' dir='ltr'><strong>consentiat</strong></span> <span class='ocrx_word' id='word_1_700' title='bbox 2803 2377 2817 2415; x_wconf 91' lang='lat'><strong>:</strong></span> <span class='ocrx_word' id='word_1_701' title='bbox 2849 2370 2905 2414; x_wconf 89' lang='lat' dir='ltr'><strong>ut</strong></span> <span class='ocrx_word' id='word_1_702' title='bbox 2944 2358 3017 2415; x_wconf 82' lang='lat' dir='ltr'><strong>ad</strong></span> <span class='ocrx_word' id='word_1_703' title='bbox 3051 2356 3197 2413; x_wconf 87' lang='lat' dir='ltr'><strong>illam</strong></span> <span class='ocrx_word' id='word_1_704' title='bbox 3243 2357 3404 2412; x_wconf 85' lang='lat' dir='ltr'><strong>vitam</strong></span> <span class='ocrx_word' id='word_1_705' title='bbox 3430 2356 3540 2427; x_wconf 78' lang='lat' dir='ltr'><strong>jam</strong></span> <span class='ocrx_word' id='word_1_706' title='bbox 3570 2356 3676 2411; x_wconf 83' lang='lat' dir='ltr'><strong>im-</strong></span> 
     </span>
    </p>
   </div>
   <div class='ocr_carea' id='block_1_83' title="bbox 2085 2446 3681 2528">
    <p class='ocr_par' dir='ltr' id='par_1_83' title="bbox 2085 2446 3681 2528">
     <span class='ocr_line' id='line_1_83' title="bbox 2085 2446 3681 2528; baseline -0.008 -14"><span class='ocrx_word' id='word_1_707' title='bbox 2085 2458 2369 2514; x_wconf 79' lang='lat' dir='ltr'><strong>mortalem</strong></span> <span class='ocrx_word' id='word_1_708' title='bbox 2396 2455 2695 2528; x_wconf 90' lang='lat' dir='ltr'><strong>pertineat,</strong></span> <span class='ocrx_word' id='word_1_709' title='bbox 2727 2452 2920 2525; x_wconf 84' lang='lat' dir='ltr'><strong>Diliges</strong></span> <span class='ocrx_word' id='word_1_710' title='bbox 2946 2450 3220 2505; x_wconf 81' lang='lat' dir='ltr'><strong>Dominum</strong></span> <span class='ocrx_word' id='word_1_711' title='bbox 3251 2446 3416 2503; x_wconf 87' lang='lat' dir='ltr'><strong>Deum</strong></span> <span class='ocrx_word' id='word_1_712' title='bbox 3445 2456 3587 2503; x_wconf 89' lang='lat' dir='ltr'><strong>tuum</strong></span> <span class='ocrx_word' id='word_1_713' title='bbox 3616 2463 3681 2502; x_wconf 83' lang='lat' dir='ltr'><strong>ea:</strong></span> 
     </span>
    </p>
   </div>
   <div class='ocr_carea' id='block_1_84' title="bbox 2089 2540 3681 2613">
    <p class='ocr_par' dir='ltr' id='par_1_84' title="bbox 2089 2540 3681 2613">
     <span class='ocr_line' id='line_1_84' title="bbox 2089 2540 3681 2613; baseline -0.005 -10"><span class='ocrx_word' id='word_1_714' title='bbox 2089 2557 2193 2603; x_wconf 88' lang='lat' dir='ltr'><strong>toto</strong></span> <span class='ocrx_word' id='word_1_715' title='bbox 2221 2548 2371 2603; x_wconf 87' lang='lat' dir='ltr'><strong>corde</strong></span> <span class='ocrx_word' id='word_1_716' title='bbox 2399 2557 2484 2602; x_wconf 88' lang='lat' dir='ltr'><strong>tuo</strong></span> <span class='ocrx_word' id='word_1_717' title='bbox 2507 2588 2521 2613; x_wconf 86' lang='lat'><strong>,</strong></span> <span class='ocrx_word' id='word_1_718' title='bbox 2566 2556 2613 2601; x_wconf 82' lang='lat' dir='ltr'><strong>et</strong></span> <span class='ocrx_word' id='word_1_719' title='bbox 2642 2561 2705 2601; x_wconf 77' lang='lat' dir='ltr'><strong>ea:</strong></span> <span class='ocrx_word' id='word_1_720' title='bbox 2723 2553 2826 2600; x_wconf 87' lang='lat' dir='ltr'><strong>tota</strong></span> <span class='ocrx_word' id='word_1_721' title='bbox 2853 2545 3026 2600; x_wconf 86' lang='lat' dir='ltr'><strong>anima</strong></span> <span class='ocrx_word' id='word_1_722' title='bbox 3051 2552 3137 2597; x_wconf 89' lang='lat' dir='ltr'><strong>tua</strong></span> <span class='ocrx_word' id='word_1_723' title='bbox 3155 2584 3170 2609; x_wconf 95' lang='lat'><strong>,</strong></span> <span class='ocrx_word' id='word_1_724' title='bbox 3211 2551 3258 2596; x_wconf 86' lang='lat' dir='ltr'><strong>et</strong></span> <span class='ocrx_word' id='word_1_725' title='bbox 3283 2557 3345 2595; x_wconf 78' lang='lat' dir='ltr'><strong>ea:</strong></span> <span class='ocrx_word' id='word_1_726' title='bbox 3369 2548 3472 2595; x_wconf 87' lang='lat' dir='ltr'><strong>tota</strong></span> <span class='ocrx_word' id='word_1_727' title='bbox 3498 2540 3681 2595; x_wconf 83' lang='lat' dir='ltr'><strong>virtute</strong></span> 
     </span>
    </p>
   </div>
   <div class='ocr_carea' id='block_1_85' title="bbox 2090 2631 3678 2714">
    <p class='ocr_par' dir='ltr' id='par_1_85' title="bbox 2090 2631 3678 2714">
     <span class='ocr_line' id='line_1_85' title="bbox 2090 2631 3678 2714; baseline -0.006 -19"><span class='ocrx_word' id='word_1_728' title='bbox 2090 2649 2179 2695; x_wconf 90' lang='lat' dir='ltr'><strong>tua</strong></span> <span class='ocrx_word' id='word_1_729' title='bbox 2203 2638 2378 2714; x_wconf 90' lang='lat' dir='ltr'><strong>(Deut.</strong></span> <span class='ocrx_word' id='word_1_730' title='bbox 2406 2654 2481 2707; x_wconf 78' lang='lat' dir='ltr'><strong>vi,</strong></span> <span class='ocrx_word' id='word_1_731' title='bbox 2514 2636 2570 2711; x_wconf 78' lang='lat'><strong>5)</strong></span> <span class='ocrx_word' id='word_1_732' title='bbox 2599 2656 2614 2704; x_wconf 88' lang='lat'><strong>;</strong></span> <span class='ocrx_word' id='word_1_733' title='bbox 2644 2636 2710 2692; x_wconf 89' lang='lat' dir='ltr'><strong>ad</strong></span> <span class='ocrx_word' id='word_1_734' title='bbox 2744 2638 2879 2693; x_wconf 90' lang='lat' dir='ltr'><strong>hanc</strong></span> <span class='ocrx_word' id='word_1_735' title='bbox 2908 2644 3083 2691; x_wconf 89' lang='lat' dir='ltr'><strong>autem</strong></span> <span class='ocrx_word' id='word_1_736' title='bbox 3104 2677 3119 2703; x_wconf 91' lang='lat'><strong>,</strong></span> <span class='ocrx_word' id='word_1_737' title='bbox 3149 2631 3271 2687; x_wconf 77' lang='lat' dir='ltr'><strong>Non</strong></span> <span class='ocrx_word' id='word_1_738' title='bbox 3296 2640 3467 2704; x_wconf 85' lang='lat' dir='ltr'><strong>regnet</strong></span> <span class='ocrx_word' id='word_1_739' title='bbox 3493 2648 3678 2704; x_wconf 79' lang='lat' dir='ltr'><strong>pecca-</strong></span> 
     </span>
    </p>
   </div>
   <div class='ocr_carea' id='block_1_86' title="bbox 2090 2726 3680 2804">
    <p class='ocr_par' dir='ltr' id='par_1_86' title="bbox 2090 2726 3680 2804">
     <span class='ocr_line' id='line_1_86' title="bbox 2090 2726 3680 2804; baseline -0.004 -16"><span class='ocrx_word' id='word_1_740' title='bbox 2090 2742 2197 2788; x_wconf 85' lang='lat' dir='ltr'><strong>tum</strong></span> <span class='ocrx_word' id='word_1_741' title='bbox 2222 2733 2275 2789; x_wconf 87' lang='lat' dir='ltr'><strong>in</strong></span> <span class='ocrx_word' id='word_1_742' title='bbox 2300 2742 2462 2788; x_wconf 83' lang='lat' dir='ltr'><strong>vestro</strong></span> <span class='ocrx_word' id='word_1_743' title='bbox 2493 2731 2696 2787; x_wconf 85' lang='lat' dir='ltr'><strong>mortali</strong></span> <span class='ocrx_word' id='word_1_744' title='bbox 2728 2748 2937 2804; x_wconf 87' lang='lat' dir='ltr'><strong>corpore</strong></span> <span class='ocrx_word' id='word_1_745' title='bbox 2964 2730 3035 2785; x_wconf 88' lang='lat' dir='ltr'><strong>ad</strong></span> <span class='ocrx_word' id='word_1_746' title='bbox 3067 2728 3393 2784; x_wconf 74' lang='lat' dir='ltr'><strong>obedientium</strong></span> <span class='ocrx_word' id='word_1_747' title='bbox 3417 2726 3680 2782; x_wconf 75' lang='lat' dir='ltr'><strong>desideriis</strong></span> 
     </span>
    </p>
   </div>
   <div class='ocr_carea' id='block_1_87' title="bbox 2089 2817 3677 2899">
    <p class='ocr_par' dir='ltr' id='par_1_87' title="bbox 2089 2817 3677 2899">
     <span class='ocr_line' id='line_1_87' title="bbox 2089 2817 3677 2899; baseline -0.006 -16"><span class='ocrx_word' id='word_1_748' title='bbox 2089 2827 2202 2899; x_wconf 85' lang='lat' dir='ltr'><strong>ejus</strong></span> <span class='ocrx_word' id='word_1_749' title='bbox 2226 2822 2401 2899; x_wconf 81' lang='lat' dir='ltr'><strong>(Rom.</strong></span> <span class='ocrx_word' id='word_1_750' title='bbox 2428 2838 2480 2881; x_wconf 72' lang='lat' dir='ltr'><strong>vn</strong></span> <span class='ocrx_word' id='word_1_751' title='bbox 2498 2868 2512 2892; x_wconf 88' lang='lat'><strong>,</strong></span> <span class='ocrx_word' id='word_1_752' title='bbox 2550 2825 2642 2896; x_wconf 66' lang='lat'><strong>1‘2)</strong></span> <span class='ocrx_word' id='word_1_753' title='bbox 2675 2841 2690 2880; x_wconf 91' lang='lat'><strong>:</strong></span> <span class='ocrx_word' id='word_1_754' title='bbox 2721 2824 2786 2879; x_wconf 90' lang='lat' dir='ltr'><strong>ad</strong></span> <span class='ocrx_word' id='word_1_755' title='bbox 2815 2824 2978 2890; x_wconf 81' lang='lat' dir='ltr'><strong>illam,</strong></span> <span class='ocrx_word' id='word_1_756' title='bbox 3004 2821 3124 2877; x_wconf 84' lang='lat' dir='ltr'><strong>Non</strong></span> <span class='ocrx_word' id='word_1_757' title='bbox 3146 2822 3461 2892; x_wconf 84' lang='lat' dir='ltr'><strong>concupisces</strong></span> <span class='ocrx_word' id='word_1_758' title='bbox 3480 2817 3677 2891; x_wconf 73' lang='lat' dir='ltr'><strong>(Exod.</strong></span> 
     </span>
    </p>
   </div>
   <div class='ocr_carea' id='block_1_88' title="bbox 2090 2914 3682 2993">
    <p class='ocr_par' dir='ltr' id='par_1_88' title="bbox 2090 2914 3682 2993">
     <span class='ocr_line' id='line_1_88' title="bbox 2090 2914 3682 2993; baseline -0.006 -16"><span class='ocrx_word' id='word_1_759' title='bbox 2090 2930 2195 2989; x_wconf 78' lang='lat' dir='ltr'><strong>xx,</strong></span> <span class='ocrx_word' id='word_1_760' title='bbox 2228 2918 2352 2993; x_wconf 79' lang='lat' dir='ltr'><strong>f7);</strong></span> <span class='ocrx_word' id='word_1_761' title='bbox 2394 2920 2461 2975; x_wconf 88' lang='lat' dir='ltr'><strong>ad</strong></span> <span class='ocrx_word' id='word_1_762' title='bbox 2489 2920 2643 2975; x_wconf 90' lang='lat' dir='ltr'><strong>istam</strong></span> <span class='ocrx_word' id='word_1_763' title='bbox 2666 2961 2681 2986; x_wconf 93' lang='lat'><strong>,</strong></span> <span class='ocrx_word' id='word_1_764' title='bbox 2715 2914 2841 2974; x_wconf 83' lang='lat' dir='ltr'><strong>Post</strong></span> <span class='ocrx_word' id='word_1_765' title='bbox 2882 2914 3306 2988; x_wconf 83' lang='lat' dir='ltr'><strong>concupiscentias</strong></span> <span class='ocrx_word' id='word_1_766' title='bbox 3329 2923 3441 2969; x_wconf 88' lang='lat' dir='ltr'><strong>tuas</strong></span> <span class='ocrx_word' id='word_1_767' title='bbox 3467 2930 3569 2967; x_wconf 85' lang='lat' dir='ltr'><strong>non</strong></span> <span class='ocrx_word' id='word_1_768' title='bbox 3593 2928 3682 2968; x_wconf 82' lang='lat' dir='ltr'><strong>eas</strong></span> 
     </span>
    </p>
   </div>
   <div class='ocr_carea' id='block_1_89' title="bbox 2091 3006 3678 3086">
    <p class='ocr_par' dir='ltr' id='par_1_89' title="bbox 2091 3006 3678 3086">
     <span class='ocr_line' id='line_1_89' title="bbox 2091 3006 3678 3086; baseline -0.004 -20"><span class='ocrx_word' id='word_1_769' title='bbox 2091 3009 2280 3086; x_wconf 83' lang='lat' dir='ltr'><strong>(Eccli.</strong></span> <span class='ocrx_word' id='word_1_770' title='bbox 2306 3026 2462 3078; x_wconf 81' lang='lat' dir='ltr'><strong>xvnt,</strong></span> <span class='ocrx_word' id='word_1_771' title='bbox 2492 3008 2584 3081; x_wconf 75' lang='grc'>50)</span> <span class='ocrx_word' id='word_1_772' title='bbox 2613 3026 2628 3065; x_wconf 93' lang='lat'><strong>:</strong></span> <span class='ocrx_word' id='word_1_773' title='bbox 2656 3009 2722 3066; x_wconf 90' lang='lat' dir='ltr'><strong>ad</strong></span> <span class='ocrx_word' id='word_1_774' title='bbox 2752 3008 2895 3065; x_wconf 83' lang='lat' dir='ltr'><strong>illam</strong></span> <span class='ocrx_word' id='word_1_775' title='bbox 2920 3051 2936 3075; x_wconf 91' lang='lat'><strong>,</strong></span> <span class='ocrx_word' id='word_1_776' title='bbox 2979 3007 3113 3063; x_wconf 84' lang='lat' dir='ltr'><strong>nihil</strong></span> <span class='ocrx_word' id='word_1_777' title='bbox 3151 3006 3378 3077; x_wconf 88' lang='lat' dir='ltr'><strong>amplius</strong></span> <span class='ocrx_word' id='word_1_778' title='bbox 3411 3020 3678 3077; x_wconf 66' lang='lat' dir='ltr'><strong>qumrere,</strong></span> 
     </span>
    </p>
   </div>
   <div class='ocr_carea' id='block_1_90' title="bbox 2092 3097 3682 3177">
    <p class='ocr_par' dir='ltr' id='par_1_90' title="bbox 2092 3097 3682 3177">
     <span class='ocr_line' id='line_1_90' title="bbox 2092 3097 3682 3177; baseline -0.005 -16"><span class='ocrx_word' id='word_1_779' title='bbox 2092 3120 2251 3177; x_wconf 90' lang='lat' dir='ltr'><strong>quam</strong></span> <span class='ocrx_word' id='word_1_780' title='bbox 2274 3106 2328 3161; x_wconf 92' lang='lat' dir='ltr'><strong>in</strong></span> <span class='ocrx_word' id='word_1_781' title='bbox 2354 3120 2417 3161; x_wconf 89' lang='lat' dir='ltr'><strong>ea</strong></span> <span class='ocrx_word' id='word_1_782' title='bbox 2440 3102 2765 3176; x_wconf 89' lang='lat' dir='ltr'><strong>perfectione</strong></span> <span class='ocrx_word' id='word_1_783' title='bbox 2787 3102 3069 3174; x_wconf 85' lang='lat' dir='ltr'><strong>persistere</strong></span> <span class='ocrx_word' id='word_1_784' title='bbox 3089 3119 3104 3163; x_wconf 86' lang='lat'><strong>:</strong></span> <span class='ocrx_word' id='word_1_785' title='bbox 3133 3101 3200 3157; x_wconf 91' lang='lat' dir='ltr'><strong>ad</strong></span> <span class='ocrx_word' id='word_1_786' title='bbox 3221 3101 3400 3166; x_wconf 88' lang='lat' dir='ltr'><strong>istam,</strong></span> <span class='ocrx_word' id='word_1_787' title='bbox 3422 3097 3682 3169; x_wconf 88' lang='lat' dir='ltr'><strong>hocquod</strong></span> 
     </span>
    </p>
   </div>
   <div class='ocr_carea' id='block_1_91' title="bbox 2091 3191 3685 3271">
    <p class='ocr_par' dir='ltr' id='par_1_91' title="bbox 2091 3191 3685 3271">
     <span class='ocr_line' id='line_1_91' title="bbox 2091 3191 3685 3271; baseline -0.006 -17"><span class='ocrx_word' id='word_1_788' title='bbox 2091 3198 2201 3271; x_wconf 85' lang='lat' dir='ltr'><strong>agit</strong></span> <span class='ocrx_word' id='word_1_789' title='bbox 2225 3199 2249 3230; x_wconf 79' lang='grc'>²</span> <span class='ocrx_word' id='word_1_790' title='bbox 2277 3197 2331 3252; x_wconf 90' lang='lat' dir='ltr'><strong>in</strong></span> <span class='ocrx_word' id='word_1_791' title='bbox 2353 3210 2516 3268; x_wconf 90' lang='lat' dir='ltr'><strong>opere</strong></span> <span class='ocrx_word' id='word_1_792' title='bbox 2541 3195 2759 3262; x_wconf 88' lang='lat' dir='ltr'><strong>habere,</strong></span> <span class='ocrx_word' id='word_1_793' title='bbox 2789 3203 2841 3251; x_wconf 91' lang='lat' dir='ltr'><strong>et</strong></span> <span class='ocrx_word' id='word_1_794' title='bbox 2871 3193 3008 3250; x_wconf 90' lang='lat' dir='ltr'><strong>illius</strong></span> <span class='ocrx_word' id='word_1_795' title='bbox 3030 3191 3407 3263; x_wconf 81' lang='lat' dir='ltr'><strong>perfectionem</strong></span> <span class='ocrx_word' id='word_1_796' title='bbox 3431 3204 3525 3262; x_wconf 91' lang='lat' dir='ltr'><strong>pro</strong></span> <span class='ocrx_word' id='word_1_797' title='bbox 3544 3203 3685 3244; x_wconf 88' lang='lat' dir='ltr'><strong>mer-</strong></span> 
     </span>
    </p>
   </div>
   <div class='ocr_carea' id='block_1_92' title="bbox 2090 3278 3681 3358">
    <p class='ocr_par' dir='ltr' id='par_1_92' title="bbox 2090 3278 3681 3358">
     <span class='ocr_line' id='line_1_92' title="bbox 2090 3278 3681 3358; baseline -0.007 -14"><span class='ocrx_word' id='word_1_798' title='bbox 2090 3288 2223 3344; x_wconf 92' lang='lat' dir='ltr'><strong>cede</strong></span> <span class='ocrx_word' id='word_1_799' title='bbox 2249 3302 2467 3358; x_wconf 89' lang='lat' dir='ltr'><strong>sperare</strong></span> <span class='ocrx_word' id='word_1_800' title='bbox 2499 3303 2513 3340; x_wconf 90' lang='lat'><strong>:</strong></span> <span class='ocrx_word' id='word_1_801' title='bbox 2546 3293 2607 3341; x_wconf 92' lang='lat' dir='ltr'><strong>ut</strong></span> <span class='ocrx_word' id='word_1_802' title='bbox 2630 3301 2725 3356; x_wconf 91' lang='lat' dir='ltr'><strong>per</strong></span> <span class='ocrx_word' id='word_1_803' title='bbox 2753 3283 2897 3340; x_wconf 82' lang='lat' dir='ltr'><strong>illam</strong></span> <span class='ocrx_word' id='word_1_804' title='bbox 2934 3283 3110 3355; x_wconf 90' lang='lat' dir='ltr'><strong>justus</strong></span> <span class='ocrx_word' id='word_1_805' title='bbox 3138 3283 3254 3338; x_wconf 90' lang='lat' dir='ltr'><strong>sine</strong></span> <span class='ocrx_word' id='word_1_806' title='bbox 3280 3281 3385 3335; x_wconf 82' lang='lat' dir='ltr'><strong>ﬁne</strong></span> <span class='ocrx_word' id='word_1_807' title='bbox 3408 3278 3430 3312; x_wconf 82' lang='grc'><strong><em>⁸</em></strong></span> <span class='ocrx_word' id='word_1_808' title='bbox 3454 3279 3595 3334; x_wconf 88' lang='lat' dir='ltr'><strong>vivat</strong></span> <span class='ocrx_word' id='word_1_809' title='bbox 3622 3279 3681 3334; x_wconf 93' lang='lat' dir='ltr'><strong>in</strong></span> 
     </span>
    </p>
   </div>
   <div class='ocr_carea' id='block_1_93' title="bbox 2092 3369 3683 3449">
    <p class='ocr_par' dir='ltr' id='par_1_93' title="bbox 2092 3369 3683 3449">
     <span class='ocr_line' id='line_1_93' title="bbox 2092 3369 3683 3449; baseline -0.006 -16"><span class='ocrx_word' id='word_1_810' title='bbox 2092 3378 2291 3449; x_wconf 87' lang='lat' dir='ltr'><strong>specie,</strong></span> <span class='ocrx_word' id='word_1_811' title='bbox 2323 3388 2478 3449; x_wconf 89' lang='lat' dir='ltr'><strong>quam</strong></span> <span class='ocrx_word' id='word_1_812' title='bbox 2510 3377 2561 3432; x_wconf 82' lang='lat' dir='ltr'><strong>in</strong></span> <span class='ocrx_word' id='word_1_813' title='bbox 2590 3377 2689 3431; x_wconf 90' lang='lat' dir='ltr'><strong>ista</strong></span> <span class='ocrx_word' id='word_1_814' title='bbox 2713 3374 3035 3432; x_wconf 86' lang='lat' dir='ltr'><strong>desideravit</strong></span> <span class='ocrx_word' id='word_1_815' title='bbox 3060 3391 3075 3440; x_wconf 94' lang='lat'><strong>;</strong></span> <span class='ocrx_word' id='word_1_816' title='bbox 3108 3389 3203 3444; x_wconf 88' lang='lat' dir='ltr'><strong>per</strong></span> <span class='ocrx_word' id='word_1_817' title='bbox 3233 3372 3371 3428; x_wconf 86' lang='lat' dir='ltr'><strong>hanc</strong></span> <span class='ocrx_word' id='word_1_818' title='bbox 3394 3379 3570 3427; x_wconf 88' lang='lat' dir='ltr'><strong>autem</strong></span> <span class='ocrx_word' id='word_1_819' title='bbox 3586 3369 3683 3441; x_wconf 93' lang='lat' dir='ltr'><strong>ju-</strong></span> 
     </span>
    </p>
   </div>
   <div class='ocr_carea' id='block_1_94' title="bbox 2093 3464 3680 3539">
    <p class='ocr_par' dir='ltr' id='par_1_94' title="bbox 2093 3464 3680 3539">
     <span class='ocr_line' id='line_1_94' title="bbox 2093 3464 3680 3539; baseline -0.005 -12"><span class='ocrx_word' id='word_1_820' title='bbox 2093 3482 2208 3528; x_wconf 90' lang='lat' dir='ltr'><strong>stus</strong></span> <span class='ocrx_word' id='word_1_821' title='bbox 2233 3470 2374 3527; x_wconf 89' lang='lat' dir='ltr'><strong>vivat</strong></span> <span class='ocrx_word' id='word_1_822' title='bbox 2401 3485 2466 3526; x_wconf 82' lang='lat' dir='ltr'><strong>ex</strong></span> <span class='ocrx_word' id='word_1_823' title='bbox 2516 3468 2639 3536; x_wconf 82' lang='lat' dir='ltr'><strong>ﬁde,</strong></span> <span class='ocrx_word' id='word_1_824' title='bbox 2679 3469 2733 3524; x_wconf 91' lang='lat' dir='ltr'><strong>in</strong></span> <span class='ocrx_word' id='word_1_825' title='bbox 2771 3483 2874 3539; x_wconf 89' lang='lat' dir='ltr'><strong>qua</strong></span> <span class='ocrx_word' id='word_1_826' title='bbox 2913 3468 3057 3523; x_wconf 86' lang='lat' dir='ltr'><strong>illam</strong></span> <span class='ocrx_word' id='word_1_827' title='bbox 3084 3475 3230 3523; x_wconf 90' lang='lat' dir='ltr'><strong>certo</strong></span> <span class='ocrx_word' id='word_1_828' title='bbox 3259 3465 3366 3521; x_wconf 81' lang='lat' dir='ltr'><strong>line</strong></span> <span class='ocrx_word' id='word_1_829' title='bbox 3387 3464 3680 3521; x_wconf 88' lang='lat' dir='ltr'><strong>desiderat.</strong></span> 
     </span>
    </p>
   </div>
   <div class='ocr_carea' id='block_1_95' title="bbox 2099 3554 3684 3635">
    <p class='ocr_par' dir='ltr' id='par_1_95' title="bbox 2099 3554 3684 3635">
     <span class='ocr_line' id='line_1_95' title="bbox 2099 3554 3684 3635; baseline -0.005 -18"><span class='ocrx_word' id='word_1_830' title='bbox 2099 3561 2215 3635; x_wconf 79' lang='lat' dir='ltr'><strong>(His</strong></span> <span class='ocrx_word' id='word_1_831' title='bbox 2234 3558 2537 3617; x_wconf 77' lang='lat' dir='ltr'><strong>conStitutis</strong></span> <span class='ocrx_word' id='word_1_832' title='bbox 2562 3568 2835 3630; x_wconf 87' lang='lat' dir='ltr'><strong>peceatum</strong></span> <span class='ocrx_word' id='word_1_833' title='bbox 2864 3558 2966 3613; x_wconf 88' lang='lat' dir='ltr'><strong>erit</strong></span> <span class='ocrx_word' id='word_1_834' title='bbox 3003 3556 3233 3613; x_wconf 91' lang='lat' dir='ltr'><strong>hominis</strong></span> <span class='ocrx_word' id='word_1_835' title='bbox 3267 3571 3333 3612; x_wconf 81' lang='lat' dir='ltr'><strong>ex</strong></span> <span class='ocrx_word' id='word_1_836' title='bbox 3363 3554 3466 3610; x_wconf 88' lang='lat' dir='ltr'><strong>fide</strong></span> <span class='ocrx_word' id='word_1_837' title='bbox 3489 3554 3684 3610; x_wconf 85' lang='lat' dir='ltr'><strong>viven-</strong></span> 
     </span>
    </p>
   </div>
   <div class='ocr_carea' id='block_1_96' title="bbox 2095 3645 3683 3725">
    <p class='ocr_par' dir='ltr' id='par_1_96' title="bbox 2095 3645 3683 3725">
     <span class='ocr_line' id='line_1_96' title="bbox 2095 3645 3683 3725; baseline -0.006 -15"><span class='ocrx_word' id='word_1_838' title='bbox 2095 3654 2183 3721; x_wconf 83' lang='lat' dir='ltr'><strong>tis,</strong></span> <span class='ocrx_word' id='word_1_839' title='bbox 2211 3652 2497 3725; x_wconf 80' lang='lat' dir='ltr'><strong>aliquando</strong></span> <span class='ocrx_word' id='word_1_840' title='bbox 2525 3650 2682 3707; x_wconf 88' lang='lat' dir='ltr'><strong>alicui</strong></span> <span class='ocrx_word' id='word_1_841' title='bbox 2719 3649 3056 3706; x_wconf 83' lang='lat' dir='ltr'><strong>delectationi</strong></span> <span class='ocrx_word' id='word_1_842' title='bbox 3099 3647 3294 3704; x_wconf 57' lang='lat' dir='ltr'><strong>illicitae</strong></span> <span class='ocrx_word' id='word_1_843' title='bbox 3332 3645 3683 3703; x_wconf 89' lang='lat' dir='ltr'><strong>consentire:</strong></span> 
     </span>
    </p>
   </div>
   <div class='ocr_carea' id='block_1_97' title="bbox 2097 3735 3687 3809">
    <p class='ocr_par' dir='ltr' id='par_1_97' title="bbox 2097 3735 3687 3809">
     <span class='ocr_line' id='line_1_97' title="bbox 2097 3735 3687 3809; baseline -0.008 -5"><span class='ocrx_word' id='word_1_844' title='bbox 2097 3761 2204 3804; x_wconf 91' lang='lat' dir='ltr'><strong>non</strong></span> <span class='ocrx_word' id='word_1_845' title='bbox 2243 3754 2448 3801; x_wconf 85' lang='lat' dir='ltr'><strong>tantum</strong></span> <span class='ocrx_word' id='word_1_846' title='bbox 2475 3745 2527 3800; x_wconf 91' lang='lat' dir='ltr'><strong>in</strong></span> <span class='ocrx_word' id='word_1_847' title='bbox 2556 3742 2664 3799; x_wconf 90' lang='lat' dir='ltr'><strong>illis</strong></span> <span class='ocrx_word' id='word_1_848' title='bbox 2699 3741 2982 3799; x_wconf 75' lang='lat' dir='ltr'><strong>horrendis</strong></span> <span class='ocrx_word' id='word_1_849' title='bbox 3017 3738 3336 3796; x_wconf 85' lang='lat' dir='ltr'><strong>facinoribus</strong></span> <span class='ocrx_word' id='word_1_850' title='bbox 3374 3746 3429 3794; x_wconf 88' lang='lat' dir='ltr'><strong>et</strong></span> <span class='ocrx_word' id='word_1_851' title='bbox 3465 3735 3687 3809; x_wconf 82' lang='lat' dir='ltr'><strong>ﬂagitiis</strong></span> 
     </span>
    </p>
   </div>
   <div class='ocr_carea' id='block_1_98' title="bbox 2096 3828 3690 3913">
    <p class='ocr_par' dir='ltr' id='par_1_98' title="bbox 2096 3828 3690 3913">
     <span class='ocr_line' id='line_1_98' title="bbox 2096 3828 3690 3913; baseline -0.009 -17"><span class='ocrx_word' id='word_1_852' title='bbox 2096 3835 2466 3913; x_wconf 86' lang='lat' dir='ltr'><strong>perpetrandis</strong></span> <span class='ocrx_word' id='word_1_853' title='bbox 2485 3878 2501 3905; x_wconf 96' lang='lat'><strong>,</strong></span> <span class='ocrx_word' id='word_1_854' title='bbox 2543 3850 2727 3892; x_wconf 85' lang='lat' dir='ltr'><strong>verum</strong></span> <span class='ocrx_word' id='word_1_855' title='bbox 2754 3833 2912 3889; x_wconf 89' lang='lat' dir='ltr'><strong>etiam</strong></span> <span class='ocrx_word' id='word_1_856' title='bbox 2941 3833 2994 3888; x_wconf 91' lang='lat' dir='ltr'><strong>in</strong></span> <span class='ocrx_word' id='word_1_857' title='bbox 3019 3831 3337 3897; x_wconf 84' lang='lat' dir='ltr'><strong>levioribus;</strong></span> <span class='ocrx_word' id='word_1_858' title='bbox 3386 3837 3443 3884; x_wconf 89' lang='lat' dir='ltr'><strong>ut</strong></span> <span class='ocrx_word' id='word_1_859' title='bbox 3474 3828 3558 3884; x_wconf 91' lang='lat' dir='ltr'><strong>vel</strong></span> <span class='ocrx_word' id='word_1_860' title='bbox 3584 3843 3690 3883; x_wconf 80' lang='lat' dir='ltr'><strong>au-</strong></span> 
     </span>
    </p>
   </div>
   <div class='ocr_carea' id='block_1_99' title="bbox 2099 3919 3689 3998">
    <p class='ocr_par' dir='ltr' id='par_1_99' title="bbox 2099 3919 3689 3998">
     <span class='ocr_line' id='line_1_99' title="bbox 2099 3919 3689 3998; baseline -0.008 -10"><span class='ocrx_word' id='word_1_861' title='bbox 2099 3946 2215 3989; x_wconf 90' lang='lat' dir='ltr'><strong>rem</strong></span> <span class='ocrx_word' id='word_1_862' title='bbox 2240 3928 2395 3985; x_wconf 89' lang='lat' dir='ltr'><strong>alicui</strong></span> <span class='ocrx_word' id='word_1_863' title='bbox 2432 3927 2551 3983; x_wconf 85' lang='lat' dir='ltr'><strong>voci</strong></span> <span class='ocrx_word' id='word_1_864' title='bbox 2582 3942 2700 3998; x_wconf 67' lang='lat' dir='ltr'><strong>quae</strong></span> <span class='ocrx_word' id='word_1_865' title='bbox 2722 3923 2983 3982; x_wconf 88' lang='lat' dir='ltr'><strong>audienda</strong></span> <span class='ocrx_word' id='word_1_866' title='bbox 3018 3939 3123 3980; x_wconf 89' lang='lat' dir='ltr'><strong>non</strong></span> <span class='ocrx_word' id='word_1_867' title='bbox 3153 3931 3313 3991; x_wconf 89' lang='lat' dir='ltr'><strong>esset,</strong></span> <span class='ocrx_word' id='word_1_868' title='bbox 3337 3921 3419 3978; x_wconf 88' lang='lat' dir='ltr'><strong>vel</strong></span> <span class='ocrx_word' id='word_1_869' title='bbox 3445 3919 3689 3992; x_wconf 82' lang='lat' dir='ltr'><strong>linguam</strong></span> 
     </span>
    </p>
   </div>
   <div class='ocr_carea' id='block_1_100' title="bbox 2099 4012 3689 4092">
    <p class='ocr_par' dir='ltr' id='par_1_100' title="bbox 2099 4012 3689 4092">
     <span class='ocr_line' id='line_1_100' title="bbox 2099 4012 3689 4092; baseline -0.005 -14"><span class='ocrx_word' id='word_1_870' title='bbox 2099 4021 2259 4078; x_wconf 88' lang='lat' dir='ltr'><strong>alicui</strong></span> <span class='ocrx_word' id='word_1_871' title='bbox 2283 4036 2405 4092; x_wconf 67' lang='lat' dir='ltr'><strong>qua:</strong></span> <span class='ocrx_word' id='word_1_872' title='bbox 2432 4016 2659 4075; x_wconf 87' lang='lat' dir='ltr'><strong>dicenda</strong></span> <span class='ocrx_word' id='word_1_873' title='bbox 2698 4032 2804 4073; x_wconf 89' lang='lat' dir='ltr'><strong>non</strong></span> <span class='ocrx_word' id='word_1_874' title='bbox 2832 4023 3008 4083; x_wconf 89' lang='lat' dir='ltr'><strong>esset,</strong></span> <span class='ocrx_word' id='word_1_875' title='bbox 3058 4013 3456 4079; x_wconf 86' lang='lat' dir='ltr'><strong>accommodet;</strong></span> <span class='ocrx_word' id='word_1_876' title='bbox 3501 4012 3583 4068; x_wconf 87' lang='lat' dir='ltr'><strong>vel</strong></span> <span class='ocrx_word' id='word_1_877' title='bbox 3626 4012 3689 4070; x_wconf 92' lang='lat' dir='ltr'><strong>in</strong></span> 
     </span>
    </p>
   </div>
   <div class='ocr_carea' id='block_1_101' title="bbox 2100 4104 3690 4185">
    <p class='ocr_par' dir='ltr' id='par_1_101' title="bbox 2100 4104 3690 4185">
     <span class='ocr_line' id='line_1_101' title="bbox 2100 4104 3690 4185; baseline -0.006 -14"><span class='ocrx_word' id='word_1_878' title='bbox 2100 4114 2219 4185; x_wconf 86' lang='lat' dir='ltr'><strong>ipso</strong></span> <span class='ocrx_word' id='word_1_879' title='bbox 2257 4111 2419 4169; x_wconf 88' lang='lat' dir='ltr'><strong>corde</strong></span> <span class='ocrx_word' id='word_1_880' title='bbox 2447 4109 2644 4182; x_wconf 78' lang='lat' dir='ltr'><strong>aliquid</strong></span> <span class='ocrx_word' id='word_1_881' title='bbox 2681 4108 2756 4164; x_wconf 83' lang='lat' dir='ltr'><strong>ita</strong></span> <span class='ocrx_word' id='word_1_882' title='bbox 2777 4109 2990 4179; x_wconf 87' lang='lat' dir='ltr'><strong>cogitet,</strong></span> <span class='ocrx_word' id='word_1_883' title='bbox 3016 4115 3073 4163; x_wconf 91' lang='lat' dir='ltr'><strong>ut</strong></span> <span class='ocrx_word' id='word_1_884' title='bbox 3098 4106 3282 4163; x_wconf 83' lang='lat' dir='ltr'><strong>mallet</strong></span> <span class='ocrx_word' id='word_1_885' title='bbox 3308 4106 3509 4162; x_wconf 91' lang='lat' dir='ltr'><strong>licitum</strong></span> <span class='ocrx_word' id='word_1_886' title='bbox 3534 4104 3690 4176; x_wconf 90' lang='lat' dir='ltr'><strong>quod</strong></span> 
     </span>
    </p>
   </div>
   <div class='ocr_carea' id='block_1_102' title="bbox 2100 4197 3688 4271">
    <p class='ocr_par' dir='ltr' id='par_1_102' title="bbox 2100 4197 3688 4271">
     <span class='ocr_line' id='line_1_102' title="bbox 2100 4197 3688 4271; baseline -0.006 -10"><span class='ocrx_word' id='word_1_887' title='bbox 2100 4205 2243 4261; x_wconf 88' lang='lat' dir='ltr'><strong>male</strong></span> <span class='ocrx_word' id='word_1_888' title='bbox 2283 4203 2548 4269; x_wconf 85' lang='lat' dir='ltr'><strong>delectat,</strong></span> <span class='ocrx_word' id='word_1_889' title='bbox 2589 4208 2645 4258; x_wconf 88' lang='lat' dir='ltr'><strong>et</strong></span> <span class='ocrx_word' id='word_1_890' title='bbox 2690 4212 2785 4271; x_wconf 90' lang='lat' dir='ltr'><strong>per</strong></span> <span class='ocrx_word' id='word_1_891' title='bbox 2827 4206 3150 4271; x_wconf 65' lang='lat' dir='ltr'><strong>praeceptum</strong></span> <span class='ocrx_word' id='word_1_892' title='bbox 3189 4198 3358 4255; x_wconf 89' lang='lat' dir='ltr'><strong>scitur</strong></span> <span class='ocrx_word' id='word_1_893' title='bbox 3397 4197 3640 4252; x_wconf 83' lang='lat' dir='ltr'><strong>illicitum</strong></span> <span class='ocrx_word' id='word_1_894' title='bbox 3667 4211 3688 4252; x_wconf 90' lang='lat'><strong>:</strong></span> 
     </span>
    </p>
   </div>
   <div class='ocr_carea' id='block_1_103' title="bbox 2102 4281 3694 4368">
    <p class='ocr_par' dir='ltr' id='par_1_103' title="bbox 2102 4281 3694 4368">
     <span class='ocr_line' id='line_1_103' title="bbox 2102 4281 3694 4368; baseline -0.006 -13"><span class='ocrx_word' id='word_1_895' title='bbox 2102 4300 2264 4356; x_wconf 87' lang='lat' dir='ltr'><strong>etiam</strong></span> <span class='ocrx_word' id='word_1_896' title='bbox 2309 4298 2408 4353; x_wconf 89' lang='lat' dir='ltr'><strong>ista</strong></span> <span class='ocrx_word' id='word_1_897' title='bbox 2439 4297 2635 4368; x_wconf 88' lang='lat' dir='ltr'><strong>quippe</strong></span> <span class='ocrx_word' id='word_1_898' title='bbox 2676 4294 2958 4350; x_wconf 79' lang='lat' dir='ltr'><strong>consensio</strong></span> <span class='ocrx_word' id='word_1_899' title='bbox 3003 4300 3085 4349; x_wconf 88' lang='lat' dir='ltr'><strong>est</strong></span> <span class='ocrx_word' id='word_1_900' title='bbox 3110 4292 3181 4347; x_wconf 80' lang='lat' dir='ltr'><strong>ad</strong></span> <span class='ocrx_word' id='word_1_901' title='bbox 3221 4281 3523 4363; x_wconf 83' lang='lat' dir='ltr'><strong>peccatum,</strong></span> <span class='ocrx_word' id='word_1_902' title='bbox 3564 4305 3694 4360; x_wconf 67' lang='lat' dir='ltr'><strong>quae</strong></span> 
     </span>
    </p>
   </div>
   <div class='ocr_carea' id='block_1_104' title="bbox 2104 4380 3696 4462">
    <p class='ocr_par' dir='ltr' id='par_1_104' title="bbox 2104 4380 3696 4462">
     <span class='ocr_line' id='line_1_104' title="bbox 2104 4380 3696 4462; baseline -0.006 -15"><span class='ocrx_word' id='word_1_903' title='bbox 2104 4392 2286 4462; x_wconf 91' lang='lat' dir='ltr'><strong>utique</strong></span> <span class='ocrx_word' id='word_1_904' title='bbox 2311 4389 2483 4455; x_wconf 87' lang='lat' dir='ltr'><strong>fieret,</strong></span> <span class='ocrx_word' id='word_1_905' title='bbox 2506 4387 2607 4443; x_wconf 89' lang='lat' dir='ltr'><strong>nisi</strong></span> <span class='ocrx_word' id='word_1_906' title='bbox 2629 4401 2785 4458; x_wconf 71' lang='lat' dir='ltr'><strong>poena</strong></span> <span class='ocrx_word' id='word_1_907' title='bbox 2808 4382 3034 4441; x_wconf 82' lang='lat' dir='ltr'><strong>terreret</strong></span> <span class='ocrx_word' id='word_1_908' title='bbox 3055 4382 3128 4455; x_wconf 73' lang='grc'><strong>⁸.)</strong></span> <span class='ocrx_word' id='word_1_909' title='bbox 3156 4382 3324 4439; x_wconf 77' lang='lat' dir='ltr'><strong>Tales</strong></span> <span class='ocrx_word' id='word_1_910' title='bbox 3332 4382 3458 4453; x_wconf 91' lang='lat' dir='ltr'><strong>justi</strong></span> <span class='ocrx_word' id='word_1_911' title='bbox 3489 4396 3551 4439; x_wconf 80' lang='lat' dir='ltr'><strong>ex</strong></span> <span class='ocrx_word' id='word_1_912' title='bbox 3581 4380 3696 4438; x_wconf 83' lang='lat' dir='ltr'><strong>tlde</strong></span> 
     </span>
    </p>
   </div>
   <div class='ocr_carea' id='block_1_105' title="bbox 2104 4473 3695 4551">
    <p class='ocr_par' dir='ltr' id='par_1_105' title="bbox 2104 4473 3695 4551">
     <span class='ocr_line' id='line_1_105' title="bbox 2104 4473 3695 4551; baseline -0.008 -11"><span class='ocrx_word' id='word_1_913' title='bbox 2104 4483 2345 4540; x_wconf 87' lang='lat' dir='ltr'><strong>viventes</strong></span> <span class='ocrx_word' id='word_1_914' title='bbox 2368 4525 2382 4551; x_wconf 93' lang='lat'><strong>,</strong></span> <span class='ocrx_word' id='word_1_915' title='bbox 2411 4497 2519 4537; x_wconf 90' lang='lat' dir='ltr'><strong>non</strong></span> <span class='ocrx_word' id='word_1_916' title='bbox 2544 4481 2566 4514; x_wconf 85' lang='grc'><strong><em>⁸</em></strong></span> <span class='ocrx_word' id='word_1_917' title='bbox 2589 4494 2726 4551; x_wconf 91' lang='lat' dir='ltr'><strong>opus</strong></span> <span class='ocrx_word' id='word_1_918' title='bbox 2750 4478 2947 4534; x_wconf 84' lang='lat' dir='ltr'><strong>habent</strong></span> <span class='ocrx_word' id='word_1_919' title='bbox 2969 4477 3166 4545; x_wconf 83' lang='lat' dir='ltr'><strong>dicere,</strong></span> <span class='ocrx_word' id='word_1_920' title='bbox 3200 4476 3411 4531; x_wconf 88' lang='lat' dir='ltr'><strong>Dimitte</strong></span> <span class='ocrx_word' id='word_1_921' title='bbox 3430 4473 3573 4530; x_wconf 78' lang='lat' dir='ltr'><strong>nobis</strong></span> <span class='ocrx_word' id='word_1_922' title='bbox 3593 4473 3695 4529; x_wconf 83' lang='lat' dir='ltr'><strong>de-</strong></span> 
     </span>
    </p>
   </div>
   <div class='ocr_carea' id='block_1_106' title="bbox 2107 4566 3699 4640">
    <p class='ocr_par' dir='ltr' id='par_1_106' title="bbox 2107 4566 3699 4640">
     <span class='ocr_line' id='line_1_106' title="bbox 2107 4566 3699 4640; baseline -0.006 -9"><span class='ocrx_word' id='word_1_923' title='bbox 2107 4578 2210 4632; x_wconf 86' lang='lat' dir='ltr'><strong>bita</strong></span> <span class='ocrx_word' id='word_1_924' title='bbox 2232 4584 2405 4630; x_wconf 87' lang='lat' dir='ltr'><strong>nostra</strong></span> <span class='ocrx_word' id='word_1_925' title='bbox 2431 4614 2446 4640; x_wconf 93' lang='lat'><strong>,</strong></span> <span class='ocrx_word' id='word_1_926' title='bbox 2488 4572 2616 4627; x_wconf 86' lang='lat' dir='ltr'><strong>sicut</strong></span> <span class='ocrx_word' id='word_1_927' title='bbox 2652 4579 2699 4625; x_wconf 87' lang='lat' dir='ltr'><strong>et</strong></span> <span class='ocrx_word' id='word_1_928' title='bbox 2731 4586 2823 4625; x_wconf 83' lang='lat' dir='ltr'><strong>nos</strong></span> <span class='ocrx_word' id='word_1_929' title='bbox 2856 4569 3150 4623; x_wconf 76' lang='lat' dir='ltr'><strong>dimittimus</strong></span> <span class='ocrx_word' id='word_1_930' title='bbox 3175 4566 3477 4621; x_wconf 80' lang='lat' dir='ltr'><strong>debitoribus</strong></span> <span class='ocrx_word' id='word_1_931' title='bbox 3505 4568 3699 4622; x_wconf 77' lang='lat' dir='ltr'><strong>nostris</strong></span> 
     </span>
    </p>
   </div>
   <div class='ocr_carea' id='block_1_107' title="bbox 2108 4660 3696 4741">
    <p class='ocr_par' dir='ltr' id='par_1_107' title="bbox 2108 4660 3696 4741">
     <span class='ocr_line' id='line_1_107' title="bbox 2108 4660 3696 4741; baseline -0.004 -19"><span class='ocrx_word' id='word_1_932' title='bbox 2108 4667 2399 4741; x_wconf 55' lang='lat' dir='ltr'><strong>(Matthvt</strong></span> <span class='ocrx_word' id='word_1_933' title='bbox 2422 4707 2435 4729; x_wconf 92' lang='lat'><strong>,</strong></span> <span class='ocrx_word' id='word_1_934' title='bbox 2467 4663 2599 4735; x_wconf 57' lang='grc' dir='ltr'><strong><em>ην</em></strong></span> <span class='ocrx_word' id='word_1_935' title='bbox 2639 4663 2934 4733; x_wconf 77' lang='lat' dir='ltr'><strong>falsumque</strong></span> <span class='ocrx_word' id='word_1_936' title='bbox 2972 4676 3092 4717; x_wconf 85' lang='lat' dir='ltr'><strong>esse</strong></span> <span class='ocrx_word' id='word_1_937' title='bbox 3141 4662 3492 4728; x_wconf 80' lang='lat' dir='ltr'><strong>convincunt,</strong></span> <span class='ocrx_word' id='word_1_938' title='bbox 3543 4660 3696 4729; x_wconf 89' lang='lat' dir='ltr'><strong>quod</strong></span> 
     </span>
    </p>
   </div>
   <div class='ocr_carea' id='block_1_108' title="bbox 2109 4752 3700 4831">
    <p class='ocr_par' dir='ltr' id='par_1_108' title="bbox 2109 4752 3700 4831">
     <span class='ocr_line' id='line_1_108' title="bbox 2109 4752 3700 4831; baseline -0.006 -15"><span class='ocrx_word' id='word_1_939' title='bbox 2109 4761 2362 4831; x_wconf 73' lang='lat' dir='ltr'><strong>Scriptum</strong></span> <span class='ocrx_word' id='word_1_940' title='bbox 2392 4767 2493 4825; x_wconf 85' lang='lat' dir='ltr'><strong>est,</strong></span> <span class='ocrx_word' id='word_1_941' title='bbox 2524 4752 3022 4827; x_wconf 77' lang='lat' dir='ltr'><strong>Nonjustiﬁcabitur</strong></span> <span class='ocrx_word' id='word_1_942' title='bbox 3041 4755 3094 4809; x_wconf 86' lang='lat' dir='ltr'><strong>in</strong></span> <span class='ocrx_word' id='word_1_943' title='bbox 3122 4759 3389 4825; x_wconf 79' lang='lat' dir='ltr'><strong>conspectu</strong></span> <span class='ocrx_word' id='word_1_944' title='bbox 3416 4761 3502 4807; x_wconf 89' lang='lat' dir='ltr'><strong>tuo</strong></span> <span class='ocrx_word' id='word_1_945' title='bbox 3526 4752 3700 4807; x_wconf 76' lang='lat' dir='ltr'><strong>omnis</strong></span> 
     </span>
    </p>
   </div>
   <div class='ocr_carea' id='block_1_109' title="bbox 2174 4932 2799 5000">
    <p class='ocr_par' dir='ltr' id='par_1_109' title="bbox 2174 4932 2799 5000">
     <span class='ocr_line' id='line_1_109' title="bbox 2174 4932 2799 5000; baseline -0.005 -15"><span class='ocrx_word' id='word_1_946' title='bbox 2174 4939 2193 4970; x_wconf 83' lang='grc' dir='ltr'><strong>ι</strong></span> <span class='ocrx_word' id='word_1_947' title='bbox 2220 4936 2410 5000; x_wconf 73' lang='lat' dir='ltr'><strong>Aliquot</strong></span> <span class='ocrx_word' id='word_1_948' title='bbox 2433 4941 2560 4987; x_wconf 67' lang='grc' dir='ltr'><strong>διες..</strong></span> <span class='ocrx_word' id='word_1_949' title='bbox 2583 4932 2799 5000; x_wconf 63' lang='lat' dir='ltr'><strong>exsecuti.</strong></span> 
     </span>
    </p>
   </div>
   <div class='ocr_carea' id='block_1_110' title="bbox 2175 4992 3697 5104">
    <p class='ocr_par' dir='ltr' id='par_1_110' title="bbox 2175 4992 3697 5104">
     <span class='ocr_line' id='line_1_110' title="bbox 2175 4992 3697 5104; baseline 0.006 -71"><span class='ocrx_word' id='word_1_950' title='bbox 2175 4992 2436 5067; x_wconf 65' lang='lat' dir='ltr'><strong>sonuitque</strong></span> <span class='ocrx_word' id='word_1_951' title='bbox 2461 4992 2736 5074; x_wconf 46' lang='lat' dir='ltr'><strong>ussqguod</strong></span> <span class='ocrx_word' id='word_1_952' title='bbox 2767 4993 2853 5069; x_wconf 74' lang='lat' dir='ltr'><strong>ait.</strong></span> <span class='ocrx_word' id='word_1_953' title='bbox 2887 5000 3027 5045; x_wconf 74' lang='lat' dir='ltr'><strong>Forte</strong></span> <span class='ocrx_word' id='word_1_954' title='bbox 3064 5006 3170 5104; x_wconf 64' lang='lat' dir='ltr'><strong>prof</strong></span> <span class='ocrx_word' id='word_1_955' title='bbox 3226 5004 3320 5066; x_wconf 74' lang='lat' dir='ltr'><strong>quo</strong></span> <span class='ocrx_word' id='word_1_956' title='bbox 3361 4992 3545 5068; x_wconf 69' lang='lat' dir='ltr'><strong>tendit;</strong></span> <span class='ocrx_word' id='word_1_957' title='bbox 3584 4992 3697 5055; x_wconf 87' lang='lat' dir='ltr'><strong>vel,</strong></span> 
     </span>
     <span class='ocr_line' id='line_1_111' title="bbox 2176 5053 3697 5104; baseline 0 0"><span class='ocrx_word' id='word_1_958' title='bbox 2176 5074 2205 5104; x_wconf 85' lang='grc' dir='ltr'><em>ο</em></span> <span class='ocrx_word' id='word_1_959' title='bbox 2228 5056 2434 5104; x_wconf 74' lang='grc' dir='ltr'><strong>ηνοῆαῑ.</strong></span> <span class='ocrx_word' id='word_1_960' title='bbox 2459 5066 2479 5104; x_wconf 85' lang='lat'><strong><em>\</em></strong></span> <span class='ocrx_word' id='word_1_961' title='bbox 2495 5059 2572 5104; x_wconf 75' lang='lat' dir='ltr'><strong>ide</strong></span> <span class='ocrx_word' id='word_1_962' title='bbox 2593 5056 2732 5104; x_wconf 76' lang='lat' dir='ltr'><strong>infra.</strong></span> <span class='ocrx_word' id='word_1_963' title='bbox 2760 5056 2934 5104; x_wconf 85' lang='lat' dir='ltr'><strong>hbrum</strong></span> <span class='ocrx_word' id='word_1_964' title='bbox 2970 5056 3034 5104; x_wconf 91' lang='lat' dir='ltr'><strong>de</strong></span> <span class='ocrx_word' id='word_1_965' title='bbox 3056 5063 3145 5104; x_wconf 81' lang='lat' dir='ltr'><strong>Per</strong></span> <span class='ocrx_word' id='word_1_966' title='bbox 3166 5062 3357 5104; x_wconf 88' lang='lat' dir='ltr'><strong>ecttone</strong></span> <span class='ocrx_word' id='word_1_967' title='bbox 3387 5062 3581 5104; x_wconf 72' lang='lat' dir='ltr'><strong>Iustitiae</strong></span> <span class='ocrx_word' id='word_1_968' title='bbox 3604 5053 3697 5104; x_wconf 85' lang='lat' dir='ltr'><strong>bo-</strong></span> 
     </span>
    </p>
   </div>
   <div class='ocr_carea' id='block_1_111' title="bbox 2111 5053 3705 5171">
    <p class='ocr_par' dir='ltr' id='par_1_111' title="bbox 2111 5053 3705 5171">
     <span class='ocr_line' id='line_1_112' title="bbox 2111 5053 3705 5171; baseline -0.002 -63"><span class='ocrx_word' id='word_1_969' title='bbox 2111 5053 2434 5171; x_wconf 51' lang='grc' dir='ltr'><strong>ξιιίξὲἰξνὲβὲὶῖ.</strong></span> <span class='ocrx_word' id='word_1_970' title='bbox 2459 5053 2732 5117; x_wconf 63' lang='grc' dir='ltr'><strong>ι’ἱόείιῑτιτθ,</strong></span> <span class='ocrx_word' id='word_1_971' title='bbox 2760 5056 2934 5107; x_wconf 85' lang='lat' dir='ltr'><strong>librum</strong></span> <span class='ocrx_word' id='word_1_972' title='bbox 2970 5056 3034 5105; x_wconf 91' lang='lat' dir='ltr'><strong>de</strong></span> <span class='ocrx_word' id='word_1_973' title='bbox 3056 5053 3357 5106; x_wconf 70' lang='lat' dir='ltr'><strong>Perfectione</strong></span> <span class='ocrx_word' id='word_1_974' title='bbox 3382 5054 3581 5118; x_wconf 74' lang='lat' dir='ltr'><strong>justitiae</strong></span> <span class='ocrx_word' id='word_1_975' title='bbox 3604 5053 3705 5105; x_wconf 57' lang='lat' dir='ltr'><strong>bo;-</strong></span> 
     </span>
    </p>
   </div>
   <div class='ocr_carea' id='block_1_112' title="bbox 2110 5135 2437 5173">
    <p class='ocr_par' dir='ltr' id='par_1_112' title="bbox 2110 5135 2437 5173">
     <span class='ocr_line' id='line_1_113' title="bbox 2110 5135 2437 5173; baseline -0.009 0"><span class='ocrx_word' id='word_1_976' title='bbox 2110 5135 2270 5173; x_wconf 74' lang='grc'><strong>11111118.</strong></span> <span class='ocrx_word' id='word_1_977' title='bbox 2290 5136 2339 5171; x_wconf 87' lang='grc' dir='ltr'><strong>ιι.</strong></span> <span class='ocrx_word' id='word_1_978' title='bbox 2358 5135 2413 5171; x_wconf 76' lang='lat' dir='ltr'><strong>O‘I</strong></span> <span class='ocrx_word' id='word_1_979' title='bbox 2423 5153 2437 5169; x_wconf 78' lang='grc' dir='ltr'><strong><em>ο</em></strong></span> 
     </span>
    </p>
   </div>
   <div class='ocr_carea' id='block_1_113' title="bbox 2184 5158 3080 5244">
    <p class='ocr_par' dir='ltr' id='par_1_113' title="bbox 2184 5158 3080 5244">
     <span class='ocr_line' id='line_1_114' title="bbox 2184 5158 3080 5244; baseline -0.004 -11"><span class='ocrx_word' id='word_1_980' title='bbox 2184 5158 2413 5235; x_wconf 59' lang='lat' dir='ltr'><strong>ritus&quot;;</strong></span> <span class='ocrx_word' id='word_1_981' title='bbox 2423 5158 2665 5233; x_wconf 47' lang='lat' dir='ltr'><strong>&#39;Vaticauis</strong></span> <span class='ocrx_word' id='word_1_982' title='bbox 2688 5190 2811 5244; x_wconf 68' lang='lat' dir='ltr'><strong>uss,</strong></span> <span class='ocrx_word' id='word_1_983' title='bbox 2837 5177 2941 5233; x_wconf 82' lang='lat' dir='ltr'><strong>sine</strong></span> <span class='ocrx_word' id='word_1_984' title='bbox 2959 5177 3080 5244; x_wconf 78' lang='lat' dir='ltr'><strong>ﬁde.</strong></span> 
     </span>
    </p>
   </div>
   <div class='ocr_carea' id='block_1_114' title="bbox 2176 5241 3706 5309">
    <p class='ocr_par' dir='ltr' id='par_1_114' title="bbox 2176 5241 3706 5309">
     <span class='ocr_line' id='line_1_115' title="bbox 2176 5241 3706 5309; baseline -0.001 -15"><span class='ocrx_word' id='word_1_985' title='bbox 2176 5245 2197 5277; x_wconf 75' lang='grc'><strong>⁸</strong></span> <span class='ocrx_word' id='word_1_986' title='bbox 2217 5245 2398 5309; x_wconf 78' lang='lat' dir='ltr'><strong>Aliquid</strong></span> <span class='ocrx_word' id='word_1_987' title='bbox 2423 5246 2501 5294; x_wconf 89' lang='lat' dir='ltr'><strong>hic</strong></span> <span class='ocrx_word' id='word_1_988' title='bbox 2523 5241 2855 5309; x_wconf 80' lang='lat' dir='ltr'><strong>perturbatum</strong></span> <span class='ocrx_word' id='word_1_989' title='bbox 2876 5241 2987 5291; x_wconf 83' lang='lat' dir='ltr'><strong>esse</strong></span> <span class='ocrx_word' id='word_1_990' title='bbox 3010 5241 3325 5309; x_wconf 73' lang='lat' dir='ltr'><strong>suspicamur.</strong></span> <span class='ocrx_word' id='word_1_991' title='bbox 3351 5248 3463 5289; x_wconf 66' lang='lat' dir='ltr'><strong>Nam</strong></span> <span class='ocrx_word' id='word_1_992' title='bbox 3488 5251 3547 5289; x_wconf 72' lang='lat' dir='ltr'><strong>ea</strong></span> <span class='ocrx_word' id='word_1_993' title='bbox 3583 5253 3706 5302; x_wconf 63' lang='lat' dir='ltr'><strong>quae</strong></span> 
     </span>
    </p>
   </div>
   <div class='ocr_carea' id='block_1_115' title="bbox 2176 5303 3713 5367">
    <p class='ocr_par' dir='ltr' id='par_1_115' title="bbox 2176 5303 3713 5367">
     <span class='ocr_line' id='line_1_116' title="bbox 2176 5303 3713 5367; baseline -0.004 -11"><span class='ocrx_word' id='word_1_994' title='bbox 2176 5303 2425 5358; x_wconf 82' lang='lat' dir='ltr'><strong>rentliesis</strong></span> <span class='ocrx_word' id='word_1_995' title='bbox 2452 5303 2815 5367; x_wconf 60' lang='lat' dir='ltr'><strong>oorhldeclllltr,</strong></span> <span class='ocrx_word' id='word_1_996' title='bbox 2861 5314 2957 5367; x_wconf 84' lang='lat' dir='ltr'><strong>non</strong></span> <span class='ocrx_word' id='word_1_997' title='bbox 2992 5304 3109 5367; x_wconf 71' lang='lat' dir='ltr'><strong>satis</strong></span> <span class='ocrx_word' id='word_1_998' title='bbox 3151 5303 3399 5355; x_wconf 65' lang='lat' dir='ltr'><strong>mitterent</strong></span> <span class='ocrx_word' id='word_1_999' title='bbox 3422 5314 3545 5367; x_wconf 88' lang='lat' dir='ltr'><strong>_cum</strong></span> <span class='ocrx_word' id='word_1_1000' title='bbox 3587 5312 3713 5351; x_wconf 83' lang='lat' dir='ltr'><strong>ver-</strong></span> 
     </span>
    </p>
   </div>
   <div class='ocr_carea' id='block_1_116' title="bbox 2114 5320 3710 5435">
    <p class='ocr_par' dir='ltr' id='par_1_116' title="bbox 2114 5320 3710 5435">
     <span class='ocr_line' id='line_1_117' title="bbox 2176 5320 3710 5367; baseline -0.004 -11"><span class='ocrx_word' id='word_1_1001' title='bbox 2176 5320 2425 5358; x_wconf 66' lang='lat' dir='ltr'><strong>rentnesm</strong></span> <span class='ocrx_word' id='word_1_1002' title='bbox 2452 5320 2815 5367; x_wconf 79' lang='lat' dir='ltr'><strong>eornpiecutur,</strong></span> <span class='ocrx_word' id='word_1_1003' title='bbox 2861 5320 2957 5353; x_wconf 87' lang='lat' dir='ltr'><strong>non</strong></span> <span class='ocrx_word' id='word_1_1004' title='bbox 2992 5320 3109 5351; x_wconf 67' lang='lat' dir='ltr'><strong>satis</strong></span> <span class='ocrx_word' id='word_1_1005' title='bbox 3151 5320 3399 5355; x_wconf 72' lang='lat' dir='ltr'><strong>min-rent</strong></span> <span class='ocrx_word' id='word_1_1006' title='bbox 3433 5320 3545 5352; x_wconf 83' lang='lat' dir='ltr'><strong>cum</strong></span> <span class='ocrx_word' id='word_1_1007' title='bbox 3588 5320 3710 5351; x_wconf 83' lang='lat' dir='ltr'><strong>ver-</strong></span> 
     </span>
     <span class='ocr_line' id='line_1_118' title="bbox 2114 5320 3710 5435; baseline -0.004 -15"><span class='ocrx_word' id='word_1_1008' title='bbox 2114 5320 2217 5435; x_wconf 46' lang='lat' dir='ltr'><strong>mis</strong></span> <span class='ocrx_word' id='word_1_1009' title='bbox 2244 5370 2569 5435; x_wconf 67' lang='lat' dir='ltr'><strong>sequentibus</strong></span> <span class='ocrx_word' id='word_1_1010' title='bbox 2612 5381 2625 5435; x_wconf 70' lang='grc' dir='ltr'>ξ</span> <span class='ocrx_word' id='word_1_1011' title='bbox 2670 5367 2796 5417; x_wconf 79' lang='lat' dir='ltr'><strong>forte</strong></span> <span class='ocrx_word' id='word_1_1012' title='bbox 2841 5364 3128 5435; x_wconf 46' lang='lat' dir='ltr'><strong>collocanda.</strong></span> <span class='ocrx_word' id='word_1_1013' title='bbox 3169 5372 3285 5435; x_wconf 69' lang='lat' dir='ltr'><strong>sunt</strong></span> <span class='ocrx_word' id='word_1_1014' title='bbox 3313 5363 3468 5435; x_wconf 80' lang='lat' dir='ltr'><strong>_paulo</strong></span> <span class='ocrx_word' id='word_1_1015' title='bbox 3518 5376 3710 5435; x_wconf 73' lang='lat' dir='ltr'><strong>supra,</strong></span> 
     </span>
    </p>
   </div>
   <div class='ocr_carea' id='block_1_117' title="bbox 2116 5424 3718 5491">
    <p class='ocr_par' dir='ltr' id='par_1_117' title="bbox 2116 5424 3718 5491">
     <span class='ocr_line' id='line_1_119' title="bbox 2116 5424 3718 5491; baseline -0.002 -10"><span class='ocrx_word' id='word_1_1016' title='bbox 2116 5424 2465 5482; x_wconf 75' lang='lat' dir='ltr'><strong>scilicet&#39;aute</strong></span> <span class='ocrx_word' id='word_1_1017' title='bbox 2510 5427 2627 5478; x_wconf 91' lang='lat' dir='ltr'><strong>illud</strong></span> <span class='ocrx_word' id='word_1_1018' title='bbox 2662 5441 2676 5477; x_wconf 87' lang='lat'><strong>:</strong></span> <span class='ocrx_word' id='word_1_1019' title='bbox 2728 5436 2900 5491; x_wconf 78' lang='lat' dir='ltr'><strong>rerum</strong></span> <span class='ocrx_word' id='word_1_1020' title='bbox 2944 5438 3056 5477; x_wconf 76' lang='lat' dir='ltr'><strong>ecce</strong></span> <span class='ocrx_word' id='word_1_1021' title='bbox 3096 5424 3207 5488; x_wconf 82' lang='lat' dir='ltr'><strong>jam</strong></span> <span class='ocrx_word' id='word_1_1022' title='bbox 3254 5424 3398 5477; x_wconf 67' lang='lat' dir='ltr'><strong>talem</strong></span> <span class='ocrx_word' id='word_1_1023' title='bbox 3446 5424 3718 5478; x_wconf 61' lang='lat' dir='ltr'><strong>constitua-&#39;-</strong></span> 
     </span>
    </p>
   </div>
   <div class='ocr_carea' id='block_1_118' title="bbox 2117 5499 3001 5543">
    <p class='ocr_par' dir='ltr' id='par_1_118' title="bbox 2117 5499 3001 5543">
     <span class='ocr_line' id='line_1_120' title="bbox 2117 5499 3001 5543; baseline -0.007 0"><span class='ocrx_word' id='word_1_1024' title='bbox 2117 5505 2243 5543; x_wconf 71' lang='grc' dir='ltr'><strong>ηικο.</strong></span> <span class='ocrx_word' id='word_1_1025' title='bbox 2999 5499 3001 5501; x_wconf 75' lang='grc'><strong>’</strong></span> 
     </span>
    </p>
   </div>
   <div class='ocr_carea' id='block_1_119' title="bbox 2180 5548 3714 5618">
    <p class='ocr_par' dir='ltr' id='par_1_119' title="bbox 2180 5548 3714 5618">
     <span class='ocr_line' id='line_1_121' title="bbox 2180 5548 3714 5618; baseline -0.003 -16"><span class='ocrx_word' id='word_1_1026' title='bbox 2180 5552 2582 5618; x_wconf 55' lang='lat' dir='ltr'><strong>PCygirannensis</strong></span> <span class='ocrx_word' id='word_1_1027' title='bbox 2632 5558 2714 5618; x_wconf 80' lang='lat' dir='ltr'><strong>_Ms.</strong></span> <span class='ocrx_word' id='word_1_1028' title='bbox 2774 5549 2909 5618; x_wconf 76' lang='lat' dir='ltr'><strong>solus</strong></span> <span class='ocrx_word' id='word_1_1029' title='bbox 2929 5551 3129 5618; x_wconf 90' lang='lat' dir='ltr'><strong>_omittit,</strong></span> <span class='ocrx_word' id='word_1_1030' title='bbox 3166 5561 3258 5618; x_wconf 84' lang='lat' dir='ltr'><strong>non</strong></span> <span class='ocrx_word' id='word_1_1031' title='bbox 3292 5562 3311 5600; x_wconf 88' lang='lat'><strong><em>:</em></strong></span> <span class='ocrx_word' id='word_1_1032' title='bbox 3340 5558 3401 5618; x_wconf 88' lang='lat' dir='ltr'><strong>_et</strong></span> <span class='ocrx_word' id='word_1_1033' title='bbox 3438 5548 3557 5599; x_wconf 80' lang='lat' dir='ltr'><strong>infra</strong></span> <span class='ocrx_word' id='word_1_1034' title='bbox 3595 5563 3714 5618; x_wconf 84' lang='lat' dir='ltr'><strong>pro,</strong></span> 
     </span>
    </p>
   </div>
   <div class='ocr_carea' id='block_1_120' title="bbox 2118 5612 3717 5679">
    <p class='ocr_par' dir='ltr' id='par_1_120' title="bbox 2118 5612 3717 5679">
     <span class='ocr_line' id='line_1_122' title="bbox 2118 5612 3717 5679; baseline -0.004 -13"><span class='ocrx_word' id='word_1_1035' title='bbox 2118 5612 2386 5679; x_wconf 54' lang='lat' dir='ltr'><strong>falsumque</strong></span> <span class='ocrx_word' id='word_1_1036' title='bbox 2406 5626 2510 5664; x_wconf 81' lang='lat' dir='ltr'><strong>csse</strong></span> <span class='ocrx_word' id='word_1_1037' title='bbox 2528 5650 2547 5679; x_wconf 89' lang='lat'><strong>,_</strong></span> <span class='ocrx_word' id='word_1_1038' title='bbox 2555 5613 2733 5679; x_wconf 79' lang='lat' dir='ltr'><strong>habet,</strong></span> <span class='ocrx_word' id='word_1_1039' title='bbox 2766 5612 3047 5679; x_wconf 70' lang='lat' dir='ltr'><strong>autfatsunt</strong></span> <span class='ocrx_word' id='word_1_1040' title='bbox 3077 5617 3273 5679; x_wconf 42' lang='lat' dir='ltr'><strong>essetis</strong></span> <span class='ocrx_word' id='word_1_1041' title='bbox 3286 5612 3475 5679; x_wconf 84' lang='lat' dir='ltr'><strong>minore</strong></span> <span class='ocrx_word' id='word_1_1042' title='bbox 3497 5612 3717 5679; x_wconf 69' lang='lat' dir='ltr'><strong>quadam</strong></span> 
     </span>
    </p>
   </div>
   <div class='ocr_carea' id='block_1_121' title="bbox 2120 5673 3720 5734">
    <p class='ocr_par' dir='ltr' id='par_1_121' title="bbox 2120 5673 3720 5734">
     <span class='ocr_line' id='line_1_123' title="bbox 2120 5673 3720 5734; baseline -0.001 -6"><span class='ocrx_word' id='word_1_1043' title='bbox 2120 5673 2465 5728; x_wconf 63' lang='lat' dir='ltr'><strong>Polemieorum</strong></span> <span class='ocrx_word' id='word_1_1044' title='bbox 2490 5676 2703 5724; x_wconf 88' lang='lat' dir='ltr'><strong>editione</strong></span> <span class='ocrx_word' id='word_1_1045' title='bbox 2729 5673 2977 5725; x_wconf 74' lang='lat' dir='ltr'><strong>I’arisiensi</strong></span> <span class='ocrx_word' id='word_1_1046' title='bbox 2994 5675 3105 5725; x_wconf 80' lang='lat' dir='ltr'><strong>anni</strong></span> <span class='ocrx_word' id='word_1_1047' title='bbox 3133 5673 3270 5734; x_wconf 72' lang='grc'><strong>1644,</strong></span> <span class='ocrx_word' id='word_1_1048' title='bbox 3287 5674 3465 5724; x_wconf 72' lang='lat' dir='ltr'><strong>omissa</strong></span> <span class='ocrx_word' id='word_1_1049' title='bbox 3480 5673 3559 5724; x_wconf 69' lang='lat' dir='ltr'><strong>eat</strong></span> <span class='ocrx_word' id='word_1_1050' title='bbox 3572 5676 3720 5726; x_wconf 71' lang='lat' dir='ltr'><strong>simi-</strong></span> 
     </span>
    </p>
   </div>
   <div class='ocr_carea' id='block_1_122' title="bbox 2121 5734 3717 5810">
    <p class='ocr_par' dir='ltr' id='par_1_122' title="bbox 2121 5734 3717 5810">
     <span class='ocr_line' id='line_1_124' title="bbox 2121 5734 3717 5810; baseline -0.001 -24"><span class='ocrx_word' id='word_1_1051' title='bbox 2121 5738 2233 5789; x_wconf 87' lang='lat' dir='ltr'><strong>liter</strong></span> <span class='ocrx_word' id='word_1_1052' title='bbox 2246 5736 2713 5810; x_wconf 28' lang='grc' dir='ltr'><strong>νιιιειίίξιιζιι,ἰινςςίιιιεἸ</strong></span> <span class='ocrx_word' id='word_1_1053' title='bbox 2726 5744 2778 5810; x_wconf 78' lang='lat' dir='ltr'><strong>et</strong></span> <span class='ocrx_word' id='word_1_1054' title='bbox 2791 5738 3106 5810; x_wconf 77' lang='lat' dir='ltr'><strong>substitutum</strong></span> <span class='ocrx_word' id='word_1_1055' title='bbox 3128 5745 3316 5810; x_wconf 80' lang='lat' dir='ltr'><strong>postea,</strong></span> <span class='ocrx_word' id='word_1_1056' title='bbox 3330 5748 3390 5787; x_wconf 82' lang='lat' dir='ltr'><strong>ne</strong></span> <span class='ocrx_word' id='word_1_1057' title='bbox 3413 5734 3589 5810; x_wconf 74' lang='lat' dir='ltr'><strong>[_‘(dsum</strong></span> <span class='ocrx_word' id='word_1_1058' title='bbox 3602 5748 3717 5810; x_wconf 69' lang='lat' dir='ltr'><strong>esse</strong></span> 
     </span>
    </p>
   </div>
   <div class='ocr_carea' id='block_1_123' title="bbox 2122 5798 3716 5871">
    <p class='ocr_par' dir='ltr' id='par_1_123' title="bbox 2122 5798 3716 5871">
     <span class='ocr_line' id='line_1_125' title="bbox 2122 5798 3716 5871; baseline 0.001 -20"><span class='ocrx_word' id='word_1_1059' title='bbox 2122 5798 2417 5871; x_wconf 62' lang='lat' dir='ltr'><strong>contineant.</strong></span> <span class='ocrx_word' id='word_1_1060' title='bbox 2442 5798 2563 5848; x_wconf 66' lang='lat' dir='ltr'><strong>Nihil</strong></span> <span class='ocrx_word' id='word_1_1061' title='bbox 2595 5812 2684 5852; x_wconf 78' lang='lat' dir='ltr'><strong>nos</strong></span> <span class='ocrx_word' id='word_1_1062' title='bbox 2702 5800 2781 5853; x_wconf 82' lang='lat' dir='ltr'><strong>hic</strong></span> <span class='ocrx_word' id='word_1_1063' title='bbox 2803 5801 3092 5853; x_wconf 82' lang='lat' dir='ltr'><strong>mutavimus</strong></span> <span class='ocrx_word' id='word_1_1064' title='bbox 3119 5798 3300 5864; x_wconf 59' lang='lat' dir='ltr'><strong>War</strong></span> <span class='ocrx_word' id='word_1_1065' title='bbox 3332 5798 3597 5851; x_wconf 84' lang='lat' dir='ltr'><strong>verborum</strong></span> <span class='ocrx_word' id='word_1_1066' title='bbox 3630 5799 3716 5852; x_wconf 88' lang='lat' dir='ltr'><strong>in-</strong></span> 
     </span>
    </p>
   </div>
   <div class='ocr_carea' id='block_1_124' title="bbox 2123 5869 2527 5925">
    <p class='ocr_par' dir='ltr' id='par_1_124' title="bbox 2123 5869 2527 5925">
     <span class='ocr_line' id='line_1_126' title="bbox 2123 5869 2527 5925; baseline -0.01 -10"><span class='ocrx_word' id='word_1_1067' title='bbox 2123 5869 2527 5925; x_wconf 81' lang='lat' dir='ltr'><strong>terpunctioucm.</strong></span> 
     </span>
    </p>
   </div>
  </div>
