3996 6474
280 355 376 413 245
1214 340 1583 402 ADMONITIO
1629 340 1697 398 ΙΝ
1746 337 2190 408 SUBSEQUENS
2237 338 2671 401 OPUSCULUM.

280 472 431 525 rirens
456 467 639 540 (Psal.
663 482 832 539 σιω,
850 465 951 540 2)?
973 472 1028 523 et
1050 462 1201 529 illud,
1223 462 1284 519 Si
1310 461 1591 516 dixerimus
1608 459 1728 525 quia
1754 474 1872 529 pec-

281 572 437 615 catum
465 576 572 615 non
606 558 886 627 habmus,
917 558 1250 626 uomctipsos
1276 553 1555 624 decipimus
1573 594 1587 619 ,
1616 560 1663 605 et
1689 550 1871 605 veritas

3452 345 3565 409 ω

1978 458 2143 515 modo
2172 469 2347 513 tamen
2388 458 2709 531 dicendum,
2753 460 2866 519 Deo
2903 461 3095 521 deesse
3128 462 3561 535 possibilitatem,

1980 566 2084 623 qua
2115 553 2362 608 voluntas
2400 553 2478 609 sic
2518 554 2798 624 adjuvetur
2842 554 3073 613 humana
3097 595 3114 623 ,
3160 564 3219 611 ut
3248 572 3354 612 non
3388 557 3566 613 solum

281 658 330 709 iu
356 655 493 709 nobis
522 671 631 708 non
656 662 732 709 est
759 650 989 724 (lJoan.
1017 666 1065 716 ι,
1092 649 1197 719 8)?
1226 656 1281 703 et
1305 646 1461 711 illud,
1496 644 1633 712 Quia
1665 660 1767 699 non
1800 651 1874 699 est
1973 642 2180 714 justitia
2204 644 2301 699 ista
2324 660 2443 715 quas
2467 660 2530 703 ex
2552 644 2656 703 ﬁde
2671 655 2753 702 est
2776 645 2952 721 (Rom.
2980 662 3035 715 ι,
3060 646 3139 719 6),
3162 648 3308 703 omni
3325 663 3391 705 ex
3411 657 3564 719 parte

283 747 423 801 homo
466 747 555 818 qui
600 763 706 801 non
746 744 968 815 peccabit
996 741 1084 815 (111
1114 741 1240 811 Reg.
1280 755 1407 804 viil,
1440 737 1577 809 ιδῃ
1622 747 1677 793 et
1717 736 1869 802 illud,

283 840 397 893 Non
436 849 510 894 est
537 840 719 909 justus
753 839 807 893 in
835 846 968 895 terra
989 836 1074 909 qui
1102 835 1251 908 faciet
1286 832 1472 891 bonum
1498 841 1542 885 et
1568 848 1668 885 non
1690 846 1871 901 pecca-

280 936 346 987 bit
372 932 560 1003 (Eccli.
585 949 678 998 vn,
710 932 846 1003 21)?
873 934 1181 1002 (utrumque
1204 928 1346 983 enim
1375 926 1478 981 hoc
1507 924 1871 981 testimonium

282 1041 381 1079 non
408 1026 479 1081 de
518 1025 795 1095 praeterito
819 1024 975 1090 dicit,
1019 1022 1070 1077 id
1102 1028 1211 1086 est,
1242 1018 1521 1093 Peccavit;
1567 1016 1663 1072 sed
1689 1017 1755 1072 de
1781 1016 1869 1071 fu~

278 1128 416 1183 tum,
446 1118 499 1173 id
521 1127 624 1183 est,
654 1117 896 1187 peccabit)
918 1123 971 1171 et
993 1115 1036 1169 si
1064 1129 1164 1185 qua
1186 1112 1288 1167 alia
1316 1112 1369 1166 in
1396 1112 1534 1165 hanc
1551 1108 1872 1167 sententiam

280 1218 462 1263 sancta
506 1208 784 1278 Scriptura
833 1202 1258 1262 commemorat?
1311 1201 1417 1257 Sed
1460 1200 1711 1272 quoniam
1755 1200 1869 1255 haec

277 1301 405 1355 falsa
436 1316 559 1356 esse
588 1316 693 1355 non
722 1306 974 1370 possunt,
1010 1297 1139 1352 illud
1170 1310 1291 1351 esse
1318 1308 1653 1365 consequens
1690 1292 1865 1360 video,

279 1402 337 1453 ιιι
358 1394 715 1464 qualemlibet
748 1393 833 1449 vel
861 1390 1244 1463 quantumlibet
1276 1388 1329 1447 in
1359 1390 1458 1444 hac
1482 1389 1587 1447 vita
1626 1389 1867 1459 potueri-

279 1499 393 1543 mus
422 1483 651 1543 deﬁnire
676 1484 938 1554 justitiam
957 1522 973 1550 ,
1012 1482 1189 1543 nullus
1216 1482 1269 1537 in
1294 1496 1356 1536 ea
1383 1482 1452 1539 sit
1478 1480 1753 1537 hominum
1777 1480 1869 1551 qui

280 1576 480 1632 nullum
525 1576 723 1631 habeat
772 1574 991 1630 omnino
1030 1582 1347 1644 peccatum;
1388 1570 1639 1642 omnique
1664 1570 1869 1627 homini

278 1668 340 1721 sit
368 1666 737 1722 necessarium
764 1666 893 1721 dare
921 1675 978 1720 ut
1004 1666 1159 1719 detur
1188 1664 1282 1729 illi,
1308 1663 1577 1718 dimittere
1602 1671 1662 1717 ut
1690 1662 1870 1717 dimit-

277 1768 410 1813 tatur
435 1758 513 1813 illi
545 1758 702 1829 (Luc.
725 1774 776 1815 vn
793 1800 808 1825 ,
839 1756 909 1816 38
926 1797 942 1825 ,
970 1754 1095 1830 57);
1132 1763 1187 1812 ct
1211 1756 1257 1811 si
1285 1754 1412 1826 quid
1437 1753 1599 1811 habet
1624 1754 1863 1826 Iustitiae,

279 1867 371 1905 non
401 1851 470 1906 de
499 1866 603 1906 suo
632 1850 731 1905 sibi
758 1865 877 1905 esse
919 1863 1264 1920 praesumere,
1304 1847 1396 1902 sed
1430 1845 1499 1902 de
1518 1845 1686 1918 gratia
1711 1846 1869 1916 justi-

276 1945 479 1999 ﬁcantis
506 1945 605 2000 Dei
631 1987 645 2009 ,
692 1952 748 1999 et
774 1943 947 1999 adhuc
986 1952 1163 1998 tamen
1192 1942 1260 1997 ab
1286 1940 1377 1996 illo
1405 1942 1612 1997 esurire
1636 1948 1693 1997 et
1716 1941 1869 1997 sitire

269 2036 524 2105 justitiam
556 2035 767 2107 (Matth.
793 2051 853 2098 v,
882 2033 968 2106 6),
995 2034 1084 2105 qui
1112 2042 1195 2089 est
1228 2033 1380 2103 panis
1404 2032 1556 2089 vivus
1586 2030 1765 2102 (Joan.
1789 2048 1862 2103 vt,

272 2128 357 2197 5i)
384 2171 400 2194 ,
430 2136 487 2182 et
528 2126 670 2198 apud
709 2142 867 2198 quem
901 2135 984 2181 est
1024 2127 1143 2181 lous
1170 2126 1293 2179 vitae
1317 2122 1491 2197 (Psal.
1521 2139 1696 2190 xxxv,
1722 2123 1816 2195 10)
1845 2140 1864 2181 :

273 2219 356 2288 qui
382 2220 461 2273 sic
488 2229 747 2289 operatur
767 2217 1204 2288 justilicationem
1227 2217 1279 2271 in
1311 2216 1509 2271 sanctis
1538 2215 1648 2271 suis
1680 2216 1735 2270 in
1760 2214 1864 2271 hu-

268 2313 350 2381 jus
375 2313 502 2367 vitae
528 2314 819 2367 tentatione
846 2311 1230 2379 laborantibus,
1257 2318 1316 2367 ut
1342 2320 1518 2365 tamen
1545 2311 1616 2365 sit
1641 2318 1697 2366 et
1724 2310 1865 2381 quod

273 2408 579 2477 petentibus
606 2406 827 2481 largiter
845 2406 1076 2477 adjiciat,
1105 2414 1159 2462 et
1183 2404 1325 2478 quod
1353 2402 1732 2461 conﬁtentibus
1755 2404 1866 2461 cle-

271 2509 482 2555 menter
507 2501 771 2572 ignoscat.

478 2592 585 2648 Sed
624 2591 898 2648 inveniant
934 2591 1063 2659 isti,
1105 2589 1150 2647 si
1190 2597 1449 2661 possunt,
1492 2588 1724 2661 aliquem
1763 2589 1866 2645 sub

282 2699 452 2738 onere
472 2685 823 2755 corruptionis
852 2682 1010 2754 hujus
1035 2682 1330 2750 viventem,
1358 2681 1447 2738 cui
1480 2681 1591 2752 jam
1627 2696 1735 2736 non
1768 2680 1866 2737 ha-

280 2773 405 2831 beat
434 2774 568 2831 Deus
604 2775 749 2848 quod
794 2776 1032 2847 ignoscat
1061 2794 1072 2830 :
1103 2774 1206 2831 nisi
1245 2782 1422 2830 tamen
1450 2789 1572 2830 eum
1600 2772 1865 2830 fateantur

276 2882 381 2921 non
426 2868 670 2922 doctrina
713 2868 848 2939 legis
889 2867 1027 2923 datae
1053 2868 1108 2937 ί,
1139 2867 1239 2924 scd
1271 2866 1431 2923 etiam
1473 2866 1647 2924 infuso
1675 2866 1864 2936 spiritu

274 2962 485 3033 gratiae,
535 2970 595 3017 ut
640 2960 760 3018 talis
807 2969 977 3027 esset,
1024 2959 1299 3041 adjlutum;
1348 2973 1453 3015 non
1503 2957 1865 3029 cujuscemodi

274 3051 471 3119 peccati
518 3052 722 3107 crimen
753 3051 847 3107 sed
880 3051 1046 3123 ipsius
1071 3050 1359 3121 impietatis
1384 3049 1675 3104 incurrent.
1723 3048 1865 3105 Sane

274 3157 573 3214 quanquam
599 3142 757 3198 talem
783 3182 800 3209 ,
833 3142 877 3197 si
909 3140 1210 3198 testimonia
1239 3140 1327 3195 illa
1346 3140 1525 3196 divina
1554 3148 1866 3210 competen-

276 3244 350 3289 ter
384 3235 675 3306 accipiant,
715 3248 939 3308 prorsus
981 3234 1223 3290 invenire
1262 3249 1375 3290 non
1414 3242 1683 3305 possunt:
1718 3232 1863 3290 nullo

329 3347 347 3377 ⁸
379 3345 1475 3414 mmdatmrleriqueahndm

1978 737 2141 792 modo
2156 737 2459 808 perﬁciatur
2476 738 2528 793 in
2545 737 2970 807 homine,verum
2986 739 3145 796 etiam
3163 740 3251 796 illa
3268 739 3561 797 secundum

1979 847 2137 905 quam
2169 842 2351 902 postea
2381 832 2434 889 in
2459 840 2720 890 internum
2750 832 2803 887 in
2835 836 2946 902 ipsa
2971 832 3089 905 ejus
3112 834 3564 905 contemplatione

1976 924 2260 987 vivendum
2284 935 2384 983 est.
2402 924 2841 1017 Quandoquidem
2860 926 2907 981 si
2928 940 3067 983 nunc
3079 926 3204 982 velit
3220 926 3561 1017 iMuoquam

1977 1019 2140 1074 etiam
2162 1017 2265 1073 hoc
2287 1018 2634 1089 corruptibile
2659 1016 2883 1073 induere
2909 1014 3357 1090 incorruptionem
3378 1016 3423 1092 (1
3438 1014 3561 1073 Cor.

1978 1127 2079 1178 xv,
2092 1112 2210 1183 53),
2224 1120 2384 1182 atque
2405 1111 2491 1171 hic
2512 1113 2653 1177 inter
2672 1111 2916 1167 homines
2934 1110 3218 1167 morituros
3235 1125 3356 1166 eum
3373 1109 3566 1181 jubere

1976 1204 2159 1261 vivere
2199 1204 2419 1259 minime
2452 1204 2792 1270 moriturum,
2836 1211 2892 1258 ut
2926 1211 3033 1258 tota
3069 1202 3283 1273 penitus
3302 1210 3567 1259 vetustate

1975 1306 2292 1368 consumpta
2330 1295 2473 1351 nulla
2505 1296 2590 1351 lex
2620 1296 2675 1351 in
2713 1294 2969 1351 membris
3005 1294 3121 1366 ejus
3160 1301 3419 1365 repugnet
3459 1292 3565 1364 legi

1974 1390 2171 1457 mentis
2212 1390 2388 1459 (Rom.
2417 1405 2513 1454 vit,
2540 1389 2656 1459 25),
2690 1388 2963 1461 Deumque
3005 1387 3202 1458 ubique
3245 1393 3567 1458 praesentem

1973 1481 2049 1538 ita
2073 1492 2380 1553 cognoscat,
2413 1483 2548 1541 sicut
2575 1481 2744 1541 saneti
2773 1491 2963 1554 postea
2986 1482 3250 1553 cognituri
3277 1489 3422 1551 sunt,
3445 1480 3566 1551 quis

1973 1574 2198 1631 demens
2224 1575 2417 1630 audeat
2439 1574 2727 1643 alllrmare,
2770 1590 2874 1637 non
2905 1572 3103 1645 posse?
3139 1572 3244 1631 Sed
3267 1588 3434 1646 quare
3455 1588 3565 1628 non

1974 1666 2155 1735 faciat,
2183 1676 2429 1738 quaerunt
2453 1666 2699 1721 homines
2723 1684 2736 1720 :
2767 1681 2865 1721 nec
2894 1666 2983 1737 qui
3006 1672 3273 1736 quaerunt,
3301 1680 3360 1720 se
3384 1671 3560 1719 atten-

1972 1759 2110 1819 dunt
2144 1773 2264 1817 esse
2309 1759 2574 1819 homines.
2619 1759 2745 1816 Seio
2786 1757 2933 1828 quod
2964 1758 3104 1835 sicut
3142 1756 3561 1827 impossibilitas,

1973 1850 2045 1907 ita
2084 1862 2137 1907 et
2172 1852 2423 1922 iniquitas
2466 1866 2573 1906 non
2614 1860 2696 1904 est
2733 1850 2873 1921 apud
2902 1848 3069 1904 Deum
3106 1846 3217 1921 (Id.
3243 1864 3319 1915 ix,
3352 1848 3465 1920 ii).
3496 1848 3565 1904 Et

1972 1945 2087 2002 scio
2109 1943 2254 2016 quod
2278 1943 2524 2016 superbis
2554 1942 2774 2008 resistit,
2806 1941 3098 1998 humilibus
3124 1949 3301 1997 autem
3326 1940 3418 1996 dat
3441 1956 3563 2013 gra-

1973 2038 2100 2092 tiam
2143 2036 2348 2108 (Jacobi
2374 2052 2445 2100 tv,
2472 2034 2551 2108 6).
2597 2034 2663 2090 Et
2691 2035 2801 2090 scio
2829 2034 2969 2105 quod
2996 2034 3071 2089 illi
3091 2076 3105 2101 ,
3135 2034 3219 2090 cui
3246 2049 3313 2089 ne
3338 2033 3565 2091 extolle-

1970 2140 2124 2195 netur
2172 2128 2329 2193 datus
2365 2138 2477 2207 erat
2506 2128 2751 2182 stimulus
2800 2127 2975 2181 carnis
3000 2168 3015 2194 ,
3062 2124 3297 2197 Angelus
3338 2133 3558 2192 satanas,

1971 2224 2063 2295 qui
2091 2238 2212 2278 eum
2244 2221 2603 2291 colaphizaret
2630 2262 2643 2286 ,
2676 2220 2843 2275 semel
2885 2229 2939 2275 et
2970 2220 3161 2274 iterum
3190 2228 3246 2274 et
3280 2219 3437 2275 tertio
3467 2218 3561 2276 de-

1972 2313 2215 2385 precanti
2240 2313 2441 2367 dictum
2473 2320 2577 2379 est,
2603 2311 2803 2381 Suﬁicit
2828 2310 2917 2364 tibi
2942 2312 3107 2381 gratia
3138 2326 3290 2375 mea;
3319 2326 3438 2364 nam
3460 2312 3564 2365 vir-

1971 2418 2051 2463 tus
2076 2410 2129 2463 in
2159 2410 2455 2479 inﬁrmitate
2484 2409 2744 2479 perﬁcitur
2771 2408 2790 2479 (
2808 2408 2848 2462 ll
2878 2408 2993 2463 Cor.
3030 2424 3126 2475 xu,
3159 2406 3303 2481 7-9).
3350 2407 3563 2479 Aliquid

1969 2515 2101 2571 ergo
2143 2509 2226 2557 est
2272 2500 2325 2557 in
2367 2498 2548 2556 abdito
2593 2506 2647 2557 et
2690 2498 2952 2571 profundo
2991 2498 3311 2569 judiciorum
3339 2499 3457 2569 Dei,
3503 2507 3564 2554 ut

1969 2593 2129 2648 etiam
2154 2592 2417 2664 justorum
2445 2606 2607 2647 omne
2633 2605 2695 2647 os
2722 2590 3029 2647 obstruatur
3056 2590 3110 2645 in
3146 2588 3303 2646 laude
3348 2604 3475 2657 sua,
3505 2598 3565 2646 et

1971 2701 2077 2741 non
2108 2685 2379 2756 aperiatur
2409 2683 2508 2739 nisi
2539 2682 2589 2737 in
2620 2682 2828 2738 laudem
2864 2681 2977 2736 Dei.
3008 2680 3123 2736 Hoc
3148 2691 3330 2737 autem
3357 2680 3561 2752 aliquid

1970 2779 2089 2851 quis
2126 2779 2297 2852 possit
2337 2777 2599 2842 scrutari,
2641 2776 2762 2848 quis
2808 2774 3167 2846 investigare,
3198 2774 3316 2845 quis
3357 2774 3560 2831 nosse?

1972 2879 2079 2927 tam
2106 2878 2233 2927 sunt
2258 2868 2604 2927 inscrutabilia
2624 2869 2824 2941 judicia
2853 2868 2984 2938 ejus,
3006 2876 3053 2922 et
3078 2866 3445 2939 investigabiles
3467 2867 3562 2923 vite

1970 2966 2125 3039 ejus!
2170 2965 2296 3032 Quis
2341 2965 2476 3019 enim
2518 2963 2748 3035 cognovit
2789 2979 2993 3019 sensum
3021 2960 3273 3017 Domini?
3316 2969 3408 3015 aut
3448 2961 3560 3033 quis

1968 3060 2288 3117 consiliarius
2316 3057 2394 3112 illi
2423 3057 2565 3129 fuit?
2592 3056 2694 3111 Aut
2722 3056 2836 3130 quis
2869 3056 3009 3129 prior
3036 3054 3174 3109 dedit
3196 3054 3299 3123 illi,
3329 3062 3379 3109 et
3404 3054 3559 3109 retri-

1969 3150 2148 3206 buetur
2177 3149 2263 3204 ei?
2304 3148 2558 3213 Quoniam
2594 3164 2656 3203 ea:
2691 3147 2825 3219 ipso,
2862 3156 2913 3201 et
2944 3163 3033 3217 per
3060 3145 3252 3217 ipsum,
3289 3153 3336 3200 et
3366 3145 3420 3200 in
3448 3145 3559 3215 ipso

1968 3253 2086 3301 sunt
2122 3240 2333 3309 omnia;
2374 3242 2472 3313 ipsi
2510 3241 2675 3313 gloria
2714 3240 2770 3295 in
2806 3239 2994 3295 sucula
3030 3239 3356 3295 ciconiarum.
3395 3236 3559 3293 Amen

1970 3338 2146 3410 (Rom.
2174 3351 2253 3404 ιι,
2281 3334 2501 3406 55-36).

1373 3725 2427 3843 ADMONITIO

1342 3943 1427 4009 IN
1466 3942 1968 4021 SUBSEQUENS
2007 3943 2501 4012 OPUSCULUH.

328 4132 799 4210 LibrodeNatura
821 4130 1103 4210 et__Gratia
1131 4132 1309 4189 locum
1352 4133 1493 4210 inter
1532 4133 1905 4210 aliquotanni
1919 4135 2026 4191 415
2053 4135 2383 4210 scriptiones
2422 4144 2762 4210 postremum,
2793 4137 3090 4210 assignavit
3138 4139 3470 4210 Augustinus
3496 4143 3552 4200 in

260 4207 484 4291 epistola
508 4205 631 4291 itii),
650 4208 715 4259 ad
738 4204 1274 4291 Euodiumqertente
1536 4204 1678 4291 anno
1703 4206 1808 4261 415
1833 4204 1957 4291 data
1989 4224 2004 4261 :
2042 4204 2239 4291 Scripsi
2273 4204 2570 4291 etiam,nait,
2588 4208 2842 4291 (grandem
2869 4204 3353 4291 quemdamjib'rum
3373 4214 3555 4291 adver-

259 4276 345 4333 sus
372 4278 577 4348 Pelagii
605 4277 858 4353 hteresim,
884 4276 1170 4353 cogentibus
1189 4276 1448 4353 nonnullis
1478 4276 1955 4353 frat_ribus,‘quibus
1978 4276 2169 4353 contra
2188 4278 2405 4353 gratiam
2430 4276 2916 4353 Cbristiopinionem
2963 4282 3443 4353 perniciosissimam
3461 4286 3552 4341 ille

262 4346 600 4423 persuaserat.
623 4347 747 4423 iam
774 4355 889 4403 erat
916 4346 1292 4423 cteptqsﬂidem
1317 4346 1591 4411 liber,’scd
1618 4347 1852 4423 nondum
1876 4346 2321 4423 perfectus,_'cum
2352 4348 2587 4423 Orosius
2597 4346 2669 4423 ei
2714 4350 2889 4405 Africa
2920 4346 3186 4423 navigavit
3209 4353 3261 4407 in
3310 4355 3554 4411 Palaesti-

263 4435 406 4487 nam,
432 4419 552 4490 ipso
583 4418 831 4473 videlicet
878 4432 1018 4490 anno
1043 4417 1166 4490 415,
1198 4433 1357 4490 verna
1380 4426 1592 4490 tempes

1598 4427 1703 4472 tate
1732 4435 1744 4469 :
1776 4418 1859 4472 hic
1884 4418 2025 4472 enim
2062 4418 2218 4487 paulo
2252 4427 2533 4488 postquam
2576 4420 2700 4475 illuc

2794 4422 2987 4495 rvenit,
3019 4422 3071 4477 in
3097 4423 3551 4495 Jerosolymitano

262 4488 553 4567 conventu,
581 4490 961 4567 cuipnesensh
982 4488 1437 4567 Pelagius_adl‘uit,
1471 4490 1685 4567 disertis
1713 4488 1892 4567 verbis
1938 4488 2467 4567 affirmavit,_contra
2493 4489 2677 4567 librum
2699 4488 2898 4567 Pelagii
2943 4488 3146 4548 beatum
3185 4488 3543 4567 Augustinum,

562 4560 737 4647 ‘ipsius
760 4560 971 4647 Pelagii
988 4558 1311 4647 prodentibus
1336 4559 1718 4647 (repetentibus,
1743 4559 2591 4647 plenissinte‘respondere..Atque
2629 4561 2730 4618 hoc
2776 4558 2893 4647 ipso
2920 4570 3161 4647 tempore
3198 4558 3546 4647 de'lucubra;

263 4629 409 4706 tione
434 4629 666 4706 quadam
694 4629 974 4706 Augustini
993 4629 1323 4706 loquebatur
1345 4629 1718 4706 liieronymus,
1746 4647 1870 4706 quas
1911 4629 2148 4706 nondum
2196 4631 2295 4687 sibi
2340 4632 2458 4706 visa
2482 4629 2619 4706 erat,
2650 4647 2753 4706 qua
2799 4629 2892 4706 ille
2921 4629 3191 4706 Pelagium
3222 4639 3543 4694 nominatim

263 4699 587 4786 impugnare
614 4699 880 4786 ferebatur
901 4720 913 4756 :
937 4699 1096 4786 ﬁlios
1120 4718 1332 4786 quoque,
1377 4699 1621 4786 inquiens
1650 4704 1701 4786 in
1726 4700 1945 4786 dialogo
1976 4704 2131 4757 tertio
2187 4711 2400 4786 contra“
2424 4701 2625 4786 Pelagii
2660 4699 2929 4786 haeresim,
2971 4699 3135 4786 libros
3144 4709 3436 4786 specialiter
3458 4719 3547 4786 tuo

264 4773 457 4828 nomini
485 4773 668 4826 cudere
686 4773 887 4827 dicitur.

932 4772 1242 4846 Quanquam
1287 4773 1610 4846 Augustinus
1633 4774 1769 4846 huic
1800 4774 1950 4841 operi
1982 4788 2079 4846 suo
2134 4788 2327 4829 nomen
2359 4772 2579 4846 Pelagii,
2604 4775 2755 4845 cujus
2781 4776 2975 4831 librum
3007 4772 3305 4846 refellebat,
3337 4797 3441 4836 non
3465 4782 3548 4836 in-

262 4847 452 4909 seruit,
483 4861 551 4900 ne
578 4844 814 4900 oﬂ‘ensus
862 4843 1205 4915 insatiabilior
1232 4842 1548 4899 redderetur
1580 4844 1936 4899 adversarius.
1976 4845 2107 4899 Nam
2134 4847 2179 4899 ei
2208 4859 2267 4900 se
2297 4842 2631 4915 profuturum
2670 4842 3034 4909 existimabat,
3060 4849 3103 4902 si
3128 4842 3335 4905 servata
3358 4852 3546 4907 amici-

264 4918 333 4968 tia
373 4917 551 4981 adhuc
586 4915 701 4985 ejus
730 4914 1063 4970 verecundiae
1109 4927 1371 4983 parceret,
1415 4915 1565 4984 cujus
1596 4915 1787 4969 litteris
1814 4915 2168 4985 jamparcere
2199 4914 2313 4970 non
2329 4916 2569 4972 deberet.
2613 4914 2703 4972 Sic
2726 4918 2974 4977 nimirum
3005 4918 3058 4973 in
3104 4920 3243 4975 libro
3262 4921 3331 4977 de
3367 4920 3547 4980 Gestis

262 4986 483 5058 Pelagii,
517 4986 675 5058 n47,
705 4994 936 5058 mentem
972 5001 1131 5058 suam;
1167 4986 1448 5058 expromit.
1481 4986 1597 5053 Quo
1632 4987 1929 5056 posteriore
1956 4986 2071 5042 loco
2105 4988 2344 5055 proxime
2390 4987 2662 5058 subjungit
2684 4989 2964 5058 epistolam
2994 4990 3094 5046 sibi
3143 5006 3171 5043 a
3220 4991 3455 5048 Timasio
3490 5002 3547 5050 et

262 5055 463 5111 Jacobo
488 5057 622 5129 grati
650 5058 811 5110 animi
859 5056 1241 5137 signiﬁcatione
1262 5057 1596 5182 rescriftam,
1622 5055 1690 5112 ab
1708 5066 1982 5127 acceptum
1998 5058 2247 5112 volumen
2274 5058 2341 5113 de
2361 5055 2556 5113 Natura
2576 5055 2630 5115 et
2666 5055 2869 5127 Gratia,
2905 5076 3012 5131 quo
3037 5062 3334 5133 Pelagianae
3357 5064 3544 5137 dispu-

266 5131 449 5182 tationi
480 5129 546 5182 ad
576 5127 809 5182 singulos
830 5142 1008 5182 antces
1032 5141 1284 5182 resnonsa
1316 5127 1408 5182 red
1452 5138 1519 5181 ita
1544 5138 1757 5182 stunere
1772 5142 1829 5182 se
1858 5130 2029 5182 testati
2061 5140 2202 5182 sunt.

1452 5138 1519 5181 lla

266 5131 449 5183 talioni
480 5127 546 5183 ad
576 5127 809 5198 singulos
830 5128 1008 5197 apices
1032 5141 1284 5198 responsa
1316 5127 1408 5183 red

1544 5138 1757 5197 stupere
1772 5142 1829 5183 se
1858 5130 2029 5183 testati
2061 5140 2202 5183 sunt.

336 5200 390 5255 id
418 5215 554 5283 opus
582 5197 824 5283 sequenti
852 5213 1014 5283 anno,
1030 5197 1450 5283 ipsumque-una
1484 5199 1693 5283 Pelagii
1712 5197 2114 5283 Iibrumdoanni
2142 5199 2593 5283 Jerosol‘ymorum
2622 5201 2873 5283 episcopo
2894 5243 2909 5269 ,
2930 5210 2995 5283 ut
3017 5203 3541 5283 novihgzresiarcha:

264 5268 760 5353 nienwni_§oannes
788 5268 1375 5353 tandeinjutelligeret,
1409 5271 1701 5353 transmisit
1724 5270 2078 5353 Atigustinus,
2118 5273 2317 5353 scripta
2345 5268 2446 5340 ipsi
2473 5270 2611 5325 hanc
2640 5268 2831 5353 ih_rem
2856 5273 3085 5353 epistola
3132 5274 3256 5330 179.
3304 5276 3536 5353 Eosdem

268 5342 450 5415 libros,
470 5342 636 5415 illum
667 5339 889 5415 Pelagii,
922 5350 975 5394 et
1004 5339 1146 5415 hunc
1170 5354 1344 5415 suum,
1376 5355 1517 5396 anno
1548 5341 1728 5415 itidem
1756 5341 1859 5395 M6
1886 5339 2559 5415 adulnnocentium(papam
2588 5339 2935 5415 perferendos
2964 5344 3129 5410 dedit,
3165 5360 3286 5400 cum
3314 5348 3539 5415 epistola

267 5414 385 5472 177.
416 5414 480 5467 ad
511 5414 685 5483 ipsum
713 5411 930 5483 nomine
956 5411 1187 5481 quinque
1214 5412 1582 5483 episcoporum
1609 5412 1809 5465 directa
1835 5429 1848 5475 ;
1881 5412 2072 5483 quibus
2100 5412 2436 5469 Innocentius
2464 5411 2688 5482 epistola
2717 5414 2821 5469 185
2845 5429 2933 5469 res

3006 5416 3136 5470 ndit.
3166 5415 3282 5471 Huc
3309 5418 3540 5473 pertinet

264 5484 314 5539 in
348 5485 455 5554 ipsa
486 5481 717 5554 epistola
747 5481 851 5554 185
875 5481 1022 5554 locus
1047 5497 1101 5535 ιι.
1134 5484 1166 5536 5
1191 5499 1204 5548 ;
1232 5492 1284 5535 at
1312 5483 1362 5536 in
1392 5482 1613 5554 epistola
1648 5483 1747 5535 177
1778 5481 1923 5539 locus
1948 5500 2003 5538 ιι.
2036 5484 2089 5547 6,
2122 5484 2207 5538 ubi
2234 5499 2354 5540 cum
2386 5481 2539 5539 laude
2566 5484 2908 5540 nominantur
2937 5481 3189 5540 Timasius
3221 5497 3268 5541 et
3290 5481 3535 5554 Iacobus,

266 5552 481 5626 religiosi
509 5552 557 5610 et
591 5553 796 5626 honesti
817 5552 1208 5626 adolescentes,
1226 5554 1353 5607 servi

1443 5557 1488 5607 ei
1510 5596 1524 5619 ,
1550 5554 1641 5625 qui
1670 5568 1811 5623 spem
1850 5570 2000 5625 quant
2029 5554 2272 5609 habebant
2305 5556 2358 5609 in
2387 5554 2572 5609 sarculo
2612 5556 2960 5625 reliquerant,
3010 5566 3059 5610 et
3087 5556 3396 5612 continentes
3426 5557 3536 5613 Deo

263 5623 557 5685 seruiebant.
586 5625 755 5681 Iidem
784 5624 835 5678 in
867 5623 1086 5693 epistola
1123 5624 1240 5688 179,
1270 5642 1323 5678 ιι.
1352 5624 1408 5692 2,
1436 5623 1771 5678 adolescentes
1802 5623 2146 5680 honestissime
2170 5626 2295 5693 nati,
2326 5636 2373 5679 et
2402 5627 2641 5681 institutis
2669 5623 2954 5681 liberalibus
2977 5627 3200 5691 eruditi;
3226 5627 3279 5682 in
3306 5626 3444 5684 libro
3470 5629 3539 5685 de

263 5696 432 5769 Gestis
456 5696 679 5769 Pelagii,
709 5710 766 5749 ιι.
800 5694 907 5769 l7,
921 5696 1046 5769 serui
1075 5694 1191 5769 Dei,
1219 5696 1333 5749 boni
1360 5696 1636 5769 et_liones_ti
1660 5695 1754 5748 viri
1778 5694 2055 5769 dicuntur.
2077 5697 2322 5753 Julianus
2358 5698 2413 5752 in
2452 5712 2614 5769 opere
2646 5696 2714 5752 ad
2744 5696 2980 5769 Florum,
2997 5698 3199 5754 scilicet
3234 5696 3537 5769 imperfecti

258 5767 442 5839 Operis
464 5763 611 5828 11er
625 5768 685 5840 4,
714 5781 775 5823 n.
809 5763 931 5833 112,
959 5766 1087 5822 citat
1110 5765 1291 5822 librum
1319 5766 1387 5821 ad
1414 5764 1715 5835 Timasium,
1744 5776 1799 5824 et
1822 5776 1998 5824 contra
2022 5768 2233 5824 liberum
2258 5763 2520 5824 arbitrium
2548 5783 2688 5837 esse,
2714 5763 3042 5825 calumnibse
3065 5763 3396 5839 pronuntiat.
