3996 6482
174 389 276 452 ω

185 515 383 578 etiamsi
409 513 468 569 in
502 512 690 584 aliqua
719 517 884 582 gente
912 514 1007 564 aut
1031 503 1211 576 aliquo
1236 498 1516 573 superiore
1537 504 1785 566 tempore

188 617 310 674 ﬁdes
337 627 460 670 eam
489 609 654 667 latuit
681 605 960 679 sanguinis
986 600 1205 659 Christi.
1240 596 1358 652 Non
1384 593 1527 650 enim
1556 590 1784 661 injustus

128 766 144 783 ,
187 713 340 776 Dens,
367 706 462 779 qui
490 705 675 776 justas
700 700 918 757 fraudet
941 694 1192 754 mercede
1212 690 1431 763 justitiae
1449 727 1466 756 ,
1499 686 1543 743 si
1570 684 1649 740 eis
1675 696 1782 738 non

186 814 262 861 est
286 777 669 857 annuntiatum
697 801 1091 850 sacramentum
1121 783 1412 843 divinitatis
1437 791 1492 839 et
1529 777 1781 834 humani-

186 899 302 956 tatis
325 894 555 960 Christi,
583 891 730 963 quod
757 886 1156 945 manifestatum
1184 892 1265 938 est
1299 880 1351 934 in
1377 890 1541 934 carne
1570 873 1615 946 (l
1639 872 1775 927 Tim.

183 1007 269 1056 ιιι,
299 987 413 1058 16).
462 982 753 1055 Quomodo
791 981 936 1038 enim
963 975 1250 1033 crederent
1277 971 1423 1043 quod
1451 983 1559 1024 non
1597 965 1778 1020 audie-

182 1081 343 1138 runt?
369 1057 467 1134 aut
488 1074 767 1148 quomodo
793 1073 1042 1128 audirent
1065 1067 1184 1124 sine
1221 1061 1588 1136 praedicante?
1620 1057 1777 1113 Fides

183 1176 316 1230 enim
344 1188 408 1226 ex
438 1171 644 1235 auditu,
674 1169 817 1223 sicut
844 1164 1100 1236 scriptum
1131 1168 1240 1226 est;
1268 1157 1468 1212 auditus
1493 1165 1660 1209 autem
1687 1169 1777 1222 per

182 1267 372 1322 imi
404 1263 600 1320 etiam
631 1260 806 1332 (Rom.
841 1274 916 1326 ιι,
949 1257 1050 1324 it,
1081 1253 1195 1325 ιι).
1233 1251 1339 1308 Sed
1365 1251 1522 1314 dico,
1567 1245 1771 1318 inquit,

182 1357 440 1429 Numquid
469 1370 577 1410 non
616 1349 949 1408 audierunt?
979 1347 1043 1402 In
1073 1361 1272 1401 omnem
1297 1353 1483 1398 terram
1507 1339 1658 1394 exivit
1685 1354 1771 1392 so-

182 1470 263 1506 mis
287 1466 467 1504 eorum
485 1488 502 1513 ,
550 1456 594 1500 et
627 1447 680 1500 in
712 1445 837 1514 ﬁnes
863 1441 995 1497 orbis
1033 1449 1180 1494 terra
1207 1436 1354 1490 verba
1382 1450 1555 1488 eorum
1597 1429 1767 1502 (Psal.

181 1560 326 1608 xvni,
360 1541 446 1615 5).
474 1540 585 1596 Sed
607 1550 893 1608 antequam
921 1535 1022 1590 hoc
1044 1533 1304 1602 inciperet
1325 1527 1461 1594 ﬁeri,
1483 1533 1768 1595 antequam

181 1637 399 1707 denique
432 1647 603 1704 usque
631 1630 698 1685 ad
732 1629 864 1684 ﬁnes
893 1627 1053 1682 totius
1076 1625 1222 1680 orbis
1268 1633 1423 1676 terrae
1461 1615 1769 1690 praedicatio

181 1732 278 1800 ipsa
307 1726 630 1798 perveniat;
673 1722 926 1794 quoniam
969 1734 1076 1774 non
1115 1717 1314 1771 desunt
1351 1711 1528 1768 adhuc
1567 1709 1768 1764 ultimae

181 1799 348 1892 gentes
370 1861 385 1884 ,
424 1819 558 1874 licet
587 1823 648 1870 ut
686 1813 995 1885 perhibetur
1026 1807 1360 1881 paucissima:
1381 1847 1397 1870 ,
1439 1803 1632 1874 quibus
1662 1799 1766 1855 hoc

179 1914 400 1969 nondum
452 1908 620 1964 fuerit
649 1905 994 1978 praedicatum
1020 1919 1035 1968 ;
1067 1899 1194 1972 quid
1219 1898 1380 1954 faciet
1405 1896 1637 1950 humana
1665 1906 1764 1947 na-

177 2016 300 2071 tura,
327 2003 422 2059 vel
446 2000 580 2074 quid
619 1999 782 2063 fecit,
823 2009 943 2067 quae
977 1993 1061 2049 vel
1099 2000 1225 2048 ante
1265 2005 1372 2045 non
1399 1987 1638 2044 audierat
1663 1984 1766 2040 hoc

174 2097 397 2153 futurum
417 2135 434 2160 ,
475 2091 568 2147 vel
592 2090 768 2145 adhuc
795 2103 905 2143 non
929 2084 1193 2155 comperit
1221 2082 1419 2138 factum
1445 2120 1460 2147 ,
1494 2079 1598 2134 nisi
1639 2091 1763 2133 cre-

172 2189 335 2245 dendo
361 2187 422 2242 in
451 2185 649 2250 Deum,
676 2183 768 2253 qui
797 2181 920 2236 fecit
944 2179 1139 2235 coelum
1166 2184 1222 2232 et
1251 2184 1469 2242 terram,
1516 2189 1546 2227 a
1575 2186 1682 2243 quo
1708 2179 1764 2226 et

171 2298 221 2337 se
239 2281 437 2337 factam
464 2276 786 2333 naturaliter
805 2272 986 2337 sentit,
1011 2279 1066 2328 et
1092 2278 1241 2325 recte
1266 2265 1495 2323 vivendo
1523 2264 1640 2336 ejus
1664 2263 1764 2318 im-

171 2375 300 2446 pleat
327 2372 711 2434 voluntatem,
743 2367 889 2422 nulla
923 2364 1027 2420 ﬁde
1069 2361 1330 2434 passionis
1367 2359 1565 2416 Christi
1593 2368 1648 2414 et
1672 2372 1762 2412 re-

169 2465 516 2522 surrectionis
547 2462 750 2517 imbuta
771 2461 795 2514 ?
819 2457 973 2526 Quod
1001 2456 1046 2510 si
1073 2455 1187 2511 ﬁeri
1213 2454 1390 2526 potuit
1417 2461 1508 2506 aut
1545 2458 1759 2522 potest,

169 2563 259 2615 hoc
282 2573 340 2615 et
365 2575 469 2629 ego
490 2557 614 2612 dico
639 2598 653 2623 ,
683 2553 827 2626 quod
858 2555 924 2607 de
955 2551 1072 2621 lege
1100 2547 1235 2604 dixit
1259 2545 1548 2618 Apostolus
1577 2561 1591 2598 :
1623 2542 1761 2614 Ergo

167 2651 401 2707 Christus
428 2649 580 2720 gratis
610 2654 844 2701 mortuus
872 2651 963 2699 est.
1003 2642 1060 2698 Si
1086 2641 1230 2697 enim
1270 2639 1374 2694 hoc
1417 2637 1505 2693 ille
1533 2635 1668 2691 dixit
1694 2635 1762 2690 de

166 2748 292 2817 lege
320 2760 484 2815 quam
516 2743 709 2812 accepit
748 2753 880 2809 gens
913 2753 1017 2793 una
1054 2735 1404 2799 Judaeorum;
1435 2739 1634 2802 quanto
1673 2729 1758 2799 ju—

165 2840 297 2893 stius
326 2837 529 2892 dicitur
549 2836 615 2890 de
638 2834 757 2906 lege
779 2841 1006 2896 naturas,
1034 2843 1194 2900 quam
1222 2825 1428 2896 accepit
1451 2824 1759 2878 universum

167 2943 326 3000 genus
352 2929 674 2990 humanum,
713 2923 771 2980 Si
802 2938 897 2994 per
925 2930 1169 2976 naturam
1193 2918 1416 2988 justitia,
1447 2931 1576 2986 ergo
1603 2913 1761 2970 Chri—

168 3035 271 3077 stus
295 3021 471 3092 gratis
521 3028 769 3072 mortuus
800 3016 919 3071 est?
946 3013 1002 3070 Si
1041 3019 1221 3068 autem
1265 3024 1371 3064 non
1403 3007 1569 3079 gratis
1607 3005 1761 3062 Chri—

170 3125 271 3171 stus
299 3123 557 3168 mortuus
584 3119 689 3177 est,
717 3124 845 3180 ergo
880 3106 1056 3162 omnis
1086 3105 1319 3159 humana
1349 3110 1538 3156 natura
1559 3099 1760 3170 justiﬁ-

168 3207 265 3262 cari
290 3215 347 3261 et
371 3203 572 3261 redimi
598 3202 667 3256 ab
696 3203 774 3256 ira
802 3199 896 3254 Dei
917 3196 1233 3270 justissima,
1261 3193 1366 3248 hoc
1394 3200 1496 3258 est,
1522 3207 1552 3246 a
1582 3191 1758 3246 vindi-

169 3300 313 3368 dieta,
343 3299 502 3354 nullo
530 3296 695 3351 modo
719 3301 914 3364 potest,
945 3291 1047 3348 nisi
1073 3304 1170 3362 per
1197 3287 1360 3344 ﬁdem
1383 3295 1438 3342 et
1457 3299 1762 3342 sacramen-

169 3405 262 3452 tum
291 3393 582 3465 sanguinis
612 3388 830 3446 Christi.

229 3484 454 3542 CAPUT
498 3482 592 3538 ιιι.
634 3511 705 3521 -
741 3481 795 3535 5.
853 3477 1058 3532 Natura
1103 3491 1230 3530 sana
1265 3471 1507 3541 condita,
1559 3480 1761 3542 peccato

169 3590 230 3635 est
255 3589 432 3650 postea
473 3584 744 3645 corrupta.
776 3572 976 3628 Natura
1005 3570 1201 3641 quippe
1241 3567 1472 3622 hominis
1514 3565 1762 3636 primitus

168 3673 421 3745 inculpata
467 3679 529 3728 et
574 3670 694 3724 sine
735 3667 844 3722 ullo
882 3665 1010 3720 vitio
1035 3671 1216 3718 creata
1243 3670 1368 3716 est:
1403 3667 1591 3714 natura
1633 3673 1762 3714 vero

167 3767 255 3823 ista
297 3764 568 3830 hominis,
610 3777 714 3832 qua
757 3758 1120 3828 unusquisque
1168 3769 1238 3810 ex
1287 3752 1456 3808 Adam
1499 3752 1758 3817 nascitur,

165 3860 263 3930 jam
305 3858 532 3914 medico
571 3855 796 3926 indiget,
825 3853 948 3923 quia
973 3865 1113 3912 sana
1156 3862 1262 3903 non
1291 3855 1394 3903 est.
1424 3845 1612 3901 Omnia
1640 3844 1763 3915 qui-

167 3951 275 4006 dem
305 3952 476 4015 bona,
511 3962 634 4018 qua:
675 3945 838 4000 habet
873 3944 930 3999 in
947 3942 1282 4003 formatione,
1323 3939 1453 4006 vita,
1491 3937 1760 4005 sensibus,

169 4055 377 4105 mente,
442 4057 475 4094 a
534 4053 748 4093 summo
800 4037 912 4091 Deo
964 4034 1128 4090 habet
1177 4041 1420 4088 creatore
1457 4038 1513 4086 et
1562 4029 1765 4085 artiﬁce

168 4151 275 4190 suo.
303 4134 522 4190 Vitium
565 4146 718 4197 vero,
743 4128 884 4200 quod
928 4129 1026 4182 ista
1077 4124 1337 4181 naturalia
1387 4123 1525 4178 bona
1577 4129 1764 4177 conte-

166 4227 348 4281 nebrat
403 4233 460 4280 et
513 4223 780 4288 inﬁrmat,
833 4228 892 4274 ut
940 4218 1331 4274 illuminatione
1379 4224 1434 4272 et
1488 4214 1766 4269 curatione

168 4334 290 4390 opus
337 4316 564 4381 habeat,
615 4329 723 4369 non
761 4312 829 4367 ab
867 4310 1173 4380 inculpabili
1203 4307 1406 4364 artifice
1433 4316 1766 4362 contractum

168 4419 271 4474 est;
311 4407 415 4462 sed
456 4422 526 4464 ex
567 4403 815 4476 originali
847 4411 1082 4473 peccato,
1113 4399 1254 4472 quod
1297 4397 1645 4455 commissum
1683 4404 1767 4452 est

169 4499 328 4555 libero
353 4497 607 4551 arbitrio.
639 4497 718 4550 Ac
753 4509 848 4564 per
883 4493 983 4548 hoc
1021 4502 1208 4547 natura
1235 4481 1460 4562 pmnalis
1493 4489 1560 4545 ad
1595 4488 1768 4545 vindi-

169 4599 299 4644 ctam
335 4588 701 4660 justissimam
738 4585 984 4655 pertinet.
1033 4583 1089 4640 Si
1118 4582 1195 4657 (a)
1218 4584 1359 4639 enim
1377 4584 1487 4654 jam
1507 4599 1693 4641 sumus
1713 4583 1768 4639 in

171 4683 380 4740 Christo
411 4696 556 4737 nova
586 4688 830 4735 creatura
880 4677 954 4750 (ll
979 4675 1099 4733 Cor.
1129 4693 1180 4742 ν,
1216 4678 1328 4749 17),
1364 4686 1538 4733 tamen
1568 4694 1768 4732 eramus

171 4787 351 4830 natura
398 4774 499 4843 ﬁlii
527 4773 638 4839 irae,
662 4773 791 4825 sicut
819 4779 865 4826 et
893 4771 1058 4825 caeteri
1083 4788 1096 4824 :
1137 4769 1279 4824 Deus
1307 4779 1475 4824 autem
1516 4769 1606 4840 qui
1633 4769 1769 4824 diues

173 4879 240 4923 est
274 4871 332 4922 in
384 4865 756 4931 misericordia,
803 4872 1006 4935 pmpter
1060 4863 1273 4916 multam
1311 4863 1630 4917 dilectionem
1668 4878 1771 4933 qua

173 4961 349 5015 dilexit
376 4974 493 5024 nos,
526 4965 573 5011 et
598 4971 712 5010 cum
735 4971 954 5010 essemus
995 4954 1180 5008 mortui
1203 4953 1418 5021 delictis,
1447 4953 1770 5024 conviviﬁca-

174 5055 238 5107 vit
270 5070 364 5109 nos
408 5051 632 5117 Christo,
674 5050 820 5120 cujus
860 5050 1023 5122 gratia
1050 5064 1223 5103 sumus
1246 5048 1372 5104 salvi
1409 5049 1532 5120 facti
1552 5047 1767 5120 (Ephcs.

174 5161 232 5213 ιι,
259 5146 407 5215 5-5).

242 5238 476 5297 CAPUT
502 5237 668 5293 lV.—
683 5238 736 5292 4.
757 5235 934 5290 Gratia
958 5235 1200 5308 gratuita.
1226 5233 1351 5290 Haec
1371 5245 1548 5290 autem
1570 5234 1772 5291 Christi

173 5337 398 5407 gratia‘,
445 5335 563 5389 sine
606 5348 710 5402 qua
755 5345 855 5386 nec
899 5328 1160 5394 infantes,
1206 5343 1305 5384 nec
1342 5337 1498 5384 aetate
1541 5327 1773 5399 grandes

176 5429 305 5482 salvi
347 5427 465 5482 fieri
520 5432 765 5496 possunt,
795 5438 898 5478 non
945 5422 1150 5478 meritis
1177 5421 1435 5487 redditur,
1469 5421 1562 5476 sed
1609 5422 1774 5492 gratis

178 5523 365 5588 datur;
413 5529 633 5592 propter
663 5517 806 5590 quod
835 5526 890 5573 et
914 5517 1082 5589 gratia
1109 5517 1430 5572 nominatur.
1471 5514 1770 5584 Justiﬁcati,

179 5617 368 5687 inquit,
400 5616 561 5688 gratis
607 5629 700 5684 per
739 5613 1034 5683 sanguinem
1061 5610 1241 5682 ipsius.
1274 5608 1428 5666 Unde
1465 5610 1502 5665 ii
1535 5610 1624 5680 qui
1667 5625 1774 5665 non

180 5754 497 5878 ῶθῒιὲιὰαετ.
541 5758 597 5802 et
633 5747 866 5801 Gallicani
908 5753 1013 5799 ωδε.
1055 5760 1247 5800 necnon
1289 5747 1528 5811 vaticani,
1550 5746 1656 5800 lucc
1678 5746 1776 5812 igi-

234 5877 308 5944 (ἃ)
336 5886 493 5944 εισι-ιε,
513 5881 631 5932 etsi.

1620 370 1826 432 LIBER
1856 369 2062 433 UNUS.

3377 384 3488 447 250

1894 509 1992 565 per
2015 493 2159 550 illam
2183 494 2494 566 liberantur,
2521 498 2636 556 sive
2661 498 2785 571 quia
2811 499 2996 557 audire
3023 499 3261 558 nondum
3293 509 3484 573 potue-

1893 595 2039 654 runt,
2068 587 2181 643 sive
2223 588 2346 660 quia
2389 589 2608 648 obedire
2655 594 2959 660 noluerunt,
2995 594 3111 651 sive
3155 594 3318 651 etiam
3355 611 3479 652 cum

1892 694 1988 750 per
2016 688 2228 736 aetatem
2257 681 2443 739 audire
2479 698 2594 739 non
2621 696 2859 755 possent,
2893 686 3164 742 lavacrum
3198 703 3484 758 regenera-

1891 771 2054 827 tionis
2078 772 2218 843 quod
2246 775 2490 846 accipere
2529 786 2768 847 possent,
2799 793 2896 850 per
2920 779 3061 850 quod
3088 780 3219 835 salvi
3263 779 3478 849 ﬁerent,

1888 879 1996 920 non
2033 877 2375 938 acceperunt,
2403 867 2546 940 juste
2589 870 2773 940 utique
2800 871 3121 928 damnantur
3149 892 3163 928 :
3191 874 3314 944 quia
3361 875 3480 931 sine

1887 967 2110 1028 peccato
2138 974 2244 1014 non
2280 970 2420 1026 sunt,
2449 962 2534 1018 vel
2555 962 2700 1033 quod
2725 964 3050 1035 originaliter
3076 953 3371 1036 traxtﬂunt,
3393 969 3480 1026 vel

1885 1049 2026 1118 quod
2053 1051 2207 1106 malis
2232 1052 2468 1108 moribus
2493 1052 2830 1112 addiderunt.
2866 1054 3053 1113 Omnes
3081 1059 3212 1113 enim
3237 1076 3474 1130 peccaue-

1883 1151 2020 1208 runt,
2050 1143 2163 1200 sive
2191 1144 2242 1200 in
2259 1145 2452 1215 Adam,
2473 1146 2591 1202 sive
2606 1147 2660 1202 in
2679 1162 2740 1203 se
2768 1147 2918 1219 ipsis,
2933 1159 2980 1204 et
2997 1159 3138 1221 egent
3165 1150 3330 1222 gloria
3351 1150 3470 1207 Dei.

1953 1233 2180 1291 CAPUT
2236 1235 2299 1290 V.
2347 1266 2421 1278 —
2465 1237 2520 1295 5.
2572 1236 2798 1294 Justitiat
2844 1249 2953 1294 erat
2998 1240 3230 1295 damnari
3281 1257 3476 1300 omnes.

1882 1323 2142 1384 Universa
2170 1327 2330 1398 igitur
2367 1345 2544 1386 massa
2586 1347 2772 1402 poenas
2815 1331 2975 1389 debet
3005 1351 3018 1388 :
3050 1341 3104 1389 et
3145 1333 3193 1389 si
3228 1335 3477 1393 omnibus

1879 1417 2116 1475 debitum
2147 1421 2505 1480 damnationis
2540 1425 2858 1496 supplicium
2894 1427 3228 1496 redderetur,
3260 1444 3367 1484 non
3394 1429 3477 1484 in-

1872 1511 2017 1582 juste
2047 1517 2232 1586 procul
2253 1504 2416 1574 dubio
2435 1518 2768 1575 redderetur.
2792 1521 2894 1587 Qui
2922 1536 3051 1592 ergo
3081 1520 3205 1578 inde
3230 1536 3328 1592 per
3349 1537 3474 1593 gra-

1880 1605 2005 1660 tiam
2057 1608 2367 1676 liberantur,
2421 1626 2528 1667 non
2568 1628 2694 1668 vasa
2726 1615 3038 1669 meritorum
3087 1629 3326 1682 suorum,
3376 1614 3473 1671 sed

1874 1710 2002 1752 vasa
2046 1700 2428 1757 misericordiae
2470 1703 2811 1760 nominantur
2837 1703 3012 1776 (Rom.
3040 1721 3113 1770 ix,
3149 1706 3266 1777 25).
3307 1706 3472 1777 Cujus

1873 1792 2279 1864 misericordiae,
2307 1797 2408 1851 nisi
2448 1797 2589 1852 illius
2611 1798 2702 1869 qui
2728 1797 2999 1854 Christum
3037 1798 3216 1854 Jesum
3244 1800 3389 1854 misit
3413 1801 3469 1856 in

1873 1880 2015 1938 hunc
2040 1885 2295 1941 mundum
2320 1897 2629 1958 peccatores
2651 1888 2827 1944 salvos
2852 1887 3030 1944 facere
3052 1888 3106 1958 (Ι
3130 1887 3262 1943 Tim.
3286 1905 3324 1955 ι,
3344 1890 3464 1963 15),

1873 1990 2008 2046 quos
2040 1977 2326 2046 praescivit,
2353 1986 2408 2034 et
2435 1979 2850 2050 praedestinavit,
2880 1989 2936 2036 et
2962 1981 3191 2047 vocavit,
3221 1990 3276 2036 et
3306 1981 3466 2052 justi-

1871 2067 2068 2136 ﬁcavlt,
2091 2076 2149 2124 et
2171 2069 2489 2140 glorificavit
2516 2070 2694 2142 (Rom.
2720 2087 2834 2138 vni,
2860 2071 2954 2139 29,
2978 2072 3101 2142 50)?
3146 2071 3276 2141 Quis
3304 2071 3464 2144 igitur

1871 2174 2040 2230 usque
2060 2159 2196 2217 adeo
2224 2161 2627 2218 dementissime
2647 2162 2896 2229 insaniat,
2925 2174 2983 2217 ut
3009 2177 3114 2218 non
3137 2173 3258 2234 agat
3281 2163 3467 2220 inell'a-

1869 2251 2005 2309 biles
2031 2254 2232 2325 gratias
2270 2255 2652 2312 misericordia:
2679 2271 2812 2328 quos
2854 2256 3018 2312 voluit
3051 2256 3347 2324 liberantis,
3374 2259 3466 2330 qui

1869 2354 2018 2401 recte
2043 2346 2190 2403 nullo
2220 2347 2382 2404 modo
2410 2356 2592 2420 posset
2633 2348 2852 2420 culpare
2886 2349 3148 2420 justitiam
3186 2348 3466 2408 universos

1873 2439 2094 2494 omnino
2119 2439 2421 2496 damnantis
2442 2440 2468 2494 ‘l
3005 2491 3012 2496 .

1964 2530 2193 2588 CAPUT
2255 2531 2344 2587 Vl.
2385 2562 2457 2574 —
2498 2533 2552 2588 6.
2592 2532 2992 2604 Pelagianorum
3030 2533 3234 2606 ingenia
3283 2513 3464 2607 fortis-

1867 2623 1998 2678 sima
2035 2631 2080 2677 et
2125 2624 2364 2678 celerima
2387 2663 2401 2677 .
2447 2624 2561 2680 Hoc
2613 2625 2657 2680 si
2688 2623 2981 2680 secundum
3026 2623 3328 2696 Scripturas
3377 2640 3465 2682 sa-

1868 2713 2110 2783 piamus;
2157 2729 2265 2770 non
2312 2715 2556 2784 cogimur
2597 2725 2782 2771 contra
2827 2714 3172 2770 christianam
3230 2716 3457 2787 gratiam

1866 2804 2161 2874 disputare,
2224 2815 2278 2861 et
2315 2821 2377 2862 ea
2415 2807 2594 2863 dicere
2645 2807 2837 2878 quibus
2883 2807 3251 2862 demonstrare
3300 2822 3465 2864 cone-

1866 2913 1988 2953 mur
2019 2939 2035 2965 ,
2089 2907 2332 2954 naturam
2379 2900 2664 2955 humanam
2717 2915 2890 2971 neque
2940 2900 2992 2955 in
3059 2900 3294 2971 parvulis
3340 2916 3459 2958 me-

1866 2987 1988 3044 dico
2004 2988 2246 3060 indigere
2267 2991 2390 3060 quia
2412 3005 2540 3046 sana
2567 3001 2668 3057 est,
2687 3000 2742 3046 et
2767 2993 2821 3046 in
2851 2991 3140 3062 majoribus
3160 2993 3258 3049 sibi
3290 2992 3462 3063 ipsam

1865 3079 1934 3136 ad
1977 3081 2262 3151 justitiam,
2294 3083 2337 3138 si
2377 3084 2522 3148 velit,
2556 3098 2714 3154 posse
2759 3083 3026 3141 sufﬁcere.
3055 3085 3228 3141 Acute
3266 3085 3464 3156 quippe

1864 3174 2112 3230 videntur
2156 3175 2269 3230 hzec
2297 3175 2424 3240 dici,
2453 3177 2547 3231 sed
2592 3178 2645 3232 in
2693 3179 2950 3247 sapientia
2995 3177 3165 3246 verbi,
3193 3194 3296 3249 qua
3338 3193 3464 3234 eva-

1865 3278 2053 3324 cuatur
2081 3283 2212 3323 crux
2237 3265 2436 3323 Christi
2460 3267 2510 3340 (I
2541 3267 2659 3324 Cor.
2689 3285 2728 3337 ι,
2761 3269 2873 3340 17).
2906 3268 3029 3323 Non
3054 3279 3127 3324 est
3155 3271 3253 3324 ista
3277 3270 3462 3325 desur-

1865 3376 1978 3415 sum
2015 3361 2264 3429 sapientia
2302 3360 2605 3415 descendens
2645 3359 2850 3431 (Jacobi
2888 3377 2967 3429 ιιι,
3001 3361 3112 3430 15).
3151 3361 3286 3417 Nolo
3315 3361 3460 3432 quod

1866 3453 2107 3525 sequitur
2138 3453 2335 3519 dicere,
2361 3468 2429 3508 ne
2462 3453 2648 3508 amicis
2677 3454 2876 3509 nostris
2911 3468 3138 3525 quorum
3170 3454 3459 3510 fortissima

1867 3554 1923 3600 et
1947 3544 2225 3602 celerrima
2253 3544 2463 3615 ingenia
2503 3560 2610 3600 non
2653 3545 2706 3600 in
2752 3560 3082 3615 perversum,
3106 3545 3202 3602 sed
3233 3547 3284 3601 in
3311 3547 3460 3603 dire-

1867 3645 2014 3692 ctum
2039 3651 2258 3692 currere
2288 3635 2552 3703 volumus,
2586 3634 2765 3692 facere
2793 3637 3161 3692 existimemur
3185 3636 3456 3708 injuriam.

1939 3727 2165 3785 CAPUT
2203 3726 2408 3782 Vll.—
2442 3727 2498 3782 7.
2537 3727 2843 3799 Aggreditur
2869 3726 2984 3782 libri
3023 3727 3228 3801 Pelagii
3265 3734 3463 3799 refuta-

1870 3821 2074 3875 tionem.
2094 3817 2237 3874 Inter
2255 3835 2359 3874 esse
2410 3827 2456 3873 et
2485 3835 2630 3889 posse
2681 3819 2934 3874 distinctio
2981 3817 3197 3891 Pelagii.
3255 3819 3465 3888 Quanto

1870 3912 2032 3984 igitur
2083 3911 2203 3968 zelo
2275 3926 2533 3968 accensus
2576 3919 2660 3968 est
2710 3910 2833 3966 libri
2878 3911 3035 3982 hujus
3065 3953 3080 3978 ,
3132 3927 3290 3983 quem
3359 3915 3465 3969 mi-

1870 4005 2036 4072 sistis,
2066 4004 2332 4072 conditor,
2354 4004 2612 4061 adversus
2636 4019 2730 4060 eos
2762 4005 2852 4076 qui
2882 4005 3113 4075 peccatis
3148 4007 3259 4062 suis
3287 4015 3467 4076 patro-

1870 4096 2071 4152 cinium
2107 4095 2176 4152 de
2217 4104 2422 4151 natura:
2465 4095 2716 4151 humanae
2760 4095 3071 4151 inﬁrmitate
3118 4097 3464 4168 perquirunt;

1871 4196 2022 4244 tanto
2055 4196 2111 4244 et
2151 4187 2321 4243 multo
2358 4186 2667 4243 ardentiore
2708 4187 2824 4242 zelo
2862 4203 2962 4243 nos
2989 4197 3199 4259 oportet
3222 4189 3462 4256 accendi,

1873 4297 1942 4338 ne
1971 4289 2259 4336 evacuetur
2293 4294 2425 4334 crux
2451 4279 2669 4334 Christi.
2703 4279 3002 4333 Evacuatur
3045 4289 3242 4343 autem,
3276 4280 3321 4334 si
3364 4280 3466 4334 ali-

1872 4389 1981 4446 quo
2024 4371 2185 4427 modo
2233 4379 2427 4442 praeter
2472 4371 2614 4426 illius
2660 4369 3065 4425 Sacramentum
3111 4369 3178 4424 ad
3203 4367 3467 4438 justitiam

1874 4469 2143 4538 vitamque
2168 4474 2422 4522 aeternam
2463 4465 2728 4536 perveniri
2775 4479 2932 4534 posse
2959 4463 3169 4519 dicatur
3198 4481 3211 4518 :
3240 4464 3384 4534 quod
3411 4463 3468 4519 in

1875 4563 2012 4619 libro
2040 4562 2144 4618 isto
2169 4562 2361 4633 agitur,
2391 4561 2518 4616 nolo
2541 4560 2724 4616 dicere
2751 4561 2817 4616 ab
2843 4560 3068 4627 sciente,
3097 4575 3165 4617 ne
3191 4560 3339 4614 illum
3376 4559 3469 4630 qui

1876 4669 1998 4710 eum
2041 4654 2276 4724 scripsit,
2310 4668 2378 4709 ne
2402 4653 2749 4709 christianum
2781 4650 2994 4723 quidem
3046 4650 3350 4707 habendum
3375 4651 3469 4722 ju-

1875 4746 2087 4812 dicem;
2133 4745 2227 4802 sed
2251 4744 2394 4817 quod
2435 4745 2603 4816 magis
2643 4743 2824 4809 credo,
2855 4758 2884 4796 a
2912 4742 3185 4799 nesciente
3215 4760 3228 4797 :
3259 4744 3470 4814 magnis

1876 4853 2006 4894 sane
2031 4837 2263 4903 viribus;
2297 4835 2391 4892 sed
2423 4850 2516 4892 eas
2536 4850 2695 4891 sanas
2715 4835 2857 4902 volo,
2890 4849 2996 4893 non
3023 4835 3207 4907 quales
3233 4834 3470 4908 phrene-

1878 4930 1970 4986 tiei
1995 4928 2196 4984 habere
2224 4937 2570 4983 consuerunt.

1951 5022 2005 5078 8.
2056 5021 2188 5076 Nam
2239 5022 2388 5091 prius
2426 5019 2735 5092 distinguit,
2777 5020 2920 5075 aliud
2964 5037 3071 5075 esse
3106 5035 3364 5089 quaerere,
3406 5036 3474 5075 an

1881 5117 2039 5188 possit
2063 5115 2258 5186 aliquid
2287 5131 2412 5180 esse,
2449 5115 2585 5186 quod
2623 5116 2690 5168 ad
2717 5117 2877 5169 solam
2929 5114 3310 5187 possibilitatem
3352 5131 3471 5186 per-

1882 5211 2038 5264 tinet:
2083 5209 2246 5276 aliud,
2278 5219 2516 5263 utrumne
2544 5209 2630 5263 sit.
2671 5208 2822 5264 Hanc
2850 5209 3246 5265 distinctionem
3287 5223 3474 5264 veram

1881 5317 2001 5358 esse
2022 5315 2179 5356 nemo
2205 5300 2456 5371 ambigit:
2480 5315 2818 5371 consequens
2837 5301 2980 5356 enim
3010 5308 3092 5356 est
3120 5308 3178 5355 ut
3201 5299 3340 5370 quod
3365 5307 3472 5366 est,

1882 5411 2002 5453 esse
2048 5395 2312 5468 potuerit;
2358 5409 2465 5449 non
2508 5403 2592 5450 est
2633 5403 2810 5450 autem
2857 5408 3193 5464 consequens
3232 5401 3291 5446 ut
3329 5391 3472 5461 quod

1881 5505 2001 5547 esse
2043 5497 2238 5561 potest,
2271 5488 2432 5544 etiam
2460 5487 2550 5543 sit.
2588 5486 2725 5555 Quia
2753 5488 2893 5544 enim
2925 5486 3182 5541 Dominus
3211 5485 3470 5540 Lazarum

1884 5585 2158 5642 suscitavit
2186 5583 2366 5655 (Joan.
2394 5587 2470 5651 xi,
2503 5584 2594 5648 45,
2617 5581 2732 5655 id),
2759 5583 2874 5638 sine
2907 5581 3070 5636 dubio
3101 5579 3270 5650 potuit
3299 5599 3310 5635 :
3343 5577 3469 5647 quia

1883 5693 2015 5734 vero
2059 5677 2250 5734 Judam
2300 5691 2407 5732 non
2455 5676 2730 5732 suscitavit
2748 5674 2844 5748 (a),
2888 5671 3140 5742 numquid
3183 5670 3472 5727 dicendum

1947 5809 2020 5872 (a)
2054 5815 2226 5872 Petrus
2247 5808 2537 5872 Lombardus
2575 5809 2625 5857 in
2659 5809 2843 5872 ‘t_sent.
2867 5805 2980 5855 dist.
3023 5803 3116 5865 45,
3152 5816 3257 5872 cap.
3282 5810 3392 5865 utt.,
3418 5813 3476 5856 ut

1888 5865 2120 5926 ostendat
2141 5877 2294 5926 Deum
2313 5869 2466 5932 multa
2501 5883 2648 5936 posse
2669 5869 2835 5922 facere
2855 5873 2969 5934 qua:
3005 5879 3103 5919 non
3124 5865 3231 5932 vult
3245 5901 3261 5933 ,
3283 5874 3474 5932 postea.
