3996 6520
567 406 667 465 251

565 531 670 591 est,
710 517 826 580 Non
865 517 1072 594 potuit?
1099 517 1276 577 Potuit
1302 532 1450 592 ergo,
1483 517 1578 575 sed
1611 517 1798 575 noluit.
1820 517 1952 574 Nam
1979 519 2026 574 si
2051 533 2146 574 vo-

565 611 772 682 luisset,
797 617 979 673 eadem
1011 617 1170 672 etiam
1213 614 1317 670 hoc
1357 622 1623 686 potestate
1651 614 1902 681 iecisset;
1933 615 2054 685 quia
2095 621 2152 671 et

571 707 739 765 Filius
795 725 927 780 quos
974 709 1089 764 vult
1124 708 1355 766 viviﬁcat
1399 705 1579 779 (Joan.
1629 721 1684 774 v,
1733 706 1848 776 21).
1890 703 1995 762 Sed
2051 707 2151 763 hac

569 801 906 858 distinctione
938 817 1062 858 vera
1085 809 1243 872 atque
1275 799 1551 856 manifesta
1578 814 1683 870 quo
1708 798 1912 865 tendat,
1944 807 1999 854 et
2023 798 2149 871 quid

567 893 788 950 efﬁcere
813 901 1054 961 conetur,
1087 893 1345 950 advertite
1370 912 1384 949 :
1415 892 1549 961 Nos,
1584 892 1769 964 inquit,
1802 891 1864 946 de
1890 893 1999 947 sola
2027 909 2148 963 pos-

564 982 802 1038 sibilitate
829 992 1134 1050 tractamus;
1183 987 1246 1039 de
1281 1001 1380 1056 qua
1408 983 1507 1038 nisi
1532 983 1654 1055 quid
1697 993 1885 1039 certum
1913 984 2148 1038 constite-

563 1075 650 1138 rit,
681 1076 963 1148 transgredi
1005 1075 1073 1130 ad
1110 1075 1272 1143 aliud,
1299 1075 1652 1148 gravissimum
1686 1091 1791 1130 esse
1830 1084 1979 1145 atque
2005 1083 2150 1129 extra

567 1165 795 1221 ordinem
838 1168 1088 1223 ducimus.
1133 1167 1243 1223 Hoc
1278 1176 1456 1223 versat
1503 1167 1686 1222 multis
1723 1167 1896 1222 modis
1935 1175 1988 1222 et
2031 1180 2149 1222 ser-

565 1273 726 1313 mone
771 1259 1042 1323 diuturno,
1070 1275 1138 1315 ne
1190 1260 1308 1331 quis
1355 1274 1475 1314 eum
1526 1258 1688 1325 aliud,
1727 1275 1885 1330 quam
1930 1259 1998 1315 de
2041 1274 2149 1315 non

562 1353 818 1421 peccandi
864 1354 1213 1423 possibilitate
1245 1368 1486 1424 quaerere
1513 1352 1799 1409 existimet.
1826 1350 1982 1408 Unde
2010 1351 2151 1407 inter

563 1446 728 1502 multa
749 1447 937 1518 quibus
965 1447 1014 1502 id
1039 1447 1166 1518 agit,
1185 1448 1344 1503 etiam
1369 1448 1469 1503 hoc
1494 1445 1622 1502 dicit
1651 1464 1665 1501 :
1699 1443 1844 1500 Idem
1867 1446 2050 1500 iterum
2069 1461 2148 1500 re-

564 1545 698 1609 peto,
731 1535 843 1609 Ego
873 1537 984 1592 dico
1029 1554 1176 1609 posse
1212 1555 1319 1594 esse
1365 1537 1620 1594 hominem
1665 1540 1774 1593 sine
1817 1546 2039 1606 peccato.
2069 1535 2150 1592 Tu

562 1631 685 1700 quid
735 1631 904 1686 dicis?
946 1631 1069 1687 Non
1116 1649 1263 1704 posse
1305 1649 1411 1688 esse
1453 1632 1706 1687 hominem
1757 1632 1866 1687 sine
1904 1633 2150 1703 peccato?

563 1721 747 1795 Neque
785 1741 874 1796 ego
915 1725 1048 1793 dico,
1094 1725 1284 1796 inquit,
1335 1725 1586 1780 hominem
1623 1741 1730 1780 esse
1771 1726 1879 1780 sine
1919 1733 2145 1797 peccato,

561 1833 722 1888 neque
747 1825 799 1870 tu
824 1817 950 1872 dicis
979 1834 1078 1873 non
1099 1834 1205 1873 esse
1230 1818 1485 1873 hominem
1511 1819 1620 1873 sine
1647 1827 1888 1889 peccato:
1917 1818 1981 1872 de
2001 1834 2149 1890 posse

561 1919 607 1962 et
629 1925 728 1962 non
752 1925 914 1979 posse,
932 1926 1032 1964 non
1049 1909 1110 1964 de
1123 1926 1230 1965 esse
1247 1920 1293 1964 et
1313 1927 1414 1965 non
1430 1926 1536 1965 esse
1557 1911 1924 1966 contendimus.
1944 1911 2147 1967 Deinde

560 2000 814 2056 nonnulla
840 2018 1024 2058 eorum
1053 2018 1172 2074 qua:
1209 2001 1464 2059 adversus
1495 2017 1588 2059 eos
1611 2002 1678 2058 de
1704 2001 1992 2073 Scripturis
2018 2019 2145 2074 pro-

557 2091 683 2149 ferri
723 2094 916 2158 solent,
945 2094 1010 2150 ad
1052 2095 1206 2150 istam
1256 2096 1605 2166 quaestionem
1633 2109 1740 2150 non
1769 2096 2057 2166 pertinere,
2091 2096 2146 2151 in

560 2201 664 2258 qua
695 2186 968 2258 quaeritur,
993 2189 1229 2260 possitne
1253 2203 1321 2243 an
1345 2203 1454 2244 non
1483 2188 1651 2260 possit
1676 2189 1838 2244 homo
1874 2204 1993 2245 esse
2029 2190 2145 2246 sine

559 2287 798 2350 peccato,
832 2279 903 2334 ita
947 2288 1370 2338 commemorat:
1405 2280 1545 2336 Nam
1581 2299 1601 2334 ι
1654 2282 1846 2345 nullus,
1883 2299 1904 2334 ι
1947 2282 2141 2354 inquit,

567 2362 586 2424 ὰ
631 2371 848 2426 mundus
874 2381 945 2426 est
986 2389 1018 2426 a
1054 2373 1200 2428 sorde
1243 2393 1262 2427 ι
1296 2372 1549 2447 (Ιούξχιν,
1590 2375 1644 2444 4,
1673 2390 1784 2446 sec.,
1815 2373 2013 2449 LXX).
2052 2375 2142 2445 Et,

560 2478 581 2512 ι
628 2460 751 2516 Non
778 2473 854 2517 est
875 2463 1022 2518 homo
1041 2464 1130 2534 qui
1149 2481 1248 2520 non
1269 2475 1436 2536 peccet
1463 2485 1483 2518 ι
1511 2465 1601 2539 (111
1629 2465 1755 2539 Reg.
1777 2484 1888 2536 vnt,
1909 2467 2038 2539 46);
2070 2475 2141 2537 et,

561 2571 582 2606 ι
631 2553 752 2610 Νοη
769 2565 838 2611 est
859 2558 1030 2629 justus
1051 2543 1104 2612 in
1125 2567 1260 2614 terra
1286 2556 1508 2630 »(Eccle.
1532 2577 1626 2626 vn,
1644 2559 1769 2634 21);
1798 2571 1896 2628 et,t
1921 2559 2045 2617 Non
2071 2571 2146 2618 est

561 2666 583 2702 ι
626 2649 712 2721 qui
744 2649 900 2720 faciat
925 2650 1110 2706 bonum
1143 2672 1162 2705 ι
1197 2651 1368 2727 (Psal.
1398 2669 1514 2723 xm,
1542 2653 1627 2725 l);
1660 2665 1706 2709 et
1742 2663 1922 2710 caetera
1950 2654 2030 2710 his
2069 2655 2144 2710 si-

556 2741 719 2809 milia,
739 2742 926 2814 inquit,
951 2743 1018 2798 ad
1044 2761 1143 2799 non
1169 2763 1294 2813 esse,
1319 2762 1421 2801 non
1447 2747 1517 2800 ad
1541 2763 1642 2802 non
1676 2765 1822 2817 posse
1842 2748 2140 2818 proﬁciunt.

560 2830 876 2905 Hujusmodi
919 2835 1052 2889 enim
1092 2838 1335 2908 exemplis
1378 2838 1676 2906 ostenditur,
1703 2839 1877 2909 quales
1919 2840 2146 2896 homines

555 2927 762 3000 quidam
803 2937 1026 3000 tempore
1061 2929 1235 3001 aliqua
1281 2931 1503 3000 fuerint;
1543 2949 1646 2987 non
1690 2934 1828 3004 quod
1867 2933 2013 2988 aliud
2038 2949 2146 2988 esse

559 3035 661 3073 non
683 3020 971 3092 potuerint:
993 3021 1126 3076 unde
1150 3032 1196 3078 et
1212 3025 1332 3096 jure
1359 3024 1684 3079 inueniuntur
1712 3042 1817 3080 esse
1839 3023 2141 3097 culpabiles.

556 3109 699 3165 Nam
725 3112 768 3166 si
806 3114 999 3169 idcirco
1043 3112 1168 3170 tales
1202 3118 1427 3189 fuerunt,
1469 3118 1589 3189 quia
1617 3118 1762 3173 aliud
1785 3135 1891 3176 esse
1918 3134 2021 3174 non
2047 3135 2142 3192 po-

559 3213 780 3275 tuerunt,
811 3208 965 3279 culpa
993 3217 1184 3265 carent.

626 3297 853 3355 CAPUT
870 3298 1004 3355 Vlll.
1021 3331 1092 3340 —
1107 3299 1161 3356 9.
1178 3299 1497 3357 Damnantur
1514 3311 1559 3358 et
1579 3302 1616 3358 ii
1633 3301 1718 3374 qui
1730 3304 2014 3375 justiﬁcari
2041 3321 2145 3362 non

556 3397 842 3462 potuerunt.
864 3389 1052 3448 Videte
1069 3391 1196 3464 quid
1213 3393 1423 3449 dixerit.
1445 3393 1560 3466 Ego
1585 3404 1762 3452 autem
1781 3395 1922 3464 dico,
1949 3412 2146 3469 parvu-

553 3483 662 3540 lum
683 3493 862 3541 natum
889 3485 941 3541 in
959 3501 1023 3541 eo
1042 3486 1160 3541 loco
1188 3485 1275 3541 ubi
1296 3487 1345 3542 ei
1376 3501 1482 3541 non
1501 3488 1669 3556 potuit
1697 3503 1793 3558 per
1808 3489 2006 3546 Christi
2035 3489 2140 3546 Ba-

552 3579 807 3650 ptismum
849 3578 1140 3644 subveniri,
1171 3586 1343 3634 morte
1369 3587 1718 3649 praeventum,
1749 3581 1947 3639 idcirco
1977 3584 2141 3640 talem

551 3671 738 3738 fuisse,
762 3671 812 3726 id
842 3680 946 3740 est,
973 3671 1091 3728 sine
1111 3667 1323 3728 lavacro
1347 3672 1771 3742 regenerationis
1795 3675 1994 3745 exisse,
2017 3677 2142 3748 quia

553 3777 674 3820 esse
699 3761 844 3818 aliud
872 3777 984 3835 non.
1004 3763 1198 3833 potuit.
1223 3761 1484 3818 Absolvat
1527 3778 1656 3835 ergo
1687 3780 1832 3832 eum,
1855 3775 1910 3822 et
1937 3769 2146 3838 aperiat

554 3855 606 3910 ei
630 3853 819 3910 contra
843 3855 1164 3911 sententiam
1186 3853 1398 3910 Domini
1422 3871 1644 3928 regnum
1671 3856 1929 3914 ccelorum
1959 3858 2139 3930 (Joan.

552 3950 632 4016 in,
655 3945 732 4019 5).
759 3935 866 4004 Sed
896 3963 1002 4004 non
1034 3963 1155 4003 eum
1185 3947 1414 4003 absolvit
1446 3943 1754 4019 Apostolus,
1777 3949 1866 4021 qui
1889 3951 1964 4006 ait
1993 3968 2006 4004 :
2036 3950 2142 4006 Per

552 4055 712 4095 unum
745 4039 997 4094 hominem
1044 4048 1303 4112 peccatum
1343 4039 1548 4094 intravit
1589 4039 1642 4094 in
1669 4041 1936 4111 mundum,
1971 4052 2017 4097 et
2055 4060 2143 4112 per

552 4141 813 4203 peccatum
853 4147 1026 4198 mors;
1073 4141 1120 4186 et
1156 4129 1229 4185 ita
1255 4132 1309 4186 in
1355 4149 1526 4186 omnes
1554 4132 1779 4188 homines
1824 4135 2136 4204 pertransiit,

547 4223 604 4278 in
629 4240 728 4296 quo
774 4241 944 4280 omnes
987 4233 1314 4296 peccaverunt
1358 4222 1532 4298 (Rom.
1565 4241 1617 4294 v,
1652 4225 1767 4299 i2).
1798 4225 1964 4282 Recte
2011 4238 2138 4297 ergo

551 4330 616 4372 ea
643 4315 984 4373 damnatione
1003 4359 1015 4381 ,
1045 4332 1163 4387 qua:
1211 4331 1306 4388 per
1340 4316 1640 4372 universam
1691 4333 1922 4373 massam
1951 4317 2140 4384 currit,

547 4423 657 4462 non
683 4407 980 4463 admittitur
1007 4409 1057 4463 in
1089 4423 1309 4480 regnum
1339 4406 1618 4476 caelorum,
1637 4410 1878 4480 quamvis
1897 4409 2142 4465 christia-

550 4514 654 4554 nus
685 4515 790 4554 non
818 4499 990 4554 solum
1016 4514 1120 4554 non
1147 4497 1324 4567 fuerit,
1351 4498 1446 4554 sed
1477 4513 1574 4554 nec
1599 4515 1718 4556 esse
1745 4501 1996 4570 potuerit.

623 4591 851 4650 CAPUT
909 4592 1000 4648 1X.
1060 4622 1134 4633 —
1193 4593 1280 4648 10.
1339 4591 1625 4661 Justiﬁcari
1673 4609 1774 4646 non
1843 4594 2006 4658 potuit
2056 4595 2143 4664 qui

547 4679 738 4741 Christi
778 4700 958 4738 nomen
1007 4699 1108 4737 non
1135 4683 1346 4737 audivit.
1385 4681 1596 4738 Crucem
1641 4681 1832 4740 Christi
1874 4701 2138 4740 evacuare.

550 4776 685 4844 Sed,
714 4775 834 4830 Non
869 4775 1162 4843 damnatur,
1195 4776 1438 4846 inquiunt
1462 4794 1475 4830 :
1506 4776 1623 4846 quia
1647 4777 1700 4830 in
1722 4775 1884 4830 Adam
1911 4793 2143 4848 peccasse

550 4885 743 4933 omnes,
763 4884 861 4922 non
881 4875 1088 4938 prapter
1106 4876 1363 4937 peccatum
1385 4867 1623 4921 nascendi
1636 4868 1830 4940 origine
1844 4877 2138 4934 attractum,

552 4962 645 5017 sed
671 4970 878 5033 propter
902 4960 1250 5028 imitationem,
1279 4959 1466 5014 dictum
1497 4970 1588 5014 est.
1615 4959 1672 5016 Si
1698 4977 1825 5032 ergo
1863 4961 1984 5016 ideo
2009 4962 2142 5017 dici-

555 5063 644 5110 tur
673 5053 845 5109 Adam
874 5061 1062 5108 auctor
1102 5051 1360 5120 omnium,
1402 5052 1490 5124 qui
1538 5052 1807 5108 subsecuti
1851 5063 1996 5122 sunt,
2025 5069 2142 5124 pec-

551 5156 818 5212 catorum,
847 5145 966 5216 quia
1019 5142 1220 5213 primus
1268 5153 1518 5214 peccator
1564 5144 1615 5199 in
1664 5145 1967 5201 hominibus
2006 5145 2137 5212 fuit;

553 5256 650 5297 cur
692 5255 796 5294 non
843 5239 1017 5308 potius
1058 5236 1209 5303 Abel,
1241 5252 1398 5308 quam
1438 5235 1701 5305 Christus,
1744 5239 1956 5309 ponitur
1984 5249 2142 5310 caput

551 5332 791 5388 omnium
833 5331 1116 5401 jnstorum,
1151 5327 1269 5399 quia
1316 5329 1601 5400 primusin
1641 5329 1943 5386 hominibus
1967 5331 2142 5401 justus

547 5425 688 5483 fuit?
730 5423 836 5481 Sed
875 5424 942 5478 de
982 5421 1181 5478 infante
1214 5439 1317 5478 non
1347 5425 1571 5494 loquor:
1600 5423 1814 5494 juvenis
1852 5425 1937 5479 vel
1977 5439 2144 5481 senex

720 5517 837 5568 illud
863 5529 923 5567 ex
949 5517 1229 5576 Enchiridio,
1256 5532 1304 5566 n.
1325 5515 1402 5577 21,
1426 5517 1490 5566 de
1505 5517 1655 5580 Tyriis
1678 5524 1729 5566 et
1742 5515 1942 5580 Sidoniis
1963 5517 2143 5567 dictum

547 5577 737 5641 retulit,
781 5588 914 5644 «Nec
931 5582 1106 5644 utique
1127 5581 1308 5644 injuste
1329 5585 1474 5644 Deus
1498 5577 1652 5644 noluit
1691 5577 1852 5644 salvos
1884 5578 2143 5644 ﬁeri,_cum

556 5640 799 5708 «possent
819 5641 939 5694 salvi
963 5640 1075 5694 esse
1097 5645 1138 5708 si
1163 5640 1374 5708 vellens
1390 5641 1655 5708 subjunxit
1679 5643 1986 5708 continenter
2014 5641 2144 5692 hunc

550 5703 712 5769 ipsum
735 5705 893 5756 locum
916 5707 1170 5768 praesentis
1191 5704 1327 5762 libri,
1373 5703 1437 5751 de
1478 5703 1611 5769 ludat
1643 5703 1910 5769 secundum
1933 5708 2144 5769 animum

550 5764 866 5820 suscitatione
908 5764 978 5818 sic
1022 5770 1428 5829 interpretatmn:
1464 5765 1625 5812 «tdem
1671 5767 1717 5813 in
1763 5764 1911 5824 libro,
1953 5766 2138 5829 inquit,

559 5849 584 5877 α
605 5831 669 5881 de
691 5839 859 5880 Natura
886 5838 937 5880 et
957 5830 1109 5880 Gratia
1136 5827 1399 5877 {Dominus
1422 5836 1639 5874 Lararum
1671 5829 1915 5877 suscitavit
1950 5827 1999 5875 in
2028 5827 2143 5877 cor-

560 5910 583 5937 tt
607 5906 745 5956 pore,
765 5892 992 5956 numquid
1015 5891 1270 5956 dicendum
1295 5895 1401 5956 est,
1420 5897 1518 5956 Non
1543 5892 1695 5956 potuit
1718 5890 1885 5942 ludam
1906 5892 2142 5944 suscitare

463 6016 483 6026 _
553 5971 584 6006 ς
606 5949 656 6007 in
679 5949 879 6006 tuente?
899 5949 1058 6007 'Potuit
1074 5953 1292 6018 quidem,
1314 5952 1404 6004 sed
1424 5949 1596 6018 uoluit.
1613 5967 1638 5999 ι

1524 401 1614 458 DE
1648 395 1933 461 NATURA
1969 394 2071 452 ΕΤ·
2093 397 2373 469 GRATIA,
2412 400 2473 459 S.
2503 401 2874 462 AUGUSTINI

3733 418 3838 477 252

2257 514 2310 571 in
2338 529 2399 570 ea
2433 516 2652 586 regione
2691 517 2974 575 defunctus
3016 527 3120 588 est.
3148 534 3252 580 unt
3284 536 3393 586 non
3435 524 3610 595 potuit
3649 524 3840 589 Christi

2255 621 2450 664 nomen
2475 607 2694 676 audire;
2739 611 2912 680 potuit
2935 610 3050 668 ileri
3085 610 3262 682 justus
3297 629 3396 685 per
3422 626 3666 690 namram
3694 631 3748 678 ει
3773 623 3838 680 ιί-

2255 698 2442 755 berum
2473 699 2772 770 arbitrium,
2798 715 2864 756 an
2893 717 2998 760 non
3029 703 3245 773 potuit?
3277 705 3335 762 Si
3363 709 3602 778 potuisse
3627 712 3840 783 dicunt;

2256 805 2386 847 ecce
2428 791 2571 862 quod
2613 801 2716 860 est,
2757 807 2970 850 crucem
3017 793 3218 852 Christi
3266 813 3544 867 evacuare,
3593 803 3709 861 sine
3755 807 3840 866 illa

2256 893 2576 950 quemquam
2607 893 2701 949 per
2728 880 3026 936 naturalem
3053 879 3228 953 legem
3275 892 3331 940 et
3371 885 3663 944 voluntatis
3703 891 3842 946 arbi-

2259 969 2416 1024 trium
2460 968 2740 1040 justiﬁcari
2780 986 2940 1042 posse
2977 972 3323 1031 contendere.
3356 975 3606 1035 Dicamus
3646 991 3701 1038 et
3742 981 3843 1049 hic,

2256 1059 2397 1133 Ergo
2442 1059 2673 1118 Christus
2716 1064 2875 1135 gratis
2920 1074 3149 1122 mortuus
3195 1075 3309 1122 est:
3354 1066 3459 1125 hoc
3493 1072 3636 1126 enim
3665 1088 3846 1132 omnes

2256 1163 2495 1226 possent,
2525 1155 2732 1212 etiamsi
2763 1165 3008 1216 mortuus
3035 1158 3126 1215 ille
3153 1173 3262 1214 non
3284 1170 3457 1228 esset;
3495 1171 3551 1219 et
3592 1165 3637 1219 si
3667 1165 3847 1236 injusti

2257 1255 2457 1314 essent,
2489 1247 2612 1318 quia
2638 1247 2855 1315 vellent,
2887 1258 3090 1316 essent,
3125 1264 3234 1305 non
3272 1251 3395 1322 quia
3431 1252 3562 1322 justi
3591 1270 3711 1310 esse
3742 1273 3846 1313 non

2256 1345 2496 1407 possent.
2525 1336 2582 1394 Si
2626 1346 2806 1394 autem
2847 1338 2966 1397 sine
2991 1339 3190 1395 Christi
3232 1342 3400 1411 gratia
3423 1342 3698 1413 justilicari
3729 1362 3846 1404 om-

2254 1427 2384 1486 nino
2427 1443 2534 1486 non
2578 1429 2770 1499 potuit,
2801 1429 2960 1486 etiam
3006 1429 3167 1486 istum
3211 1431 3258 1486 si
3285 1431 3445 1488 audet
3491 1435 3730 1491 absolvat
3757 1453 3847 1494 se-

2253 1521 2488 1580 cundum
2514 1521 2673 1577 verba
2700 1537 2796 1577 sua
2815 1539 2828 1576 :
2853 1522 2976 1594 quia
2996 1521 3041 1576 si
3060 1522 3249 1577 idcirco
3270 1523 3384 1578 talis
3409 1525 3526 1594 fuit,
3547 1527 3684 1598 quod
3704 1529 3847 1583 aliud

2257 1629 2368 1668 esse
2395 1613 2603 1667 omnino
2632 1628 2736 1668 non
2763 1613 2948 1684 potuit,
2971 1612 3125 1684 culpa
3151 1615 3336 1669 caruit.
3426 1622 3433 1633 '

2325 1703 2550 1759 CAPUT
2589 1702 2660 1759 X.
2700 1733 2771 1744 —
2811 1704 2900 1760 11.
2954 1703 3160 1759 Versute
3200 1707 3418 1778 gratiam
3454 1709 3719 1780 conﬁtetur
3743 1709 3848 1768 Pe-

2253 1796 2439 1868 lagius.
2481 1796 2587 1854 Sed
2627 1796 2814 1868 objicit
2849 1797 2952 1853 sibi
2981 1799 3134 1868 quasi
3161 1799 3230 1856 ab
3266 1800 3375 1856 alio
3402 1801 3627 1871 dictum,
3659 1814 3714 1860 et
3737 1807 3846 1863 ait:

2255 1887 2429 1944 Potest
2444 1889 2644 1959 quidem
2669 1905 2798 1958 esse,
2817 1890 2907 1944 sed
2928 1907 3017 1961 per
3039 1893 3259 1962 gratiam
3277 1891 3395 1961 Dei,
3412 1895 3625 1965 inquies.
3649 1897 3849 1957 Deinde

2251 1981 2401 2036 velut
2444 1981 2822 2051 reapondendo
2868 1982 3143 2056 subjungit
3175 2001 3188 2038 :
3231 1985 3341 2058 Ago
3383 1985 3709 2044 Humanitati
3752 2001 3851 2050 tute

2252 2074 2465 2144 gratias,
2491 2074 2630 2144 quod
2665 2075 2998 2131 assertionem
3037 2093 3225 2146 meam,
3255 2095 3409 2151 quam
3446 2081 3643 2137 dudum
3683 2100 3850 2154 oppu-

2253 2167 2467 2238 gnabas,
2495 2183 2600 2222 non
2636 2168 2788 2224 modo
2828 2185 2931 2224 non
2965 2185 3284 2242 oppugnare,
3319 2182 3409 2227 aut
3432 2175 3664 2245 conﬁteri
3688 2178 3852 2233 solum

2253 2266 2516 2314 contentus
2555 2274 2659 2314 non
2678 2260 2785 2327 es‘,
2830 2273 3003 2314 verum
3042 2262 3194 2316 etiam
3224 2279 3326 2318 non
3367 2265 3564 2337 refugis
3616 2284 3851 2340 compro-

2253 2349 2392 2406 bare.
2439 2349 2585 2406 Nam
2622 2353 2807 2421 dicere,
2838 2352 3012 2409 Potest
3049 2356 3382 2426 quidem,sed
3407 2375 3496 2429 per
3519 2359 3652 2416 illud
3677 2373 3768 2418 aut
3786 2363 3852 2418 il-

2256 2443 2346 2499 lud
2367 2459 2387 2499 :
2425 2443 2549 2517 quid
2581 2444 2726 2499 aliud
2753 2454 2846 2514 est,
2877 2463 3030 2518 quam
3061 2464 3163 2503 non
3193 2447 3357 2506 solum
3392 2454 3673 2509 consentire
3717 2456 3852 2526 quod

2254 2537 2416 2608 possit
2459 2553 2587 2605 esse,
2619 2553 2793 2594 verum
2834 2539 2986 2598 etiam
3014 2541 3266 2610 quomodo
3311 2542 3391 2596 vel
3415 2545 3633 2614 qualiter
3671 2547 3851 2618 possit,

2254 2630 2559 2688 ostendere?
2600 2629 2795 2687 Nullus
2836 2631 3008 2702 itaque
3046 2635 3208 2705 magis
3245 2634 3463 2707 alicujus
3500 2639 3573 2693 rei
3602 2640 3856 2710 possibili-

2255 2727 2410 2775 tatem
2434 2722 2633 2792 probat,
2663 2737 2816 2793 quam
2847 2723 2936 2793 qui
2971 2723 3083 2795 ejus
3109 2724 3262 2779 etiam
3298 2725 3594 2797 qualitatem
3623 2733 3854 2801 fatetur;

2256 2811 2377 2880 quia
2400 2827 2557 2881 neque
2583 2810 2775 2883 absque
2793 2829 2849 2868 re
2868 2829 2976 2868 esse
2993 2813 3212 2882 qualitas
3240 2826 3423 2888 potest.
3454 2819 3547 2874 llis
3576 2818 3736 2876 dictis
3762 2821 3859 2878 ite-

2255 2915 2376 2957 rum
2398 2901 2502 2958 sibi
2525 2901 2709 2972 objicit
2737 2921 2750 2959 :
2778 2901 2888 2958 Sed
2921 2912 2994 2972 tu,
3029 2905 3247 2977 inquies,
3275 2907 3371 2962 hoc
3403 2909 3456 2964 in
3487 2911 3598 2966 loco
3618 2911 3720 2967 Dei
3739 2931 3857 2986 gra-

2256 2992 2402 3060 tiam,
2429 2993 2838 3067 quandoquidem
2861 3012 2975 3050 eam
3006 3013 3107 3052 non
3132 3013 3517 3070 commemoras,
3549 3003 3741 3060 videris
3769 3005 3858 3060 ab-

2254 3101 2429 3141 nuere.
2458 3085 2663 3144 Deinde
2687 3088 3016 3158 respondet:
3046 3087 3226 3162 Egone
3246 3092 3432 3160 abnuo,
3449 3094 3534 3166 qui
3559 3113 3664 3151 rem
3694 3099 3860 3167 conﬁ-

2255 3179 2427 3247 tendo,
2448 3180 2696 3250 conﬁtear
2718 3197 2918 3237 necesse
2951 3191 3024 3238 est
3048 3192 3095 3238 et
3130 3199 3220 3256 per
3239 3186 3375 3256 quod
3395 3203 3477 3242 res
3506 3189 3631 3260 effici
3661 3200 3859 3260 potest;

2252 3287 2322 3326 an
2346 3280 2421 3339 tu,
2444 3272 2532 3343 qui
2565 3288 2673 3326 rem
2705 3272 2960 3344 negando,
2996 3281 3044 3328 et
3068 3274 3315 3348 quidquid
3349 3277 3480 3332 illud
3505 3287 3576 3336 est
3601 3297 3697 3351 per
3725 3283 3861 3355 quod

2253 3380 2335 3419 res
2349 3364 2559 3436 efﬁcitur
2587 3364 2773 3435 procul
2795 3365 2949 3421 dubio
2979 3367 3175 3438 negas?
3199 3367 3408 3426 Oblitus
3436 3379 3539 3441 est,
3563 3371 3675 3443 jam
3704 3390 3764 3430 se
3788 3375 3863 3431 illi

2253 3455 2604 3527 respondere,
2635 3457 2725 3528 qui
2773 3472 2887 3513 rem
2934 3473 3040 3515 non
3086 3471 3266 3532 negat,
3294 3463 3448 3534 cujus
3495 3465 3858 3537 objectioncm

2252 3548 2412 3620 paulo
2439 3555 2565 3604 ante
2607 3558 2960 3619 proposuerat
2985 3549 3235 3620 dicentis,
3279 3552 3457 3610 Potest
3494 3556 3704 3630 quidem
3731 3578 3859 3631 esse,

2253 3642 2344 3698 sed
2371 3657 2460 3713 per
2482 3643 2702 3714 gratiam
2720 3640 2835 3696 Dei.
2860 3641 3142 3711 Quomodo
3162 3660 3290 3718 ergo
3316 3646 3483 3716 illam,
3504 3667 3599 3721 pro
3624 3667 3736 3724 qua
3763 3654 3863 3710 iste

2252 3736 2480 3791 multum
2521 3733 2750 3802 laborat,
2785 3735 3193 3806 possibilitatem
3225 3749 3402 3813 negat,
3433 3742 3524 3814 qui
3552 3744 3601 3800 ei
3625 3745 3748 3816 jam
3777 3748 3866 3804 di-

2251 3825 2344 3892 cit,
2377 3824 2554 3881 Potest
2595 3841 2720 3892 esse,
2749 3825 2839 3880 sed
2880 3843 2972 3897 per
3021 3825 3120 3883 Dei
3158 3830 3423 3901 gratiam?
3475 3832 3863 3896 Verumtamen

2252 3917 2377 3988 quia
2420 3917 2523 3972 isto
2550 3915 2772 3972 dimisso
2800 3916 2887 3987 qui
2917 3927 3033 3974 rem
3055 3917 3169 3990 jam
3199 3921 3504 3992 conﬁtetur,
3535 3926 3646 3998 agit
3676 3930 3863 3988 adhuc

2251 4009 2510 4066 adversus
2534 4023 2629 4066 eos
2657 4009 2749 4081 qui
2777 4020 2972 4082 negant
2995 4027 3117 4070 esse
3143 4015 3398 4084 possibile
3425 4017 3710 4079 hominem
3739 4041 3864 4083 esse

2252 4103 2370 4162 sine
2399 4111 2638 4173 peccato,
2656 4101 2780 4172 quid
2805 4101 2871 4157 ad
2894 4104 3025 4159 nos?
3040 4103 3238 4162 Contra
3265 4124 3402 4179 quos
3422 4110 3535 4166 vult
3558 4124 3710 4186 agat,
3731 4117 3866 4174 dum

2251 4200 2431 4250 tamen
2457 4192 2562 4248 hoc
2585 4191 2926 4261 confiteatur,
2958 4194 3101 4266 quod
3129 4196 3401 4268 impietate
3435 4204 3867 4265 sceleratissima

2252 4294 2495 4358 negatur,
2527 4286 2645 4344 sine
2688 4286 2857 4356 gratia
2886 4286 2979 4343 Dei
3011 4286 3286 4345 hominem
3314 4292 3431 4350 sine
3467 4307 3699 4366 peccato
3740 4317 3868 4360 esse

2249 4392 2359 4434 non
2400 4393 2579 4449 posse.
2631 4378 2768 4434 Dicit
2810 4393 2981 4450 ergo:
3026 4378 3148 4435 Sive
3192 4399 3284 4454 per
3320 4387 3560 4456 gratiam,
3604 4391 3719 4447 sive
3768 4411 3866 4464 per

2249 4470 2582 4542 adjutorium,
2622 4470 2726 4524 sive
2766 4487 2856 4541 per
2900 4470 3322 4541 misericordiam,
3351 4486 3397 4530 et
3436 4479 3693 4552 quidquid
3724 4484 3867 4541 illud

2249 4573 2322 4620 est
2342 4581 2431 4635 per
2457 4565 2591 4634 quod
2615 4580 2720 4618 esse
2740 4563 2889 4624 homo
2909 4565 3095 4638 absque
3123 4579 3328 4638 peccato
3349 4579 3535 4643 peccat,
3552 4577 3866 4649 conﬁtetur,

2249 4657 2475 4729 quisquis
2504 4673 2610 4711 rem
2638 4658 2804 4729 ipsam
2838 4659 3045 4728 fatetur.

2320 4749 2546 4805 CAPUT
2576 4747 2668 4804 Xl.
2701 4780 2771 4790 —
2799 4749 2887 4804 12.
2921 4749 2996 4807 De
3023 4752 3192 4824 gratia
3231 4770 3348 4810 cum
3377 4757 3709 4830 disputatur,
3760 4782 3874 4822 non

2249 4843 2312 4899 de
2349 4860 2410 4898 ea
2437 4843 2688 4914 loquimur
2712 4859 2827 4914 quas
2851 4843 2920 4898 ad
2961 4854 3158 4901 natura:
3184 4850 3395 4919 pertinet
3436 4853 3828 4916 institutionem
3852 4903 3871 4929 ,

2249 4935 2338 4991 sed
2379 4936 2773 5005 reparationem.
2804 4935 2998 4993 Fateor
3023 4938 3302 4998 Dilectioni
3328 4953 3552 5015 vestrae,
3581 4965 3716 5008 cum
3762 4955 3876 5012 ista

2248 5030 2503 5102 legerem,
2535 5030 2716 5086 laetitia
2743 5040 2962 5101 repente
2989 5032 3234 5103 perfusus
3258 5050 3398 5106 sum,
3429 5040 3572 5110 quod
3601 5043 3704 5101 Dei
3736 5063 3877 5121 gra-

2250 5121 2376 5176 tiam
2405 5137 2509 5177 non
2553 5131 2806 5192 negaret,
2837 5139 2932 5194 per
2960 5140 3118 5195 quam
3165 5128 3333 5184 solam
3362 5130 3524 5188 homo
3566 5134 3879 5206 justiiicari

2249 5222 2425 5285 potest
2456 5231 2469 5269 :
2503 5215 2605 5270 hoc
2648 5215 2790 5270 enim
2820 5216 2874 5271 in
2903 5216 3352 5288 disputationibus
3396 5224 3581 5282 talium
3607 5233 3881 5291 maxime

2249 5307 2520 5376 detestor,
2549 5315 2603 5364 et
2631 5307 2846 5364 horreo.
2879 5308 2985 5365 Sed
3017 5326 3243 5383 pergens
3269 5314 3450 5386 legere
3477 5329 3675 5376 cratera
3701 5365 3719 5391 ,
3753 5327 3880 5395 pri-

2249 5414 2340 5456 mo
2378 5415 2445 5456 ex
2473 5398 2611 5455 datis
2637 5399 3077 5457 similitudinibus
3119 5403 3257 5474 coepi
3287 5404 3486 5464 habere
3512 5409 3878 5482 suspectam.

2249 5491 2340 5546 Ait
2363 5490 2503 5546 enim
2539 5507 2552 5544 :
2591 5507 2611 5542 ‹
2644 5489 2778 5545 Nam
2798 5492 2819 5523 ¹
2850 5490 2897 5546 si
2920 5489 3126 5560 dixem,
3150 5494 3323 5554 Homo
3350 5497 3624 5571 disputare
3645 5517 3879 5578 potest,
3962 5549 3963 5558 χ

2249 5581 2361 5638 avis
2389 5581 2590 5647 volare,
2610 5581 2761 5653 lepus
2784 5598 3036 5652 currere;
3064 5594 3119 5640 et
3145 5602 3250 5643 non
3281 5589 3441 5646 etiam
3468 5607 3565 5663 per
3586 5608 3720 5666 qua:
3745 5601 3882 5660 haec
3961 5633 3963 5646 ι

2315 5761 2332 5792 ι
2360 5765 2459 5834 Am.
2482 5764 2557 5808 ta.
2585 5767 2638 5810 et
2657 5759 2840 5824 aliquot
2859 5768 2990 5826 Mss,
3013 5773 3098 5818 aut
3119 5779 3213 5818 non
3233 5767 3453 5834 conﬁteri
3483 5770 3635 5823 solum
3663 5785 3892 5830 conten-
3961 5825 3963 5834 λ

2251 5829 2326 5872 tus
2348 5833 2441 5870 non
2462 5835 2529 5872 es.

2317 5887 2336 5914 ²
2362 5895 2460 5931 Am.
2481 5885 2832 5958 Er.net'aliquot
2856 5895 2982 5954 Mss,
3009 5905 3152 5945 nunc.
3195 5893 3280 5945 Alii
3311 5902 3440 5958 ιω..
3467 5908 3601 5949 tum.
3631 5903 3704 5952 Et
3750 5903 3894 5958 infra
3961 5901 3963 5910 ⁴

2254 5959 2371 6000 num
2390 5958 2504 6011 ergo
2523 5945 2802 6014 animum,
2830 5959 2911 6005 etc
