3996 6484
148 583 277 644 efﬁci
301 585 538 653 possunt
560 585 1078 640 commemoravero,
1107 570 1158 626 id
1189 579 1289 635 est,
1323 567 1574 638 linguam,
1603 565 1733 653 alas,

149 679 340 753 pedes;
368 687 506 729 num
536 687 644 743 ego
664 670 966 726 ofﬁciorum
994 666 1277 737 qualitates
1306 659 1509 753 negavi,
1543 656 1630 727 qui
1660 652 1739 710 of-

153 750 260 826 heia
291 768 408 838 ipsa
433 763 723 820 confessus
763 760 926 816 sum?
961 777 982 811 ι
1019 757 1238 811 Videtur
1263 763 1407 809 certe
1427 792 1441 816 ,
1478 750 1590 805 hanc
1617 763 1740 803 eum

151 871 630 921 commemorasse,
651 868 771 925 qua:
795 861 982 907 natura
1007 849 1220 903 valent:
1245 853 1424 901 creata
1447 851 1571 899 sunt
1598 841 1740 896 enim

155 955 258 1008 hac
301 948 555 1006 membra
582 943 892 1016 huiusmodi
921 941 1140 1007 naturis,
1171 939 1366 1008 lingua,
1392 935 1510 1000 alae,
1539 932 1737 1004 pedes:

155 1059 248 1100 non
278 1043 386 1096 tale
415 1038 624 1110 aliquid
652 1036 852 1108 posuit,
873 1033 1030 1105 quale
1055 1031 1123 1087 de
1147 1030 1314 1102 gratia
1339 1026 1557 1097 intelligi
1587 1025 1739 1081 volu-

156 1149 267 1191 mus
285 1177 301 1200 ,
330 1135 454 1188 sine
479 1147 588 1202 qua
616 1130 782 1185 homo
808 1141 916 1182 non
954 1123 1305 1196 iustificatur;
1337 1119 1426 1176 ubi
1452 1119 1519 1174 de
1544 1133 1740 1173 sanan-

157 1227 248 1287 dis,
281 1238 390 1278 non
418 1223 487 1277 de
515 1218 858 1276 instituendis
884 1215 1086 1271 neutris
1106 1214 1297 1284 agitur.
1324 1210 1458 1266 Hinc
1480 1209 1590 1280 iam
1615 1222 1742 1278 ergo

159 1318 408 1373 sollicitus
451 1313 593 1384 ccepi
624 1313 803 1384 legere
831 1319 1024 1367 cratera
1041 1349 1057 1375 ,
1085 1316 1140 1364 et
1166 1321 1252 1362 me
1278 1320 1384 1361 non
1413 1304 1544 1360 falso
1589 1317 1742 1360 com-

163 1411 265 1481 peri
293 1409 657 1478 suspicatum.

218 1500 451 1557 CAPUT
471 1495 968 1563 Xll.—I.3.Sropus
982 1494 1233 1548 minarum
1251 1491 1391 1562 tegis.
1410 1488 1629 1561 Perfecti
1646 1489 1746 1544 ria—

167 1605 298 1647 tam.
313 1592 442 1660 Quo
457 1590 772 1661 priusquam
792 1587 1021 1652 veniam,
1039 1585 1213 1640 videte
1230 1583 1355 1654 quid
1376 1582 1588 1654 dixerit.
1609 1581 1744 1637 Cum

167 1692 404 1738 tractatu
433 1681 793 1751 qumstionem
805 1677 876 1733 de
886 1676 1182 1733 differentia
1195 1682 1553 1745 peccatorum,
1573 1681 1628 1728 et
1649 1671 1746 1729 ob-

168 1775 334 1844 iiceret
356 1773 491 1839 sibi,
510 1770 654 1842 quod
679 1769 893 1840 quidam
923 1767 1126 1832 dicunt,
1154 1785 1173 1819 ι
1198 1767 1331 1822 levia
1359 1764 1601 1836 quasdam
1626 1779 1750 1834 pec-

170 1875 269 1923 cata
291 1867 410 1936 ipsa
439 1863 819 1926 multitudine,
852 1860 990 1932 quod
1019 1875 1160 1930 saepe
1187 1859 1426 1925 irritant,
1455 1874 1560 1913 non
1591 1871 1748 1928 posse

171 1966 337 2013 relicta
379 1956 585 2021 vitari;
625 1974 645 2008 ι
682 1954 893 2026 negavit
926 1971 944 2004 ‹
980 1952 1176 2008 debere
1215 1951 1364 2021 argui
1391 1966 1458 2006 ne
1484 1950 1585 2006 levi
1628 1950 1746 2020 qui-

171 2052 274 2106 dem
310 2049 702 2120 correptione,
748 2047 794 2102 si
837 2045 986 2100 vitari
1029 2044 1250 2099 omnino
1276 2059 1383 2098 non
1413 2050 1636 2113 possunt
1668 2059 1680 2096 :
1722 2060 1742 2096 ι

173 2143 450 2212 scripturas
475 2141 666 2210 utique
693 2152 800 2194 non
820 2137 1103 2193 advertens
1126 2135 1262 2191 Novi
1283 2133 1627 2198 Testamenti,
1659 2132 1749 2188 ubi

173 2234 375 2288 dicimus
417 2232 500 2300 (a)
548 2230 686 2287 hanc
711 2242 830 2284 esse
867 2226 1210 2283 intentionem
1237 2224 1367 2296 legis
1385 2223 1752 2295 arguentis,ut

174 2337 370 2396 propter
393 2325 486 2380 illa
506 2338 627 2392 qua:
651 2335 924 2396 perperam
944 2317 1438 2388 fiunl,confugiatur
1449 2316 1510 2373 ad
1528 2318 1750 2388 gratiam

175 2416 366 2471 floruisti
414 2415 764 2477 miserantis;
796 2411 940 2468 velut
980 2410 1267 2482 predagogo
1302 2409 1652 2466 concludente
1696 2410 1750 2464 in

171 2507 344 2563 eadem
371 2505 480 2561 fide
506 2507 520 2536 '
544 2547 560 2571 ,
590 2519 710 2575 qurc
743 2513 926 2573 postea
957 2503 1190 2559 revelata
1215 2511 1326 2567 est;
1358 2501 1444 2558 ubi
1487 2509 1542 2556 et
1565 2501 1750 2556 remit-

171 2609 338 2656 tantur
364 2613 487 2667 qua:
517 2596 654 2650 male
699 2595 830 2650 finiit
849 2635 865 2659 ,
897 2604 950 2648 et
987 2594 1172 2649 eadem
1200 2593 1365 2664 gratia
1391 2593 1612 2663 iuvante
1635 2606 1749 2646 non

171 2690 325 2746 fiant.
351 2686 746 2742 Proficieutiutu
768 2695 850 2741 est
877 2684 1017 2741 cnim
1043 2686 1127 2739 via
1151 2702 1162 2738 :
1196 2683 1440 2753 quamvis
1466 2684 1599 2740 bene
1630 2697 1753 2752 pro-

167 2781 420 2836 ficientes
464 2779 696 2834 dicantur
745 2778 964 2848 perfecti
1010 2779 1257 2833 viatores.
1309 2777 1401 2832 Illa
1447 2788 1528 2833 est
1573 2787 1750 2832 autem

169 2883 372 2923 summa
403 2867 658 2938 perfectio
680 2867 767 2926 cui
800 2867 928 2922 nihil
952 2866 1196 2933 addatur,
1224 2882 1344 2922 cum
1377 2867 1426 2922 id
1454 2881 1558 2937 quo
1581 2866 1750 2922 tendi-

173 2970 248 3016 tur
263 3003 278 3024 .
310 2965 544 3031 τωρωι
574 2958 858 3031 possideri.

229 3052 460 3109 CAPUT
522 3050 656 3110 XLII.
702 3081 771 3092 —
828 3051 915 3106 I4.
971 3049 1209 3121 Sequitur
1251 3047 1448 3119 Pelagii
1493 3049 1749 3119 refutatio.

171 3145 272 3200 iam
296 3159 433 3201 vero
465 3143 598 3200 illud
623 3140 763 3214 quod
789 3142 840 3197 ei
878 3141 1068 3196 dicitur
1087 3143 1107 3173 ²
1126 3181 1144 3207 ,
1182 3160 1200 3196 ‹
1240 3141 1355 3212 Ipse
1398 3149 1454 3196 tu
1483 3140 1598 3196 sine
1623 3156 1750 3211 pec-

172 3247 274 3292 cato
311 3237 416 3294 es?
453 3255 475 3289 ι
512 3249 700 3291 revera
740 3249 846 3292 non
889 3235 1118 3304 pertinet
1161 3233 1227 3289 ad
1253 3248 1372 3289 eam
1409 3249 1523 3289 rem
1550 3233 1618 3289 de
1646 3250 1750 3305 qua

174 3331 378 3384 vertitur
407 3327 664 3398 quaestio.
696 3324 805 3382 Sed
831 3324 972 3396 quod
1015 3323 1174 3389 dicit,
1215 3342 1234 3376 ‹
1271 3324 1601 3395 negligentia:
1641 3339 1751 3394 Siue

172 3419 328 3490 potius
355 3418 652 3490 imputari,
686 3415 827 3488 quod
855 3431 962 3472 non
999 3423 1081 3472 est
1106 3415 1223 3472 sine
1259 3425 1477 3486 peccato
1506 3430 1520 3469 :
1561 3434 1581 3468 ι
1615 3415 1752 3472 bene

173 3511 364 3580 quidem
396 3508 570 3573 dicit;
598 3505 693 3570 sed
734 3506 979 3578 dignetur
1008 3504 1130 3560 inde
1159 3513 1213 3574 et
1256 3519 1412 3560 orare
1455 3505 1617 3560 Deum
1638 3546 1653 3570 ,
1684 3520 1753 3560 ne

172 3601 232 3656 illi
258 3602 376 3657 hare
408 3601 598 3670 iniqua
627 3597 941 3670 negligentia
966 3596 1268 3652 dominetur
1300 3613 1314 3650 :
1346 3611 1505 3668 quem
1535 3596 1754 3668 rogabat

169 3695 393 3765 quidam,
421 3691 646 3764 quando
670 3689 899 3757 diccbat,
931 3685 1121 3742 Itinera
1153 3704 1264 3742 mea
1289 3687 1449 3758 dirige
1476 3688 1753 3742 secundum

168 3787 353 3839 rerbum
401 3795 590 3850 tuum,
632 3790 806 3835 etnon
849 3779 1131 3833 dominetur
1159 3778 1284 3832 mihi
1324 3779 1486 3832 omnis
1514 3779 1752 3849 iniquitas

170 3873 323 3946 (Psat.
354 3888 550 3938 cxviu,
575 3871 698 3941 155)
727 3889 737 3922 :
763 3885 832 3926 ne
855 3869 981 3926 dum
1004 3884 1112 3924 sua:
1140 3867 1427 3940 diligentiae
1453 3870 1601 3940 quasi
1626 3886 1751 3941 pro-

169 3967 278 4035 priis
301 3967 520 4020 viribus
538 3962 675 4029 fidit,
695 3977 869 4032 neque
890 3960 976 4015 hic
997 3960 1064 4015 ad
1085 3975 1262 4016 veram
1279 3959 1562 4030 justitiam,
1581 3977 1754 4032 neque

169 4059 289 4125 illic,
320 4059 418 4113 ubi
448 4058 571 4111 sine
597 4055 759 4110 dubio
799 4052 1031 4124 perfecta
1061 4052 1409 4108 desideranda
1438 4062 1520 4108 est
1545 4061 1598 4108 et
1626 4069 1752 4125 spe-

167 4151 312 4206 randa
335 4193 351 4218 ,
388 4148 697 4222 perveniat.

222 4243 454 4300 CAPUT
503 4239 650 4296 XIV.
699 4270 772 4282 —
827 4241 911 4297 15.
971 4238 1090 4293 Non
1134 4238 1302 4292 omnia
1369 4239 1553 4306 scripta
1616 4247 1752 4292 sunt.

167 4336 218 4391 Et
243 4335 372 4391 illud
403 4333 555 4405 quod
583 4333 631 4387 ei
659 4347 689 4386 a
719 4330 1028 4403 quibusdam
1057 4330 1268 4393 dicitur,
1299 4347 1316 4380 ι
1349 4344 1605 4400 nusquam
1635 4343 1756 4384 esse

162 4430 414 4500 scriptum
443 4425 534 4480 his
557 4423 776 4478 onmiuo
800 4423 994 4490 verbis,
1015 4436 1169 4491 posse
1195 4435 1316 4475 esse
1343 4419 1611 4474 hominem
1639 4421 1754 4475 sine

161 4534 377 4592 peccato
397 4563 416 4586 ,
457 4538 480 4572 ι
522 4518 676 4573 facile
701 4516 893 4572 refellit
913 4557 928 4582 ,
965 4533 982 4567 ι
1021 4513 1142 4586 quia
1169 4529 1273 4568 non
1301 4521 1379 4567 est
1403 4511 1472 4566 ibi
1493 4512 1714 4584 qumstio
1738 4551 1753 4578 ,

162 4615 348 4684 quibus
401 4611 592 4667 verbis
634 4609 842 4664 dicatur
884 4621 1229 4678 qna-eumque
1267 4603 1548 4659 sententia.
1589 4621 1607 4656 ι
1642 4602 1756 4660 Non

163 4713 326 4760 tamen
365 4702 607 4757 fortasse
637 4699 753 4755 sine
781 4712 962 4765 causa,
989 4713 1109 4752 cum
1141 4697 1419 4767 aliquoties
1448 4695 1497 4749 in
1523 4695 1758 4766 Scriptu-

160 4798 222 4852 ris
249 4797 582 4852 inveniatur
611 4792 854 4847 homines
879 4791 1047 4846 dictos
1087 4803 1206 4844 esse
1231 4788 1345 4844 sine
1371 4788 1583 4858 querela
1604 4831 1620 4858 ,
1653 4803 1760 4844 non

159 4890 438 4946 invenitur
468 4888 559 4956 qui
587 4885 655 4940 sit
682 4885 854 4940 dictus
881 4883 994 4938 sine
1032 4891 1248 4953 peccato
1270 4923 1283 4946 ,
1314 4881 1412 4936 nisi
1449 4897 1584 4936 unus
1612 4881 1760 4937 solus

157 4981 216 5037 de
239 4997 358 5053 quo
407 4987 600 5048 aperte
630 4976 827 5032 dictum
858 4983 938 5030 est
960 5016 974 5040 ,
1006 4971 1134 5026 Eum
1166 4972 1251 5042 qui
1281 4989 1378 5026 non
1407 4981 1604 5025 noverat
1641 4988 1760 5040 pec-

156 5087 315 5128 catum
357 5071 431 5140 (II
464 5070 586 5125 Cor.
607 5085 658 5134 v,
679 5067 794 5137 2i).
827 5067 891 5121 Et
913 5081 975 5122 eo
1000 5066 1113 5119 loco
1143 5064 1228 5119 uhi
1256 5064 1322 5118 de
1353 5062 1713 5118 sacerdotibus
1738 5062 1759 5094 ³

154 5169 421 5237 agebatur
444 5204 459 5229 ,
520 5159 716 5213 Etenim
776 5168 1005 5228 expertus
1053 5166 1122 5210 est
1148 5156 1348 5220 omnia,
1380 5156 1648 5209 secundum
1689 5155 1760 5209 si-

154 5258 512 5313 militudinem
540 5254 726 5321 absque
755 5263 953 5322 peccato
985 5251 1166 5321 (Hebr.
1195 5266 1265 5316 iv,
1293 5250 1381 5320 IS)
1416 5268 1428 5303 :
1463 5251 1513 5303 in
1544 5249 1630 5304 illa
1659 5250 1763 5305 sci-

155 5352 273 5409 licet
294 5369 366 5408 ea
378 5365 500 5410 rue,
526 5361 644 5418 quae
667 5345 892 5400 hahchat
913 5345 1306 5399 similitudinem
1333 5345 1507 5397 carnis
1537 5344 1758 5413 peccati,

153 5444 415 5515 quamvis
455 5457 562 5496 non
594 5448 739 5494 esset
764 5453 886 5493 caro
916 5440 1148 5509 peccati;
1185 5453 1338 5508 quam
1370 5448 1541 5491 tamen
1570 5437 1759 5491 simili-

155 5536 408 5591 tudinem
442 5545 551 5586 non
601 5529 854 5595 haberet,
906 5529 1002 5582 nisi
1033 5537 1223 5582 ert-tera
1257 5527 1430 5582 onmis
1467 5537 1610 5582 esset
1637 5541 1760 5582 caro

217 5675 231 5701 ι
253 5665 654 5733 (:ygirannensis
667 5670 770 5733 31s.,
790 5663 838 5713 in
855 5676 960 5713 eam
993 5662 1157 5733 fiderit.
1195 5724 1207 5733 _
1233 5727 1238 5730 _

213 5735 235 5764 ³
266 5721 380 5779 Α’πῖῖ.
408 5736 486 5776 Er.
514 5734 566 5776 et
589 5727 817 5789 plerique
851 5721 1155 5789 tuanus‘cripti
1195 5724 1272 5774 hic
1295 5732 1346 5774 et
1383 5721 1525 5787 paulo
1549 5722 1683 5785 infra,
1711 5736 1758 5772 ιι.

155 5794 228 5850 μ,
250 5793 393 5856 quod
415 5787 719 5856 eis_dieitur.
743 5795 813 5836 διο
835 5790 980 5856 etiam
1004 5800 1052 5835 n.
1076 5787 1154 5836 30.
1185 5848 1194 5856 _
1502 5847 1530 5856 __

215 5847 238 5917 ξ
263 5847 459 5903 hamos
492 5851 605 5917 fere
643 5857 786 5917 διεδ..
820 5849 902 5902 ubi
933 5849 993 5900 de
1024 5847 1351 5901 sacerdotibus
1379 5847 1573 5900 sanctis.

216 5916 302 5980 (α)
340 5922 504 5977 Forte,
525 5912 785 5966 discimus.

1573 447 1776 506 LIBER
1817 445 2016 505 UNL’S.

3321 447 3430 506 254

1854 564 2075 634 peccati.
2104 563 2220 620 Jam
2267 562 2396 622 illud
2423 565 2688 636 quomodo
2715 563 3080 638 accipiendum
3116 563 3220 632 sit,
3250 562 3431 619 Omnis

1849 656 1934 724 qui
1965 666 2109 709 natus
2134 667 2207 712 est
2225 673 2291 712 ea:
2313 655 2442 725 Deo,
2464 673 2564 712 non
2594 668 2782 728 peccat,
2815 669 2858 712 et
2885 674 2984 714 non
3011 665 3170 730 potest
3199 671 3426 727 peccare,

1848 748 1966 816 quia
1992 765 2156 804 semen
2176 750 2284 820 ejus
2308 750 2358 804 in
2384 751 2492 817 ipso
2519 761 2681 806 manet
2706 750 2746 822 (I
2775 750 2931 808 Joan.
2959 755 3038 820 nl,
3055 751 3146 821 9);
3168 766 3289 807 cum
3313 750 3427 820 ipse

1849 841 2118 910 apostolus
2136 840 2387 908 Joannes,
2409 843 2559 913 quasi
2588 857 2692 898 non
2722 844 2792 899 sit
2811 853 2964 900 natus
2985 859 3052 900 ex
3076 845 3208 913 Deo,
3238 853 3330 898 aut
3349 843 3428 898 eis

1850 937 2156 1008 loqueretur
2174 938 2262 1008 qui
2285 935 2518 992 nondum
2543 938 2651 992 nati
2679 946 2860 994 essent
2881 954 2948 994 ex
2975 938 3104 1002 Deo,
3127 947 3311 1007 aperte
3335 951 3429 1007 po-

1849 1030 2048 1095 suerit,
2082 1030 2141 1086 Si
2173 1030 2446 1086 dixerimus
2473 1030 2591 1099 quia
2619 1038 2875 1100 peccatum
2901 1045 3001 1083 non
3027 1029 3262 1084 habemus
3279 1067 3299 1097 ,
3337 1043 3430 1082 nos

1849 1123 1986 1191 ipsos
2013 1123 2297 1178 reducimus
2315 1165 2329 1188 ,
2362 1132 2411 1178 et
2435 1122 2616 1178 veritas
2639 1123 2693 1177 in
2719 1123 2858 1176 nobis
2884 1137 2984 1176 non
3007 1133 3078 1176 est
3105 1121 3217 1192 (Id.
3247 1137 3298 1188 ι,
3331 1120 3390 1190 8)
3418 1137 3433 1186 ;

1851 1213 1903 1268 in
1933 1214 2081 1269 libris
2107 1229 2241 1284 quos
2265 1213 2332 1270 de
2359 1214 2458 1272 hac
2486 1229 2547 1272 re
2573 1215 2640 1270 ad
2670 1213 3032 1276 Marcellinum
3060 1211 3270 1281 scripsi,
3294 1211 3434 1267 sicut

1851 1307 2018 1376 potui,
2038 1306 2302 1376 explicare
2328 1307 2510 1366 curavi
2537 1306 2641 1376 (De
2665 1305 2996 1360 Peccatorum
3021 1303 3242 1369 Meritis,
3262 1302 3349 1356 lib.
3372 1301 3429 1369 2,

1850 1415 1904 1453 ii.
1932 1399 2106 1468 8-l0).
2141 1401 2205 1455 Et
2232 1400 2358 1455 illud
2383 1398 2524 1470 quod
2550 1399 2748 1455 dictum
2773 1407 2875 1466 est,
2898 1415 2996 1454 non
3023 1406 3181 1469 potest
3203 1410 3430 1467 peccare,

1852 1503 1948 1561 pro
1968 1507 2031 1545 eo
2049 1489 2249 1546 dictum
2269 1505 2406 1556 esse,
2425 1506 2488 1546 ac
2506 1491 2558 1548 si
2570 1491 2854 1557 diceretur,
2872 1489 2988 1545 Non
3010 1488 3168 1546 debet
3189 1501 3431 1558 peccare;

1853 1597 1960 1638 non
1976 1583 2318 1654 improbanda
2339 1583 2468 1639 mihi
2485 1584 2689 1639 videtur
2704 1584 2860 1652 huius
2881 1583 3124 1638 assertio.
3143 1581 3271 1648 Quis
3287 1581 3430 1636 enim

1852 1673 2072 1730 insanus
2095 1673 2235 1732 dicat
2259 1675 2456 1731 debere
2481 1677 2718 1746 peccari;
2742 1689 2866 1731 cum
2894 1675 3015 1731 ideo
3041 1675 3111 1731 sit
3129 1681 3430 1745 peccatum,

1853 1765 1974 1835 quia
1997 1779 2103 1820 non
2124 1764 2282 1826 debet
2303 1765 2458 1820 fieri?

1924 1856 2150 1912 CAPUT
2179 1857 2292 1912 XV.
2316 1887 2385 1898 —
2407 1857 2494 1914 I6.
2522 1856 2808 1930 Corrumpit
2837 1856 3079 1929 Pelagius
3103 1857 3283 1912 Jacobi
3310 1872 3439 1928 apo-

1852 1949 1971 2004 stoli
1997 1949 2162 2004 locum
2183 1949 2356 2004 addita
2382 1950 2786 2022 interrogationis
2809 1960 2948 2006 nata.
2979 1950 3120 2006 Sane
3143 1949 3284 2020 quod
3312 1963 3440 2020 apo-

1855 2040 2024 2097 stolus
2063 2039 2292 2098 Iacobus
2333 2042 2439 2108 ait,
2473 2040 2723 2113 Linguam
2767 2051 2936 2098 autem
2963 2042 3135 2097 nullus
3179 2041 3438 2096 hominum

1856 2132 2062 2187 domare
2086 2142 2282 2203 potest;
2310 2149 2416 2188 non
2442 2133 2572 2188 mihi
2598 2133 2808 2190 videtur
2830 2135 2900 2189 ita
2926 2133 3347 2205 intelligendum,
3380 2139 3442 2187 ut

1857 2238 2128 2293 exponere
2147 2223 2332 2291 voluit,
2370 2242 2390 2277 ι
2427 2224 2578 2294 quasi
2604 2240 2698 2295 per
2724 2225 3188 2295 exprobrationem
3213 2213 3436 2291 dictum,

1857 2322 2107 2384 tanquam
2133 2314 2427 2382 diceretur,
2459 2315 2669 2386 Ergone
2697 2315 2926 2386 linguam
2959 2315 3134 2371 nullus
3164 2313 3437 2370 hominum

1859 2403 2076 2462 domare
2103 2407 2310 2475 potest?
2333 2415 2580 2476 tanquam
2604 2405 2889 2476 obiurgans
2914 2415 2966 2460 et
2989 2404 3194 2471 dicens,
3215 2405 3442 2460 Domare

1859 2495 2001 2552 feras
2028 2498 2246 2566 potestis
2265 2538 2280 2561 ,
2307 2497 2537 2568 linguam
2565 2513 2669 2551 non
2695 2497 2953 2568 potestis?
2973 2498 3124 2568 quasi
3148 2497 3353 2552 facilius
3373 2497 3444 2554 sit

1859 2590 2088 2662 linguam
2114 2590 2526 2660 domare,quam
2552 2589 2708 2646 feras.
2741 2610 2760 2643 ι
2789 2590 2908 2647 Non
2931 2600 3059 2661 puto
3084 2590 3226 2662 quod
3251 2589 3352 2646 iste
3371 2590 3443 2646 sit

1859 2696 2048 2736 sensus
2070 2681 2169 2738 hoc
2193 2683 2328 2738 loco.
2352 2682 2407 2738 Si
2427 2683 2569 2739 enim
2594 2684 2694 2739 hoc
2713 2683 2897 2738 sentiri
2917 2684 3077 2740 vellet
3098 2684 3164 2738 de
3192 2683 3441 2746 facilitate

1860 2773 2138 2828 domandae
2182 2774 2408 2844 Iinguze,
2455 2784 2646 2830 caetera
2677 2785 3022 2846 sequerentur
3069 2777 3121 2832 in
3152 2776 3442 2832 bestiarum

1859 2867 2291 2936 comparatione:
2317 2883 2460 2926 nunc
2480 2884 2608 2926 vero
2632 2871 2890 2940 sequitur,
2912 2869 3200 2941 lnquietum
3224 2873 3435 2940 malum,

1863 2961 2009 3027 plena
2033 2977 2219 3015 veneno
2257 2962 2514 3032 mortifero
2544 2962 2745 3032 (Jacobi
2784 2979 2837 3018 Ill
2858 3004 2874 3032 ,
2907 2962 2997 3034 8);
3031 2966 3210 3035 utique
3237 2979 3440 3022 nocen-

1863 3052 2015 3116 tiore,
2038 3068 2194 3123 quam
2225 3053 2514 3110 bestiarum
2541 3064 2625 3111 est
2649 3064 2810 3126 atque
2837 3065 3148 3127 serpentum
3178 3073 3192 3110 :
3226 3071 3349 3113 nam
3379 3056 3444 3112 il-

1859 3142 1949 3198 lud
1972 3159 2185 3201 carnem
2214 3145 2478 3213 interficit,
2499 3145 2600 3201 hoc
2626 3162 2756 3202 vero
2774 3148 3026 3203 animam.
3058 3147 3129 3204 0s
3147 3148 3285 3206 enim
3308 3149 3444 3220 quod

1861 3237 2096 3290 mentitur
2114 3277 2130 3302 ,
2162 3237 2344 3290 occidit
2363 3237 2582 3292 animum
2610 3238 2761 3307 (Sap.
2792 3254 2840 3302 ι,
2871 3240 2983 3308 ll).
3007 3239 3122 3296 Non
3145 3255 3273 3310 ergo
3291 3241 3445 3312 quasi

1861 3325 1913 3381 id
1940 3335 2082 3383 esset
2112 3325 2314 3382 facilius
2334 3367 2348 3393 ,
2370 3344 2530 3398 quam
2558 3328 2936 3386 mansnefactio
2956 3329 3246 3388 beStiarum
3266 3371 3282 3398 ,
3313 3347 3442 3388 san-

1861 3427 1977 3473 ctus
1991 3417 2220 3475 Jacobus
2237 3419 2378 3473 illam
2396 3419 2710 3476 sententiam
2733 3422 3107 3490 pronuntiavit,
3125 3431 3216 3478 aut
3231 3437 3293 3478 ea
3308 3437 3443 3480 voce

1863 3511 2026 3567 voluit
2053 3511 2380 3581 pronuntiari
2414 3530 2427 3566 :
2459 3511 2552 3568 scd
2580 3511 2757 3581 potius
2780 3513 3066 3570 ostendens
3090 3523 3344 3585 quantum
3372 3515 3446 3572 sit

1861 3605 1914 3660 in
1942 3604 2155 3662 homine
2194 3605 2386 3676 lingua:
2412 3606 2639 3669 malum,
2672 3616 2727 3661 ut
2755 3621 2785 3660 a
2816 3607 2960 3662 nullo
2996 3607 3210 3663 homine
3233 3607 3442 3664 domari

1861 3699 2049 3769 possit,
2076 3713 2195 3754 cum
2225 3698 2292 3753 ab
2319 3698 2620 3754 hominibus
2645 3699 2928 3756 demetitur
2949 3710 3003 3756 et
3029 3701 3230 3760 chtim.
3258 3699 3444 3772 Neque

1861 3788 1966 3846 hoc
1990 3791 2110 3846 ideo
2133 3791 2285 3858 dixit,
2306 3802 2361 3846 ut
2391 3791 2545 3861 huius
2567 3793 2617 3846 in
2650 3807 2746 3848 nos
2769 3794 2892 3849 mali
2911 3793 3327 3853 dominationem
3345 3811 3442 3868 per

1863 3883 2236 3954 negligentiam
2267 3899 2576 3953 permanere
2599 3885 2862 3956 patiamur
2886 3903 2900 3940 :
2921 3886 3015 3948 sed
3043 3898 3098 3942 ut
3121 3887 3188 3943 ad
3216 3887 3444 3944 doman-

1861 3975 1983 4034 dam
2015 3976 2245 4044 linguam
2280 3975 2470 4032 divinm
2497 3978 2682 4046 gratiae
2720 3992 2998 4047 poscamus
3022 3980 3296 4035 auxilium.
3325 3979 3443 4035 Non

1860 4065 2006 4122 enim
2029 4066 2136 4131 ait,
2170 4066 2425 4137 Linguam
2468 4068 2646 4123 nullus
2666 4068 2884 4123 domare
2923 4079 3096 4139 potest
3127 4085 3140 4123 :
3170 4070 3266 4127 sed
3286 4112 3302 4138 ,
3331 4073 3448 4127 nul-

1863 4159 1943 4212 lus
1969 4158 2265 4219 hominum;
2296 4169 2352 4212 ut
2378 4173 2497 4214 cum
2527 4157 2793 4223 domatur,
2819 4159 2909 4214 Dei
2941 4161 3324 4228 misericordia,
3352 4161 3446 4218 Dei

1863 4248 2147 4318 adiutorio,
2171 4248 2262 4302 Dei
2291 4249 2454 4318 gratia
2490 4249 2600 4304 fieri
2630 4250 2906 4305 fateamur.
2927 4251 3161 4308 Conctur
3188 4268 3318 4324 ergo
3331 4253 3448 4308 ani-

1863 4355 1947 4406 ma
1975 4340 2194 4396 domare
2236 4341 2500 4410 linguam,
2528 4352 2583 4396 et
2620 4341 2749 4396 dum
2791 4353 3046 4409 conatur,
3082 4355 3262 4413 poscat
3288 4345 3443 4400 auxi-

1863 4432 1990 4486 lium
2016 4449 2027 4484 :
2052 4441 2106 4485 et
2123 4443 2239 4486 oret
2261 4431 2455 4502 lingua,
2483 4442 2536 4485 ut
2562 4431 2804 4487 donictur
2829 4432 3022 4503 lingua,
3044 4433 3293 4489 domante
3314 4434 3405 4490 illo
3428 4435 3443 4465 ¹

1865 4521 1952 4593 qui
1982 4521 2112 4576 dixit
2134 4521 2200 4576 ad
2231 4535 2374 4586 suos,
2399 4521 2516 4576 Non
2543 4523 2676 4576 enim
2695 4538 2782 4577 vos
2802 4525 2916 4578 estis
2943 4526 3030 4594 qui
3053 4523 3333 4594 loquimini,
3357 4524 3445 4578 sed

1866 4613 2090 4681 Spiritus
2109 4610 2278 4668 Patris
2298 4614 2440 4668 vestri
2463 4613 2546 4681 qui
2567 4613 2789 4683 loquitur
2804 4615 2856 4668 in
2875 4615 3010 4669 vobis
3026 4613 3237 4685 (Matth.
3257 4630 3310 4680 χ,
3329 4614 3445 4686 20).

1868 4705 2048 4776 Itaque
2079 4715 2345 4776 prirccpto
2373 4706 2545 4761 facere
2570 4721 2992 4773 eonnnoncmur,
3025 4707 3164 4778 quod
3195 4717 3450 4764 conantes

1867 4807 1919 4851 ct
1950 4797 2144 4852 nostris
2169 4796 2368 4853 viribus
2395 4811 2502 4853 non
2544 4799 2814 4865 valentes,
2859 4798 3180 4870 adiutorium
3210 4799 3449 4855 divinant

1867 4903 2168 4960 precentur.
2857 4901 2860 4904 ’

1915 4980 2161 5048 ὈΑΡΙΣΤ
2207 4979 2343 5036 .\'\'l.
2376 5012 2442 5022 --
2473 4982 2560 5036 l7.
2595 4979 2853 5036 lfrofritur
2892 4982 3028 5045 idem
3068 4982 3248 5039 Jacobi
3289 4983 3451 5040 locus.
3494 5014 3513 5058 ξ

1869 5071 2100 5128 Proinde
2125 5081 2179 5127 et
2205 5072 2319 5142 ipse
2341 5087 2463 5127 cum
2489 5081 2859 5145 exaggerasset
2884 5071 3076 5145 linguze
3102 5074 3335 5142 malum,
3369 5075 3454 5130 in-
3491 5061 3509 5078 ”

1870 5175 1950 5222 ter
1973 5165 2084 5220 haec
2111 5163 2314 5231 dicens,
2340 5163 2458 5219 Non
2489 5174 2703 5232 oportet,
2729 5169 2909 5236 fratres
2939 5167 3055 5231 mei,
3083 5169 3190 5221 haec
3210 5167 3281 5226 ita
3301 5166 3414 5235 ﬁeri
3434 5181 3456 5220 :

1868 5256 2119 5312 continuo
2148 5254 2371 5318 monuit,
2401 5255 2782 5310 consummatis
2813 5255 2894 5309 his
2924 5272 3044 5326 quae
3068 5256 3192 5312 hinc
3215 5255 3448 5321 dicebat,

1869 5365 1972 5420 quo
1987 5348 2249 5419 adiutorio
2277 5346 2375 5404 ista
2394 5363 2497 5402 non
2527 5347 2732 5411 fierent,
2750 5362 2868 5417 qua:
2884 5346 3016 5403 dixit
3034 5347 3146 5404 ﬁcri
3173 5363 3277 5402 non
3297 5361 3456 5416 opor-

1869 5449 2002 5496 tere.
2047 5440 2169 5508 Quis
2207 5440 2337 5493 euim
2366 5439 2566 5509 sapiens
2594 5449 2638 5492 et
2667 5438 3017 5508 disciplinatus
3044 5439 3172 5492 inter
3195 5437 3320 5492 vos?
3352 5435 3453 5492 0s-

1870 5530 2036 5584 tendat
2067 5547 2127 5585 ex
2147 5531 2274 5584 bona
2295 5531 2667 5585 conversatione
2686 5530 3024 5600 operatione»:
3047 5545 3189 5582 suam
3225 5528 3277 5580 in
3305 5542 3450 5580 mau-

1869 5621 2129 5675 suctudine
2149 5620 2427 5689 sapientia'.
2472 5619 2620 5686 Quod
2653 5620 2698 5674 si
2723 5617 2885 5672 selum
2911 5633 3139 5671 amarum
3177 5615 3366 5670 habetis
3405 5623 3453 5670 et

1869 5714 2204 5766 contentiones
2239 5713 2290 5766 in
2319 5711 2549 5770 cordibus
2577 5711 2748 5766 vestris
2766 5749 2783 5776 ,
2815 5709 2970 5764 nolite
3004 5707 3213 5780 gloriari
3235 5717 3281 5762 et
3306 5723 3453 5762 meu-

1936 5907 1950 5938 ⁸
1979 5904 2146 5957 Plures
2168 5913 2294 5970 Mss,
2321 5906 2524 5957 donante
2544 5917 2600 5955 eo
