3996 6468
602 355 711 414 255

607 473 756 529 daces
781 488 888 529 esse
912 471 1153 526 adversus
1175 466 1448 523 veritatem.
1480 462 1602 518 Non
1621 468 1693 516 est
1715 459 1815 514 ista
1840 453 2088 529 sapientia
2108 452 2198 506 de-

601 583 805 624 sursum
844 563 1178 629 descendens,
1210 559 1298 615 sed
1345 568 1577 626 terrena,
1623 553 1893 619 animalis,
1925 547 2193 604 diabolica.

607 661 706 716 Ubi
734 662 864 716 enim
889 659 1026 712 zelus
1071 665 1118 710 et
1144 654 1428 719 contentio,
1457 653 1527 706 ibi
1562 649 1933 713 inconstantia,
1967 654 2014 698 et
2051 655 2198 696 omne

603 769 730 822 opus
768 767 995 822 pravum.
1040 747 1168 815 Quae
1191 755 1359 801 autem
1383 745 1646 800 desursum
1671 751 1743 796 est
1780 737 2061 811 sapientia,
2093 733 2200 806 pri-

601 859 738 895 mum
762 842 962 911 quidem
992 841 1176 912 pudica
1200 848 1292 903 est,
1326 837 1505 892 deinde
1531 836 1767 907 paci/ica,
1795 832 2041 897 modesta,
2070 843 2195 883 sua-

601 934 769 986 dibilis
789 976 801 999 ,
830 933 980 1003 plena
1006 930 1349 986 misericordia
1371 940 1416 984 et
1442 926 1687 1000 fructibus
1720 925 1860 981 bonis
1880 965 1895 991 ,
1923 920 2198 976 intestima-

600 1023 714 1078 bilis
734 1067 748 1091 ,
777 1025 885 1078 sine
904 1024 1223 1079 simulatione
1249 1020 1452 1093 (Jacobi
1478 1036 1534 1075 ιιι
1555 1061 1569 1084 ,
1601 1019 1671 1074 10
1689 1059 1703 1084 ,
1739 1015 1939 1086 15-17).
1974 1014 2098 1068 11ωο
2115 1019 2199 1068 est

600 1115 859 1186 sapientia
889 1131 1008 1186 qua:
1036 1116 1264 1186 linguam
1297 1113 1498 1180 domat,
1530 1109 1813 1167 desursum
1839 1106 2193 1174 descendens,

600 1223 707 1262 non
739 1207 805 1261 ab
849 1207 1081 1261 humano
1109 1205 1270 1262 corde
1299 1205 1604 1275 prosiliens.
1634 1203 1716 1256 An
1748 1209 1803 1256 et
1845 1199 2000 1254 istam
2043 1198 2195 1268 quis-

600 1313 759 1368 quam
786 1298 1045 1369 abrogare
1066 1299 1227 1352 audet
1253 1296 1436 1367 gratia:
1462 1295 1580 1372 Dei,
1599 1302 1653 1349 et
1679 1307 1798 1348 eam
1817 1289 2196 1361 superbissima

602 1390 837 1444 vanitate
866 1390 1014 1458 ponit
1039 1390 1091 1442 in
1135 1387 1368 1442 hominis
1393 1384 1694 1456 potestate?
1721 1381 1830 1438 Cur
1857 1396 1984 1452 ergo
2012 1388 2198 1435 oratur

601 1490 661 1536 ut
684 1483 991 1552 accipiatur,
1010 1481 1056 1536 si
1080 1481 1146 1536 ab
1167 1481 1384 1535 homine
1403 1487 1484 1534 est
1506 1488 1564 1532 ut
1591 1475 1880 1532 habeatur?
1898 1476 1980 1529 An
2001 1483 2056 1528 et
2075 1471 2197 1527 huic

601 1574 832 1629 orationi
861 1572 1272 1636 contradicitur,
1307 1585 1375 1626 ne
1403 1569 1493 1624 ﬁat
1521 1568 1712 1639 injuria
1741 1568 1911 1623 libero
1935 1565 2154 1620 arbitrio
2177 1605 2194 1632 ,

599 1667 742 1738 quod
769 1667 867 1722 sibi
890 1666 1084 1722 sufﬁcit
1105 1665 1453 1736 possibilitate
1479 1671 1682 1718 naturae
1707 1662 1774 1717 ad
1795 1659 2060 1731 implenda
2081 1673 2199 1714 om-

601 1761 688 1815 nia
721 1768 985 1830 praecepta
1010 1759 1266 1829 justitize?
1293 1757 1701 1813 Contradicatur
1727 1769 1856 1825 ergo
1880 1752 2054 1809 eidem
2093 1751 2196 1822 ipsi

600 1852 844 1924 apostolo
871 1850 1070 1906 Jacobo
1098 1849 1404 1905 admonenti
1433 1857 1486 1904 et
1512 1847 1708 1903 dicenti
1732 1889 1746 1914 ,
1791 1846 1852 1901 Si
1877 1846 1990 1917 quis
2028 1852 2196 1897 autem

599 1953 818 1999 vestrum
854 1944 1043 2015 indiget
1063 1944 1312 2014 sapientia
1331 1982 1345 2007 ,
1376 1941 1593 2011 postulet
1617 1957 1649 1994 a
1677 1939 1786 1994 Deo
1808 1979 1821 2004 ,
1849 1939 1934 2008 qui
1971 1937 2061 1992 dat
2088 1954 2198 1992 om-

600 2037 747 2091 nibus
771 2037 1028 2108 aﬁ‘luenter
1047 2045 1093 2090 et
1117 2052 1218 2090 non
1237 2035 1568 2107 improperat,
1598 2041 1645 2087 et
1669 2031 1874 2086 dabitur
1903 2031 1947 2084 ei
1977 2046 1997 2084 :
2023 2037 2200 2101 postu-

600 2129 669 2183 let
687 2138 856 2197 autem
874 2129 928 2183 in
953 2129 1055 2199 fide
1079 2127 1207 2182 nihil
1228 2127 1466 2181 Itasitans
1495 2124 1605 2196 (Id.
1629 2139 1666 2190 ι,
1687 2122 1765 2196 5).
1795 2123 1920 2179 Haec
1938 2130 2023 2177 est
2039 2121 2196 2188 ﬁdes,

599 2220 668 2275 ad
695 2237 851 2292 quam
870 2229 1135 2293 praecepta
1162 2219 1511 2289 compellunt,
1527 2224 1588 2273 ut
1611 2217 1696 2272 lex
1725 2216 1970 2285 imperet,
1990 2222 2044 2269 et
2064 2213 2196 2269 ﬁdes

600 2312 868 2382 impetret.
913 2312 1014 2366 Per
1038 2311 1274 2382 linguam
1301 2309 1445 2366 enim
1466 2351 1481 2376 ,
1511 2323 1671 2380 quam
1709 2307 1889 2362 nullus
1917 2306 2194 2361 hominum

599 2403 819 2465 domare
877 2413 1096 2474 potest,
1159 2403 1254 2460 sed
1308 2402 1570 2473 sapientia
1625 2400 1906 2456 desursum
1965 2398 2195 2454 descen-

600 2499 769 2567 dens,
809 2499 864 2552 in
902 2498 1074 2552 multis
1113 2496 1417 2564 offendimus
1454 2511 1625 2550 omnes
1672 2493 1780 2565 (Id.
1826 2509 1916 2559 ιιι,
1955 2492 2034 2564 2).
2079 2492 2196 2552 Non

598 2593 744 2648 enim
765 2601 818 2647 et
843 2591 945 2646 hoc
972 2591 1074 2647 iste
1097 2590 1370 2660 apostolus
1395 2589 1502 2644 alio
1518 2587 1677 2642 modo
1694 2586 2069 2657 pronuntiavit,
2098 2585 2196 2641 tic-

600 2692 660 2740 ut
705 2684 835 2740 illud
878 2683 1020 2755 quod
1063 2684 1170 2751 ait,
1198 2681 1452 2755 Linguam
1494 2680 1667 2736 nullus
1708 2679 1966 2734 hominum
1989 2678 2197 2734 donare

599 2785 781 2848 potest.

671 2869 896 2926 CAPUT
943 2869 1109 2925 XVII.
1137 2898 1213 2910 ——
1240 2867 1330 2923 18.
1366 2865 1429 2922 1η
1475 2882 1626 2921 carne
1664 2881 1770 2920 esse
1811 2865 1897 2934 qui
1941 2863 2194 2917 dicantur.

599 2962 916 3035 Ignorantia:
943 2967 1163 3034 peccata.
1195 2959 1389 3024 Quibus
1434 2955 1711 3028 petentibus
1741 2955 1887 3010 detur
1913 2971 1944 3008 a
1975 2953 2082 3008 Det
2107 2970 2194 3008 sa-

603 3055 812 3126 pientia.
842 3053 952 3109 Nec
993 3053 1120 3108 illud
1149 3053 1428 3122 quisquam
1469 3051 1586 3105 istis
1624 3064 1724 3120 pro
1768 3047 2196 3120 impossibilitate

602 3162 711 3203 non
739 3143 995 3216 peccandi
1015 3144 1261 3198 similiter
1280 3143 1555 3212 objecerit,
1575 3140 1716 3211 quod
1737 3139 1936 3195 dictum
1956 3145 2071 3194 est:
2093 3137 2199 3194 Sa-

602 3237 794 3310 pientia
821 3236 987 3290 carnis
1011 3235 1216 3289 inimica
1242 3244 1316 3288 est
1352 3234 1406 3287 in
1431 3232 1595 3287 Deum
1627 3247 1646 3286 :
1677 3232 1772 3302 legi
1799 3231 1933 3285 enim
1969 3229 2068 3285 Dei
2095 3245 2197 3284 non

603 3339 678 3385 est
705 3329 964 3397 subjecta;
991 3345 1079 3383 nec
1107 3329 1239 3383 enim
1263 3337 1438 3400 potest.
1471 3327 1572 3395 Qui
1594 3335 1761 3380 autem
1783 3327 1838 3380 in
1862 3342 2012 3380 carne
2038 3335 2193 3392 sunt,

604 3421 714 3476 Deo
734 3422 931 3493 placere
950 3438 1051 3475 non
1077 3429 1284 3490 possunt
1310 3419 1485 3492 (Rom.
1515 3435 1607 3474 vm
1626 3461 1641 3486 ,
1674 3420 1706 3472 7
1724 3459 1740 3484 ,
1765 3418 1844 3489 8).
1869 3417 2196 3488 Sapientiam

604 3513 804 3585 quippe
828 3513 1005 3568 carnis
1024 3512 1177 3579 dixit,
1200 3526 1308 3567 non
1335 3511 1647 3581 sapientiam
1672 3510 1954 3565 desursum
1973 3509 2199 3566 descen-

605 3605 822 3660 dentem
843 3622 856 3659 :
877 3614 931 3659 et
953 3604 1004 3658 in
1026 3619 1187 3659 carne
1211 3619 1351 3669 esse,
1372 3617 1478 3658 non
1502 3618 1596 3658 eos
1621 3603 1712 3672 qui
1736 3601 1973 3657 nondum
1996 3601 2063 3657 de
2077 3616 2198 3657 cor-

605 3711 737 3767 pore
766 3696 1033 3762 exierunt,
1064 3694 1159 3750 sed
1187 3709 1281 3750 eos
1307 3693 1398 3764 qui
1424 3693 1719 3750 secundum
1745 3709 1964 3749 carnem
1989 3693 2193 3760 vivunt,

605 3787 930 3859 signiﬁcatos
967 3802 1088 3842 esse
1118 3786 1453 3841 manifestum
1482 3794 1584 3841 est.
1630 3784 1748 3841 Non
1777 3793 1952 3841 autem
2000 3785 2072 3840 ibi
2114 3792 2200 3840 est

607 3879 830 3950 quaestio
855 3894 975 3950 quae
999 3887 1261 3934 versatur.
1287 3876 1420 3932 Illud
1447 3875 1695 3947 est‘quod
1723 3887 1978 3946 exspecto
2006 3875 2075 3930 ab
2095 3876 2198 3930 isto

605 3971 792 4026 audire
815 3971 860 4026 si
893 3971 1088 4041 possim
1107 4009 1124 4038 ,
1151 3985 1245 4025 eos
1269 3970 1358 4040 qui
1385 3967 1678 4024 secundum
1703 3967 1948 4037 spiritum
1974 3967 2193 4032 vivunt,

605 4070 662 4116 et
686 4061 756 4116 ob
781 4061 883 4116 hoc
901 4062 1062 4116 etiam
1092 4061 1178 4117 hic
1197 4060 1370 4115 adhuc
1391 4061 1628 4114 viventes
1647 4058 1758 4129 jam
1786 4057 2016 4129 quodam
2038 4057 2198 4115 modo

605 4153 660 4208 in
685 4169 846 4208 carne
873 4169 978 4207 non
1007 4162 1152 4219 sunt,
1183 4162 1360 4207 utrum
1384 4152 1552 4223 gratia
1579 4150 1674 4205 Dei
1703 4150 1882 4204 vivant
1904 4149 2198 4220 secundum

603 4243 887 4314 spiritum;
919 4259 986 4297 an
1025 4245 1126 4299 sibi
1157 4242 1455 4309 suﬁiciant,
1497 4243 1606 4312 jam
1633 4241 1754 4296 data
1797 4256 1922 4297 cum
1949 4249 2200 4298 creantur

603 4336 955 4408 possibilitate
995 4346 1196 4390 naturae
1217 4377 1231 4403 ,
1264 4344 1320 4391 et
1345 4350 1438 4390 sua
1483 4335 1696 4405 propria
1726 4333 1999 4389 voluntate
2031 4351 2044 4388 :
2077 4348 2197 4389 cum

603 4429 878 4500 plenitudo
905 4429 1036 4500 legis
1062 4444 1166 4484 non
1197 4430 1266 4483 sit
1290 4428 1391 4483 nisi
1416 4428 1649 4483 charitas
1679 4424 1790 4498 (Id.
1824 4442 1916 4481 χιιι
1937 4468 1951 4492 ,
1982 4426 2071 4498 10)
2097 4467 2111 4492 ,
2143 4435 2200 4482 et

603 4520 836 4577 Charitas
865 4521 957 4576 Dei
985 4520 1174 4576 diﬁ‘usa
1201 4521 1268 4575 sit
1310 4520 1363 4575 in
1390 4520 1644 4576 cordibus
1687 4520 1917 4586 nostris,
1950 4535 2058 4575 non
2099 4535 2200 4590 per

603 4630 702 4670 nos
727 4616 892 4685 ipsos,
911 4617 1006 4670 sed
1032 4630 1126 4683 per
1151 4613 1405 4683 Spiritum
1429 4620 1670 4668 sanctum
1696 4611 1786 4682 qui
1812 4611 1967 4666 datus
1995 4620 2079 4667 est
2099 4627 2198 4666 no-

601 4707 686 4763 bis
707 4708 816 4779 (Id.
836 4725 888 4775 ν,
912 4709 990 4778 5).

675 4799 762 4854 I9.
796 4799 1011 4854 Tractat
1051 4799 1214 4854 etiam
1239 4798 1340 4854 iste
1374 4798 1441 4853 de
1483 4797 1717 4868 peccatis
1753 4797 2102 4867 ignorantiae,
2144 4805 2200 4853 et

603 4891 768 4958 dicit,
806 4910 826 4944 ‹
881 4890 1151 4946 hominem
1198 4889 1533 4959 praevigilare
1585 4889 1780 4944 debere
1835 4904 1902 4945 ne
1944 4889 2195 4960 ignoret;

609 5001 631 5035 ‹
677 4982 905 5054 ideoque
931 4996 1051 5037 esse
1075 4979 1390 5050 culpandum
1412 4979 1783 5049 ignorantiam,
1811 4979 1933 5049 quia
1956 4978 2008 5034 id
2034 4978 2198 5033 homo

609 5093 630 5129 ς
675 5075 845 5131 nescit
869 5073 1187 5144 negligentia
1213 5087 1328 5138 sua,
1358 5071 1498 5141 quod
1534 5070 1769 5127 adhibita
1791 5071 2062 5140 diligentia
2089 5070 2195 5125 sci-

608 5187 628 5222 ι
672 5183 734 5224 re
751 5167 1023 5224 debuisset
1055 5185 1069 5221 :
1104 5185 1123 5219 ι
1155 5165 1281 5221 dum
1313 5173 1488 5220 tamen
1524 5165 1702 5220 omnia
1728 5164 1904 5233 putius
1927 5163 2194 5234 disputet,

603 5273 764 5330 quam
799 5266 859 5313 ut
901 5266 1018 5312 oret
1045 5265 1100 5313 et
1127 5256 1301 5323 dicat,
1332 5254 1411 5309 Da
1437 5255 1562 5308 mihi
1584 5253 1895 5310 intellectum
1921 5262 1976 5308 ut
2003 5255 2196 5308 discam

603 5351 843 5406 mandata
857 5360 944 5403 tua
968 5347 1135 5420 (Psal.
1154 5364 1335 5416 cxvm,
1359 5348 1478 5419 75).
1504 5347 1660 5403 Aliud
1675 5357 1759 5403 est
1783 5349 1947 5416 enim,
1976 5363 2083 5403 non
2113 5363 2198 5402 cu-

602 5457 748 5498 rasse
773 5442 910 5498 scire
929 5482 944 5508 ,
975 5456 1093 5511 qua:
1115 5439 1449 5511 negligentia:
1481 5448 1695 5509 peccata
1721 5440 1882 5494 etiam
1905 5453 1998 5508 per
2025 5440 2196 5495 sacri-

603 5534 722 5590 ﬁcia
742 5534 988 5605 quazdam
1007 5533 1141 5605 legis
1162 5532 1476 5588 videbantur
1497 5531 1699 5602 expiari
1738 5549 1750 5584 :
1788 5530 1931 5586 aliud
1950 5573 1965 5598 ,
1997 5532 2193 5588 intelli-

600 5641 727 5696 gere
755 5625 896 5682 velle
918 5666 934 5691 ,
967 5640 1066 5680 nec
1087 5639 1276 5695 posse,
1322 5633 1376 5679 et
1405 5622 1581 5678 facere
1617 5631 1803 5678 contra
1845 5623 2050 5692 legem,
2091 5638 2196 5678 non

600 5717 949 5789 intelligendo
976 5717 1102 5790 quid
1144 5717 1257 5772 ﬁeri
1297 5716 1443 5772 velit.
1472 5715 1626 5772 Unde
1654 5715 2004 5772 admonemur
2026 5733 2053 5772 a
2087 5718 2196 5773 Deo

603 5816 787 5881 petere
813 5810 1124 5882 sapientiam
1147 5851 1162 5880 ,
1188 5809 1274 5881 qui
1301 5810 1389 5864 dat
1413 5809 1642 5864 omnibus
1667 5810 1935 5880 afﬂuenter
1971 5852 1988 5882 ,
2012 5810 2193 5882 utique

1551 344 1642 402 DE
1679 339 1960 401 NATURA
1999 335 2091 394 ET
2128 331 2408 401 GRATIA,
2448 331 2514 389 S.
2556 331 2928 392 AUGUSTINI

3780 340 3888 402 256

2304 447 2388 503 his
2407 447 2656 506 omnibus
2679 450 2769 520 qui
2794 449 2874 505 sic
2887 457 3074 520 petunt
3092 457 3147 506 et
3173 457 3375 506 tantum
3395 457 3605 524 petunt,
3626 456 3889 528 quomodo

2303 548 2358 596 et
2393 549 2650 613 quantum
2679 557 2766 597 res
2797 549 2941 597 tanta
2972 540 3200 611 petenda
3221 552 3325 598 est.

2305 675 2308 681 .
2375 632 2604 690 CAPUT
2639 633 2827 690 XVIII.
2847 633 3023 691 —20.
3051 634 3216 704 Quam
3240 636 3521 693 orationem
3541 635 3785 712 Pelagius
3807 660 3889 699 nc-

2301 731 2570 785 cessariam
2609 728 2886 785 admiserit.
2923 747 2950 788 .t
2985 729 3247 787 Divinitus
3281 739 3460 787 tamen
3487 747 3608 789 esse
3635 735 3888 806 expianda

2309 841 2330 876 ι
2377 831 2592 894 peccata
2615 823 2931 889 commissa,
2964 829 3019 879 et
3053 837 3152 893 pro
3204 823 3284 879 eis
3331 823 3618 880 Dominum
3665 840 3889 882 exoran-

2309 933 2328 968 t
2377 914 2502 973 dum
2536 935 2558 968 ι
2583 914 2806 983 fatetur,
2848 923 3066 985 propter
3107 914 3317 970 veniam
3343 914 3548 972 scilicet
3578 930 3884 986 promeren-

2301 1007 2464 1068 dam:
2498 1027 2519 1062 ι
2554 1009 2673 1079 quia
2704 1007 2757 1062 id
2795 1006 2938 1078 quod
2963 1006 3158 1062 factum
3179 1015 3290 1073 est,
3321 1007 3500 1064 facere
3539 1007 3788 1064 infectum
3813 1049 3827 1075 ,
3865 1027 3884 1061 ι

2301 1100 2526 1154 multum
2549 1100 2617 1156 ab
2651 1100 2753 1156 isto
2777 1087 2986 1155 laudata
3017 1117 3038 1151 ι
3080 1098 3316 1169 potentia
3348 1117 3369 1151 ι
3404 1098 3493 1154 illa
3525 1117 3545 1152 ι
3593 1109 3796 1155 natura:
3836 1111 3888 1156 et

2301 1191 2544 1246 voluntas
2587 1191 2849 1258 hominis,
2892 1210 2913 1244 ι
2969 1191 3130 1246 etiam
3167 1190 3284 1261 ipso
3312 1188 3548 1260 fatente,
3595 1209 3616 1244 ι
3655 1207 3761 1247 non
3789 1207 3888 1262 po-

2304 1290 2407 1338 test
2436 1300 2450 1336 :
2501 1301 2521 1335 ι
2555 1297 2719 1353 quare
2750 1283 2849 1338 hac
2874 1282 3195 1338 necessitate
3219 1290 3386 1338 restat
3425 1291 3484 1338 ut
3525 1292 3642 1340 oret
3665 1284 3885 1355 ignosci.

2302 1373 2374 1430 Ut
2399 1383 2575 1429 autem
2605 1374 2883 1445 adjuvetur
2908 1390 2978 1430 ne
3018 1383 3240 1446 peccet,
3285 1390 3544 1446 nusquam
3568 1375 3737 1445 dixit,
3782 1391 3885 1432 non

2302 1463 2390 1520 hic
2424 1465 2528 1536 legi
2559 1483 2574 1530 ;
2601 1466 2794 1521 mirum
2833 1467 2902 1523 de
2945 1467 3044 1523 hac
3079 1483 3138 1523 re
3175 1467 3394 1523 omnino
3419 1468 3687 1525 silentium
3717 1487 3731 1523 :
3760 1485 3887 1526 cum

2302 1557 2472 1612 oratio
2514 1556 2778 1614 dominica
2818 1568 3102 1630 utrumque
3143 1559 3431 1630 petendum
3473 1575 3594 1618 esse
3641 1576 3884 1619 commo-

2303 1663 2446 1722 neat,
2469 1665 2525 1710 et
2549 1663 2608 1710 ut
2626 1654 2962 1712 dimittantur
2988 1655 3143 1710 nobis
3165 1655 3342 1710 debita
3369 1665 3551 1711 nostra
3572 1697 3588 1723 ,
3616 1665 3672 1712 et
3695 1665 3754 1710 ut
3778 1671 3884 1713 non

2303 1747 2594 1804 inferamur
2615 1749 2632 1780 ⁸
2662 1749 2714 1802 in
2765 1749 3107 1805 tentationem
3134 1764 3150 1815 ;
3199 1748 3329 1805 illud
3351 1789 3368 1817 ,
3401 1757 3464 1804 ut
3508 1750 3774 1820 praeterita
3797 1767 3885 1808 ex-

2304 1841 2515 1912 pientur
2546 1858 2561 1907 ;
2594 1840 2717 1908 hoc,
2742 1851 2801 1896 ut
2828 1840 3003 1896 futura
3032 1842 3286 1898 vitentur.
3316 1842 3470 1912 Quod
3495 1843 3621 1899 licet
3647 1860 3753 1899 non
3779 1845 3882 1911 ﬁat,

2303 1934 2404 1988 nisi
2423 1933 2670 1989 voluntas
2697 1933 2835 1989 adsit
2864 1949 2880 1999 ;
2910 1944 3086 1990 tamen
3117 1944 3176 1990 ut
3200 1933 3329 2003 ﬁat,
3358 1937 3606 1992 voluntas
3635 1938 3748 1993 sola
3782 1955 3885 1994 non

2302 2025 2500 2081 sufﬁcit
2531 2043 2544 2079 :
2572 2025 2694 2082 ideo
2724 2041 2822 2096 pro
2847 2025 2947 2081 hac
2971 2042 3032 2083 re
3060 2043 3160 2083 nec
3188 2027 3459 2098 superﬂua
3487 2044 3588 2086 nec
3611 2030 3886 2100 impudens

2302 2117 2529 2174 Domino
2558 2117 2868 2174 immolatur
2893 2119 3087 2175 oratio.
3125 2119 3258 2176 Nam
3286 2121 3412 2192 quid
3442 2122 3692 2190 stultius,
3731 2137 3884 2194 quam

2301 2223 2458 2264 orare
2485 2218 2544 2264 ut
2570 2208 2733 2265 facias
2757 2210 2898 2280 quod
2941 2211 2996 2265 in
3025 2220 3319 2280 postestate
3344 2212 3545 2268 habeas
3574 2213 3598 2268 ?

2375 2299 2600 2357 CAPUT
2636 2299 2778 2357 XIX.
2799 2301 2977 2357 —2I.
2999 2301 3172 2375 Negat
3199 2303 3439 2376 Pelagius
3462 2316 3700 2360 naturam
3723 2307 3887 2361 huma-

2301 2408 2422 2447 nam
2441 2402 2643 2463 peccato
2658 2393 2984 2465 depravatam
2995 2404 3085 2449 aut
3106 2407 3416 2467 corruptam.
3435 2396 3554 2452 Jam
3584 2413 3728 2453 nunc
3755 2399 3886 2454 vide-

2303 2490 2375 2549 te,
2398 2483 2539 2554 quod
2567 2483 2634 2538 ad
2661 2499 2775 2540 rem
2798 2485 3029 2542 maxime
3048 2487 3299 2557 pertinet,
3319 2487 3587 2558 quomodo
3606 2487 3885 2546 humanam

2301 2585 2545 2630 naturam
2572 2585 2823 2647 tauquam
2851 2578 3070 2633 omnino
3094 2579 3213 2634 sine
3239 2579 3351 2634 ullo
3381 2580 3508 2634 vitio
3538 2580 3643 2648 sit,
3671 2591 3888 2638 conetur

2300 2669 2582 2726 ostendere
2609 2711 2623 2736 ,
2651 2678 2707 2726 et
2731 2679 2916 2726 contra
2939 2671 3304 2742 apertissimas
3345 2671 3647 2743 Scripturas
3695 2673 3788 2729 Dei
3812 2675 3885 2730 lu-

2300 2771 2474 2819 ctetur
2516 2765 2774 2834 sapientia
2822 2765 2994 2834 verbi,
3049 2782 3152 2838 qua
3196 2777 3484 2824 evacuetur
3531 2783 3664 2824 crux
3692 2770 3878 2826 Christi

2302 2856 2496 2929 (lCor.
2530 2873 2578 2924 ι,
2611 2858 2738 2930 17),
2764 2858 2870 2915 Sed
2908 2859 3068 2930 plane
3102 2861 3192 2916 illa
3229 2877 3339 2917 non
3364 2863 3710 2920 evacuabitur
3731 2908 3748 2934 ,
3795 2867 3888 2922 ista

2301 2950 2482 3020 potius
2512 2950 2772 3022 sapientia
2801 2952 3158 3009 subvertetur.
3187 2953 3321 3009 Nam
3351 2971 3474 3010 cum
3503 2957 3606 3010 hoc
3639 2958 3888 3013 ostende-

2301 3041 2470 3097 rimus
2491 3079 2517 3110 ,-
2538 3042 2711 3099 aderit
2735 3043 2964 3100 fortasse
2990 3045 3356 3102 misericordia
3383 3047 3478 3103 Dei
3503 3088 3521 3115 ,
3551 3057 3608 3103 ut
3635 3060 3693 3104 et
3723 3050 3888 3121 ipsum

2302 3133 2418 3191 haec
2440 3135 2640 3192 dixisse
2664 3137 2937 3207 paeniteat.
2975 3153 2994 3190 ι
3021 3138 3236 3204 Primo,
3265 3156 3286 3192 ι
3316 3139 3503 3212 inquit,
3539 3159 3558 3192 ι
3589 3141 3658 3197 de
3689 3157 3757 3198 eo
3780 3143 3884 3197 dis-

2303 3229 2596 3299 putandum
2619 3237 2720 3294 est,
2748 3229 2889 3300 quod
2912 3245 3005 3301 per
3027 3240 3304 3301 peccatum
3323 3231 3596 3289 debilitata
3623 3233 3817 3290 dicitur
3843 3243 3891 3290 et

2302 3321 2579 3378 immutata
2618 3331 2827 3378 natura.
2856 3323 3009 3380 Unde
3035 3335 3160 3380 ante
3199 3327 3377 3381 omnia
3412 3328 3762 3398 quaerendum
3798 3345 3892 3400 pu-

2303 3424 2380 3483 to,
2401 3434 2421 3468 ι
2443 3415 2632 3486 inquit,
2659 3433 2678 3468 ι
2703 3417 2832 3487 quid
2854 3417 2924 3473 sit
2947 3429 3220 3488 peccatum
3252 3437 3266 3474 :
3288 3420 3582 3476 substantia
3607 3423 3804 3494 aliqua,
3829 3438 3892 3478 an

2303 3509 2870 3566 omnino'substantia
2910 3526 3101 3568 carens
3152 3528 3384 3581 nomen,
3435 3530 3543 3586 quo
3595 3530 3710 3572 non
3772 3533 3890 3586 res,

2303 3617 2412 3656 non
2446 3603 2730 3658 existentia
2757 3645 2774 3671 ,
2826 3619 2932 3660 non
2960 3621 3156 3676 corpus
3192 3607 3406 3678 aliquod
3430 3650 3446 3676 ,
3483 3609 3580 3666 sed
3619 3625 3892 3682 perperam

2302 3689 2427 3746 facti
2451 3700 2602 3748 actus
2628 3695 2961 3764 exprimitur.
2994 3715 3014 3749 ι
3035 3697 3235 3753 Deinde
3258 3698 3527 3771 adjungit:
3547 3719 3567 3754 ι
3594 3703 3771 3759 Credo
3791 3745 3804 3769 ,
3830 3704 3895 3758 ita

2303 3794 2406 3841 est.
2423 3785 2490 3841 Et
2517 3785 2562 3840 si
2583 3786 2655 3841 ita
2680 3797 2782 3854 est,
2805 3808 2824 3840 ι
2853 3789 3042 3859 inquit,
3063 3809 3082 3842 ε
3106 3791 3372 3860 quomodo
3401 3794 3573 3863 potuit
3613 3795 3894 3851 humanam

2305 3877 2584 3934 debilitare
2609 3878 2696 3934 vel
2741 3889 2947 3935 mutare
2977 3890 3218 3937 naturam
3239 3925 3254 3950 ,
3300 3883 3444 3954 quod
3472 3885 3772 3942 substantia
3808 3902 3895 3942 ca-

2303 3981 2388 4029 ret
2428 3973 2454 4025 ?
2499 3992 2520 4026 »
2567 3973 2787 4038 Videte,
2838 3990 3049 4045 quaeso,
3094 3976 3362 4047 quomodo
3412 3979 3657 4034 nesciens
3707 3981 3897 4036 nitatur

2303 4073 2547 4122 evertere
2587 4065 2984 4122 medicinalium
3029 4068 3364 4138 eloquiorum
3403 4085 3563 4126 voces
3601 4071 3896 4128 saluberri-

2305 4172 2442 4214 mas.
2473 4156 2587 4230 Ego
2613 4157 2722 4213 dixi
2747 4173 2767 4212 :
2788 4157 3040 4225 Domine,
3070 4159 3306 4216 miserere
3338 4162 3442 4216 mei
3467 4179 3488 4228 ;
3514 4178 3640 4216 sana
3677 4164 3898 4218 animam

2304 4268 2468 4306 meam
2492 4293 2508 4318 ,
2539 4252 2656 4318 quia
2680 4251 2880 4322 peccavi
2903 4251 2993 4306 tibi
3019 4250 3202 4322 (Psal.
3229 4269 3332 4320 XL,
3362 4254 3455 4326 5).
3487 4254 3624 4324 Quid
3652 4265 3895 4324 sanatur,

2305 4343 2351 4398 si
2381 4343 2511 4398 nihil
2540 4350 2626 4399 est
2662 4343 3030 4410 vulneratum,
3063 4343 3201 4399 nihil
3229 4346 3556 4414 sauciatum,
3585 4347 3726 4403 nihil
3754 4347 3898 4405 debi-

2304 4436 2512 4491 litatum
2557 4445 2718 4508 atque
2745 4437 2986 4492 vitiatum
3014 4437 3038 4492 ‘l
3073 4436 3241 4493 Porro
3285 4439 3331 4493 si
3357 4446 3440 4494 est
3475 4439 3619 4510 quod
3646 4451 3896 4510 sanetur,

2307 4529 2450 4586 unde
2481 4531 2729 4586 vitiatum
2751 4539 2834 4587 est
2859 4532 2883 4586 Ἰ
2911 4532 3078 4589 Audis
3106 4532 3449 4590 conﬁtentem
3481 4553 3494 4589 :
3522 4535 3648 4606 quid
3677 4536 3895 4594 deside-

2302 4640 2393 4680 ras
2427 4625 2838 4696 disputantem?
2869 4625 3034 4694 Sana,
3075 4627 3282 4699 inquit,
3322 4629 3548 4683 animam
3583 4646 3774 4685 meam.
3820 4630 3900 4686 Ab

2303 4718 2393 4774 illo
2417 4733 2597 4789 quaere
2616 4760 2630 4785 ,
2661 4718 2801 4774 unde
2829 4719 3069 4774 vitiatum
3106 4720 3206 4788 sit,
3232 4720 3375 4792 quod
3404 4721 3581 4776 sanari
3606 4733 3767 4794 rogat
3795 4740 3811 4778 :
3845 4731 3899 4779 et

2303 4813 2432 4868 audi
2473 4812 2616 4883 quod
2664 4813 2900 4883 sequitur
2920 4854 2938 4880 ,
2971 4813 3224 4879 Quoniam
3250 4815 3449 4883 peccavi
3472 4815 3580 4870 tibi.
3617 4815 3779 4873 Hunc
3806 4817 3903 4873 iste

2301 4905 2626 4976 interroget,
2656 4905 2724 4960 ab
2763 4905 2868 4960 isto
2906 4914 3111 4976 quzerat
3153 4906 3296 4976 quod
3324 4906 3675 4978 quaerendum
3709 4918 3897 4980 putat,

2303 5007 2359 5052 et
2385 4997 2526 5052 dicat
2551 5015 2565 5051 :
2592 4996 2638 5052 Ο
2665 5006 2721 5052 ιιι
2748 4997 2839 5067 qui
2862 4998 3062 5053 clamas
3081 5039 3097 5065 ,
3127 4997 3272 5054 Sana
3294 4999 3519 5053 animam
3547 5015 3747 5068 meam,
3775 5017 3903 5072 quo-

2303 5093 2442 5146 niam
2465 5092 2665 5162 pcccavi
2695 5093 2825 5160 tibi,
2867 5093 2994 5164 quid
3035 5101 3119 5149 est
3155 5103 3432 5164 peccatum
3461 5095 3486 5147 ἲ
3529 5111 3551 5146 ι
3600 5093 3900 5151 substantia

2303 5187 2512 5258 aliqua,
2551 5203 2620 5242 an
2660 5188 2881 5244 omnino
2923 5188 3218 5244 substantia
3266 5202 3457 5246 carens
3500 5203 3700 5246 nomen
3729 5231 3748 5259 ,
3797 5202 3902 5260 quo

2303 5296 2410 5336 non
2456 5297 2547 5338 res
2571 5323 2585 5347 ,
2629 5297 2740 5336 non
2778 5282 3058 5337 existentia
3084 5322 3100 5349 ,
3131 5295 3238 5336 non
3281 5295 3476 5352 corpus
3504 5281 3722 5352 aliquod
3747 5323 3764 5347 ,
3807 5281 3901 5336 scd

2304 5383 2508 5430 tantum
2544 5389 2824 5444 perperam
2867 5373 2990 5430 facti
3016 5381 3165 5429 actus
3190 5373 3555 5444 exprimitur?
3591 5391 3612 5427 ι
3647 5374 3901 5444 Respon-

2303 5467 2392 5524 det
2419 5467 2506 5523 ille
2552 5485 2566 5520 :
2600 5465 2676 5521 Ita
2713 5475 2796 5522 est
2834 5474 2890 5521 ut
2928 5465 3107 5530 dicis;
3150 5481 3257 5522 non
3293 5475 3377 5522 est
3400 5475 3676 5538 peccatum
3719 5465 3902 5537 aliqua

2303 5561 2616 5626 substantia,
2638 5559 2733 5614 sed
2761 5565 2964 5613 tantum
2985 5559 3084 5614 hoc
3109 5559 3324 5616 nomine
3344 5571 3624 5631 perperam
3651 5555 3785 5614 facti
3809 5573 3902 5614 ac-

2369 5757 2384 5789 ι
2410 5762 2588 5805 Omnes
2607 5752 2716 5804 fere
2734 5761 2861 5811 Mss,
2877 5752 3188 5806 inducantur.

2368 5820 2388 5850 ²
2423 5816 2648 5881 Plerique
2663 5824 2792 5879 Mss,
2814 5830 2958 5870 omni.
