3996 6482
1105 393 1314 424 γρ,

104 488 190 548 257
1550 474 1753 533 LIBER
1791 468 1996 534 UNUS.

106 622 177 667 tus
210 595 577 680 exprimier
626 605 698 663 Et
734 603 1049 662 mutraiste
1087 618 1101 658 :
1142 599 1281 671 Quid
1322 611 1451 671 ergo
1480 598 1718 661 clamas,

111 706 239 761 Sana
273 701 518 757 enim
544 716 718 756 meum
743 741 762 769 ,
788 698 1030 771 quoniam
1055 695 1259 769 peccavi
1287 692 1373 747 tibi
1400 694 1425 747 ?
1447 688 1728 759 Quomodo

114 796 271 869 potuit
304 794 515 850 vitiare
555 792 797 849 animam
841 800 986 848 tuam
1030 788 1171 861 quod
1199 785 1493 843 substantia
1534 782 1728 840 caret?

117 887 294 943 Nonne
315 884 411 941 ille
449 899 701 941 mter-ore
724 881 1004 939 confectus
1030 879 1266 935 vulneris
1297 879 1376 933 sui
1402 917 1418 945 ,
1447 890 1515 932 ne
1537 873 1726 945 dispu-

120 981 310 1036 latione
344 979 419 1034 ab
458 979 718 1034 oratione
752 983 1084 1032 averteretur
1112 1014 1126 1039 ,
1159 974 1393 1029 breviter
1433 967 1729 1041 responde-

122 1084 190 1129 ret
215 1081 273 1128 et
298 1070 517 1127 diceret
553 1088 569 1125 :
600 1068 819 1125 Recede
847 1083 880 1124 a
908 1083 995 1123 me
1014 1109 1029 1134 ,
1071 1065 1296 1121 obsecro
1326 1081 1338 1117 :
1371 1078 1491 1119 cum
1514 1061 1607 1117 illo
1632 1074 1728 1131 po-

124 1170 213 1222 tius
239 1166 464 1238 disputa
486 1204 506 1233 ,
538 1164 585 1219 si
626 1172 781 1235 potes
804 1202 821 1230 ,
859 1162 948 1232 qui
978 1159 1146 1224 dixit,
1186 1156 1308 1212 Non
1338 1166 1410 1212 est
1434 1172 1562 1225 opus
1589 1154 1728 1209 sanis

122 1261 351 1325 medicus,
380 1257 477 1312 sed
497 1254 869 1328 wgrotantibus
902 1270 920 1308 :
945 1270 1046 1307 non
1072 1251 1183 1305 veni
1206 1266 1385 1305 vocare
1399 1250 1567 1320 justas
1588 1287 1605 1314 ,
1637 1244 1727 1301 sed

126 1362 402 1424 peccatores
429 1350 448 1422 (
471 1349 669 1404 Matth.
695 1364 778 1415 ix,
809 1347 897 1412 12,
927 1344 1025 1418 15)
1057 1361 1071 1411 ;
1104 1344 1191 1399 ubi
1220 1343 1394 1414 justus
1420 1341 1601 1412 utique
1640 1352 1731 1394 sa-

129 1461 249 1509 nos,
281 1450 606 1513 peccatores
634 1449 813 1495 autem
848 1437 1132 1507 appellavit
1159 1432 1435 1505 argrotos?

183 1531 421 1589 CAPUT
442 1530 571 1586 XX.
587 1560 662 1572 —
678 1529 771 1583 22.
801 1526 1041 1593 Peccato,
1069 1534 1113 1581 et
1138 1526 1182 1579 si
1202 1522 1483 1579 substantia
1510 1538 1613 1576 non
1640 1521 1727 1589 sit,

133 1624 367 1695 quomoda
394 1623 576 1677 vitiari
600 1629 785 1676 natura
805 1619 1041 1691 potuerit.
1063 1616 1366 1672 Cernitisne
1391 1628 1497 1685 quo
1520 1614 1725 1681 tendat,

136 1727 177 1773 et
221 1732 325 1788 quo
366 1729 577 1770 manus
616 1712 855 1785 porrigat
891 1710 1007 1765 haec
1045 1706 1382 1779 disputatio?
1420 1714 1479 1761 ut
1510 1704 1733 1760 omnino

137 1811 307 1865 frustra
341 1807 562 1863 dictum
600 1814 851 1877 putetur,
905 1800 1117 1856 Vocabis
1146 1815 1326 1855 nomen
1363 1798 1473 1869 ejus
1502 1795 1731 1861 Iesum;

139 1901 374 1971 ipseasius
398 1898 612 1955 salum
643 1898 791 1969 faciet
820 1893 1067 1967 populum
1093 1909 1241 1947 suum
1268 1909 1300 1945 a
1318 1890 1533 1963 peccatis
1556 1903 1732 1944 eorum

141 1994 401 2069 (1ι1.ἱ,21
429 1994 471 2064 ).
504 1989 792 2061 Quomodo
818 1990 962 2045 enim
1001 1988 1210 2043 salvum
1238 1985 1432 2051 faciet,
1465 1982 1555 2038 ubi
1584 1982 1728 2037 nulla

142 2098 205 2142 est
224 2085 494 2158 aegritudo
526 2086 552 2139 ἲ
580 2085 805 2140 Peccata
834 2081 1032 2153 quippe
1051 2122 1066 2145 ,
1113 2094 1143 2132 a
1182 2078 1375 2149 quibus
1401 2076 1531 2133 dicit
1557 2074 1735 2130 Evan-

141 2180 312 2250 gelium
339 2177 567 2233 salvum
600 2174 899 2229 faciendum
928 2171 1178 2243 populum
1204 2169 1408 2225 Christi
1432 2209 1447 2233 ,
1482 2167 1733 2222 substan-

144 2273 212 2325 tia
232 2285 335 2324 non
358 2276 517 2335 sunt,
548 2275 604 2321 et
630 2263 923 2321 secundum
946 2264 1102 2319 istum
1129 2259 1321 2317 vitiare
1354 2274 1460 2315 non
1486 2265 1731 2331 possunt.

144 2361 179 2418 0
208 2360 406 2425 frater,
452 2360 660 2414 bonum
689 2365 770 2412 cst
800 2366 858 2411 ut
896 2353 1203 2410 memineris
1245 2360 1297 2407 te
1338 2366 1457 2407 esse
1484 2350 1734 2406 christia-

145 2471 268 2510 num.
293 2453 552 2511 Credere
572 2451 675 2506 ista
701 2450 928 2505 fortasse
949 2447 1221 2503 sufﬁceret
1244 2463 1258 2499 :
1281 2444 1375 2501 sed
1405 2454 1580 2500 tamen
1611 2444 1735 2514 quia

142 2546 403 2617 disputare
436 2546 523 2599 vis
545 2585 561 2609 ,
594 2557 696 2598 nec
732 2540 918 2608 obest,
953 2540 1062 2595 imo
1090 2540 1253 2594 etiam
1289 2536 1536 2607 prodest,
1566 2535 1610 2590 si
1640 2534 1733 2589 lir-

140 2639 373 2695 missima
416 2636 687 2708 praecedat
730 2634 909 2699 fides;
962 2648 1062 2688 nec
1105 2631 1470 2687 existimemus
1514 2638 1735 2699 peccato

138 2742 396 2787 naturam
420 2733 698 2785 humanam
728 2742 835 2782 non
866 2740 1023 2796 posse
1046 2723 1256 2789 vitiari,
1288 2720 1381 2777 sed
1405 2722 1597 2776 divinis
1625 2735 1737 2776 cre-

141 2826 328 2882 dentes
366 2823 658 2893 Scripturis
709 2828 929 2892 peccato
970 2832 1087 2874 eam
1131 2832 1250 2873 esse
1288 2816 1559 2881 vitiatam,
1598 2828 1733 2884 quo-

144 2917 291 2973 modo
311 2917 367 2972 id
396 2917 519 2972 ﬁeri
546 2915 780 2986 potuerit
804 2912 1152 2983 inquiramus.
1175 2908 1435 2979 Quoniam
1458 2915 1733 2978 peccatum

145 3012 237 3080 iam
261 3009 556 3066 didicimus
582 3023 693 3063 non
721 3020 842 3063 esse
870 3004 1218 3060 substantiam
1250 3020 1265 3068 ;
1294 3015 1471 3056 nonne
1508 2997 1738 3053 attendi-

148 3115 250 3170 tur,
290 3112 351 3157 ut
397 3100 510 3156 alia
557 3099 839 3166 omittam,
868 3098 1026 3153 etiam
1077 3111 1182 3149 non
1226 3092 1581 3159 manducare,
1627 3104 1735 3145 non

149 3211 246 3251 esse
288 3192 661 3250 substantiam
690 3191 716 3245 ?
759 3190 804 3245 A
850 3187 1141 3244 substantia
1181 3186 1375 3256 quippe
1421 3182 1733 3248 receditur;

150 3289 373 3357 quoniam
416 3286 581 3342 cibus
630 3281 923 3338 substantia
966 3289 1069 3337 est.
1110 3278 1213 3334 Sed
1262 3278 1529 3332 abstinere
1556 3291 1587 3330 a
1614 3275 1736 3330 cibo

150 3396 237 3435 non
262 3388 341 3436 est
367 3375 715 3443 substantia,
759 3384 814 3430 et
847 3383 1021 3429 tamen
1051 3370 1344 3426 substantia
1382 3368 1621 3439 corporis
1643 3409 1658 3434 ,
1690 3369 1737 3422 si

151 3476 342 3527 omnino
369 3471 694 3531 abstinetur
714 3482 744 3522 a
777 3467 897 3523 cibo
919 3508 935 3534 ,
966 3466 1035 3521 ita
1059 3464 1390 3535 languescit,
1422 3464 1493 3518 ita
1532 3461 1737 3517 valetu-

151 3567 264 3621 dinis
301 3564 688 3637 inaequalitate
725 3560 1119 3630 corrumpitur,
1152 3558 1223 3612 ita
1262 3556 1572 3613 exhauritur
1598 3555 1736 3609 viri-

149 3675 261 3720 MS.
286 3660 358 3715 ita
387 3656 723 3715 lassitudine
750 3654 1054 3710 debilitatur
1073 3660 1128 3707 et
1151 3649 1432 3720 frangitur,
1477 3654 1533 3702 ut
1564 3648 1607 3701 si
1634 3647 1736 3701 ali-

150 3769 234 3823 quo
260 3752 421 3809 modo
453 3750 725 3823 perduret
749 3749 803 3804 in
830 3748 969 3813 vita,
1002 3745 1086 3801 vix
1115 3744 1283 3815 possit
1310 3743 1375 3797 ad
1405 3757 1527 3799 eum
1559 3742 1735 3796 cibum

152 3850 400 3911 revocari,
460 3842 613 3899 unde
657 3838 974 3895 abstinendo
1012 3837 1193 3891 vitiata
1232 3833 1469 3893 est..Sic
1510 3847 1617 3887 non
1656 3838 1742 3887 est

148 3937 424 3993 substan'ia
447 3942 740 4006 peccatum
772 3950 785 3987 :
814 3931 907 3987 sed
937 3926 1230 3985 substantia
1282 3934 1364 3981 est
1384 3924 1556 3991 Deus,
1594 3938 1741 3978 sum-

151 4043 318 4099 maque
345 4025 661 4085 substantia
684 4064 701 4091 ,
730 4031 782 4079 et
816 4021 963 4078 solus
987 4036 1147 4076 verus
1180 4017 1453 4074 rationalis
1483 4025 1743 4072 creaturae

148 4122 278 4177 cibus
307 4139 323 4187 ;
380 4136 412 4176 a
445 4134 561 4191 quo
590 4132 689 4187 per
730 4113 1144 4171 inobedientiam
1190 4109 1489 4167 recedendo
1512 4151 1528 4175 ,
1565 4117 1619 4164 et
1646 4122 1744 4178 per

150 4210 514 4267 inﬁrmitatem
556 4223 667 4264 non
709 4206 935 4262 valendo
968 4219 1159 4275 capere
1197 4217 1304 4273 quo
1324 4201 1508 4257 debuit
1533 4208 1587 4255 et
1611 4214 1742 4270 gau-

148 4304 286 4373 dare,
314 4304 480 4360 audis
506 4299 956 4374 quemadmodum
986 4298 1128 4354 dicat
1156 4315 1171 4352 :
1199 4295 1506 4351 Percussum
1532 4304 1604 4348 est
1632 4294 1647 4325 ⁸
1670 4292 1745 4346 si—

147 4406 219 4449 cut
239 4398 417 4466 festum
445 4404 498 4450 et
522 4394 658 4447 aruit
683 4409 769 4447 cor
792 4408 977 4457 meum,
1001 4390 1238 4461 quoniam
1259 4387 1439 4442 oblitus
1472 4401 1585 4440 sum
1604 4400 1744 4438 man-

145 4489 315 4543 ducare
348 4504 547 4558 panem
572 4501 739 4539 meum
766 4482 946 4556 (Psal.
970 4497 1042 4553 cr,
1077 4479 1141 4555 5)
1170 4481 1194 4534 ?

205 4579 444 4636 CAPUT
484 4577 637 4633 XXI.
669 4606 739 4616 —
777 4575 868 4631 25.
917 4574 1081 4627 Adam
1145 4571 1331 4626 Christi
1398 4566 1745 4622 misericordia

146 4672 404 4726 liberatus.
487 4668 765 4723 Attendite
845 4673 1021 4720 autem
1089 4660 1358 4734 quomodo
1441 4659 1614 4715 adhuc
1684 4672 1745 4713 se

144 4776 321 4837 urgeat
417 4761 805 4819 verisimilibus
870 4758 1165 4814 rationibus
1219 4763 1405 4811 contra
1458 4752 1745 4823 Scriptura:

144 4872 336 4917 sancta:
393 4858 707 4914 veritatem.
755 4854 1012 4909 Dominus
1068 4851 1225 4907 Jesus
1270 4849 1420 4916 dicit,
1466 4848 1555 4918 qui
1625 4859 1748 4917 pro-

142 4962 313 5022 pterea
367 4951 538 5008 Jesus
579 4955 839 5014 vocatur,
884 4945 1007 5016 quia
1058 4944 1170 5015 ipse
1214 4942 1419 4998 salvum
1473 4939 1599 4995 facit
1647 4953 1746 5008 po-

140 5045 313 5114 pulum
381 5056 545 5096 suum
574 5055 605 5094 a
635 5038 866 5110 peccatis
906 5049 1091 5093 eorum
1120 5052 1135 5088 :
1159 5034 1287 5089 dicit
1336 5046 1463 5103 ergo
1490 5030 1747 5086 Dominus

137 5134 287 5191 Jesus
308 5178 325 5201 ,
370 5132 507 5187 Non
532 5141 606 5186 est
635 5147 763 5200 opus
796 5128 933 5184 sanis
957 5126 1183 5181 medicus
1206 5168 1221 5193 ,
1255 5125 1343 5180 sed
1367 5121 1746 5195 aegrotantibus.

138 5225 255 5282 Non
282 5225 415 5283 veni
434 5240 615 5279 uocare
631 5226 802 5293 justas
824 5263 837 5286 ,
864 5220 955 5275 sed
980 5227 1260 5289 peccatores
1287 5216 1305 5288 (
1331 5215 1513 5270 Matth.
1538 5230 1612 5281 1x,
1642 5215 1710 5268 12
1731 5254 1748 5281 ,

136 5320 202 5376 l3
222 5321 266 5391 ).
296 5317 469 5377 Unde
495 5316 623 5372 dicit
650 5324 706 5371 et
742 5312 1031 5386 Apostolus
1052 5353 1067 5378 ,
1109 5309 1304 5364 Fidelis
1341 5323 1505 5362 sermo
1538 5316 1585 5361 et
1613 5306 1752 5360 omni

133 5412 445 5483 acceptione
486 5408 696 5480 dignus,
736 5406 855 5476 quia
897 5402 1048 5459 Iesus
1089 5401 1315 5457 Christus
1351 5400 1485 5454 venit
1526 5400 1578 5453 in
1620 5399 1753 5451 hunc

134 5504 407 5558 standum
425 5508 711 5572 peccatores
737 5497 901 5552 salvos
925 5495 1092 5566 facere
1116 5494 1135 5563 (
1157 5493 1176 5548 l
1201 5490 1331 5547 Tim.
1354 5508 1395 5559 ι,
1418 5490 1541 5561 15).
1568 5490 1635 5544 Et
1654 5489 1754 5544 iste

134 5606 328 5655 contra
356 5593 582 5651 ﬁdelem
604 5604 907 5649 sermonem
936 5596 990 5645 et
1013 5585 1158 5643 omni
1181 5585 1487 5656 acceptione
1507 5581 1749 5653 dignum,

138 5689 267 5746 dicit
303 5710 327 5744 s
369 5703 483 5744 non
510 5685 762 5742 debuisse
788 5682 926 5738 hanc
953 5678 1318 5751 aegritudinem
1359 5674 1597 5732 contrahi
1626 5688 1755 5745 pec-

136 5782 271 5840 catis
302 5825 323 5852 ,
357 5796 432 5837 ne
459 5778 527 5833 ad
548 5777 654 5834 hoc
678 5784 822 5833 esset
849 5773 949 5830 ista
975 5786 1133 5845 paena
1160 5769 1363 5843 peccati
1389 5811 1404 5837 ,
1431 5775 1488 5825 ut
1513 5765 1756 5823 commit-

200 5956 223 5990 s
258 5954 420 6014 ιωω,
435 5961 699 6018 permissus
718 5960 847 6018 sum.
864 5953 923 5997 At
941 5945 1112 6018 putres
1127 5951 1259 6018 Mss.,_
1276 5954 1560 6018 percussum
1578 5944 1666 6018 est.
1682 5942 1758 5994 sic

139 6031 292 6083 porro
310 6006 638 6082 Δειάὺθῦωῆ
656 6011 885 6067 etiamin
908 6006 1135 6064 cunilam
1156 6006 1413 6073 psaldtum,
1432 6017 1581 6068 Serm.
1610 6006 1653 6053 1.

3311 460 3419 527 238

1835 595 2076 647 terentur
2119 587 2272 658 plura
2314 593 2549 656 peccata.
2588 603 2609 639 ι
2642 585 2912 654 Quatritur
2949 585 3109 642 etiam
3137 585 3156 618 ¹
3184 584 3422 656 parvulis

1832 690 2011 738 tantus
2036 680 2274 735 medicus
2297 679 2581 750 opitulator
2612 697 2625 734 :
2659 689 2713 736 et
2738 681 2838 736 iste
2864 680 3014 748 dicit,
3049 698 3068 732 ‹
3103 678 3241 747 Quid
3270 693 3420 751 quas-

1832 773 1949 829 ritis
1975 774 1999 828 ?
2025 773 2151 830 Sani
2180 782 2305 829 sunt
2332 782 2551 845 prapter
2575 790 2708 845 quos
2730 775 2993 831 medicum
3021 774 3277 846 quaeritis.
3309 772 3421 830 Nec

1833 868 1948 939 ipse
1973 868 2178 939 primus
2199 868 2360 922 homo
2384 867 2504 922 ideo
2525 875 2698 922 morte
2720 867 2998 923 damnatus
3024 876 3142 923 est:
3171 882 3293 922 nam
3324 880 3423 936 po-

1832 968 1946 1015 stea
1990 974 2097 1015 non
2141 960 2397 1029 peccavit.
2432 978 2452 1012 ι
2485 958 2649 1026 Quasi
2676 958 2873 1030 aliquid
2899 967 3080 1029 postea
3116 958 3186 1015 de
3215 956 3424 1029 perfec-

1831 1050 1976 1106 tione
1999 1050 2221 1121 justitia:
2249 1050 2365 1120 ejus
2392 1050 2651 1117 audierit,
2680 1050 2782 1104 nisi
2802 1050 2944 1119 quod
2963 1048 3301 1105 commendat
3321 1048 3425 1104 Ec-

1831 1143 1995 1200 clesia
2031 1151 2085 1199 et
2129 1143 2304 1213 ipsum
2352 1141 2558 1196 Domini
2586 1140 2785 1197 Christi
2826 1140 3189 1197 misericordia
3224 1141 3423 1197 libera-

1832 1242 1966 1289 tum.
2004 1252 2024 1288 ‹
2056 1233 2186 1304 Ejus
2225 1248 2436 1304 quoque
2477 1242 2720 1303 posteros
2754 1251 2773 1285 ι
2809 1232 2908 1288 iste
2932 1232 3092 1297 dicit,
3143 1249 3162 1284 ι
3198 1246 3305 1287 non
3331 1246 3425 1287 so-

1833 1326 1942 1381 lum
1958 1326 2057 1382 illo
2086 1341 2194 1381 non
2216 1341 2335 1381 esse
2361 1326 2682 1381 inﬁrmiores
2702 1366 2719 1394 ,
2750 1324 2844 1382 sed
2872 1326 3031 1381 etiam
3054 1325 3205 1395 plura
3232 1325 3426 1396 imple-

1832 1418 1977 1474 visse
2005 1428 2289 1488 praecepta,
2318 1432 2438 1473 cum
2466 1418 2557 1474 ille
2588 1434 2750 1474 unum
2781 1418 3003 1490 implere
3025 1418 3322 1489 neglexerit
3354 1433 3368 1473 :
3400 1436 3422 1471 ι

1834 1524 1968 1581 quos
2012 1518 2254 1581 posteros
2297 1510 2443 1565 videt
2485 1510 2557 1565 ita
2607 1510 2787 1577 nasci,
2839 1510 3108 1580 quomodo
3149 1517 3294 1565 certe
3337 1508 3429 1564 ille

1835 1602 2007 1658 factus
2032 1618 2139 1658 non
2162 1612 2244 1658 est
2265 1642 2282 1670 ,
2318 1618 2422 1658 non
2451 1603 2624 1658 solum
2652 1604 2903 1673 praecepti
2932 1604 3209 1673 incapaces
3228 1644 3243 1668 ,
3283 1601 3429 1673 quod

1835 1697 2054 1752 omnino
2084 1711 2189 1752 non
2228 1697 2494 1763 sentiunt,
2540 1696 2633 1751 sed
2677 1697 2765 1750 vix
2790 1710 3013 1766 capaces
3055 1696 3264 1766 papillae
3302 1709 3428 1750 cum

1837 1788 2115 1854 esuriunt;
2160 1802 2255 1843 eos
2282 1796 2459 1843 tamen
2487 1788 2540 1841 in
2581 1786 2769 1841 matris
2797 1786 3049 1842 Ecclesia:
3075 1786 3279 1856 gremio
3306 1798 3432 1840 cum

1838 1885 2016 1942 salvos
2042 1885 2207 1956 gratia
2238 1900 2333 1940 sua
2363 1882 2540 1939 facere
2564 1882 2727 1949 velit,
2753 1882 2844 1953 qui
2872 1882 3077 1936 salvum
3105 1880 3232 1935 facit
3260 1894 3432 1950 popu-

1839 1976 1947 2032 lum
1976 1992 2130 2031 suum
2161 1991 2190 2029 a
2223 1975 2458 2047 peccatis
2483 1990 2672 2030 eorum
2692 2016 2707 2042 ,
2746 1974 3117 2030 contradicunt
3144 1971 3389 2028 homines
3408 2009 3429 2039 ,

1838 2077 1892 2125 et
1917 2067 2070 2139 quasi
2095 2076 2415 2134 creaturam,
2437 2082 2557 2138 quae
2584 2082 2679 2137 per
2700 2066 2851 2121 illum
2872 2065 3086 2121 condita
3111 2070 3213 2131 est,
3237 2063 3435 2119 melius

1845 2162 1941 2217 illo
1966 2162 2232 2232 inspicere
2260 2160 2526 2229 noverint,
2553 2174 2684 2216 voce
2707 2174 2812 2215 non
2839 2173 2969 2214 sana
2990 2173 3151 2215 sanos
3168 2172 3289 2219 esse
3305 2170 3433 2230 prm

1839 2253 2110 2309 nuntiant.

1846 2373 1855 2401 ι
1909 2344 2138 2402 CAPUT
2177 2343 2537 2401 ΧΧιι.-24.
2578 2343 2728 2398 Idem
2767 2352 3027 2415 peccatum
3055 2352 3101 2397 et
3129 2357 3277 2414 pana
3317 2358 3436 2413 pec-

1838 2440 1956 2493 cati.
1991 2457 2010 2489 t
2050 2438 2325 2494 Materiam
2355 2436 2560 2507 peccati
2590 2456 2610 2489 ι
2641 2437 2769 2493 dicit
2804 2455 2824 2488 ι
2862 2451 2981 2492 esse
3022 2435 3347 2501 vindictam,
3388 2435 3438 2492 si

1839 2529 1906 2585 ad
1936 2528 2038 2585 hoc
2067 2536 2315 2599 peccator
2341 2529 2637 2583 intirmatus
2661 2538 2779 2594 est,
2814 2536 2873 2583 ut
2906 2528 3055 2598 plura
3099 2535 3367 2598 peccaret.
3408 2544 3429 2580 ι

1838 2619 1948 2676 Nec
1980 2622 2179 2689 cogitat
2200 2619 2661 2691 praevaricatorem
2691 2619 2823 2689 legis
2850 2634 3008 2690 quam
3033 2618 3192 2690 digne
3220 2620 3310 2674 lux
3331 2618 3431 2675 de-

1840 2720 1985 2767 serat
2003 2711 2242 2767 veritatis
2271 2729 2284 2776 ;
2309 2725 2411 2782 qua
2440 2710 2685 2766 desertus
2711 2710 2895 2781 utique
2915 2710 2973 2765 lit
2999 2725 3174 2766 caecus
3193 2752 3208 2776 ,
3236 2718 3291 2767 et
3313 2712 3435 2781 plus

1840 2820 2062 2861 necesse
2090 2814 2174 2860 est
2201 2804 2434 2859 oliendat
2457 2846 2472 2870 ,
2503 2813 2558 2860 et
2575 2803 2813 2859 cadendo
2831 2814 3075 2873 vexetur,
3105 2813 3434 2877 vexatusque

1843 2912 1950 2953 non
1995 2907 2212 2968 surgat,
2245 2906 2303 2953 ut
2330 2898 2448 2953 ideo
2486 2905 2686 2952 tantum
2716 2896 2896 2951 audiat
2923 2911 3109 2953 vocem
3142 2897 3294 2968 legis,
3327 2912 3436 2967 quo

1842 2989 2193 3045 admoneatur
2232 2988 2518 3058 implorare
2545 2988 2767 3059 gratiam
2816 2986 3127 3044 Salvatoris.
3166 2989 3248 3044 An
3285 2988 3438 3046 nulla

1844 3095 2000 3151 poena
2040 3089 2123 3137 est
2167 3094 2388 3145 eorum,
2434 3079 2502 3135 de
2546 3079 2739 3150 quibus
2774 3078 2903 3134 dicit
2941 3079 3259 3150 Apostolus,
3300 3080 3438 3147 Quia

1843 3188 1960 3226 cum
1981 3172 2322 3243 cognovissent
2343 3170 2525 3237 Deum,
2559 3187 2660 3225 non
2682 3171 2810 3225 sicut
2836 3170 3001 3225 Deum
3026 3170 3437 3242 gloriﬁcaverunt

1848 3274 1938 3318 aut
1970 3264 2161 3335 gratias
2200 3271 2451 3334 egerunt;
2491 3262 2578 3316 sed
2617 3271 2926 3316 evanuerunt
2962 3262 3015 3315 in
3056 3263 3439 3333 cogitationibus

1845 3357 1972 3422 suis,
1993 3364 2040 3409 et
2066 3355 2385 3410 obscuratum
2407 3363 2480 3409 est
2504 3354 2742 3425 insipiens
2766 3371 2854 3407 cor
2875 3370 3047 3409 eorum
3068 3354 3095 3409 ?
3124 3354 3319 3425 Utique
3338 3356 3438 3411 ista

1845 3446 2146 3501 obscuratio
2192 3444 2421 3499 vindicta
2450 3453 2505 3498 et
2533 3459 2690 3514 paena
2723 3443 2834 3514 jam
2864 3442 2965 3497 fuit
3004 3461 3018 3497 :
3050 3452 3105 3498 ct
3133 3453 3309 3499 tamen
3342 3459 3439 3513 per

1847 3539 1983 3594 hanc
2012 3553 2222 3609 poenam
2248 3580 2263 3605 ,
2297 3536 2351 3593 id
2391 3545 2506 3604 est,
2540 3552 2633 3607 per
2661 3536 2838 3593 cordis
2868 3537 3163 3592 cmeitalem
3184 3577 3199 3603 ,
3230 3552 3349 3607 quae
3380 3538 3440 3591 lit

1845 3630 2127 3686 deserente
2173 3630 2288 3685 lucc
2318 3628 2614 3699 sapientiai,
2647 3628 2701 3683 in
2732 3628 2879 3700 plura
2922 3636 2978 3683 et
3013 3627 3192 3699 gravia
3219 3636 3441 3699 peccata

1846 3721 2068 3792 collapsi
2113 3728 2257 3776 sunt.
2289 3719 2523 3775 Dicentes
2551 3719 2683 3774 enim
2728 3736 2782 3774 se
2820 3735 2926 3773 esse
2972 3720 3250 3791 sapientes,
3299 3720 3442 3776 stulti

1848 3815 1972 3886 facti
2016 3822 2150 3869 sunt.
2198 3811 2385 3868 Gravis
2416 3812 2530 3867 haec
2558 3826 2715 3882 ptena
2758 3820 2879 3877 est,
2912 3811 2957 3867 si
2987 3811 3105 3882 quis
3144 3812 3438 3884 intelligat,

1846 3913 1903 3961 et
1930 3922 1995 3961 cx
2025 3906 2125 3960 hac
2167 3919 2325 3976 poena
2369 3904 2490 3960 vide
2529 3920 2635 3975 quo
2660 3905 2838 3961 ierunt
2866 3922 2878 3957 :
2911 3905 2979 3958 Et
3020 3905 3438 3975 immutaverunt,

1846 3998 2037 4070 inquit,
2062 3998 2277 4072 gloriam
2298 4000 2691 4071 incorruptibilis
2717 3999 2813 4054 Dei
2832 4000 2886 4054 in
2904 4000 3288 4057 similitudinem
3312 4003 3441 4057 ima-

1846 4094 1977 4165 ginis
1997 4092 2336 4164 corruptibilis
2363 4093 2578 4147 haminis
2602 4135 2617 4159 ,
2648 4102 2695 4147 et
2731 4094 2991 4149 volucrum
3014 4137 3030 4163 ,
3070 4104 3117 4149 et
3152 4095 3441 4169 quadrupe-

1846 4184 1998 4252 dum,
2040 4194 2087 4237 et
2124 4185 2447 4254 serpentium.
2489 4184 2591 4239 Ista
2643 4184 2880 4241 fecerunt
2919 4201 2984 4241 ex
3024 4188 3225 4256 peccati
3252 4202 3434 4258 poena,

1844 4291 1947 4347 qua
1964 4276 2281 4330 obscuratum
2304 4285 2377 4330 est
2405 4276 2646 4345 insipiens
2671 4292 2758 4329 cor
2774 4293 2966 4331 eorum.
2986 4276 3054 4331 Et
3084 4286 3299 4348 propter
3322 4277 3441 4334 haec

1848 4378 2023 4424 tamen
2048 4409 2064 4435 ,
2091 4368 2215 4438 quia
2244 4368 2370 4423 licet
2398 4367 2627 4436 poenalia
2646 4409 2661 4435 ,
2692 4368 2851 4422 etiam
2885 4368 2997 4437 ipsa
3024 4378 3238 4438 peccata
3279 4380 3438 4440 sunt,

1846 4463 2087 4534 adjungit
2112 4470 2166 4517 et
2188 4461 2317 4517 dicit
2350 4479 2363 4516 :
2393 4460 2673 4530 PrOpterea
2701 4461 2909 4514 tradidit
2930 4462 3045 4515 illos
3069 4460 3209 4518 Deus
3230 4464 3281 4517 in
3303 4463 3442 4518 desi-

1847 4556 1989 4609 deria
2021 4555 2189 4610 cordis
2222 4552 2449 4621 illarum,
2495 4552 2551 4606 in
2588 4553 2984 4607 immunditiam.
3014 4554 3155 4610 Ecce
3177 4554 3439 4626 quemad-

1848 4648 2067 4704 modum
2113 4648 2252 4702 Deus
2279 4646 2493 4717 gravius
2518 4644 2929 4712 condemnavit,
2982 4645 3198 4701 tradens
3238 4646 3357 4702 illos
3384 4648 3442 4705 in

1850 4741 2111 4797 desideria
2157 4740 2333 4796 cordis
2383 4740 2636 4805 illorum,
2691 4740 2746 4795 in
2795 4740 3203 4795 immunditiam.
3252 4739 3444 4798 Videte

1851 4834 2011 4888 etiam
2039 4848 2107 4888 ex
2132 4831 2233 4887 hac
2257 4846 2414 4902 paena
2442 4847 2560 4902 qua:
2588 4833 2609 4863 ²
2638 4830 2833 4886 faciant
2861 4848 2874 4885 :
2908 4830 2977 4887 Ut
3000 4830 3333 4902 contumeliis,
3363 4834 3444 4892 iu-

1853 4926 2001 4996 quit,
2029 4924 2259 4995 afﬁciant
2284 4940 2500 4995 corpora
2522 4940 2616 4978 sua
2640 4924 2694 4978 in
2722 4924 3019 4996 semetipsis.
3044 4924 3113 4979 Et
3136 4926 3258 4996 quia
3285 4941 3445 4997 paena

1853 5023 1934 5071 est
1972 5016 2072 5070 ista
2104 5015 2395 5086 iniquitatis
2416 5057 2430 5083 ,
2462 5031 2585 5072 cum
2626 5016 2696 5072 sit
2733 5025 2788 5073 et
2828 5016 3112 5088 iniquitas,
3144 5017 3446 5075 evidentius

1854 5107 2193 5164 commendat
2239 5107 2422 5164 dicens
2469 5127 2483 5164 :
2539 5108 2641 5176 Qui
2691 5116 3148 5163 transmutaverunt
3188 5109 3443 5165 veritatem

1857 5202 1953 5257 Dei
1983 5204 2035 5255 in
2061 5201 2409 5265 mendacium,
2442 5210 2487 5255 et
2527 5201 2787 5255 coluerunt
2811 5210 2859 5255 et
2900 5202 3172 5256 servierunt
3200 5212 3448 5256 creatum

1859 5295 2027 5366 potius
2065 5310 2217 5364 quam
2257 5293 2517 5361 Creatori,
2560 5294 2647 5364 qui
2691 5302 2764 5348 est
2801 5293 3091 5348 benedictus
3136 5294 3188 5348 in
3232 5294 3441 5348 stecula.

1857 5390 2036 5445 Amen.
2068 5386 2286 5457 Propter
2313 5387 2406 5441 hoc
2429 5428 2444 5453 ,
2478 5386 2683 5456 inquit,
2715 5386 2922 5441 tradidit
2948 5385 3084 5441 Deus
3109 5386 3223 5441 illos
3249 5386 3304 5439 in
3327 5400 3449 5457 pas-

1858 5483 2026 5537 siones
2063 5481 2373 5552 ignominiaz.
2409 5479 2545 5535 Ecce
2572 5480 2779 5551 quoties
2814 5479 3045 5535 vindicat
3078 5478 3215 5535 Deus
3239 5519 3254 5544 ,
3287 5487 3343 5532 et
3377 5492 3447 5534 ex

1861 5574 2048 5630 eadem
2071 5573 2301 5629 vindicta
2335 5573 2482 5642 plura
2507 5579 2562 5628 et
2587 5572 2828 5643 graviora
2852 5578 3069 5641 peccata
3097 5575 3446 5640 consurgunt.

1864 5664 2005 5720 Nam
2027 5666 2230 5736 femine
2255 5682 2428 5720 eorum
2469 5665 2854 5718 immutaverunt
2890 5660 3170 5717 naturalem
3206 5677 3355 5715 usum
3392 5661 3449 5717 in

1863 5775 1978 5814 eum
2020 5776 2167 5813 usum
2200 5759 2283 5830 qui
2313 5768 2384 5812 est
2423 5767 2598 5812 contra
2622 5766 2853 5813 naturam
2882 5773 2899 5813 :
2927 5754 3155 5811 similiter
3189 5762 3361 5811 autem
3400 5760 3451 5812 et

1932 5936 1948 5969 ί
1968 5935 2041 5986 sic
2064 5942 2167 5987 Mss.
2192 5941 2247 5997 At
2270 5934 2405 5994 editi,
2424 5946 2554 5997 ergo.

1933 6002 1953 6033 ι
1975 5997 2114 6052 Bditi,
2132 5996 2269 6057 quid.
2292 5996 2481 6061 Atlas,
2505 6007 2631 6061 quis.

3287 5996 3296 6004 .
3374 5976 3435 6006 πὶ
