3996 6490
563 501 781 560 masculi
797 500 972 560 relicto
998 495 1219 556 naturali
1245 509 1344 552 usu
1363 494 1582 569 feminae,
1604 502 1895 551 exarserunt
1918 495 1973 549 in
1991 507 2150 564 appe-

563 595 712 652 titum
727 613 875 652 suum
887 596 942 649 in
963 593 1196 660 inuicem,
1216 590 1431 645 masculi
1453 589 1507 643 in
1521 587 1772 642 masculos
1781 586 2149 658 deformitatem

563 699 848 764 operantcs.
893 691 1065 759 Atque
1092 696 1152 742 ut
1169 683 1483 741 ostenderet
1509 681 1588 737 sic
1609 695 1731 737 esse
1761 680 1861 734 ista
1889 685 2105 749 peccata
2131 717 2148 746 ,

560 791 620 840 ut
645 784 803 838 etiam
831 794 1005 851 prauae
1031 778 1138 834 sint
1161 784 1529 848 peccatorum,
1561 775 1721 830 etiam
1749 771 1831 826 his
1856 768 2098 841 adiunxit
2126 785 2143 823 :

561 875 631 931 Et
667 873 943 928 mercedem
981 880 1207 926 mutuam
1234 912 1249 936 ,
1289 884 1439 940 quam
1476 866 1695 937 aportuit
1715 905 1730 933 ,
1761 864 1945 919 erroris
1965 861 2053 917 rsui
2091 862 2148 916 in

559 965 838 1038 semetipsis
866 966 1176 1035 recipientcs.
1205 961 1394 1017 Videte
1429 960 1638 1032 quoties
1658 957 1912 1026 vindicet,
1939 955 2149 1012 eadem-

557 1071 662 1131 que
686 1058 918 1115 vindicta
957 1071 1076 1129 quze
1117 1056 1288 1126 pariat
1321 1055 1646 1125 pulluletque
1676 1060 1924 1123 peccata.
1958 1049 2148 1105 Adhuc

556 1150 813 1207 attendite
859 1169 873 1205 :
915 1150 981 1204 Et
1015 1151 1146 1202 sicut
1179 1163 1281 1202 non
1317 1146 1684 1217 probauerunt,
1727 1143 1938 1214 inquit,
1978 1140 2146 1194 Deum

559 1243 740 1299 habere
763 1243 817 1296 in
847 1243 1025 1296 notitia
1047 1284 1063 1308 ,
1092 1241 1302 1295 tradidit
1325 1240 1442 1294 illos
1467 1239 1606 1294 Deus
1639 1238 1692 1291 in
1715 1235 1983 1306 reprobam
2008 1249 2149 1288 men-

561 1344 660 1389 tem
683 1375 699 1401 ,
746 1343 802 1388 ut
825 1335 1014 1405 faciant
1039 1347 1152 1404 qua:
1178 1349 1280 1387 non
1307 1331 1631 1396 conveniunt,
1666 1328 1881 1399 repletos
1909 1326 2046 1382 omni
2070 1326 2152 1379 in-

555 1425 765 1498 iquitate
783 1467 797 1493 ,
826 1442 940 1480 cum
964 1426 1408 1491 circumventione,
1437 1423 1662 1488 malitia,
1696 1421 1940 1487 avaritia,
1974 1420 2149 1489 plenos

557 1520 780 1587 invidia,
811 1519 1103 1585 homicidio,
1128 1519 1471 1584 contentione,
1503 1516 1622 1571 dolo
1643 1557 1658 1580 ,
1685 1514 2027 1585 malignitate,
2057 1527 2148 1566 su-

553 1623 820 1679 surrones,
849 1611 1176 1678 dctractorcs,
1199 1609 1310 1665 'Dco
1346 1608 1584 1674 odibiles,
1606 1604 2020 1670 contumeliosos,
2055 1615 2146 1658 su-

556 1705 759 1777 perbos,
779 1704 937 1759 elatos
959 1705 1275 1770 ;inucntorcs
1293 1701 1544 1756 malorum
1558 1741 1572 1767 ,
1598 1698 1887 1771 parentibus
1909 1712 2010 1751 non
2032 1695 2150 1749 obc-

556 1795 748 1852 llientcs
781 1839 796 1864 ,
833 1797 1159 1866 insipientes,
1195 1793 1556 1863 incompositos
1578 1833 1595 1860 ,
1634 1792 1744 1846 sine
1776 1787 1964 1857 affectu
1985 1829 2000 1856 ,
2040 1787 2150 1842 sine

556 1887 906 1944 misericordia
931 1887 1189 1958 (ROMJ,
1232 1885 1458 1955 21-51).
1500 1883 1599 1939 llic
1639 1897 1779 1938 nunc
1830 1883 1933 1937 iste
1970 1878 2144 1950 dicat,

559 2001 584 2038 s
627 1982 746 2039 Non
769 1982 956 2039 debuit
981 1983 1058 2037 sic
1083 1980 1342 2037 vindicari
1365 1985 1664 2050 peccatum,
1692 1983 1752 2031 ut
1780 1983 2029 2046 peccator
2047 1986 2148 2045 per

553 2075 844 2134 vindictam
871 2076 1022 2147 plura
1047 2073 1423 2130 committeret.
1455 2091 1478 2125 ο

628 2167 858 2224 CAPUT
893 2165 1084 2223 XXIII.
1105 2188 1177 2207 ——
1193 2166 1284 2222 25.
1328 2163 1450 2218 Non
1471 2163 1654 2219 deserit
1680 2159 1820 2215 Deus
1843 2157 2147 2230 nisi'dignos

557 2259 742 2316 deseri.
776 2259 859 2314 Ad
908 2258 1217 2331 peccandum
1254 2256 1396 2310 nobis
1423 2255 1522 2326 ipsi
1559 2253 1867 2324 sufficimus;
1906 2250 1976 2304 ad
1997 2249 2149 2322 justi-

557 2354 682 2409 tiam
705 2367 819 2408 vero
841 2359 906 2406 ut
935 2351 1216 2416 redeamus,
1250 2363 1352 2402 non
1384 2347 1523 2401 item.
1557 2344 1700 2400 Mors
1732 2357 1886 2414 paena
1923 2349 2017 2408 cst,
2045 2355 2149 2395 non

552 2463 709 2505 causa
729 2446 1214 2520 pcccati.1i‘ortasse
1233 2439 1585 2513 respondeat,
1620 2439 1790 2494 Deum
1816 2436 1883 2492 ad
1910 2437 2010 2492 ista
2038 2449 2148 2490 non

551 2548 765 2610 cogere,
812 2535 908 2592 sed
949 2535 1138 2605 dignos
1165 2531 1348 2600 deseri
1373 2537 1588 2584 tantum
1623 2526 1896 2582 deserere.
1944 2523 2000 2580 Si
2041 2521 2148 2578 hoc

551 2629 702 2696 dicit,
738 2628 1018 2685 verissime
1059 2625 1223 2681 dicit:
1254 2621 1456 2678 deserti
1500 2620 1719 2692 quippe,
1760 2626 1822 2676 ut
1864 2615 1997 2682 dixi,
2029 2615 2149 2671 luce

549 2719 770 2794 iustitia:
811 2728 863 2775 et
889 2733 985 2790 per
1011 2717 1112 2772 hoc
1153 2711 1523 2772 contene‘brati
1561 2709 1688 2781 quid
1717 2708 1928 2779 pariant
1967 2705 2144 2773 aliud,

550 2830 713 2888 quam
738 2810 1082 2878 haec'omnia,
1111 2823 1232 2880 quae
1259 2801 1679 2862 commemoravi
1703 2815 1867 2872 opera
1895 2798 2145 2855 tenebra—

549 2917 695 2974 rum,
725 2905 896 2961 donec
923 2903 1132 2958 dicatur
1159 2900 1260 2964 eis,
1282 2899 1328 2953 si
1347 2897 1490 2953 dioto
1514 2894 1821 2960 obaudiunt,
1853 2892 2038 2963 Surge,
2061 2891 2148 2961 qui

551 2999 765 3064 dormis,
797 3005 843 3050 et
872 3009 1084 3064 exsurge
1110 3005 1143 3046 α
1170 2990 1402 3055 mortuis,
1441 2996 1493 3042 et
1519 2984 1825 3042 illuminabit
1850 2993 1896 3038 te
1919 2982 2148 3038 Christus

551 3089 774 3164 ('Ephes.
799 3104 854 3155 v,
883 3088 1020 3158 i4)?
1049 3086 1285 3142 Mortuos
1305 3083 1513 3139 Veritas
1547 3080 1697 3145 dicit,
1726 3078 1868 3134 unde
1891 3087 1974 3135 est
1996 3085 2054 3132 et
2078 3076 2146 3130 il-

550 3181 663 3249 lud,
698 3180 824 3236 Sine
859 3187 1080 3233 mortuos
1122 3175 1333 3248 sepelire
1370 3181 1592 3228 mortuos
1627 3187 1744 3226 suos
1784 3167 1998 3243 (Matth.
2027 3181 2144 3236 vm,

549 3271 643 3344 22)
672 3289 686 3326 :
709 3281 949 3327 mortuos
974 3283 1102 3338 ergo
1121 3266 1333 3322 Veritas
1358 3263 1506 3332 dicit,
1526 3277 1659 3333 quos
1679 3261 1780 3317 iste
1799 3259 1928 3315 dicit
1951 3258 2072 3314 laedi
2091 3266 2148 3314 et

551 3363 728 3420 vitiari
779 3377 885 3418 non
916 3360 1163 3432 potuisse
1215 3365 1451 3429 peccato,
1505 3355 1628 3427 quia
1672 3353 1918 3409 videlicet
1959 3350 2148 3407 didicit

549 3467 831 3530 peccatum
881 3470 987 3510 non
1027 3468 1147 3510 esse
1177 3450 1548 3507 substantiam.
1581 3447 1749 3502 Nemo
1795 3446 1844 3500 ei
1885 3443 2034 3511 dicit,
2074 3443 2147 3498 sic

552 3550 805 3606 hominem
832 3553 1039 3620 factum,
1075 3554 1130 3598 ut
1151 3545 1212 3598 de
1227 3542 1433 3614 justitia
1461 3541 1660 3608 quidem
1698 3547 1864 3609 posset
1887 3537 1941 3590 in
1970 3552 2146 3607 pecco.

553 3649 661 3700 tum
689 3643 783 3703 ire,
830 3648 877 3694 et
903 3640 966 3692 de
995 3633 1200 3708 peccato
1223 3636 1292 3688 ad
1312 3633 1568 3704 justitiam
1605 3631 1772 3685 redire
1808 3646 1910 3684 non
1941 3637 2147 3698 posset:

549 3733 648 3793 sed
677 3733 812 3788 ut-in
839 3737 1110 3801 peccatum
1139 3728 1258 3792 iret,
1283 3724 1488 3781 suifecit
1507 3723 1557 3779 ei
1585 3723 1810 3777 liberum
1840 3721 2142 3790 arbitrium,

551 3841 660 3899 quo
703 3840 764 3881 se
802 3824 917 3894 ipse
954 3820 1188 3885 vitiavit;
1227 3827 1287 3874 ut
1327 3825 1504 3872 autem
1548 3815 1732 3872 redeat
1769 3815 1837 3871 ad
1861 3814 2142 3885 justitiam,

550 3931 688 3989 Opus
729 3916 890 3972 habet
936 3911 1165 3978 medico,
1215 3909 1465 3981 quoniam
1507 3921 1667 3963 sanus
1705 3922 1815 3962 non
1854 3915 1968 3974 est;
2007 3921 2146 3976 opus

550 4011 716 4068 habet
753 4007 1100 4071 vivificatore,
1147 4004 1265 4075 Quia
1313 4008 1556 4057 mortuus
1594 4010 1695 4056 est.
1726 4000 1805 4055 De
1837 4013 1940 4070 qua
1976 3999 2144 4070 gratia

548 4102 771 4158 omnino
814 4098 947 4155 nihil
977 4099 1077 4153 iste
1104 4096 1253 4162 dicit,
1301 4094 1452 4166 quasi
1495 4094 1607 4150 sola
1650 4103 1745 4150 sua
1772 4093 2042 4148 voluntate
2083 4103 2144 4147 se

549 4195 724 4269 possit
765 4208 974 4259 sanare,
1007 4191 1128 4262 quia
1165 4203 1292 4246 eum
1331 4189 1500 4258 potuit
1551 4186 1662 4242 sola
1690 4186 1894 4241 vitiare.
1938 4185 2052 4240 Non
2091 4183 2143 4239 ei

550 4287 796 4353 dicimus,
823 4294 1032 4340 mortcnt
1057 4281 1282 4354 corporis
1308 4280 1377 4334 ad
1405 4287 1664 4351 peccatum
1703 4277 1886 4345 valere,
1915 4276 2004 4332 ubi
2030 4276 2141 4330 sola

547 4381 786 4438 vindicta
824 4387 939 4444 est;
985 4392 1142 4432 nemo
1166 4374 1308 4430 enim
1351 4377 1535 4444 peccat
1567 4383 1794 4441 corpore
1823 4369 2137 4425 moriendo:

549 4474 646 4533 sed
675 4472 742 4528 ad
781 4478 1060 4543 peccatum
1086 4468 1225 4522 valet
1271 4479 1418 4521 mors
1459 4465 1688 4529 amimae,
1719 4477 1877 4534 quam
1909 4461 2142 4518 deseruit

549 4567 660 4627 vita
689 4581 804 4631 sua,
834 4567 935 4620 hoc
960 4572 1062 4628 est,
1085 4562 1227 4616 Deus
1255 4559 1390 4630 ejus,
1418 4573 1537 4629 quae
1576 4569 1796 4612 necesse
1825 4566 1908 4611 est
1933 4561 2140 4610 mortua

549 4673 716 4732 Opera
758 4657 934 4724 faciat,
965 4655 1136 4711 donec
1174 4652 1373 4709 Christi
1400 4651 1567 4722 gratia
1605 4650 1902 4706 reviviscat.
1929 4648 2142 4702 Famem

552 4762 602 4810 c't
626 4752 762 4808 sitim
804 4759 851 4804 et
886 4757 1091 4804 crateras
1114 4746 1370 4801 molestias
1395 4744 1704 4815 corporales,
1746 4742 1884 4797 absit
1917 4741 2144 4797 utdica—

553 4857 676 4903 mus
720 4842 1062 4898 necessitatem
1114 4839 1295 4894 habere
1333 4836 1594 4910 peccandi,
1641 4836 1832 4906 quibus
1886 4835 2142 4890 molestiis

554 4937 848 4996 exercitata
887 4934 996 4990 vita
1031 4933 1298 5005 iustorum
1342 4929 1672 5002 splendidius
1705 4929 1916 4997 enituit,
1959 4940 2013 4985 et
2051 4942 2142 4986 eas

553 5043 651 5103 per
679 5027 984 5100 patientiam
1007 5022 1314 5096 superando
1335 5021 1591 5092 majorem
1617 5020 1838 5091 gloriam
1864 5029 2142 5091 compara-

550 5122 666 5188 vit;
695 5119 793 5177 sed
822 5118 1001 5190 adjuta
1038 5117 1206 5189 gratia
1233 5115 1350 5182 Dei,
1383 5112 1576 5193 adiuta
1603 5113 1791 5184 spiritu
1813 5112 1933 5179 Dei,
1963 5113 2142 5182 adjuta

551 5212 919 5272 misericordia
933 5210 1039 5268 Dei
1059 5227 1073 5278 ;
1102 5221 1210 5266 non
1235 5207 1465 5281 superba
1484 5208 1757 5263 voluntate
1774 5205 2139 5272 seextollens,

553 5310 648 5366 sed
688 5307 872 5364 humili
910 5303 1246 5363 confessione
1273 5301 1638 5359 fortitudinem
1667 5315 1999 5372 promerens.
2031 5297 2142 5353 No-

553 5409 706 5458 verat
733 5399 877 5456 enim
907 5398 1016 5455 Deo
1051 5396 1250 5462 dicere,
1286 5395 1540 5462 Quoniam
1587 5403 1642 5449 tu
1683 5410 1734 5449 es
1761 5392 2004 5465 patientia
2033 5405 2144 5444 mea

549 5491 889 5568 (PsalJJX,
913 5490 992 5565 5).
1023 5491 1099 5546 De
1123 5505 1224 5561 qua
1251 5490 1418 5562 gratia
1449 5497 1502 5545 et
1531 5486 1795 5558 adiutorio
1837 5493 1892 5541 et
1923 5483 2141 5539 miseri-

549 5587 758 5656 cordia,
799 5587 917 5642 sine
945 5599 1048 5656 qua
1086 5583 1223 5641 bene
1266 5599 1372 5638 non
1400 5593 1686 5654 possumus
1711 5579 1913 5643 vivere,
1960 5576 2142 5631 nescio

549 5693 722 5752 quare
749 5679 848 5734 iste
876 5678 1093 5733 omnino
1122 5675 1254 5736 nihil
1277 5674 1408 5729 dicit
1431 5691 1444 5727 :
1471 5673 1579 5726 imo
1607 5669 1768 5726 etiam
1788 5667 1932 5723 velut
1951 5668 2051 5724 sibi
2076 5667 2142 5725 ad

546 5761 816 5845 1justitiam
849 5770 1222 5835 sufficientem,
1251 5767 1297 5823 si
1317 5766 1434 5822 sola
1465 5765 1707 5820 voluntas
1731 5761 1868 5818 adsit
1884 5761 1925 5832 ί,
1951 5761 2140 5818 defen-

627 5889 645 5919 ⁸
671 5895 802 5946 Lov.,
823 5886 866 5937 si
889 5885 1104 5936 voluntas
1135 5897 1223 5937 sua
1261 5880 1406 5933 adsit.
1442 5877 1669 5938 Editialii
1713 5885 1768 5930 te
1816 5884 1928 5939 MSS.
1972 5875 2143 5932 sisola

537 5948 768 6021 Minutas
791 5947 936 6000 adsit.

1525 376 1618 436 na
1653 375 1940 437 unum
1976 369 2068 434 ar
2105 372 2388 444 GRATIA,
2413 375 2473 434 s.
2513 372 2889 437 AUGUSTth
2935 330 2937 333 ’

3736 380 3842 445 260

2249 490 2434 547 dendo
2485 502 2763 561 naturam,
2812 493 2996 565 gratiae
3046 492 3280 562 Christi,
3323 481 3427 566 qua
3461 495 3838 572 justillcamur,

2255 587 2591 656 apertissime
2623 588 2973 644 contradicit.
3001 587 3115 643 Cur
3149 597 3327 646 autem
3369 591 3546 650 soluto
3575 605 3683 662 per
3703 609 3842 665 -gra~

2255 678 2382 733 tiam
2407 679 2612 749 peccati
2647 689 2798 736 reatu
2815 680 2893 736 ad
2920 678 3356 738 exercitationem
3384 681 3509 740 fidei
3527 699 3680 742 mors
3712 700 3838 746 cor-

2255 772 2404 841 poris
2447 780 2682 838 maneat,
2731 772 2974 844 quamvis
3002 772 3208 830 venerit
3252 772 3323 830 de
3355 785 3605 845 peccatu,
3625 777 3742 846 iam
3776 787 3844 836 'et

2253 862 2357 918 hoc
2400 863 2454 918 in
2480 863 2585 919 illis
2633 863 2700 919 ad
2743 871 2943 921 sanctae
2972 864 3245 920 memorias
3284 864 3646 926 Marcellinum
3671 868 3751 942 (ο)
3781 870 3841 926 li-

2252 957 2384 1023 bris,
2413 965 2473 1012 ιιι
2489 957 2652 1025 valui,
2679 957 2908 1013 disserui
2932 959 2950 1028 (
2958 958 3032 1013 De
3069 957 3404 1015 Peccator-um
3427 959 3629 1017 .Hcritis
3656 972 3702 1018 et
3735 961 3840 1018 Re-

2252 1049 2512 1115 missione,
2535 1049 2623 1105 lib.
2650 1049 2784 1117 2,13.
2811 1049 3025 1123 ιιι-56).

2321 1141 2548 1198 CAPUT
2586 1141 2776 1198 XXIV.
2805 1171 2880 1183 -—
2907 1141 3005 1199 26.
3045 1140 3278 1199 Christus
3317 1151 3545 1198 mortuus
3577 1151 3836 1215 potestate.

2251 1233 2427 1290 Etiam
2446 1236 2581 1290 mala
2605 1235 2698 1291 Dei
2711 1237 3063 1293 misericordia
3085 1247 3311 1307 prosunt.
3334 1236 3487 1305 Quod
3508 1251 3636 1294 vero
3660 1236 3840 1291 Domi-

2251 1344 2373 1382 num
2388 1327 2517 1384 dicit
2531 1329 2639 1384 sine
2656 1339 2860 1400 peccato
2875 1331 3006 1384 mori
3022 1331 3241 1400 potuisse
3260 1345 3280 1385 :
3300 1330 3543 1386 illietiam
3562 1331 3729 1399 nasci,
3743 1347 3840 1402 po-

2252 1427 2420 1476 testas
2466 1420 2868 1489 misericordiae,
2911 1437 3018 1478 non
3062 1421 3298 1478 conditio
3344 1431 3546 1478 natura:
3595 1421 3717 1489 fuit;
3759 1424 3838 1478 sic

2251 1511 2412 1568 etiam
2439 1521 2681 1568 mortuus
2715 1521 2803 1569 est
2828 1520 3132 1585 potestate;
3161 1521 3220 1569 et
3239 1513 3341 1569 hoc
3361 1521 3450 1570 est
3473 1514 3707 1585 pretium
3732 1529 3837 1570 no-

2249 1613 2445 1673 strum,
2471 1621 2578 1678 quo
2617 1622 2715 1663 nos
2757 1622 2789 1661 a
2825 1615 3000 1664 morte
3038 1607 3346 1663 redimeret.
3376 1607 3446 1662 Et
3475 1607 3579 1662 hoc
3601 1613 3838 1669 istorum

2248 1697 2536 1770 disputatio
2581 1715 2841 1757 evacuare
2865 1700 3161 1765 contendit,
3189 1699 3406 1754 cum-ab
3427 1699 3610 1755 eisoita
3645 1707 3837 1756 neutra

2248 1789 2482 1848 humana
2506 1792 2829 1860 defenditur,
2877 1802 2938 1848 ut
2960 1792 3126 1864 possit
3164 1792 3390 1847 liberum
3429 1790 3708 1846 arisitrium
3731 1791 3838 1848 isto

2247 1883 2422 1954 pretio
2459 1900 2564 1940 non
2598 1900 2777 1957 egere,
2809 1894 2869 1940 ut
2891 1900 2923 1939 a
2953 1891 3213 1955 potestate
3237 1882 3578 1939 tenebrarum
3603 1891 3672 1938 'et
3687 1897 3835 1952 prae-

2247 1975 2410 2046 positi
2448 1977 2638 2032 mortis
2681 1977 2734 2031 in
2775 1992 2999 2048 regnum
3034 1976 3237 2032 Christi
3271 1975 3485 2031 Domini
3516 1973 3838 2032 transferan-

2248 2073 2356 2123 tur.
2389 2067 2458 2124 Et
2488 2077 2667 2124 tamen
2709 2068 2924 2139 quando
2967 2069 3220 2123 Dominus
3265 2065 3335 2123 ad
3371 2066 3674 2137 passionem
3705 2080 3837 2136 aper-

2247 2159 2407 2228 rexit,
2440 2158 2591 2228 Ecce,
2613 2159 2810 2231 inquit,
2843 2161 3001 2214 ueniet
3034 2159 3264 2229 princeps
3291 2158 3445 2231 hujus
3473 2157 3668 2224 mundi,
3707 2157 3838 2213 et‘in

2248 2267 2329 2316 me
2361 2253 2490 2308 nihil
2515 2253 2760 2308 inueniet‘
2783 2270 2796 2307 :
2823 2261 2879 2308 et
2903 2252 3082 2322 utique
3117 2251 3247 2306 nihil
3271 2250 3498 2322 peccati,
3529 2248 3669 2306 unde
3692 2263 3838 2319 prte-

2249 2348 2456 2419 pcsitus
2485 2348 2673 2403 mortis
2697 2347 2819 2418 jure
2855 2361 2956 2403 suo
2981 2355 3185 2416 ageret,
3218 2354 3276 2399 ut
3303 2342 3609 2414 perimeret.
3649 2341 3760 2398 Sed
3785 2351 3839 2396 ut

2247 2440 2410 2496 sciant
2429 2455 2618 2506 omnes,
2648 2440 2839 2510 inquit,
2869 2443 2988 2510 quia
3025 2438 3331 2492 uoluntatem
3363 2435 3535 2490 Patris
3559 2435 3655 2490 mei
3679 2435 3832 2506 facio,

2248 2525 2458 2596 surgite,
2495 2541 2670 2580 eamus
2709 2525 2826 2578 hinc
2866 2523 3044 2595 (Joan.
3074 2537 3183 2589 Juv,
3209 2520 3301 2586 50,
3329 2520 3420 2591 51)
3450 2539 3463 2574 :
3493 2519 3546 2576 id
3581 2527 3686 2586 est,
3712 2519 3837 2589 quia

2251 2631 2359 2672 non
2389 2617 2592 2673 morior
2628 2616 2946 2673 necessitate
2989 2613 3213 2685 peccati,
3247 2611 3352 2668 sed
3396 2609 3711 2670 obedientia:
3737 2624 3836 2667 vo-

2248 2709 2472 2765 luntate.

2313 2799 2409 2856 ~27.
2453 2799 2590 2855 Dicit
2612 2799 2813 2854 nullum
2827 2799 2848 2832 ³
2880 2796 3070 2852 malum
3092 2795 3210 2851 boni
3227 2794 3446 2864 alicujus
3472 2808 3579 2848 esse
3600 2807 3835 2848 causam.

2247 2893 2408 2961 Quasi
2438 2907 2595 2963 pinna
2635 2891 2833 2948 bonum
2870 2890 2962 2959 sit,
3001 2904 3108 2960 qua
3153 2897 3334 2946 tamen
3377 2887 3529 2942 multi
3561 2883 3839 2942 emendati

2248 2994 2391 3043 sunt.
2417 2986 2550 3042 Sunt
2575 2999 2704 3056 ergo
2731 2983 2867 3040 mala
2889 2998 3010 3054 qua:
3031 2988 3255 3052 prosunt
3273 2977 3500 3034 mirabili
3527 2976 3837 3034 misericor-

2246 3079 2336 3135 dia
2379 3078 2495 3133 Dei.
2532 3076 2798 3148 Numquid
2843 3075 2933 3131 ille
2979 3073 3108 3129 boni
3149 3069 3348 3142 aliquid
3377 3084 3567 3140 passus
3607 3077 3712 3136 est,
3744 3069 3840 3140 qui

2246 3170 2399 3239 dixit,
2427 3170 2659 3226 Avertisti
2688 3169 2868 3241 faciem
2888 3177 3028 3222 tuam
3052 3182 3086 3220 a
3109 3181 3206 3230 me,
3235 3175 3282 3218 ct
3307 3167 3471 3234 factus
3485 3179 3601 3219 sum
3623 3169 3839 3217 contur-

2249 3263 2428 3319 batus?
2455 3263 2570 3318 Non
2602 3263 2785 3332 utiQue
2807 3278 2821 3316 :
2843 3270 2902 3316 et
2929 3267 3108 3314 tamen
3132 3257 3248 3313 haec
3276 3255 3327 3311 ei
3345 3255 3681 3310 conturbatio
3705 3268 3841 3308 con-

2249 3367 2328 3413 tra
2351 3357 2657 3428 superbiam
2678 3355 2776 3410 fuit
2795 3352 3125 3410 medicinalis
3150 3349 3384 3420 quodam
3402 3349 3586 3404 modo.
3616 3347 3842 3402 Dixerat

2248 3448 2391 3504 enim
2421 3448 2474 3502 in
2494 3446 2816 3502 abundantia
2843 3460 2958 3511 sua,
2988 3443 3108 3497 Non
3135 3441 3364 3518 movebar
3387 3441 3441 3494 in
3467 3449 3709 3494 internum
3732 3455 3754 3491 :
3785 3448 3842 3494 et

2246 3540 2348 3596 sibi
2379 3538 2649 3596 tribuebat
2685 3537 2829 3608 quod
2873 3551 2903 3590 a
2941 3535 3176 3591 Domine
3210 3533 3464 3588 habebat.
3507 3531 3644 3601 Quid
3688 3532 3838 3586 enim

2247 3629 2478 3686 habebat
2518 3629 2660 3701 quod
2706 3643 2816 3684 non
2855 3635 3134 3697 acceperat
3177 3624 3221 3699 (ι
3246 3624 3364 3680 Cor.
3403 3640 3478 3689 1v,
3519 3623 3614 3694 7)?
3655 3623 3841 3690 Quare

2246 3721 2636 3780 ostendendum
2661 3721 2711 3776 ei
2738 3721 2906 3775 fuerat
2929 3717 3072 3774 unde
3097 3717 3340 3783 haberet,
3370 3725 3428 3770 ut
3445 3714 3709 3784 reciperet
3728 3713 3842 3768 hu-

2247 3817 2410 3882 milis,
2439 3815 2582 3886 quod
2607 3814 2868 3884 superbus
2897 3811 3169 3867 amiserat.
3199 3808 3343 3876 ideo,
3373 3806 3611 3874 Domine,
3634 3807 3839 3877 inquit,

2245 3911 2298 3964 in
2315 3909 2578 3964 voluntate
2596 3916 2694 3961 'tua
2723 3904 2996 3977 praestitisti
3030 3902 3195 3957 decori
3224 3916 3332 3955 meo
3355 3901 3606 3953 uirtutem.
3637 3896 3694 3952 ιιι
3719 3913 3836 3968 qua

2243 4017 2344 4074 ego
2373 3997 2696 4058 abundantia
2717 4015 2837 4055 mea
2863 3997 3128 4064 dicebam,
3153 3993 3276 4050 Non
3305 3993 3550 4059 movebar,
3585 4007 3707 4048 cum
3727 3991 3843 4048 hoc

2245 4097 2376 4152 mihi
2403 4103 2546 4150 esset
2569 4095 2666 4149 abs
2694 4103 2766 4160 te,
2806 4108 2912 4147 non
2940 4106 2972 4146 a
2996 4107 3104 4148 me.
3133 4090 3372 4159 Denique
3407 4085 3626 4142 avertisti
3649 4085 3846 4156 faciem

2244 4199 2382 4245 tuam
2403 4205 2435 4243 a
2454 4204 2552 4255 me,
2576 4198 2624 4242 et
2646 4189 2808 4258 factus
2833 4201 2946 4240 sum
2967 4182 3292 4239 conturbatus
3315 4180 3487 4253 (Psal.
3509 4195 3664 4247 xxxx,
3680 4179 3734 4242 7,
3751 4178 3840 4249 8).

2281 4281 2504 4338 CAPUT
2517 4279 2837 4335 XXV.—28
2846 4320 2855 4332 .
2865 4276 3161 4332 Errantium
3171 4271 3576 4345 tngeniumﬁusts
3586 4271 3847 4326 ltercticis

2241 4378 2537 4450 quibusdam
2553 4392 2654 4430 non
2667 4383 2770 4429 tam
2777 4372 3103 4446 disputationi
3107 4371 3195 4425 bus
3210 4385 3360 4438 quam
3369 4365 3676 4422 orationibus
3685 4381 3848 4436 agen-

2243 4472 2383 4526 dum.
2424 4471 2536 4526 Hoc
2565 4469 2826 4540 superbus
2875 4466 3083 4520 animus
3125 4462 3344 4518 omnino
3370 4474 3476 4516 non
3503 4456 3676 4528 sapit'
3698 4473 3715 4510 :
3739 4457 3848 4514 sed

2241 4579 2464 4637 magnus
2483 4573 2566 4621 est
2595 4564 2868 4630 Dominus,
2894 4561 2984 4632 qui
3018 4560 3068 4614 id
3090 4556 3406 4629 persuadeat
3421 4553 3692 4626 quomodo
3716 4553 3848 4624 ipse

2241 4660 2407 4716 novit.
2454 4659 2588 4715 Nam
2635 4657 2978 4729 procliviorcs
3005 4668 3187 4710 sumus
3210 4666 3448 4723 quazrere
3488 4653 3666 4721 potius
3704 4649 3851 4719 quid

2241 4763 2428 4812 contra
2444 4769 2506 4810 ea
2521 4752 2955 4823 respondeamus,
2969 4765 3088 4822 quae
3106 4757 3288 4804 nostro
3302 4747 3625 4817 objiciuntur
3637 4745 3848 4811 errori,

2243 4864 2400 4920 quam
2414 4846 2690 4904 intendere
2699 4861 2857 4917 quam
2877 4845 2986 4900 sint
2999 4843 3252 4911 salubria,
3267 4851 3612 4898 utcareamus
3622 4854 3848 4897 errore.

2243 4940 2555 5004 Undecum
2603 4940 2718 4996 istis
2746 4954 2852 4994 non
2877 4945 2992 4992 tam
3023 4935 3496 5006 disputationibus,
3533 4946 3694 5004 quam
3733 4947 3852 5003 pro

2245 5040 2344 5107 eis,
2387 5041 2523 5094 sicut
2561 5053 2656 5109 pro
2686 5035 2861 5103 nobis,
2907 5031 3240 5089 orationibus
3267 5038 3363 5086 est
3387 5027 3672 5100 agendum.
3713 5026 3851 5083 Non

2245 5134 2388 5190 enim
2408 5131 2510 5188 hoc
2534 5131 2612 5187 eis
2631 5129 2877 5196 dicimus,
2901 5125 3044 5198 quod
3071 5124 3300 5181 sibiiste
3329 5121 3598 5194 opposuit,
3624 5129 3680 5174 ut
3705 5128 3852 5176 esset

2307 5312 2872 5382 {Remensislltsn'zccm
2895 5305 3070 5372 inquit,
3091 5304 3220 5358 venit
3245 5301 3852 5369 W'Musmund.

2243 5383 2293 5432 ct
2313 5375 2364 5428 in
2386 5388 2463 5426 me
2486 5373 2609 5424 nihil
2628 5373 2822 5424 inuenit.

2309 5441 2330 5471 ³
2355 5444 2406 5488 in
2426 5434 2593 5486 multis
2610 5433 2963 5496 manuscriptis,
2980 5429 3119 5483 nulli.

2309 5499 2725 5572 'Mss.hGallicani
2768 5487 2872 5547 tres
2914 5487 2968 5546 et
3013 5492 3231 5559 Belgicis
3272 5487 3856 5556 stme

2309 5614 2684 5690 (a)‘.lt'arce_llinus
2704 5618 3134 5690 tribunusobierat
3157 5630 3282 5690 anno
3302 5614 3410 5678 413,
3430 5623 3604 5690 mense
3619 5621 3857 5690 septum

2244 5679 2338 5747 bri‘,
2362 5679 2396 5734 ἰ
2419 5687 2514 5737 sub
2537 5683 2998 5747 invidia’tytannidis
3031 5679 3347 5747 Heraeum,
3363 5692 3390 5726 ι
3418 5679 3504 5747 ιιιὶΔ
3521 5679 3860 5747 dicronym

2246 5715 3861 5804 iii15533.1}?iéiééa‘iigséiﬁj‘?$bhﬁicisin€56§£

2253 5801 2469 5862 retusus.
2486 5827 2509 5856 ι
2551 5816 2684 5858 Hunc
2712 5827 2734 5854 ι
2755 5801 3033 5870 ενέοωὶήιὶδ
3072 5801 3320 5855 memoriae
3360 5804 3516 5870 virum
3554 5817 3577 5850 ι
3623 5801 3863 5870 appellat

2253 5831 2278 5860 ι
2297 5825 2469 5862 caesus.
2486 5827 2509 5856 ι
2551 5816 2684 5858 Hunc
2712 5827 2734 5854 ι
2755 5811 3033 5870 Spectabilis
3072 5811 3320 5876 memoriae
3360 5811 3516 5854 virum
3554 5817 3577 5850 ι
3623 5811 3860 5916 appellat

2245 5876 2482 5942 genorius
2500 5871 2700 5942 in_leg_e
2718 5871 3235 5942 data‘dietrigestma“
3245 5868 3456 5932 augusti,
3479 5878 3607 5919 anno
3678 5865 3761 5928 t4,
3795 5868 3860 5918 in

2240 5935 2377 5987 libro
2399 5938 2460 5986 16
2479 5934 2592 5983 Cod.
2615 5931 2800 5984 'fheod.
2817 5931 2887 5983 de
2907 5931 3088 5984 staret.
3105 5931 3148 5982 ει.
3173 5931 3253 5983 εδ.
3320 5931 3329 5932 “
3755 5943 3762 5954 ·
