3996 6478
157 437 254 500 9-61

168 572 307 613 causa
344 552 734 611 misericordia
765 549 886 622 Dei,
925 547 1260 609 necessarium
1292 545 1450 622 fuisse
1488 557 1766 620 peccatum.

172 649 373 709 Utinam
404 662 523 703 non
559 645 754 704 fuisset
785 647 1020 715 miseria,
1053 663 1120 702 ne
1150 645 1250 702 ista
1297 654 1440 701 esset
1469 643 1773 699 misericor-

176 744 250 800 dia
277 741 619 798 necessaria.
651 740 763 798 Sed
793 741 1123 812 iniquitatem
1155 739 1359 811 peccati
1387 746 1533 794 tanto
1563 737 1772 810 gravio-

175 852 300 900 rem,
325 845 546 904 quanto
573 833 787 889 facilius
817 833 978 889 homo
1015 847 1120 888 non
1154 839 1416 904 peccaret,
1445 847 1601 901 quem
1633 829 1776 884 nulla

176 927 337 981 adhuc
370 924 601 980 tenebat
628 923 934 990 infirmitas,
967 939 1121 996 poena
1143 922 1441 995 justissima
1488 920 1774 977 subsecuta

178 1029 248 1076 est
280 1038 294 1073 ε
323 1028 384 1074 ιιι
412 1018 728 1075 mercedem
762 1028 999 1074 mutuam
1037 1017 1240 1089 peccati
1282 1017 1364 1071 sui
1402 1015 1454 1070 in
1485 1015 1775 1084 semetipso

176 1111 460 1182 reciperet,
503 1111 764 1178 amittens
793 1109 892 1165 sub
921 1124 980 1164 se
1009 1109 1237 1180 positam
1267 1108 1348 1162 sui
1377 1107 1617 1176 corporis
1643 1121 1774 1177 quo-

176 1205 290 1260 dam
330 1202 503 1259 modo
547 1202 930 1268 obedientiam,
969 1218 1126 1272 quam
1170 1200 1489 1271 praecipuam
1534 1199 1635 1256 sub
1674 1198 1777 1252 Do-

177 1297 313 1352 mino
357 1310 466 1350 suo
525 1296 644 1368 ipse
692 1301 1104 1364 contempserat.
1155 1293 1222 1348 Et
1277 1290 1417 1363 quod
1471 1305 1613 1346 nunc
1655 1304 1776 1345 cum

180 1388 356 1444 eadem
384 1387 510 1459 lege
540 1386 744 1457 peccati
764 1386 1055 1452 nascimur,
1078 1401 1195 1456 quze
1219 1384 1270 1438 in
1297 1383 1551 1439 membris
1579 1382 1777 1437 nostris

179 1490 437 1553 repugnat
466 1479 576 1551 legi
600 1480 796 1535 mentis
828 1479 1004 1550 (Rom.
1033 1494 1128 1546 vn,
1155 1477 1283 1549 23);
1315 1493 1487 1549 neque
1521 1476 1777 1532 adversus

182 1574 337 1631 Deum
387 1588 756 1639 murmurare,
806 1588 978 1644 neque
1016 1581 1201 1628 contra
1250 1588 1364 1628 rem
1404 1570 1776 1627 manifestissi-

179 1683 307 1724 mam
345 1667 662 1738 disputare,
701 1663 798 1722 sed
830 1681 926 1736 pro
969 1680 1126 1736 poma
1162 1673 1344 1721 nostra
1385 1664 1528 1720 illius
1569 1664 1778 1720 miseri-

179 1760 411 1818 oordiam
441 1775 691 1830 quterere
712 1767 767 1814 et
795 1774 950 1813 orare
979 1758 1255 1813 debemus.

241 1849 470 1908 CAPUT
519 1847 715 1905 XXVI.
758 1879 832 1890 —
863 1849 952 1903 29.
997 1849 1288 1904 Similitudo
1334 1865 1435 1922 qua
1482 1849 1778 1921 intelligitur

184 1941 268 1999 Dei
289 1942 520 2014 gratiam
549 1941 785 2014 faciendo
810 1941 967 1995 cuivis
985 1941 1124 2012 Operi
1153 1941 1280 1996 bono
1304 1942 1652 1996 necessariam.
1683 1941 1777 1996 At-

178 2033 369 2090 tendite
423 2047 562 2088 sane
616 2032 902 2103 vigilanter
945 2031 1214 2104 quomodo
1263 2032 1456 2088 dixerit
1503 2050 1516 2085 :
1558 2033 1776 2088 Adhibe:

178 2126 369 2198 quidem
399 2125 527 2178 huic
559 2123 715 2177 etiam
743 2123 898 2195 parti,
929 2123 972 2176 si
998 2123 1202 2194 quando
1243 2125 1578 2179 necessarium
1597 2124 1772 2194 fuerit,

178 2218 580 2272 misericordiam
606 2230 751 2270 suam
789 2213 961 2281 Deus;
987 2217 1106 2286 quia
1149 2215 1342 2270 homini
1369 2225 1481 2286 post
1518 2225 1778 2288 peccatum

180 2310 244 2363 ita
277 2307 542 2362 subveniri
569 2322 826 2361 necessum
865 2315 957 2373 est,
989 2321 1089 2360 non
1118 2307 1238 2377 quia
1267 2304 1406 2361 Deus
1436 2322 1642 2360 causam
1679 2307 1777 2360 hu-

176 2403 308 2471 jusce
347 2401 672 2454 necessitatis
712 2398 974 2470 optaverit.
1008 2398 1283 2454 Videtisne
1325 2399 1775 2470 quemadmodum

179 2507 278 2548 non
307 2493 458 2547 dicat
488 2491 850 2547 nemssariam
881 2489 1301 2546 misericordiam
1329 2491 1420 2545 Dei
1443 2500 1500 2546 ut
1523 2506 1628 2547 non
1653 2507 1780 2562 pec-

181 2602 388 2652 cemus,
422 2585 520 2640 sed
542 2587 666 2656 quia
697 2583 1073 2656 peccavimus?
1107 2583 1308 2640 Deinde
1335 2584 1605 2656 subjungit
1634 2605 1647 2640 :
1672 2585 1778 2641 Sed

178 2689 226 2736 et
272 2680 508 2734 medicus
544 2679 605 2731 ad
635 2678 920 2732 curandum
941 2679 1055 2750 jam
1081 2678 1393 2732 vulneratum
1429 2687 1637 2749 paratus
1674 2694 1780 2734 esse

180 2772 374 2835 debet;
409 2787 510 2824 non
542 2770 672 2824 debet
717 2779 886 2824 autem
926 2780 981 2823 ut
1013 2786 1166 2824 sanus
1191 2770 1477 2824 vulneretur
1500 2777 1694 2840 optare.
1721 2767 1779 2826 Si

182 2865 280 2919 ista
328 2861 631 2932 similitudo
680 2862 844 2917 rebus
896 2860 963 2917 de
1011 2861 1204 2933 quibus
1251 2861 1457 2932 agimus
1512 2860 1776 2932 congruit,

183 2966 321 3014 certe
358 2956 633 3012 vulnerari
673 2971 779 3011 non
820 2964 996 3025 potest
1040 2963 1229 3011 natura
1274 2955 1503 3010 humana
1535 2964 1774 3026 peccato,

185 3050 428 3122 quoniam
476 3057 756 3119 peccatum
795 3047 940 3102 nulla
975 3048 1268 3104 substantia
1308 3057 1408 3104 est.
1449 3046 1598 3105 Sicut
1643 3064 1776 3121 ergo

186 3142 417 3207 vulnere,
466 3141 621 3196 verbi
674 3139 866 3212 gratia,
919 3140 1227 3196 claudicans
1279 3139 1400 3196 ideo
1443 3147 1677 3206 curatur,
1721 3148 1782 3196 ut

187 3245 361 3290 sanato
383 3234 535 3289 malo
559 3233 853 3304 praeterito,
881 3230 1092 3288 futurus
1113 3231 1370 3304 dirigatur
1399 3232 1640 3289 incessus
1666 3251 1678 3288 :
1702 3233 1780 3289 sic

185 3327 308 3381 mla
335 3337 533 3382 nostra
567 3341 675 3380 non
701 3325 767 3380 ad
795 3323 898 3380 hoc
925 3326 1099 3381 solum
1127 3341 1392 3396 supernus
1418 3326 1658 3383 medicus
1686 3342 1772 3382 sa-

187 3427 283 3484 nat,
310 3427 370 3472 ut
401 3417 496 3472 illa
523 3416 636 3488 jam
669 3432 776 3472 non
803 3419 931 3484 sint,
964 3417 1057 3473 sed
1087 3426 1144 3473 ut
1172 3419 1239 3473 de
1263 3428 1461 3474 caetero
1488 3428 1633 3475 recte
1662 3435 1779 3473 am-

186 3507 351 3564 bulare
395 3508 714 3579 possimus;
757 3507 900 3579 quod
943 3509 1157 3580 quidem
1201 3510 1360 3565 etiam
1403 3511 1519 3566 sani
1567 3511 1780 3566 nonnisi

184 3597 261 3655 illo
296 3602 602 3671 adjuvante
646 3601 958 3671 poterimus.
1009 3601 1142 3657 Nam
1184 3602 1425 3660 medicus
1454 3603 1616 3659 homo
1655 3618 1780 3660 cum

183 3694 440 3748 sanaverit
467 3693 772 3761 hominem,
795 3692 906 3764 jam
927 3693 994 3749 de
1017 3702 1214 3750 caatero
1242 3697 1649 3752 sustentandum
1673 3698 1782 3755 ele-

184 3786 363 3840 nentis
399 3793 458 3842 et
502 3785 780 3841 alimentis
823 3787 1212 3856 corporalibus,
1253 3797 1311 3844 ut
1346 3789 1531 3845 eadem
1578 3793 1780 3848 sanitas

184 3886 291 3948 apto
313 3876 573 3933 subsidio
599 3877 940 3934 convalescat
964 3888 1124 3950 atque
1165 3879 1434 3950 persistat,
1463 3881 1576 3938 Deo
1599 3883 1780 3940 dimit-

184 3967 264 4035 tit;
291 3970 384 4041 qui
413 3969 634 4040 praebet
670 3969 771 4025 ista
811 3970 863 4024 in
907 3985 1067 4027 carne
1089 3971 1409 4040 viventibus,
1447 3973 1596 4044 cujus
1626 3983 1780 4032 erant

183 4064 328 4118 etiam
362 4062 457 4117 illa
493 4077 640 4132 quae,
685 4061 809 4118 dum
850 4071 1080 4127 curaret,
1126 4063 1430 4120 adhibebat.
1477 4063 1591 4120 Non
1636 4068 1778 4122 enim

181 4166 506 4224 quemquam
533 4151 776 4207 medicus
814 4169 878 4208 ex
909 4153 993 4208 his
1022 4155 1181 4210 rebus
1209 4170 1340 4226 quas
1380 4157 1493 4226 ipse
1516 4159 1781 4214 creaverit

182 4254 355 4311 sanat;
388 4245 493 4301 sed
523 4259 593 4300 ex
621 4243 765 4300 illius
799 4246 1046 4316 opibus‘,
1075 4247 1164 4317 qui
1193 4257 1340 4304 creat
1381 4251 1558 4304 omnia
1589 4266 1778 4308 neces-

183 4337 308 4390 saria
335 4337 497 4392 sanis
524 4347 687 4407 atque
711 4337 936 4392 vitiosis.
967 4336 1084 4408 Ipse
1114 4347 1289 4395 autem
1332 4341 1491 4406 Deus,
1532 4356 1651 4397 cum
1683 4358 1780 4413 per

181 4427 538 4484 mediatorem
571 4427 668 4483 Dei
711 4438 764 4484 et
796 4427 1074 4485 hominum
1104 4431 1373 4486 hominem
1401 4431 1582 4488 Jesum
1622 4432 1776 4490 Chri-

185 4527 312 4575 Stum
344 4520 390 4594 (l
413 4520 564 4576 Tim.
597 4536 656 4586 ιι,
681 4521 758 4590 5),
800 4521 1150 4593 Spiritualiter
1179 4535 1331 4580 sanat
1365 4541 1565 4598 :egrum
1596 4529 1680 4583 vel
1701 4529 1782 4584 vi-

183 4615 352 4671 viﬁcat
379 4623 688 4680 mortuum,
717 4615 770 4670 id
793 4624 896 4678 est,
921 4616 1173 4688 justiflcat
1200 4619 1442 4690 impium,
1485 4631 1539 4677 et
1565 4635 1684 4677 cum
1710 4622 1778 4678 ad

181 4706 476 4777 perfectam
522 4708 827 4774 sanitatem,
877 4708 980 4766 hoc
1025 4720 1128 4777 est,
1179 4711 1243 4766 ad
1283 4712 1573 4784 perfectam
1618 4715 1780 4771 vitam

179 4799 552 4872 iustitiamque
582 4801 913 4872 perduxerit,
958 4820 1062 4859 non
1091 4804 1290 4861 deserit
1331 4807 1376 4862 si
1415 4822 1520 4862 non
1563 4809 1780 4864 desera-

181 4902 282 4964 tur,
335 4905 398 4952 ut
456 4896 546 4966 pie
595 4911 806 4968 semper
851 4896 1098 4968 justeque
1144 4899 1373 4957 vivatur.
1429 4899 1578 4956 Sicut
1636 4902 1780 4958 enim

180 4987 363 5042 oculus
406 4986 652 5056 corporis
681 4987 841 5042 ctiam
870 4988 1173 5058 plenissime
1207 5005 1386 5056 sanus,
1424 4991 1522 5045 nisi
1550 4991 1782 5048 candore

179 5077 311 5134 lucis
345 5079 569 5149 adjutus
597 5094 700 5134 non
731 5088 904 5150 potest
936 5095 1158 5137 cernere
1187 5099 1200 5136 :
1232 5082 1308 5136 sic
1336 5091 1388 5138 et
1418 5081 1579 5137 homo
1620 5083 1780 5140 etiam

179 5169 580 5241 perfectissime
610 5170 950 5242 justiﬁcatus,
997 5173 1099 5228 nisi
1151 5177 1380 5230 :eterna'
1417 5175 1533 5231 luce
1564 5175 1783 5247 juslilite

179 5261 439 5321 divinitus
484 5264 785 5336 adjuvetur,
831 5276 975 5322 recte
1016 5283 1120 5322 non
1166 5277 1340 5339 potest
1378 5269 1574 5324 vivere.
1617 5268 1784 5328 Sanat

177 5370 311 5427 ergo
351 5356 522 5424 Deus,
570 5372 676 5412 non
712 5356 883 5412 solum
925 5366 981 5413 ut
1021 5357 1193 5414 deleat
1236 5359 1378 5430 quod
1417 5363 1779 5432 peccavimus,

174 5449 276 5507 sed
303 5457 364 5505 ut
390 5456 612 5522 praestet
640 5450 800 5504 etiam
831 5465 897 5505 ne
923 5465 1220 5521 peccemus.

251 5537 490 5597 CAPUT
524 5537 742 5596 XXVII.
766 5540 943 5598 —30.
999 5541 1268 5598 Peccatum
1316 5552 1518 5616 peccato
1560 5543 1776 5602 tollitur.

176 5631 426 5689 Sanandi
453 5633 683 5686 ordinem
712 5633 922 5688 caelestis
948 5631 1171 5688 medicus
1202 5653 1301 5690 non
1339 5635 1400 5690 ab
1425 5646 1612 5709 aegroto
1638 5639 1777 5692 acci-

177 5724 280 5794 pit,
303 5723 396 5778 sed
422 5741 456 5777 a
487 5740 540 5778 se
559 5724 693 5795 ipso.
711 5721 877 5778 Iustis
891 5741 1005 5796 qua:
1023 5743 1183 5780 causa
1209 5727 1435 5782 timendi.
1459 5729 1624 5784 Acutc
1653 5745 1783 5787 sane

177 5822 383 5870 tractat
426 5823 484 5870 et
521 5823 740 5880 versat,
770 5823 825 5870 et
852 5823 1106 5885 quantum
1149 5818 1249 5873 sibi
1279 5819 1489 5875 videtur
1515 5820 1782 5892 redarguit

247 5909 265 5978 ξ
285 5908 364 5978 sic
381 5919 556 5978 omnes
573 5919 728 5978 prope
743 5913 847 5978 Mss,
862 5914 919 5958 At
933 5909 1068 5973 editi,
1085 5910 1321 5977 operibus,
1344 5913 1457 5962 vide
1478 5911 1617 5978 infra,
1640 5929 1688 5964 n.
1701 5915 1777 5966 70.

245 5972 266 6002 ι
289 5970 634 6021 Cisterciensis
657 5976 761 6031 ωε,
783 5976 996 6022 intenta.

1614 429 1819 490 LIBER
1853 429 2060 518 unus.

3370 435 3477 498 962

1881 556 2042 620 atque
2084 547 2348 604 convincit
2385 548 2527 622 quod
2569 551 2648 609 eis
2674 550 2922 621 dicitur‘,
2948 553 3099 610 etiam
3134 557 3471 612 necessarium

1883 641 2041 712 fuisse
2063 641 2255 695 homini
2274 640 2342 695 ad
2370 643 2696 714 auferendam
2735 647 2982 718 superbiae
3008 650 3084 704 vel
3117 648 3294 722 gloria:
3318 665 3469 704 occa-

1883 731 2094 800 sionem,
2127 742 2181 787 ut
2204 732 2390 802 absque
2426 747 2630 806 peccato
2663 751 2767 794 esse
2795 757 2894 795 non
2923 750 3107 812 posset.
3143 741 3466 798 Absurdissi-

1882 839 2021 877 mum
2048 825 2234 896 quippe
2270 835 2317 879 et
2355 827 2707 883 stultissimum
2733 839 2901 900 putat,
2937 842 3194 898 peccatum
3225 834 3380 906 fuisse
3408 851 3470 890 ne

1882 926 2141 986 peccatum
2169 928 2312 986 esset,
2354 921 2591 989 quoniam
2616 930 2662 975 et
2690 923 2799 994 ipsa
2827 926 3061 995 superbia
3094 927 3262 998 utique
3287 943 3469 999 pecca-

1883 1015 1990 1062 tum
2017 1017 2091 1062 est
2113 1009 2301 1081 :quasi
2346 1025 2452 1066 non
2497 1020 2551 1068 et
2581 1013 2730 1070 ulcus
2760 1014 2812 1069 in
2843 1014 3027 1072 dolore
3070 1026 3173 1084 est,
3203 1025 3258 1074 et
3301 1017 3470 1074 sectio

1883 1101 2124 1158 dolorem
2172 1113 2444 1173 operatur,
2494 1114 2550 1160 ut
2583 1106 2736 1162 dolor
2762 1106 2944 1165 dolore
2989 1109 3220 1167 tollatur.
3269 1109 3382 1167 Hoc
3424 1110 3470 1166 si

1884 1197 2089 1268 experti
2130 1212 2237 1253 non
2283 1214 2541 1266 essemus,
2588 1208 2642 1256 et
2672 1201 2723 1256 in
2760 1203 3025 1274 aliquibus
3055 1205 3209 1260 terris
3250 1207 3338 1262 ubi
3368 1206 3468 1263 ista

1884 1304 2154 1359 nunquam
2195 1291 2546 1362 contigerant,
2595 1292 2920 1363 audiremﬂs,
2953 1297 3068 1352 sine
3097 1296 3260 1352 dubio
3290 1298 3470 1370 utique

1883 1380 2211 1450 deridentes,
2254 1382 2496 1440 fortassis
2525 1385 2685 1443 etiam
2722 1388 2900 1445 verbis
2927 1388 3081 1461 hujus
3116 1399 3388 1446 uteremur
3413 1398 3470 1446 et

1883 1472 2203 1543 diceremus,
2245 1474 2702 1534 Absurdissimum
2733 1489 2812 1535 est
2838 1479 3077 1536 dolorem
3108 1482 3470 1539 necessarium

1882 1562 2069 1632 fuisse,
2104 1583 2171 1624 ne
2201 1569 2394 1624 ulceris
2425 1569 2579 1625 dolor
2603 1581 2765 1628 esset.

1955 1656 2045 1714 51.
2089 1658 2196 1715 Sed
2234 1660 2393 1728 Deus,
2424 1662 2686 1732 inquiunt,
2715 1671 2876 1735 potest
2919 1664 3089 1720 omnia
3126 1682 3325 1722 sanare.
3353 1665 3468 1724 iloc

1882 1749 2066 1820 utique
2091 1753 2219 1822 agit,
2251 1762 2307 1807 ut
2327 1761 2478 1809 sanet
2502 1756 2678 1810 omnia
2703 1773 2715 1810 :
2741 1755 2834 1810 sed
2861 1757 2967 1828 agit
2987 1757 3188 1828 judicio
3216 1774 3334 1826 suo,
3367 1776 3468 1818 nec

1882 1840 2126 1897 ordinem
2172 1843 2393 1898 sanandi
2443 1846 2635 1917 accipit
2676 1847 2742 1902 ab
2786 1858 3007 1918 aegroto.
3059 1847 3255 1905 Procul
3306 1851 3470 1908 dubio

1883 1934 2078 2005 quippe
2098 1935 2455 1992 firmissimum
2473 1937 2784 2008 Apostolum
2802 1940 3010 1996 volebat
3025 1939 3258 2010 efficere,
3282 1944 3367 1999 cui
3385 1953 3467 1999 ta-

1883 2041 2008 2080 men
2047 2025 2199 2093 dixit,
2247 2027 2420 2082 Virtus
2464 2031 2517 2083 in
2556 2030 2848 2098 inﬁrmitate
2875 2033 3133 2103 per/icitur
3161 2050 3180 2089 :
3205 2044 3260 2090 et
3285 2051 3390 2092 non
3419 2037 3470 2093 ei

1883 2118 2042 2174 toties
2085 2118 2257 2173 oranti
2307 2119 2479 2175 aufert
2524 2120 2707 2176 nescio
2749 2138 2906 2193 quem
2951 2125 3225 2181 stimulum
3267 2127 3468 2196 carnis,

1883 2223 2042 2279 quem
2059 2207 2156 2264 sibi
2170 2210 2296 2265 dicit
2308 2210 2510 2280 datum,
2527 2228 2592 2268 ne
2605 2214 2966 2285 magnitudine
2979 2217 3360 2274 revelationum
3378 2235 3474 2275 ex-

1885 2300 2163 2356 tollerctur
2211 2299 2276 2373 (lI
2305 2303 2423 2356 Cur.
2469 2319 2564 2371 χιι,
2594 2304 2732 2378 7-9).
2775 2303 2977 2363 Caetera
3014 2309 3158 2365 enim
3187 2311 3311 2365 vitia
3359 2319 3468 2366 tan-

1884 2398 1998 2447 tum
2029 2393 2082 2446 in
2110 2391 2401 2449 malefactis
2431 2395 2628 2462 valent,
2669 2397 2781 2454 sola
2814 2407 2990 2456 autem
3030 2402 3277 2472 superbia
3306 2404 3468 2461 etiam

1884 2485 1936 2540 in
1961 2493 2106 2540 recte
2139 2484 2290 2542 factis
2315 2489 2548 2543 cavenda
2576 2498 2676 2546 est.
2711 2490 2861 2547 Unde
2899 2493 3252 2550 admonentur
3278 2497 3374 2563 illi,
3399 2512 3468 2554 ne

1883 2573 2022 2631 dona
2052 2577 2142 2632 Dei
2182 2592 2290 2633 sure
2317 2581 2565 2650 potestati
2605 2582 2884 2638 tribuendo
2912 2599 3135 2657 seseque
3161 2588 3468 2646 extollendo

1884 2669 2094 2740 gravius
2121 2679 2360 2741 pereant,
2383 2689 2541 2743 quam
2569 2675 2612 2728 si
2637 2673 2711 2729 nil
2738 2686 3086 2745 operarentur
3105 2678 3248 2744 boni,
3276 2681 3472 2750 quibus

1885 2757 2098 2829 dicitur,
2144 2760 2272 2817 Cum
2297 2763 2472 2818 timore
2511 2774 2558 2818 et
2589 2773 2802 2821 tremore
2825 2777 3041 2822 vestram
3076 2771 3302 2839 ipsorum
3327 2773 3471 2826 salu-

1887 2862 1984 2908 tem
2010 2855 2289 2925 operamini
2313 2871 2331 2910 :
2360 2854 2498 2909 Deus
2528 2855 2660 2910 enim
2701 2866 2772 2912 est
2795 2858 2880 2929 qui
2916 2871 3154 2931 operatur
3179 2862 3232 2916 in
3257 2861 3394 2918 vobis
3422 2870 3472 2918 et

1885 2944 2012 2999 velle
2046 2954 2093 3000 et
2138 2947 2359 3014 operari,
2407 2963 2497 3017 pro
2541 2947 2671 3003 bona
2709 2950 2960 3006 voluntate
3001 2950 3260 3024 (Philipp.
3291 2953 3467 3022 11,12,

1886 3035 2001 3106 15).
2033 3035 2206 3102 Quare
2237 3051 2362 3107 ergo
2387 3051 2509 3092 cum
2551 3038 2743 3096 timore
2770 3050 2824 3096 et
2852 3050 3192 3110 tremore,‘et
3230 3057 3337 3100 non
3368 3059 3468 3116 po-

1885 3126 1990 3181 tius
2019 3141 2140 3180 cum
2169 3129 2471 3195 securitate,
2510 3130 2555 3184 si
2592 3132 2734 3186 Deus
2759 3142 3006 3203 operatur
3024 3126 3165 3200 {nisi
3190 3136 3311 3206 quia
3349 3151 3473 3208 pro-

1885 3226 2007 3290 pler
2027 3218 2356 3276 voluntatem
2395 3230 2653 3287 nostram,
2699 3224 2813 3279 slnc
2838 3239 2939 3294 qua
2969 3225 3106 3282 bene
3141 3242 3246 3282 non
3274 3243 3468 3300 possu-

1885 3323 2003 3367 mus
2033 3312 2260 3382 operari,
2281 3311 2388 3367 cito
2410 3323 2584 3382 potest
2611 3315 2901 3385 subrepere
2932 3319 3111 3374 animo
3139 3320 3392 3389 humano,
3413 3331 3470 3378 ut

1885 3404 2028 3476 quod
2059 3406 2194 3460 bene
2219 3413 2488 3476 operatur,
2520 3420 2674 3462 suum
2702 3410 3070 3466 tantummodo
3098 3413 3386 3481 existimet,
3415 3423 3470 3471 et

1885 3495 2026 3552 dicat
2054 3495 2110 3550 in
2145 3495 2465 3553 abundantia
2510 3513 2624 3566 sua,
2659 3497 2781 3555 Non
2825 3504 3055 3557 movebar
3090 3504 3146 3558 in
3184 3508 3470 3562 internum?

1887 3587 2012 3644 Ideo
2041 3589 2129 3659 qui
2157 3589 2210 3643 in
2241 3589 2514 3646 voluntate
2540 3607 2633 3647 sua
2665 3594 2984 3664 przestiterat
3009 3595 3189 3653 decori
3217 3597 3333 3669 ejus
3357 3598 3466 3654 vir-

1886 3687 2075 3747 tutem,
2132 3682 2322 3737 avertit
2363 3683 2634 3752 paululum
2677 3684 2866 3742 faciem
2909 3703 3081 3756 suam,
3133 3699 3189 3745 ut
3239 3690 3327 3761 qui
3370 3692 3471 3748 hoc

1884 3767 2092 3826 dixerat
2119 3772 2270 3828 fleret
2304 3775 2652 3831 conturbatus
2680 3793 2694 3831 :
2719 3780 2969 3849 quoniam
2998 3781 3126 3851 ipsis
3153 3793 3234 3838 est
3259 3781 3352 3839 ille
3383 3791 3468 3839 tu-

1884 3877 2005 3918 mor
2029 3864 2296 3919 sanandus
2324 3865 2618 3922 doloribus.

1955 3956 2181 4014 CAPUT
2241 3958 2478 4016 XXVIII.
2505 3961 2680 4017 —52.
2732 3960 2932 4020 Deserit
2955 3963 3268 4037 aliquantum
3308 3966 3468 4038 Deus,

1884 4065 1949 4105 ne
1971 4051 2336 4122 superbiamus.
2367 4051 2481 4109 Non
2525 4055 2703 4127 itaque
2750 4056 2944 4114 dicitur
2986 4059 3208 4129 homini,
3253 4060 3472 4119 Necesse

1885 4150 1957 4196 est
1997 4158 2221 4213 peccare,
2278 4159 2340 4199 ne
2390 4161 2561 4216 pecces
2597 4163 2615 4201 :
2661 4147 2755 4203 sed
2820 4147 3012 4204 dicitur
3057 4149 3268 4207 ‘bomini
3295 4195 3312 4221 ,
3365 4153 3471 4209 De-

1884 4232 2014 4287 serit
2045 4232 2370 4304 aliquantum
2416 4235 2555 4290 Deus
2601 4236 2740 4292 unde
2786 4238 3047 4308 superbis,
3095 4250 3156 4295 ut
3179 4241 3317 4298 scias
3363 4259 3473 4301 non

1887 4332 2054 4393 tuum,
2085 4326 2182 4382 sed
2232 4327 2348 4398 ejus
2390 4344 2527 4395 esse,
2573 4339 2626 4385 et
2671 4330 2846 4387 discas
2884 4333 3146 4403 superbus
3184 4349 3289 4391 non
3329 4352 3470 4392 esse.

1883 4417 2016 4472 Nam
2043 4417 2172 4473 illud
2207 4419 2366 4474 etiam
2417 4422 2656 4491 Apostoli
2684 4423 2841 4493 quale
2886 4434 2986 4493 est,
3022 4442 3198 4482 nonne
3249 4427 3318 4483 ita
3371 4430 3474 4483 mi-

1883 4505 2074 4575 rabile,
2108 4516 2166 4563 ut
2222 4510 2324 4564 nisi
2379 4511 2501 4582 quia
2573 4512 2685 4583 ipse
2736 4513 2904 4581 dicit,
2962 4517 3046 4572 cui
3099 4532 3222 4573 vera
3273 4517 3475 4577 dicenti

1886 4602 2252 4659 contradicere
2305 4604 2452 4660 nefas
2497 4613 2580 4660 est
2609 4649 2624 4675 ,
2679 4621 2786 4663 non
2853 4609 2922 4664 sit
2985 4608 3280 4666 credibile?
3339 4612 3470 4680 Quis

1887 4696 2030 4753 enim
2062 4699 2262 4752 nesciat
2290 4697 2544 4763 fidelium,
2574 4715 2603 4754 a
2632 4709 2813 4757 satana
2847 4702 3058 4758 venisse
3087 4705 3311 4774 primam
3341 4719 3469 4775 pec-

1885 4791 1991 4846 cati
2011 4791 2313 4846 suasionem
2337 4790 2489 4862 (Gen.
2521 4808 2599 4860 ιιι,
2630 4793 2774 4865 1-6),
2797 4795 3008 4866 etquod
3035 4796 3122 4853 ille
3146 4799 3349 4868 primus
3379 4813 3475 4856 au-

1886 4887 2004 4936 ctor
2029 4880 2098 4936 sit
2126 4881 2362 4936 omnium
2391 4886 2770 4954 peccatorum?
2796 4885 2864 4941 Et
2905 4895 3081 4944 tamen
3121 4889 3334 4958 quidam
3359 4899 3472 4947 tra~

1885 4971 2086 5028 duntur
2117 4983 2335 5037 satanzc,
2382 4983 2440 5028 ut
2483 4974 2690 5031 discant
2732 4993 2836 5032 non
2872 4977 3239 5050 blasphemare
3264 4982 3311 5053 (I
3337 4980 3473 5039 Tim.

1886 5078 1925 5132 ι,
1953 5064 2067 5134 20).
2100 5064 2378 5130 Quomodo
2405 5065 2563 5137 igltur
2591 5083 2724 5140 opus
2745 5078 2944 5124 satana:
2984 5072 3281 5128 excluditur
3306 5089 3472 5145 opere

1887 5157 2120 5212 satanm?
2148 5158 2272 5214 Iltcc
2293 5169 2450 5230 atque
2468 5160 2772 5232 hujustnodi
2794 5163 3078 5231 intueatur,
3100 5181 3168 5222 ne
3190 5167 3471 5224 videantur

1886 5249 1934 5304 ei
1962 5248 2118 5303 nimis
2147 5257 2318 5317 acuta,
2344 5265 2462 5321 quae
2497 5254 2708 5309 acutule
2743 5265 2959 5324 sonant,
2987 5265 3042 5312 et
3062 5256 3300 5313 discussa
3325 5259 3474 5314 inve-

1887 5341 2105 5396 niuntur
2128 5340 2337 5398 obtusa.
2361 5343 2498 5410 Quid
2528 5345 2670 5416 quod
2709 5346 2868 5402 etiam
2904 5348 3276 5406 similitudines
3314 5352 3469 5406 adhi-

1886 5430 1995 5499 bet,
2024 5431 2216 5504 quibus
2242 5434 2410 5506 magis
2437 5435 2722 5493 admoneat
2747 5439 2872 5510 quid
2911 5440 2961 5496 ei
3005 5439 3196 5495 debeat
3244 5453 3469 5512 respon-

1885 5524 2038 5582 deri?
2084 5524 2220 5594 Quid
2266 5529 2485 5601 amplius
2528 5531 2714 5600 dicam,
2767 5531 2971 5603 inquit,
3005 5535 3104 5588 nisi
3139 5535 3258 5604 quia
3312 5545 3472 5604 potest

1887 5618 2025 5673 credi
2052 5619 2185 5690 quod
2213 5619 2354 5691 ignes
2395 5621 2595 5693 ignibus
2633 5624 3037 5694 exstinguuntur,
3075 5625 3120 5678 si
3143 5625 3165 5656 ¹
3193 5625 3332 5678 credi
3371 5642 3468 5696 po-

1889 5718 1980 5765 test
2029 5712 2166 5781 quod
2217 5715 2431 5783 peccatis
2485 5726 2688 5786 peccata
2746 5719 3024 5771 curentur?
3049 5717 3184 5786 Quid
3229 5719 3273 5773 si
3321 5719 3470 5790 ignes

1886 5802 2223 5872 exstinguere
2259 5806 2538 5878 quisquam
2568 5825 2671 5863 non
2700 5818 2870 5879 potest
2899 5809 3126 5881 ignibus,
3153 5811 3250 5868 sed
3289 5820 3470 5870 tamen

1953 5917 1970 5982 ξ
1995 5916 2364 5982 Cygirannensis
2385 5925 2488 5979 315.,
2513 5923 2639 5982 quod
2661 5921 2705 5971 ei
2728 5919 2926 5971 dicitur.

1952 5978 1973 6009 ³
1995 5979 2131 6038 aliti,
2153 5981 2240 6030 sic.
2266 5978 2563 6045 castigantur
2589 5998 2649 6034 ex
2675 5986 3030 6052 atauuscriptis.
