3996 6492
527 459 636 531 ὶϐδ

526 598 772 664 possunt,
803 597 862 647 ut
885 581 1063 657 docui,
1093 577 1308 646 dolores
1332 587 1509 644 curari
1534 587 1858 644 doloribus?
1882 587 2116 644 Possunt

525 688 708 754 etiam,
740 685 785 741 si
805 691 1011 756 quaerat
1058 673 1115 740 et
1139 682 1330 750 discat,
1385 683 1607 739 venenis
1659 697 1863 738 venena
1897 681 2112 753 depelli.

523 777 679 844 Nam,
711 777 755 832 si
782 786 835 832 et
859 776 1088 832 advertit
1114 775 1401 847 aliquando
1450 777 1660 833 calores
1706 775 1935 832 febrium
1993 774 2112 845 qui-

521 870 748 926 busdam
794 869 1061 926 caloribus
1087 869 1491 926 medicinalibus
1521 869 1710 942 frangi,
1765 869 1924 926 etiam
1964 868 2116 940 ignes

523 962 731 1033 ignibus
753 961 980 1018 fortasse
1009 962 1270 1018 concedet
1292 962 1579 1034 exstingui.

592 1053 819 1110 CAPUT
845 1053 1035 1109 XXIX.
1069 1085 1139 1094 —
1164 1055 1254 1110 55.
1283 1052 1406 1108 Non
1425 1069 1574 1108 omne
1597 1061 1857 1124 peccatum
1881 1051 2115 1124 superbia

521 1153 613 1200 est.
640 1145 889 1216 Superbia
917 1147 1168 1217 quomodo
1218 1145 1381 1200 omnis
1403 1147 1595 1217 peccati
1623 1147 1844 1199 initium.
1880 1144 2114 1212 Quonam

521 1239 692 1303 modo,
724 1239 914 1310 inquit,
933 1239 1222 1309 superbiam
1248 1241 1414 1310 ipsam
1441 1255 1474 1292 a
1503 1248 1708 1311 peccato
1727 1238 2070 1309 separabimus
2089 1238 2115 1292 Ρ

521 1332 656 1400 Quid
697 1333 838 1386 enim
880 1331 983 1387 hoc
1031 1340 1204 1402 urget,
1262 1345 1382 1386 cum
1432 1329 1774 1386 manifestum
1829 1330 1900 1384 sit
1949 1329 2112 1384 etiam

521 1425 688 1494 ipsam
714 1437 832 1478 esse
870 1421 1184 1492 peccatum?
1207 1419 1337 1475 Tam
1366 1436 1594 1491 peccare,
1617 1420 1806 1490 inquit,
1847 1420 2108 1490 superbire

518 1525 610 1581 est,
642 1531 792 1585 quant
828 1513 1084 1584 superbire
1103 1529 1329 1584 peccare.
1365 1510 1503 1566 Nam
1522 1528 1692 1584 qurere
1708 1512 1833 1585 quid
1857 1512 1922 1566 sit
1943 1515 2112 1584 quod-

517 1620 729 1675 cumque
754 1613 1030 1674 peccatum,
1060 1613 1107 1658 et
1127 1604 1240 1658 uide
1281 1604 1324 1658 si
1357 1603 1578 1658 invenies
1612 1603 1818 1674 aliquod
1865 1603 1976 1658 sine
2013 1619 2100 1658 su-

519 1698 706 1769 perbia!
730 1698 1070 1769 appellatione
1091 1707 1370 1769 peccatum.
1398 1697 1546 1752 lianc
1572 1707 1752 1752 autem
1788 1697 2109 1752 sententiam

519 1789 597 1844 sic
639 1790 969 1858 exsequitur,
1009 1797 1065 1845 et
1111 1790 1189 1844 sic
1237 1788 1465 1859 probare
1523 1798 1785 1843 conatur:
1818 1788 1998 1854 Omne,
2029 1789 2110 1845 in-

519 1884 656 1956 quit,
713 1892 993 1954 peccatum,
1038 1883 1136 1936 nisi
1179 1882 1367 1954 fallor,
1419 1880 1511 1935 Dei
1551 1891 1868 1951 contemptus
1917 1891 1988 1936 est
2016 1891 2108 1936 :et

527 1977 692 2032 omnis
713 1975 807 2028 Dei
830 1983 1143 2045 contemptus
1169 1973 1408 2043 superbia
1435 1981 1524 2027 est.
1557 1971 1694 2039 Quid
1723 1973 1855 2026 enim
1882 1982 1986 2026 tam
2009 1989 2102 2028 su-

515 2069 744 2142 perbum,
767 2083 920 2138 quam
944 2066 1104 2122 Deum
1125 2075 1439 2120 contemnere
1456 2064 1482 2118 ?
1515 2063 1677 2118 Omne
1700 2080 1818 2136 ergo
1847 2073 2108 2136 peccatum

514 2170 564 2214 et
606 2143 842 2231 superbia
896 2167 990 2224 est,
1040 2157 1192 2212 etiam
1233 2156 1504 2228 Scriptura
1576 2156 1790 2222 dicente,
1845 2174 1864 2206 ‹
1894 2154 2107 2211 Initium

521 2272 542 2308 ι
572 2254 736 2307 omnis
767 2253 957 2318 peccati
982 2251 1217 2322 superbia
1265 2259 1358 2304 est.
1385 2269 1405 2303 ι
1440 2249 1656 2318 Quaerat
1701 2249 2004 2320 diligenter,
2052 2259 2108 2306 et

512 2345 750 2400 inveniet
776 2345 830 2400 in
875 2343 993 2414 lege
1045 2343 1269 2398 multum
1313 2340 1604 2397 discretum
1654 2355 1774 2397 esse
1815 2355 1844 2393 a
1896 2341 2106 2398 caeteris

512 2437 744 2508 peccatis
777 2445 1050 2505 peccatum
1077 2432 1363 2504 superbiae.
1393 2432 1554 2486 Multa
1579 2433 1722 2486 enim
1752 2441 1970 2501 peccata
2009 2447 2105 2502 per

511 2530 812 2600 superbiam
843 2527 1267 2592 committuntur,
1313 2526 1408 2582 sed
1449 2539 1622 2594 neque
1664 2525 1841 2579 omnia
1872 2525 2104 2596 superbe

509 2621 665 2689 fiunt,
695 2636 814 2692 qua:
839 2635 1117 2690 perperam
1144 2619 1292 2682 fiunt;
1313 2625 1460 2673 certe
1485 2632 1515 2671 a
1540 2616 1924 2684 nescientibus,
1957 2625 2103 2672 certe

508 2715 578 2770 ab
602 2712 847 2777 infirmis,
881 2722 1028 2768 certe
1058 2712 1370 2782 plerumque
1396 2725 1426 2764 a
1457 2709 1707 2765 flentibus
1751 2717 1807 2765 et
1833 2710 2101 2780 gementi-

508 2809 629 2866 bus.
654 2810 722 2864 Et
758 2809 973 2879 quidem
1004 2808 1273 2878 superbia,
1303 2822 1426 2862 cum
1452 2821 1703 2880 magnum
1732 2807 1802 2861 sit
1833 2807 1946 2876 ipsa
1978 2819 2102 2876 pec-

508 2913 704 2966 catum,
735 2901 807 2955 ita
827 2901 944 2955 siue
969 2899 1087 2954 aliis
1107 2915 1204 2970 per
1227 2914 1288 2954 se
1316 2901 1427 2970 ipsa
1453 2907 1555 2965 est,
1585 2907 1644 2953 ut
1671 2899 1833 2954 etiam
1859 2898 2099 2967 plerum-

507 3010 634 3066 que,
664 3003 723 3048 ut
753 2993 883 3060 dixi,
907 3007 1013 3048 non
1035 2993 1086 3047 in
1119 2992 1373 3062 peccatis,
1398 2991 1492 3047 sed
1531 2992 1586 3046 in
1612 2991 1744 3062 ipsis
1771 3000 1918 3048 recte
1943 2990 2099 3045 factis

510 3085 647 3156 pede
677 3085 939 3140 celeriore
964 3085 1310 3155 superveniat
1335 3092 1391 3139 et
1434 3085 1676 3155 obrepat.
1710 3084 1815 3140 Sed
1856 3085 1976 3140 ideo
2001 3099 2097 3139 ve-

513 3178 728 3232 rissime
788 3176 985 3231 dictum
1025 3185 1127 3244 est,
1169 3177 1310 3248 quod
1355 3179 1455 3231 iste
1490 3177 1645 3230 aliter
1687 3176 1964 3240 intellexit,
2006 3173 2100 3228 1η-

506 3268 658 3323 itium
701 3271 863 3322 omnis
911 3269 1104 3339 peccati
1143 3267 1420 3338 superbia:
1448 3267 1698 3338 quoniam
1742 3266 2034 3334 diabolum,
2064 3281 2096 3321 a

504 3377 612 3434 quo
640 3362 843 3418 exstitit
867 3361 1019 3432 origo
1044 3365 1268 3432 peccati,
1297 3362 1406 3432 ipsa
1427 3361 1646 3430 dejecit,
1665 3368 1720 3416 et
1734 3359 2096 3430 subsequente

505 3455 796 3511 invidentia
824 3455 1095 3510 hominem
1118 3461 1372 3518 stantem,
1407 3452 1546 3507 unde
1577 3452 1692 3522 ipse
1721 3450 1932 3513 cecidit.
1971 3449 2095 3506 inde

506 3549 791 3606 subvertit.
824 3547 956 3602 Nam
985 3547 1168 3616 utique
1192 3544 1460 3615 jactantia:
1495 3544 1730 3613 januam,
1773 3558 1877 3613 qua
1925 3543 2092 3596 intra-

502 3649 604 3708 ret,
628 3654 852 3710 serpens
880 3639 966 3692 ille
992 3637 1257 3708 qumsivit,
1290 3635 1504 3707 quando
1532 3636 1626 3698 ait,
1675 3634 1833 3689 Erilis
1860 3634 1991 3689 sicut
2019 3633 2092 3688 dii

502 3733 658 3806 (Gen.
690 3750 768 3800 ιιι,
801 3732 880 3804 5).
904 3731 1030 3786 Ideo
1059 3730 1259 3786 dictum
1307 3739 1408 3794 est,
1439 3727 1653 3783 Initium
1693 3729 1857 3783 omnis
1900 3728 2094 3800 peccati

501 3827 759 3897 superbia;
785 3833 858 3892 et,
909 3823 1122 3878 Initium
1167 3822 1415 3890 superbia:
1467 3822 1684 3876 hominis
1729 3829 2019 3892 apostatare
2058 3837 2092 3874 a

503 3917 613 3974 Deo
640 3918 827 3990 (Eccli.
849 3933 906 3983 x,
933 3917 1021 3982 15,
1053 3913 1164 3988 li).

571 4010 798 4066 CAPUT
826 4008 1163 4065 XXX—34.
1191 4006 1454 4075 Quomodo
1470 4023 1616 4062 suum
1633 4016 1704 4061 est
1731 4006 1948 4062 hominis
1970 4023 2088 4077 pec-

501 4112 689 4169 catum,
721 4103 836 4157 licet
872 4106 1036 4174 gratia
1072 4101 1292 4170 indigeat
1319 4110 1374 4154 ut
1410 4109 1613 4155 sanetur
1654 4101 1763 4170 ejus
1796 4100 2088 4170 inﬁrmitas.

499 4197 638 4267 Quid
665 4204 840 4250 autem
879 4194 978 4250 sibi
1025 4191 1348 4263 vult,’quod
1392 4192 1522 4247 dicit
1556 4209 1568 4245 :
1602 4190 1798 4246 Deinde
1839 4193 2088 4262 quomodo

502 4289 612 4344 Deo
636 4304 728 4358 pro
753 4288 892 4342 illius
915 4286 1107 4355 peccati
1135 4295 1278 4339 reatu
1309 4284 1539 4338 subditus
1571 4300 1676 4338 esse
1704 4284 1904 4354 poterit,
1953 4283 2089 4355 quod

499 4398 648 4437 suum
671 4397 772 4434 non
794 4395 898 4436 esse
916 4377 1201 4450 cognouerit
1222 4377 1246 4431 Ρ
1268 4375 1432 4431 Suum
1459 4375 1595 4429 enim
1624 4391 1726 4429 non
1763 4384 1860 4444 est,
1890 4375 2083 4447 inquit,

499 4475 543 4529 si
567 4473 904 4530 necessarium
929 4480 1018 4525 est.
1048 4471 1147 4524 Aut
1175 4470 1218 4524 si
1243 4485 1392 4523 suum
1437 4475 1528 4535 est,
1575 4466 1917 4521 voluntarium
1974 4475 2086 4522 est:

501 4579 549 4624 et
574 4569 617 4622 si
644 4567 983 4622 voluntarium
1007 4574 1101 4627 est,
1129 4563 1276 4616 vitari
1304 4569 1482 4631 potest.
1525 4557 1634 4613 Nos
1661 4559 2083 4628 respondemus:

501 4661 668 4719 Suum
696 4667 778 4714 est
804 4657 1058 4721 omnino;
1089 4654 1181 4710 scd
1209 4654 1395 4706 vitium
1427 4665 1532 4722 quo
1554 4651 1920 4718 committitur,
1950 4665 2084 4706 non-

500 4755 630 4810 dum
659 4751 803 4806 omni
833 4765 898 4804 ex
939 4755 1086 4817 parte
1128 4753 1372 4800 sanatum
1419 4751 1504 4798 est
1535 4760 1547 4796 :
1576 4742 1716 4813 quod
1768 4742 1982 4813 quidem
2027 4751 2088 4799 ut

501 4847 840 4910 inolesceret,
863 4843 932 4898 de
959 4857 1062 4896 non
1083 4847 1228 4895 recte
1255 4853 1348 4894 usa
1394 4838 1620 4893 sanitate
1667 4837 1946 4894 descendit
1976 4857 1989 4892 :
2018 4855 2087 4897 ex

499 4955 607 5014 quo
635 4939 762 4994 vitio
785 4939 892 5007 jam
919 4934 1060 4990 male
1100 4933 1304 4998 valens,
1336 4931 1421 4985 vel
1448 4929 1778 4997 infirmitate,
1809 4933 1896 4988 vel
1920 4933 2084 4988 caeci-

501 5044 608 5090 tate
640 5033 788 5104 plura
809 5027 1095 5085 committit
1126 5040 1258 5096 :pro
1303 5039 1408 5095 quo
1450 5023 1854 5094 supplicandum
1895 5034 1998 5094 est,
2027 5034 2087 5081 ut

500 5136 738 5190 sanetur,
779 5131 834 5177 et
871 5119 1123 5188 deinceps
1164 5119 1216 5172 in
1254 5124 1506 5188 perpetua
1561 5116 1790 5173 sanitate
1837 5117 2078 5186 vivatur;

501 5236 604 5275 non
628 5212 1064 5288 superbiendum,
1087 5211 1236 5281 quasi
1267 5209 1430 5264 homo
1454 5208 1642 5264 eadem
1689 5218 1952 5281 potestate
1993 5226 2082 5267 sa-

500 5321 678 5377 netur,
709 5323 809 5379 qua
830 5312 1095 5378 potestate
1125 5302 1340 5355 vitiatus
1365 5309 1468 5355 est.

571 5402 796 5461 CAPUT
827 5398 1020 5456 XXXI.
1045 5427 1113 5437 —
1138 5395 1225 5452 55.
1275 5395 1576 5466 Superbiam
1613 5396 1776 5466 ipsam
1802 5413 1892 5451 cur
1942 5394 2083 5450 Deus

498 5516 601 5556 non
627 5499 726 5553 cito
770 5502 929 5550 sanet.
965 5492 1126 5558 Quam
1169 5491 1360 5544 occulte
1401 5489 1664 5544 insidietur
1715 5489 1970 5560 superbia.
2014 5487 2084 5542 Et

500 5593 615 5648 hinc
642 5588 856 5662 quidem
877 5586 948 5641 ita
969 5584 1213 5646 dixerim,
1243 5591 1301 5637 ut
1328 5583 1485 5637 altius
1513 5582 1606 5638 Dei
1635 5583 1911 5638 consilium
1946 5585 1962 5614 ¹
1996 5598 2082 5639 me

496 5684 667 5742 fatear
695 5684 960 5753 ignorare,
988 5693 1083 5732 cur
1111 5675 1270 5730 etiam
1304 5674 1470 5744 ipsam
1498 5673 1823 5745 superbiam,
1867 5690 1985 5744 qua:
2027 5683 2084 5730 et

497 5779 552 5836 in
591 5785 736 5833 recte
785 5773 937 5828 factis
965 5771 1143 5826 animo
1186 5768 1464 5823 insidiatur
1511 5767 1764 5835 humano,
1821 5782 1928 5824 non
1973 5769 2082 5826 cito

497 5871 641 5929 Deus
666 5876 849 5925 sanet:
888 5881 985 5936 pro
1024 5880 1124 5935 qua
1168 5860 1401 5916 sananda
1451 5861 1527 5916 illi
1580 5863 1680 5933 piae
1724 5863 1915 5920 anima:
1955 5882 2076 5924 cum

561 5985 583 6021 ⁸
599 5981 782 6049 Belgicl
795 5979 991 6048 quidam
1011 5985 1138 6041 Mm,
1162 5973 1429 6040 judicium.

1492 463 1580 525 DE
1615 461 1900 525 NATURA
1936 458 2027 523 ET
2065 450 2347 533 GRATIA,
2386 461 2444 522 S.
2485 456 2858 524 AUGUSTlNl

2225 585 2477 660 lacrymis
2503 596 2558 643 et
2583 589 2792 660 magnis
2817 588 3101 661 gemitibus
3125 591 3448 664 supplicant,
3479 599 3543 649 ut
3584 591 3654 651 ad
3696 610 3828 653 eam

2223 678 2577 751 superandam
2604 689 2658 737 et
2680 681 2911 753 quodam
2942 683 3104 739 modo
3125 685 3437 741 calcandam
3482 696 3540 743 et
3570 687 3821 746 obteren-

2221 772 2365 841 dam,
2399 774 2673 831 dexteram
2697 777 3017 832 conantibus
3034 778 3288 850 porrigat.
3312 779 3418 836 Ubi
3443 781 3586 837 enim
3605 782 3822 837 laetatus

2223 865 2385 921 homo
2411 865 2589 936 fuerit,
2627 867 2680 923 in
2701 868 2878 940 aliquo
2903 868 3045 925 bono
3073 885 3236 941 opere
3262 886 3322 927 se
3342 873 3501 929 etiam
3533 889 3824 945 superasse

2221 959 2545 1029 superbiam,
2564 975 2628 1015 ex
2657 961 2768 1031 ipsa
2797 961 2979 1017 laetitia
3001 973 3161 1034 caput
3186 965 3362 1035 erigit,
3391 974 3447 1021 et
3469 967 3602 1022 dicit
3631 986 3645 1021 :
3676 970 3822 1026 Ecce

2221 1065 2322 1121 ego
2345 1051 2488 1118 vivo,
2519 1051 2646 1122 quid
2673 1053 3004 1125 triumphas?
3029 1064 3084 1110 et
3113 1055 3234 1111 ideo
3275 1057 3417 1124 vivo,
3458 1063 3581 1128 quia
3625 1062 3820 1114 trium.

2221 1142 2374 1212 phas.
2403 1144 2543 1198 Ante
2566 1153 2774 1215 tempus
2800 1145 2944 1200 enim
2972 1144 3200 1202 fortasse
3246 1147 3313 1203 de
3352 1149 3438 1204 illa
3485 1151 3635 1221 quasi
3673 1154 3817 1205 victa

2221 1236 2551 1307 triumphare
2579 1237 2830 1303 delectat,
2879 1254 3002 1294 cum
3045 1249 3287 1296 extrema
3329 1242 3445 1312 ejus
3485 1244 3671 1298 umbra
3715 1245 3816 1299 illo

2219 1329 2463 1393 meridie,
2489 1339 2746 1399 quantum
2777 1331 3026 1398 arbitror,
3071 1332 3445 1388 absorbebitur
3473 1352 3486 1388 :
3515 1335 3601 1406 qui
3641 1338 3814 1390 meri-

2218 1421 2334 1477 dies
2357 1422 2629 1492 Scriptura
2653 1424 2864 1480 dicente
2905 1426 3251 1495 promittitur,
3281 1425 3347 1479 Et
3372 1427 3544 1481 educet
3569 1427 3696 1481 sicut
3727 1427 3820 1482 lu-

2218 1533 2332 1571 men
2344 1518 2601 1589 justitiam
2622 1528 2782 1585 tuam,
2812 1528 2860 1573 et
2873 1519 3130 1590 judicium
3161 1529 3303 1573 tuum
3335 1519 3462 1573 sicut
3492 1520 3755 1575 meridiem
3789 1536 3814 1576 :

2216 1614 2260 1670 si
2289 1613 2382 1669 ﬁat
2405 1614 2548 1686 quod
2578 1629 2739 1685 supra
2779 1615 3032 1685 scriptum
3060 1622 3166 1682 est,
3209 1613 3398 1669 Revela
3435 1614 3502 1667 ad
3529 1612 3816 1669 Dominum

2216 1707 2347 1760 uiam
2373 1717 2532 1776 tuam,
2565 1717 2613 1762 et
2635 1723 2784 1777 spera
2809 1708 3019 1773 incum;
3041 1717 3087 1761 et
3105 1708 3213 1776 ipse
3234 1707 3384 1776 faciet
3409 1705 3579 1778 (Psal.
3611 1722 3811 1773 xxxvr,

2215 1799 2270 1866 6,
2297 1800 2353 1872 5)
2384 1818 2398 1855 :
2426 1815 2532 1855 non
2563 1800 2702 1856 sicut
2723 1799 2937 1871 quidam
2966 1807 3171 1870 putant,
3197 1798 3340 1870 quod
3361 1801 3460 1870 ipsi
3487 1798 3700 1855 faciant.
3724 1797 3809 1871 (a)

2213 1893 2399 1949 Nullos
2425 1894 2569 1949 enim
2590 1893 2800 1950 videtur
2829 1893 3143 1959 attendisse,
3174 1907 3297 1948 cum
3321 1893 3474 1960 dixit,
3505 1890 3574 1945 Et
3597 1894 3706 1963 ipse
3721 1897 3812 1964 fa-

2213 1985 2472 2052 ciet;nisi
2513 1999 2607 2042 eos
2648 1987 2741 2058 qui
2769 1987 2975 2052 dicunt,
3025 1985 3134 2040 Nos
3177 1985 3422 2050 facimus,
3469 1983 3522 2039 id
3555 1993 3658 2051 est,
3703 1999 3811 2040 nos

2212 2079 2315 2149 ipsi
2340 2095 2438 2134 nos
2465 2078 3001 2151 ipsosjustilicamus.
3024 2079 3127 2136 Ubi
3162 2079 3377 2151 quidem
3421 2094 3707 2150 operamur
3749 2088 3811 2135 et

2211 2187 2312 2228 nos
2344 2190 2357 2225 :
2391 2172 2484 2228 sed
2512 2173 2604 2228 illo
2627 2184 2884 2240 operante
2910 2187 3283 2244 cooperamur,
3328 2171 3454 2243 quia
3493 2173 3810 2227 misericor-

2210 2264 2298 2321 dia
2323 2266 2438 2336 ejus
2478 2267 2870 2340 prtevepitnos.
2908 2266 3172 2322 Praevenit
3214 2272 3393 2320 autem
3432 2273 3492 2319 ut
3523 2278 3805 2332 sanemur,

2209 2359 2333 2430 quia
2374 2368 2429 2413 et
2479 2359 2836 2429 subsequetur
2865 2360 2884 2391 ί
2911 2366 2970 2413 ιιι
3008 2358 3168 2414 etiam
3231 2357 3400 2412 sanati
3449 2365 3802 2427 vegetemur:

2210 2450 2549 2522 przevenitut
2571 2465 2845 2515 vocemur,
2896 2449 3254 2520 subsequetur
3302 2457 3360 2502 ut
3394 2448 3802 2520 glorificemur:

2210 2541 2469 2613 praevenit
2495 2549 2554 2596 ut
2594 2541 2677 2613 pie
2716 2541 2978 2607 vivamus,
3023 2540 3375 2610 subsequetur
3421 2546 3479 2593 ut
3530 2552 3652 2592 cum
3702 2535 3806 2592 illo

2208 2648 2422 2703 semper
2446 2634 2688 2688 vivamus
2720 2651 2732 2687 :
2765 2633 2888 2702 quia
2917 2633 3035 2686 sine
3084 2631 3175 2686 illo
3215 2629 3349 2685 nihil
3393 2644 3679 2701 possumus
3716 2627 3804 2684 fa-

2207 2739 2331 2780 cere
2353 2725 2529 2797 (Joan.
2557 2740 2650 2791 xv,
2676 2726 2750 2795 5).
2779 2723 3074 2794 Utrumque
3102 2723 3244 2778 enim
3273 2723 3527 2792 scriptum
3554 2731 3636 2778 est
3663 2740 3677 2776 :
3701 2729 3760 2776 et
3778 2763 3799 2789 ,

2205 2815 2345 2871 Deus
2396 2832 2556 2883 meus,
2609 2815 2954 2870 misericordia
2995 2816 3105 2883 ejus
3157 2815 3425 2884 prteveniet
3471 2831 3550 2868 me
3600 2811 3799 2887 (Psal.

2205 2926 2351 2977 Lvut,
2383 2910 2497 2981 il);
2544 2918 2600 2965 et
2650 2907 3006 2963 Misericordia
3054 2918 3139 2961 tua
3195 2909 3518 2979 subsequetur
3571 2923 3650 2961 me
3702 2923 3801 2977 per

2204 3019 2376 3058 omnes
2394 3003 2500 3058 dies
2523 3003 2639 3058 vita:
2659 3017 2784 3056 mea:
2823 3001 2993 3075 (Psal.
3027 3017 3157 3068 xxu,
3186 3000 3263 3072 6).
3301 3000 3621 3056 Revelemus
3664 3013 3802 3069 ergo

2202 3094 2271 3150 ad
2296 3110 2418 3150 eum
2443 3095 2584 3148 viam
2621 3103 2860 3149 nostram
2911 3091 3269 3158 confessione,
3321 3108 3429 3146 non
3477 3090 3801 3147 defensione

2203 3186 2504 3242 laudemus.
2559 3185 2615 3242 Si
2643 3186 2785 3241 enim
2817 3198 2925 3239 non
2967 3192 3052 3240 est
3086 3185 3253 3256 ipsius
3298 3185 3406 3250 via,
3451 3183 3544 3240 sed
3580 3192 3797 3252 nostra,

2201 3278 2570 3349 proculdubio
2617 3291 2722 3332 non
2753 3285 2835 3333 est
2889 3284 3056 3332 recta.
3101 3275 3419 3331 llevelemus
3467 3290 3584 3330 eam
3625 3273 3802 3329 confi-

2200 3371 2396 3437 tendo;
2427 3372 2548 3442 quia
2577 3387 2684 3426 non
2709 3387 2834 3427 eum
2854 3371 3002 3436 latet,
3036 3371 3247 3426 etiamsi
3274 3371 3487 3442 operire
3509 3385 3797 3426 conemur.

2199 3464 2404 3520 Bonum
2431 3474 2511 3519 est
2541 3473 2717 3519 autem
2742 3453 2987 3518 confiteri
3020 3464 3246 3518 Domino
3274 3461 3448 3534 (Psal.
3479 3479 3586 3532 xcl,
3612 3460 3693 3537 2).

2269 3555 2496 3612 CAPUT
2526 3555 2743 3611 XXXII.
2761 3555 2997 3627 (ἰὴ-56.
3017 3553 3270 3626 Superbia
3295 3556 3445 3611 etiam
3469 3557 3523 3610 in
3547 3565 3680 3610 recte
3710 3555 3803 3624 fa-

2197 3649 2291 3704 ctis
2317 3647 2558 3702 cauenda.
2587 3646 2822 3702 Liberum
2845 3647 3108 3702 arbitrium
3143 3664 3245 3702 non
3271 3647 3468 3702 tollitur
3508 3663 3624 3701 cum
3669 3663 3802 3718 gra-

2197 3743 2269 3797 tia
2294 3742 2620 3812 pradicatur.
2649 3740 2725 3795 lta
2751 3742 2893 3794 enim
2925 3741 3067 3811 quod
3110 3741 3160 3796 ei
3187 3741 3363 3811 placet
3409 3739 3557 3795 dabit
3601 3739 3793 3809 nobis,

2195 3835 2242 3891 si
2291 3834 2432 3905 quod
2471 3833 2521 3888 ei
2569 3833 2813 3903 displicet
2863 3834 2915 3887 in
2961 3833 3134 3900 nobis,
3189 3833 3468 3904 displiceat
3508 3841 3565 3889 et
3607 3833 3796 3888 nobis.

2195 3926 2434 3993 Avertet,
2457 3925 2866 3994 sicutscriptum
2887 3931 2987 3990 est,
3022 3925 3243 3980 semitas
3272 3934 3485 3980 nostras
3527 3939 3556 3978 a
3583 3923 3665 3979 via
3689 3937 3800 3980 sua

2197 4015 2368 4093 (Psal.
2409 4034 2562 4084 xum,
2595 4016 2709 4089 19),
2763 4027 2818 4072 et
2852 4027 3087 4074 nostram
3138 4018 3295 4074 faciet
3360 4033 3479 4073 esse
3521 4033 3640 4090 quae
3690 4033 3801 4074 sua

2194 4120 2306 4178 est;
2338 4111 2588 4181 quoniam
2619 4111 2684 4166 ab
2725 4110 2843 4180 ipso
2874 4110 3141 4181 prtebetur
3167 4109 3506 4165 credentibus
3532 4109 3588 4164 in
3637 4124 3796 4180 eum,

2193 4211 2249 4259 et
2276 4201 2612 4272 sperantibus
2641 4201 2694 4257 in
2725 4217 2844 4258 eum
2868 4211 2926 4256 ut
2967 4203 3081 4273 ipse
3124 4202 3298 4256 faciat.
3349 4201 3464 4270 Ipsa
3507 4209 3592 4256 est
3627 4201 3787 4256 enim

2193 4296 2276 4351 via
2292 4295 2456 4367 justa,
2489 4311 2649 4366 quam
2677 4295 2983 4366 ignorantes
3021 4296 3110 4366 qui
3136 4295 3298 4349 zelum
3322 4293 3417 4349 Dei
3438 4293 3641 4358 habent,
3692 4293 3795 4347 sed

2193 4405 2294 4443 non
2317 4387 2594 4444 secundum
2622 4389 2907 4455 scientiam;
2951 4395 2999 4442 et
3042 4403 3184 4442 suam
3214 4385 3433 4440 volentes
3486 4385 3798 4442 constituere

2183 4480 2462 4553 justitiam,
2484 4479 2690 4547 iustitia:
2728 4477 2825 4532 Dei
2873 4495 2976 4533 non
3014 4486 3130 4532 sunt
3169 4477 3400 4547 subjecti.
3451 4474 3597 4530 Finis
3649 4476 3798 4531 enim

2193 4574 2317 4646 legis
2341 4572 2592 4637 Christus,
2616 4573 2692 4643 :ad
2727 4572 2986 4641 justitiam
3033 4571 3170 4625 omni
3211 4570 3433 4625 credenti
3488 4568 3685 4643 (Rom.
3724 4584 3795 4638 ι,

2191 4662 2335 4739 2-4),
2359 4665 2450 4735 qui
2471 4663 2630 4728 dixit,
2652 4662 2761 4731 Ego
2780 4679 2892 4718 sum
2910 4663 2990 4716 via
3012 4660 3194 4736 (Joan.
3211 4677 3329 4730 xxv,
3351 4662 3430 4731 6).
3461 4660 3517 4716 ln
3546 4676 3648 4733 qua
3671 4659 3795 4729 jam

2194 4757 2531 4812 ambulantes
2584 4765 2764 4810 tamen
2794 4755 2980 4810 terruit
3027 4770 3128 4809 vox
3169 4754 3368 4819 divina,
3408 4768 3476 4808 ne
3520 4751 3670 4822 quasi
3715 4750 3798 4807 de

2193 4850 2425 4924 propriis
2450 4850 2507 4905 in
2545 4864 2608 4905 ea
2635 4848 2838 4903 viribus
2876 4848 3222 4902 extollantur.
3255 4847 3387 4902 Nam
3421 4845 3614 4918 quibus
3658 4860 3798 4915 pro-

2193 4950 2312 5012 pter
2341 4941 2444 4996 hoc
2489 4940 2565 4994 ait
2593 4937 2902 5009 Apostolus,
2951 4937 3080 4992 Cum
3128 4939 3304 4992 timore
3347 4938 3392 4991 el
3439 4947 3650 4991 tremore
3695 4951 3794 4990 ve-

2192 5044 2349 5091 stram
2375 5035 2601 5105 ipsorum
2639 5031 2920 5102 aperantini
2948 5031 3195 5096 salutem;
3239 5028 3379 5084 Deus
3405 5030 3537 5083 enim
3577 5037 3648 5084 est
3697 5030 3796 5098 qui

2193 5133 2430 5199 operatur
2453 5126 2506 5178 in
2533 5123 2670 5178 vobis
2709 5133 2755 5178 et
2781 5122 2905 5177 velle
2933 5131 2978 5176 et
3009 5121 3232 5192 operari,
3282 5137 3376 5193 pro
3419 5119 3549 5175 bona
3595 5119 3793 5174 volun-

2194 5229 2291 5275 tate
2317 5216 2572 5289 (Philipp.
2605 5233 2664 5283 ιι,
2691 5215 2775 5281 12,
2807 5213 2896 5288 15)
2925 5233 2936 5269 :
2969 5215 3048 5270 eis
3064 5222 3285 5284 propter
3313 5213 3415 5268 hoc
3445 5214 3618 5283 ipsum
3651 5213 3796 5271 dicit

2190 5311 2350 5368 etiam
2377 5309 2640 5373 Psalmus,
2682 5307 2882 5364 Servite
2921 5304 3145 5361 Domino
3183 5307 3237 5360 in
3275 5306 3472 5370 timore,
3509 5314 3558 5360 et
3606 5308 3794 5362 exsul-

2193 5411 2292 5458 tate
2337 5403 2384 5457 ei
2427 5419 2542 5456 cum
2612 5410 2857 5465 tremore;
2919 5400 3284 5474 apprehendite
3328 5399 3674 5473 disciplinam,
3724 5419 3796 5456 ne

2191 5494 2394 5566 quando
2424 5494 2676 5548 irascatur
2695 5490 2969 5556 Dominus,
2995 5501 3044 5545 et
3065 5492 3279 5562 pereatis
3304 5491 3368 5546 de
3385 5491 3467 5546 uia
3477 5491 3642 5563 justa,
3667 5509 3794 5547 cum

2189 5587 2431 5641 exarserit
2452 5585 2506 5639 in
2531 5585 2664 5639 breui
2685 5585 2765 5638 ira
2784 5584 2894 5654 ejus
2917 5599 3071 5655 super
3096 5600 3204 5638 vos.
3234 5581 3349 5639 Non
3369 5583 3466 5651 ait,
3494 5599 3556 5638 ne
3574 5585 3792 5654 quando

2190 5681 2435 5735 irascatur
2465 5676 2732 5740 Dominus,
2757 5685 2811 5731 et
2829 5691 2935 5730 nou
2957 5675 3112 5732 vobis
3129 5675 3377 5732 ostendat
3395 5675 3531 5730 viam
3553 5675 3786 5746 justam,

2189 5863 2208 5909 ι
2255 5795 2273 5827 ί
2297 5791 2666 5857 Cygirannensis
2687 5789 2843 5840 codex
2867 5795 2919 5840 et
2936 5787 3119 5854 aliquot
3155 5789 3364 5840 Vaticani
3386 5795 3512 5852 Mss,
3529 5785 3791 5852 subsequi-

2211 5871 2286 5908 ur.
3782 5871 3785 5873 ·

2211 5871 2286 5908 ur.
3782 5871 3785 5873 '

2250 5892 2327 6044 Et}

2359 5979 2609 6038 Aptulsm.
2638 5986 2689 6029 et
2711 5984 2807 6041 Er.,
2831 5978 2906 6028 δᾶ
2984 6035 2990 6044 ε

3715 457 3836 538 ἁδι

2357 5917 2440 5966 Hic
2461 5916 2629 5989 incipit
2643 5921 2784 5989 caput
2805 5913 3015 5989 3§_apud
3052 5923 3148 5966 Am.
3171 5923 3221 5968 et
3243 5921 3317 5964 Er.
3713 5971 3726 5987 ‘
3781 5930 3795 5980 ι

3793 6007 3811 6061 ι
