3996 6506
167 355 264 416 εις

179 486 280 540 aut,
306 487 416 528 non
442 468 876 526 vosintroducat
903 465 955 520 in
987 465 1128 520 viam
1153 461 1348 532 justam
1382 476 1396 514 :
1425 455 1518 514 sed
1560 456 1671 526 jam
1697 456 1761 509 il-

183 565 244 620 lic
263 560 608 616 ambulantes
626 559 706 613 sic
727 567 938 612 terrere
964 553 1131 624 potuit
1161 561 1217 605 ut
1241 549 1462 614 diceret,
1495 561 1558 600 ne
1595 559 1770 616 perea-

185 657 242 709 tis
265 651 422 707 deuia
442 651 617 721 justo.
649 646 828 712 Unde,
862 645 959 699 nisi
985 643 1106 715 quia
1129 639 1402 710 superbia,
1433 635 1575 707 quod
1611 633 1770 688 toties

185 743 310 808 dixi,
335 751 390 796 et
413 755 565 808 smpe
584 737 872 794 dicendum
897 745 998 798 est,
1046 733 1207 788 etiam
1251 731 1302 783 in
1343 727 1472 798 ipsis
1510 733 1656 780 recte
1691 721 1773 776 fa-

189 835 284 890 ctis
309 830 546 888 cavenda
573 839 680 897 est,
729 827 784 882 id
812 835 911 890 est,
945 825 996 879 in
1028 824 1141 896 ipsa
1171 822 1254 874 via
1285 819 1461 890 justa;
1503 831 1572 870 ne
1609 815 1771 869 homo

191 925 308 981 dum
333 921 478 993 quod
501 921 600 977 Dei
643 929 728 976 est
755 919 976 988 deputat
1023 930 1200 976 suum,
1247 912 1455 966 amittat
1492 907 1632 979 quod
1675 905 1768 960 Dei

191 1021 290 1074 est,
315 1017 370 1064 et
397 1007 590 1062 redeat
617 1003 684 1058 ad
713 1002 906 1058 suum?
923 999 1071 1062 ideo,
1098 1013 1207 1066 quo
1225 995 1460 1064 psalmus
1509 993 1611 1046 iste
1645 1003 1776 1044 con-

191 1099 440 1162 cluditur,
465 1095 728 1150 faciamus
769 1090 954 1145 :Beati
997 1104 1168 1142 omnes
1191 1087 1277 1157 qui
1323 1083 1586 1151 conﬁdunt
1623 1081 1678 1133 in
1717 1093 1776 1132 eo

199 1189 364 1260 (Psot.
389 1203 446 1248 ιι,
479 1186 672 1254 11-13)
707 1183 925 1251 :utique
953 1187 1009 1232 ut
1029 1179 1144 1250 ipse
1161 1177 1335 1237 faciat,
1369 1173 1484 1242 ipse
1525 1168 1777 1225 ostendat

195 1287 324 1340 viam
353 1297 534 1344 suam,
576 1279 661 1334 cui
691 1278 902 1342 dicitur,
935 1271 1156 1330 Ostende
1199 1270 1360 1333 nobis,
1407 1265 1640 1330 Domine,
1683 1263 1780 1316 mi-

197 1375 523 1432 sericordiam
549 1381 686 1423 tuam
719 1387 732 1422 :
766 1377 818 1422 et
839 1369 952 1436 ipse
973 1364 1062 1419 det
1105 1361 1353 1426 salutem,
1400 1367 1460 1412 ut
1507 1355 1780 1410 ambulare

198 1465 480 1537 possimus,
513 1461 600 1516 cui
632 1459 848 1522 dicitur,
871 1454 938 1510 Et
958 1453 1179 1508 salutare
1205 1461 1344 1505 tuum
1365 1449 1431 1502 da
1447 1447 1594 1537 nobis
1605 1441 1778 1537 visat.

198 1534 420 1618 txxxtv,
447 1553 512 1622 8)
535 1569 552 1604 :
585 1550 777 1620 ipsein
805 1545 988 1602 eadem
1021 1544 1108 1598 via
1139 1539 1384 1599 deducat,
1438 1537 1522 1592 cui
1565 1534 1778 1597 dicitur,

199 1646 370 1701 Dedin:
393 1659 496 1708 nte,
523 1641 766 1704 Domine,
795 1637 850 1690 in
874 1637 953 1690 via
979 1643 1090 1698 tua,
1113 1641 1160 1686 et
1189 1627 1455 1684 antbnlabo
1481 1629 1535 1681 in
1577 1625 1785 1679 veritate

203 1735 486 1806 tua(Psat.
519 1747 718 1796 uuv,
747 1728 840 1800 ll)
869 1747 882 1782 :
917 1728 1028 1795 ipse
1069 1725 1136 1780 ad
1181 1724 1288 1786 illa,
1325 1736 1432 1793 quo
1479 1721 1564 1775 via
1615 1717 1782 1784 ducit,

207 1827 464 1897 promissa
491 1821 772 1892 perducat,
804 1818 886 1873 cui
915 1815 1134 1878 dicitur,
1181 1813 1382 1868 Etenim
1435 1808 1558 1864 illuc
1605 1823 1786 1862 manus

203 1930 282 1972 tua
319 1917 546 1970 deducet
585 1927 688 1976 me,
715 1921 764 1966 et
805 1910 1042 1982 perducet
1082 1923 1164 1961 me
1205 1907 1411 1959 dextera
1459 1913 1546 1957 tua
1587 1901 1608 1974 (
1639 1899 1784 1956 Psal.

201 2021 451 2068 suum,
479 2001 576 2074 10)
608 2019 624 2055 :
651 2003 764 2070 ipse
785 1999 855 2053 ibi
887 2005 1066 2069 pascat
1083 1995 1455 2050 recumbentes
1477 2007 1598 2048 cum
1618 1992 1788 2045 Abra-

203 2097 342 2160 ham,
369 2095 550 2158 Isaac,
575 2099 634 2147 et
659 2091 844 2156 Jacob,
873 2089 942 2144 de
969 2103 1075 2158 quo
1116 2087 1314 2142 dictant
1353 2093 1454 2148 est,
1505 2083 1680 2137 Faciet
1706 2097 1790 2136 eos

203 2187 508 2250 recumbere,
536 2194 584 2238 et
615 2182 866 2246 transibit,
883 2189 939 2235 et
969 2179 1270 2234 ministrabit
1295 2178 1366 2232 eis
1396 2176 1525 2246 (Luc
1553 2191 1647 2238 xu,
1673 2172 1786 2244 57).

203 2279 310 2334 Non
335 2279 510 2342 enim,
543 2289 668 2329 cum
697 2273 797 2328 ista
837 2283 1339 2334 commemoramus,
1387 2267 1663 2322 arbitrium
1693 2281 1790 2320 vo-

209 2368 714 2426 luntatis-tollimus,
749 2363 843 2420 sed
877 2363 968 2418 Dei
1009 2362 1232 2433 gratiam
1279 2361 1646 2432 praedicamus.
1695 2357 1790 2412 Cui

207 2463 338 2515 enim
367 2465 598 2530 prosunt
630 2457 728 2509 ista
757 2455 858 2508 nisi
887 2453 1105 2520 volenti,
1129 2451 1222 2506 sed
1265 2451 1534 2506 huntiliter
1573 2451 1791 2516 volenti,

209 2567 310 2605 Ion
339 2565 402 2606 se
435 2549 508 2602 de
537 2547 828 2602 voluntatis
863 2545 1081 2608 viribus,
1127 2553 1378 2612 tanquam
1416 2541 1482 2596 ad
1515 2541 1798 2612 perfectio-

209 2655 332 2697 nem
355 2640 578 2711 iustitia:
599 2637 712 2692 sola
739 2636 990 2702 sufficiat,
1019 2634 1328 2690 extollenti?

285 2729 518 2785 CAPUT
539 2727 758 2784 XXXIII
777 2728 1040 2798 (a).--3‘i.
1065 2726 1189 2781 Esse
1207 2727 1316 2780 sine
1335 2725 1440 2780 ullo
1466 2724 1668 2779 omnino
1683 2742 1798 2796 pec-

213 2833 334 2876 cato
351 2822 572 2876 nondum
593 2829 758 2889 requat
784 2819 1032 2873 [tantinem
1047 2817 1176 2872 Deo.
1197 2818 1349 2872 Absit
1371 2826 1546 2872 autem
1565 2827 1620 2872 ut
1640 2819 1688 2873 ei
1721 2819 1799 2872 di-

213 2927 419 2972 camus.
441 2913 582 2983 quod
611 2927 640 2964 a
663 2910 981 2982 quibusdam
1007 2921 1192 2964 contra
1220 2925 1278 2965 se
1298 2909 1400 2964 dici
1427 2909 1520 2975 ait,
1541 2928 1558 2962 ι
1589 2925 1798 2978 compa-

215 3005 318 3058 rari
355 3003 630 3057 hominem
653 3003 784 3068 Deo,
813 3001 858 3054 si
888 3000 1086 3070 absque
1113 3009 1328 3070 peccato
1351 3013 1468 3056 esse
1483 3011 1750 3055 asseratur
1777 3019 1796 3053 ι

219 3097 288 3166 (6)
315 3097 506 3168 :quasi
551 3109 683 3149 vero
728 3093 969 3165 angelus,
1023 3093 1144 3162 quia
1195 3091 1396 3162 absque
1435 3099 1654 3161 peccato
1697 3101 1799 3157 est,

219 3197 560 3256 Comparetnr
589 3187 720 3241 Deo.
751 3185 866 3255 Ego
885 3183 1096 3253 quidem
1123 3183 1225 3237 hoc
1254 3183 1448 3248 sentio,
1482 3183 1604 3253 quia
1642 3183 1802 3238 etiam

221 3291 332 3330 eum
361 3276 526 3330 fuerit
557 3277 612 3329 in
639 3275 794 3329 nobis
822 3281 964 3328 tanta
999 3273 1224 3343 iustitia,
1267 3283 1326 3327 ut
1353 3273 1402 3328 ei
1433 3273 1554 3327 addi
1583 3275 1804 3327 omnino

223 3367 342 3422 nihil
369 3367 564 3437 possit,
597 3380 705 3420 non
727 3364 1024 3434 :equabitur
1051 3371 1292 3418 creatura
1317 3361 1580 3418 Creatori.
1615 3361 1669 3418 Si
1707 3377 1804 3416 au-

227 3470 322 3515 tem
345 3459 514 3530 aliqui
537 3467 726 3527 putant
758 3465 960 3512 tantum
993 3463 1230 3509 nostrum
1263 3453 1498 3509 futurum
1529 3469 1650 3510 esse
1687 3469 1808 3524 pro-

229 3562 452 3614 vectum,
485 3561 548 3604 ut
583 3551 641 3605 in
671 3551 764 3604 Dei
795 3549 1142 3604 substantiam
1169 3557 1564 3610 convertamur,
1609 3555 1661 3600 et
1697 3545 1799 3600 hoc

225 3646 518 3700 efficiamur
545 3658 770 3713 prorsus
819 3643 957 3710 quod
989 3641 1078 3694 ille
1121 3649 1204 3694 est
1231 3657 1244 3694 :
1273 3641 1502 3693 viderint
1551 3639 1802 3709 quemad-

227 3739 434 3791 modum
465 3746 712 3789 astrnant
763 3733 1080 3788 sententiam
1109 3745 1292 3797 suam;
1339 3733 1464 3786 mihi
1493 3731 1593 3786 hoc
1641 3733 1812 3785 fateor

229 3847 322 3884 non
345 3845 468 3885 esse
497 3843 846 3899 persuasum.

287 3920 520 3974 CAPUT
559 3917 804 3973 XXXIV.
825 3947 900 3958 ——
927 3917 1016 3971 58.
1054 3915 1320 3972 Verissime
1345 3915 1555 3970 dicimus
1583 3933 1672 3970 nos
1712 3933 1812 3969 non

227 4027 324 4065 esse
359 4013 472 4064 sine
518 4019 745 4080 peccato.
794 4007 904 4061 Nec
943 4007 1202 4061 modestia:
1243 4023 1396 4060 causa
1445 4005 1808 4060 mentiendum.

229 4103 356 4157 Laus
395 4103 705 4156 humilitatis
749 4101 802 4154 in
846 4111 984 4170 parte
1023 4109 1226 4154 nonest
1273 4100 1503 4168 ponenda
1555 4099 1810 4170 falsitatis.

229 4193 336 4248 lam
367 4209 504 4249 sane
531 4193 638 4247 hoc
669 4193 889 4246 multutn
913 4192 1062 4246 faveo
1092 4192 1208 4246 libri
1233 4193 1386 4259 hujus
1415 4191 1646 4258 auctori,
1672 4191 1814 4262 quod

231 4290 480 4342 adversus
513 4301 612 4340 eos
641 4285 729 4354 qui
761 4284 976 4350 dicunt,
1013 4303 1032 4335 ι
1071 4283 1398 4337 Rationabile
1427 4283 1637 4352 quidem
1667 4283 1815 4336 vide-

233 4393 308 4436 tur
344 4397 470 4436 esse
497 4377 648 4448 quod
676 4377 870 4432 asseris
891 4420 905 4442 ,
949 4377 1040 4432 sed
1083 4377 1366 4446 superbum
1398 4387 1476 4430 est
1506 4377 1608 4430 dici
1646 4376 1818 4430 homi—

233 4487 344 4526 nem
401 4471 614 4540 absque
665 4477 881 4538 peccato
929 4481 1047 4522 esse
1093 4481 1281 4536 posse;
1319 4485 1339 4518 ι
1384 4467 1452 4519 ita
1507 4467 1814 4536 respondet,

231 4575 284 4616 ιιι
311 4563 539 4617 ninniuo
577 4580 622 4616 si
660 4574 836 4614 verum
864 4569 976 4624 est,
1012 4559 1153 4612 nullo
1184 4557 1343 4612 modo
1387 4559 1670 4628 superbum
1697 4575 1817 4612 esse

235 4654 514 4710 dicendum
545 4652 636 4706 sit.
681 4652 770 4706 Ait
793 4649 934 4704 enim
971 4649 1274 4705 acutissime
1317 4659 1473 4720 atque
1500 4649 1816 4704 verissime:

243 4765 260 4798 ι
301 4748 357 4802 1η
381 4763 488 4816 qua
521 4745 692 4813 magis
721 4741 870 4812 parte
897 4742 1168 4796 humilitas
1197 4741 1503 4798 collocanda
1535 4743 1652 4797 est?
1693 4744 1820 4798 Sine

239 4836 392 4890 dubio
413 4879 426 4900 ,
465 4833 712 4887 falsitatis
730 4875 744 4896 ,
773 4833 814 4884 si
849 4833 898 4885 in
929 4847 988 4884 ea
1018 4847 1134 4902 qu'e
1159 4832 1396 4887 veritatis
1422 4835 1676 4903 probatur
1703 4849 1820 4889 esse

239 4927 483 4994 superbia
529 4933 634 4978 est.
671 4942 692 4975 ι
723 4925 796 4976 Ac
827 4937 920 4994 per
961 4923 1062 4978 hoc
1101 4923 1275 4994 placet
1313 4923 1418 4990 illi,
1447 4931 1502 4980 et
1529 4933 1674 4979 recte
1702 4925 1821 4995 pla-

241 5029 346 5086 cet,
379 5027 436 5073 ut
469 5019 524 5073 in
571 5027 722 5087 parte
747 5017 1016 5082 veritatis,
1047 5033 1151 5072 non
1185 5019 1233 5071 in
1265 5028 1413 5088 parte
1442 5016 1684 5072 falsitatis
1713 5035 1824 5072 ina-

239 5114 318 5182 εἰς
347 5113 626 5166 humilitas
669 5109 979 5164 collocetur.
1027 5111 1102 5164 Ex
1145 5125 1249 5181 quo
1287 5119 1368 5164 est
1409 5125 1736 5180 coxisequcns
1767 5119 1824 5165 ut

243 5205 330 5260 ille
353 5205 445 5276 qui
475 5203 612 5258 dixit
632 5243 647 5270 ,
679 5201 742 5257 Si
785 5203 1055 5256 dixerimus
1097 5203 1215 5272 quia
1254 5211 1508 5272 peccatum
1537 5219 1637 5256 non
1668 5201 1820 5256 liabe-

303 5361 374 5424 (ι)
398 5360 534 5424 Apud
557 5368 659 5408 Am.
682 5365 737 5408 et
755 5365 832 5407 Er.
852 5371 956 5430 cap.
975 5358 1055 5408 54.

306 5421 374 5486 (b)
514 5423 687 5492 probat
705 5419 954 5492 idPelagto
971 5421 1228 5492 objectari;
1253 5435 1351 5492 quo
1361 5419 1577 5492 quide_m_
1581 5419 1826 5492 adversus

243 5481 667 5548 argumento
681 5481 1228 5548 utiturltieron'ymusin
1251 5481 1450 5548 epistola
1467 5483 1524 5529 ad
1547 5481 1826 5544 Ctesiphon-

243 5553 380 5596 tem:
415 5544 731 5607 c'auuquid,
753 5559 778 5586 ι
805 5544 1204 5607 ait.__c_prtecejit
1241 5544 1355 5592 mihi
1397 5551 1522 5592 Deus
1545 5550 1618 5607 _ut
1661 5557 1826 5594 essem

253 5627 274 5650 ι
299 5607 422 5668 quod
444 5615 574 5655 Deus
593 5603 672 5668 est
691 5639 708 5662 ,
733 5609 788 5652 ut
811 5603 926 5652 nihil
950 5603 1172 5668 inter-me
1199 5611 1332 5668 esset
1355 5611 1406 5668 et
1421 5605 1676 5668 Dominum
1691 5617 1828 5653 crea-

251 5687 274 5712 a
301 5663 468 5726 torem,
492 5673 546 5716 ut
569 5663 726 5727 major
751 5676 914 5727 essent
945 5665 1232 5727 angelorum
1275 5665 1464 5727 fastigio
1481 5699 1496 5724 ,
1520 5673 1574 5714 ut
1591 5665 1828 5727 haberem

252 5747 276 5774 ι
299 5730 423 5791 quod
445 5723 616 5791 segeti
637 5723 738 5775 non
755 5723 973 5774 habent?
993 5723 1168 5791 _tie_illo
1189 5723 1417 5790 scriptum
1449 5723 1526 5777 eat
1547 5725 1682 5788 quasi
1709 5739 1826 5788 pro-

253 5809 276 5837 ι
297 5785 466 5852 prium,
481 5785 567 5850 Qui
589 5795 850 5852 peccatum
873 5798 968 5834 non
989 5785 1119 5837 fecit.
1139 5805 1162 5832 ι

478 5875 718 5937 Saacr.
761 5869 1032 5930 Auousr.
1065 5871 1149 5932 Χ.

1591 335 1792 396 LIBER
1831 333 2030 394 UNUS.

1877 469 1990 506 mus
2010 495 2024 518 ,
2057 467 2145 508 nos
2181 450 2316 521 ipsos
2346 450 2618 520 decipimus
2643 493 2654 514 ,
2680 459 2724 502 et
2763 450 2940 504 veritas
2977 451 3026 502 in
3058 448 3198 504 nobis
3236 466 3334 504 non
3375 458 3453 503 est

1877 543 1918 612 (1
1943 543 2097 596 Joan.
2128 557 2180 607 ι,
2211 543 2303 611 8);
2331 557 2511 596 verum
2542 541 2738 596 dixisse
2765 544 2982 598 minimc
3005 541 3309 610 dubitetur,
3342 543 3448 598 ne‘

1878 647 2036 688 causa
2077 632 2383 687 humilitatis
2407 633 2512 687 hoc
2555 633 2741 688 falsum
2782 633 2982 688 dixisse
3028 634 3286 688 videatur.
3319 635 3454 688 Pro-

1878 731 2058 792 pterea
2088 721 2227 776 enim
2269 721 2497 788 addidit,
2530 721 2598 777 Et
2623 725 2802 777 veritas
2826 725 2875 778 in
2903 723 3045 778 nobis
3067 741 3164 778 non
3196 735 3266 779 est
3291 741 3306 778 :
3335 740 3455 779 cum

1879 811 2017 866 forte
2057 811 2322 867 sumceret
2348 813 2555 879 dicere,
2593 813 2702 868 Nos
2735 816 2870 886 ipsos
2914 815 3222 886 decipimus;
3247 815 3350 872 nisi
3379 827 3459 870 at-

1881 900 2123 956 tenderet
2161 903 2416 972 quosdam
2457 913 2644 974 putare
2695 921 2883 974 posse,
2939 907 3057 962 idco
3103 905 3332 972 dictum,
3367 925 3458 961 nos

1880 991 2016 1060 ipsos
2063 991 2376 1062 decipimus,
2425 994 2548 1064 quia
2593 997 2749 1050 etiam
2797 996 2862 1050 de
2903 1012 3027 1051 vero
3071 997 3210 1052 bono
3257 998 3345 1068 qui
3400 1013 3462 1054 se

1883 1080 2062 1135 laudat
2085 1082 2374 1136 extollitur.
2407 1083 2665 1138 Addendo
2693 1087 2895 1154 itaque,
2928 1084 2996 1138 Et
3017 1089 3198 1141 veritas
3229 1087 3281 1142 in
3319 1089 3462 1144 nobis

1883 1187 1983 1224 non
2012 1181 2116 1238 est,
2149 1173 2426 1228 manifeste
2455 1175 2717 1240 ostendit,
2752 1176 2885 1230 sicut
2915 1178 3073 1231 etiam
3109 1178 3230 1233 huic
3275 1180 3461 1236 rectis-

1883 1261 2018 1318 sime
2045 1263 2246 1332 placet,
2277 1263 2378 1320 hoc
2415 1267 2630 1321 omnino
2665 1283 2848 1322 verum
2879 1285 2982 1323 non
3011 1283 3131 1326 esse
3150 1312 3164 1338 ,
3206 1271 3250 1325 si
3273 1271 3465 1327 dixeri-

1883 1369 1996 1408 mus
2027 1355 2144 1424 quia
2169 1367 2425 1426 peccatum
2456 1375 2554 1412 non
2595 1359 2835 1414 habemus
2867 1377 2885 1415 :
2925 1378 2990 1417 ne
3029 1363 3300 1421 humilitas
3326 1381 3462 1422 con-

1885 1446 2066 1501 stituta
2095 1447 2144 1500 in
2179 1457 2324 1515 parte
2345 1447 2618 1518 falsitatis,
2645 1452 2827 1520 perdat
2855 1456 3132 1524 prmmium
3165 1457 3422 1512 veritatis.

1956 1537 2044 1594 59.
2075 1537 2243 1593 Porro
2268 1549 2442 1594 autem
2471 1541 2608 1611 quod
2637 1543 2730 1598 Dei
2756 1559 2968 1600 causam
3000 1548 3097 1601 sibi
3126 1562 3283 1618 agere
3310 1549 3458 1606 vide-

1888 1635 1992 1691 tur,
2021 1627 2356 1684 defendendo
2377 1639 2650 1698 naturam;
2677 1649 2780 1688 non
2808 1636 3030 1690 attendit
3056 1639 3194 1708 quod
3221 1640 3464 1696 eamdem

1889 1723 2130 1770 naturam
2159 1733 2340 1773 sanam
2367 1733 2484 1774 esse
2508 1719 2731 1776 dicendo
2751 1765 2764 1788 ,
2797 1725 2986 1780 medici
3016 1729 3222 1798 repellit
3249 1729 3470 1786 miseri-

1889 1807 2150 1862 cordiam.
2198 1809 2314 1880 lpsc
2341 1819 2424 1866 est
2464 1821 2640 1867 autem
2691 1823 2900 1870 creator
2939 1817 3083 1887 ejus,
3119 1820 3209 1890 qui
3239 1821 3470 1876 salvator

1891 1899 2025 1969 ejus.
2057 1899 2169 1954 Non
2209 1916 2336 1972 ergo
2373 1901 2629 1958 debemus
2673 1906 2749 1961 sic
2779 1907 2996 1962 laudare
3041 1921 3366 1979 creatorem,
3413 1923 3492 1970 ut.

1891 2005 2141 2061 cogamur
2159 2035 2172 2058 ,
2205 1995 2311 2048 imo
2339 2011 2464 2052 vere
2487 1997 2508 2030 '
2534 1997 2910 2054 convincamur
2937 1999 3116 2056 dicere
3145 2002 3470 2072 superﬂuunt

1892 2083 2228 2137 salvatorem.
2273 2083 2518 2141 Naturam
2549 2089 2725 2158 itaque
2768 2088 2997 2144 hominis
3020 2090 3193 2162 dignis
3229 2092 3475 2150 laudibus

1895 2169 2246 2244 ltonoremus,
2274 2192 2469 2248 easque
2511 2179 2696 2234 laudes
2744 2179 2808 2234 ad
2837 2184 3090 2236 creatoris
3119 2183 3342 2254 gloriam
3383 2201 3474 2241 re-

1895 2265 2128 2322 feramus
2157 2283 2170 2321 :
2199 2269 2290 2324 sed
2333 2271 2454 2340 quia
2499 2287 2599 2326 nos
2625 2273 2858 2340 creavit,
2909 2274 2976 2328 ita
3009 2275 3174 2330 simus
3215 2277 3381 2347 grati,
3412 2287 3475 2332 ut

1896 2371 2002 2412 non
2051 2360 2252 2424 simus,
2297 2361 2416 2430 quia
2445 2371 2630 2430 sanat,
2683 2365 2894 2433 ingrati.
2943 2365 3082 2420 Vitia
3127 2382 3254 2423 sane
3296 2377 3475 2424 nostra

1897 2463 2016 2517 qua:
2045 2458 2227 2514 sanat,
2263 2465 2367 2504 non
2397 2451 2578 2506 divino
2603 2454 2782 2522 operi,
2823 2453 2916 2509 sed
2948 2455 3192 2511 humana:
3221 2459 3478 2512 voluntati

1893 2537 2155 2608 justreque
2179 2540 2320 2594 illius
2349 2541 2591 2597 vindicta:
2623 2545 2915 2598 tribuamus
2960 2561 2974 2597 :
3015 2547 3108 2602 sed
3132 2557 3187 2602 ut
3215 2549 3266 2602 in
3298 2557 3477 2604 nostra

1899 2637 2162 2698 potestate
2205 2630 2366 2686 fuisse
2397 2648 2462 2688 ne
2490 2635 2790 2690 acciderent
2831 2638 3180 2707 confitemur,
3213 2639 3282 2694 ita
3311 2653 3368 2696 ut
3395 2657 3482 2696 sa-

1901 2729 2096 2774 nentur
2123 2721 2174 2774 in
2203 2721 2342 2776 illius
2369 2725 2538 2794 magis
2565 2741 2683 2780 esse
2713 2727 3072 2783 misericordia
3100 2747 3255 2800 quam
3300 2733 3352 2786 in
3380 2749 3482 2788 no-

1901 2819 2008 2864 stra
2037 2819 2297 2881 potestate
2343 2813 2625 2869 fateamur.
2658 2815 2806 2872 llanc
2844 2818 2943 2873 iste
2983 2821 3400 2894 miscricordiam
3428 2831 3484 2880 et

1903 2901 2218 2960 mcdicinale
2245 2905 2532 2962 Salvatoris
2559 2909 2810 2964 auxilium
2840 2919 3040 2966 tantum
3073 2913 3126 2966 in
3167 2913 3268 2968 hoc
3295 2915 3442 2984 ponit
3463 2958 3481 2980 .

1907 3005 1962 3047 nt
1991 2995 2228 3064 ignoscat
2274 2997 2558 3054 commissa
2611 3001 2880 3068 przcterita
2901 3043 2915 3068 ,
2945 3017 3050 3055 non
3083 3011 3142 3056 ut
3182 3001 3395 3074 adjuvet
3417 3005 3486 3060 ad

1907 3085 2077 3140 futura
2105 3087 2336 3141 vitanda.
2367 3087 2462 3143 llic
2493 3091 2938 3158 perniciosissimo
2964 3091 3161 3148 fallitur
3191 3111 3203 3146 :
3239 3094 3324 3150 hic
3343 3139 3358 3162 ,
3386 3096 3488 3154 etsi

1906 3176 2150 3231 nesciens
2169 3217 2184 3242 ,
2215 3177 2465 3246 prohibet
2493 3195 2590 3235 nos
2619 3180 2835 3250 vigilare
2869 3189 2924 3236 et
2948 3197 3101 3238 orare
3129 3201 3196 3240 ne
3231 3187 3490 3243 intremus

1907 3265 1958 3318 in
1985 3265 2328 3320 tentationem
2349 3308 2364 3334 ,
2389 3283 2508 3322 cum
2540 3270 2642 3324 hoc
2679 3287 2747 3326 ne
2777 3273 2929 3326 nobis
2958 3275 3196 3342 accidat,
3227 3276 3279 3330 in
3309 3289 3489 3334 nostra

1909 3365 2108 3411 tantum
2135 3365 2396 3427 potestate
2423 3373 2543 3414 esse
2566 3361 2857 3416 contendit.

1979 3447 2204 3502 CAPUT
2243 3447 2458 3504 XXXV.
2497 3481 2570 3491 —
2608 3453 2696 3507 40.
2754 3453 3102 3520 Quorumdam
3155 3473 3249 3511 cur
3299 3459 3491 3532 scripta

1911 3554 2133 3616 peccata.
2163 3543 2456 3614 Desperatio
2479 3546 2532 3599 in
2569 3549 2782 3618 peccatis
2821 3549 3027 3619 perdere
3051 3567 3103 3604 se
3131 3559 3271 3622 putat
3303 3553 3348 3606 si
3369 3553 3492 3624 quid

1912 3654 2011 3690 non
2055 3639 2228 3707 fecerit
2264 3655 2361 3708 quo
2391 3639 2590 3710 instigat
2633 3639 2808 3694 libido.
2841 3641 2918 3695 An
2961 3646 3122 3698 sancti
3163 3645 3348 3699 mortui
3389 3645 3492 3700 sint

1911 3731 2018 3782 sine
2060 3737 2282 3800 peccato.
2321 3749 2339 3780 ι
2377 3729 2736 3798 Quorumdam
2768 3751 2787 3784 ι
2823 3747 2948 3788 sane
2979 3753 2996 3786 ι
3033 3737 3273 3807 exempla
3296 3778 3310 3804 ,
3358 3753 3493 3808 quos

1915 3835 2164 3888 peccasse
2193 3821 2448 3891 legimus,
2488 3840 2508 3873 ι
2541 3837 2643 3876 non
2679 3841 2696 3874 ι
2737 3823 2856 3878 ideo
2903 3827 3099 3894 scripta
3138 3846 3155 3878 ι
3190 3827 3352 3893 dicit,
3400 3831 3524 3900 qui-

1915 3927 2099 3966 sanum
2147 3917 2318 3983 sapit,
2357 3933 2377 3968 ι
2413 3923 2471 3968 ιιι
2513 3915 2580 3969 ad
2623 3915 3048 3986 deSperationem
3096 3935 3199 3973 non
3240 3923 3494 3991 peccandi

1914 4005 2154 4071 Valeant,
2187 4015 2238 4062 et
2262 4009 2596 4062 securitatem
2629 4009 2877 4078 peccandi
2901 4011 3051 4065 nobis
3077 4013 3304 4082 quodam
3336 4015 3496 4070 modo

1920 4099 2154 4168 prmbcrc
2197 4101 2475 4155 videantur
2503 4117 2517 4154 :
2558 4119 2575 4153 ι
2609 4101 2699 4156 sed
2739 4111 2799 4156 ut
2823 4101 3186 4172 disceremus,
3211 4105 3292 4160 vel
3323 4109 3498 4178 poeni-

1919 4193 2064 4246 tendi
2107 4193 2455 4247 humilitatem
2478 4237 2492 4258 ,
2525 4193 2608 4248 vel
2635 4195 2790 4248 etiam
2835 4195 2886 4249 in
2917 4196 3104 4251 talibus
3132 4198 3366 4268 lapsibus
3389 4216 3494 4255 non

1921 4281 2302 4352 desperandum
2345 4283 2588 4337 salutem.
2617 4283 2839 4350 Quidam
2871 4286 3011 4340 enim
3053 4287 3102 4340 in
3134 4299 3346 4358 peccata
3378 4305 3498 4358 pro-

1922 4373 2052 4444 lapsi
2082 4373 2445 4441 desperatione
2476 4375 2594 4443 plus
2622 4385 2872 4444 pereunt,
2913 4393 3008 4432 nec
3032 4379 3206 4434 solum
3235 4381 3499 4448 poeniten-

1921 4464 1972 4518 di
2019 4465 2286 4534 negligant
2325 4465 2640 4518 medicinam
2663 4507 2676 4525 ,
2723 4467 2814 4520 scd
2845 4467 2908 4520 ad
2937 4469 3190 4536 explenda
3219 4455 3496 4526 inhonesta

1921 4565 1975 4611 et
2017 4555 2214 4610 nefaria
2260 4555 2518 4611 desideria
2550 4557 2686 4611 servi
2721 4557 2989 4614 libidinum
3036 4568 3089 4614 et
3118 4563 3496 4620 sceleratorum

1921 4650 2262 4722 cupiditatum
2307 4651 2467 4716 litml;
2511 4652 2658 4721 quasi
2707 4649 2958 4722 perdant,
3000 4653 3043 4706 si
3091 4670 3193 4708 non
3237 4655 3494 4724 fecerint,

1923 4743 2062 4814 quod
2115 4743 2325 4812 instigat
2377 4741 2572 4808 libido,
2624 4758 2741 4796 cum
2787 4759 2878 4797 cos
2920 4745 3027 4812 jam
3084 4757 3290 4801 maneat
3355 4761 3500 4804 certa

1925 4835 2210 4890 damnatio.
2265 4833 2532 4888 Adversus
2591 4834 2732 4888 hunc
2783 4834 3024 4888 morbum
3079 4837 3296 4890 nimium
3363 4843 3505 4908 peri-

1924 4927 2160 4981 culnsunt
2207 4936 2259 4978 et
2295 4924 2646 4988 exitiabilem,
2704 4926 2842 4979 valet
2893 4930 3324 4986 commemoratio
3377 4946 3503 5000 prc-

1925 5025 2164 5072 catorum
2221 5017 2379 5071 etiam
2447 5015 2500 5070 in
2565 5033 2682 5088 qua:
2739 5017 2866 5086 justi
2927 5021 3202 5092 sanctique
3263 5023 3506 5095 prolapsi

1923 5118 2068 5168 ειιιιι.

1995 5205 2084 5258 41.
2117 5199 2222 5256 Sed
2253 5207 2404 5255 acute
2425 5197 2632 5254 videtur
2657 5199 3002 5271 interrogare,
3033 5219 3052 5253 ι
3079 5203 3346 5272 quomodo
3373 5203 3510 5262 istos"

1927 5305 2138 5352 sanctos
2166 5295 2232 5350 de
2253 5295 2356 5348 hac
2381 5295 2483 5348 vita
2521 5293 2712 5348 abiisse
2736 5291 3058 5349 credendum
3087 5297 3187 5360 sit,
3214 5314 3332 5352 cum
3377 5315 3504 5369 pec-

1928 5399 2076 5454 cato,
2106 5403 2170 5441 an
2193 5387 2307 5440 sine
2331 5395 2565 5456 peccato.
2604 5405 2622 5437 ι
2657 5384 2724 5440 Ut
2751 5385 2796 5440 si
2823 5399 3136 5454 responsum
3163 5385 3338 5453 fuerit,
3369 5388 3498 5446 Cum

1929 5485 2418 5552 peccato,putctur
2456 5491 2547 5530 eos
2591 5483 2768 5528 secuta
2817 5475 3120 5546 damnatio,
3168 5478 3306 5548 quod
3355 5481 3502 5536 nefas

1930 5583 2012 5630 est
2035 5569 2254 5626 credere
2279 5569 2322 5632 ³;
2353 5567 2396 5622 si
2422 5575 2598 5620 autem
2619 5568 2733 5621 sine
2761 5579 2980 5637 peccato
3000 5568 3198 5624 dictum
3223 5569 3378 5624 fuerit
3405 5585 3498 5625 eos

1995 5665 2012 5696 ι
2039 5669 2136 5712 Am.
2162 5667 2236 5709 Er.
2264 5666 2315 5708 et
2336 5658 2550 5722 quinque
2573 5665 2700 5718 Mss,
2724 5670 2828 5709 nec.

1993 5727 2014 5758 ³
2038 5721 2402 5784 Cygirannens‘is
2423 5727 2526 5784 tus,
2549 5733 2674 5770 vero.

2005 5791 2015 5812 δ
2040 5775 2262 5848 ﬁerique
2281 5793 2404 5848 Mss,
2423 5775 2601 5834 dicere.

2931 5863 2974 5941 ί
2971 5863 3035 5930 Ν
3037 5861 3200 5944 ενι)
