3996 6474
533 371 636 427 967

529 487 704 540 exisse
745 483 813 539 de
838 483 938 540 hac
962 482 1102 550 vita,
1130 481 1318 553 probet
1363 479 1634 536 hominem
1654 479 1842 535 saltem
1887 477 2113 549 propin-

526 584 724 644 quante
749 583 919 630 morte
943 573 1108 630 fuisse
1132 572 1247 628 sine
1272 583 1492 644 peccato
1521 571 1574 626 in
1599 571 1699 626 hac
1718 571 1850 625 vita.
1891 568 1992 626 Ubi
2021 583 2116 634 pa-

528 683 646 722 rum
671 666 920 731 attendit,
953 681 1072 722 cum
1094 665 1164 722 sit
1199 663 1557 730 acutissimus,
1590 677 1697 717 non
1727 661 1922 717 frustra
1948 661 2112 716 etiam

525 758 698 826 justos
727 757 780 811 in
809 757 1048 812 oratione
1071 755 1247 812 dicere
1267 797 1280 821 ,
1309 754 1521 809 Dimitte
1546 753 1686 808 nobis
1715 753 1882 808 debita
1906 760 2111 820 nostra,

528 850 655 902 sicut
677 858 724 902 et
766 864 857 902 nos
885 848 1182 904 dimittimus
1217 847 1520 902 debitoribus
1545 847 1728 901 nostris
1754 861 1773 900 :
1801 845 2113 900 Dominum—

529 953 633 1006 que
663 937 930 994 Christum
950 979 964 1005 ,
1007 953 1128 994 cum
1155 938 1398 994 eamdem
1427 937 1722 993 orationem
1749 935 1988 991 docendo
2016 951 2114 990 ex-

529 1029 836 1099 plicuisset,
889 1030 1230 1086 veracissime
1258 1028 1555 1084 subdidisse
1575 1070 1590 1094 ,
1631 1027 1693 1082 Si
1712 1028 1843 1081 enim
1867 1026 2116 1081 dimiseri-

527 1122 589 1174 tis
627 1129 831 1190 peccata
876 1119 1158 1174 hominibus
1178 1161 1192 1185 ,
1224 1120 1436 1174 dimittet
1468 1118 1602 1173 vobis
1629 1116 1784 1172 Pater
1810 1125 1966 1172 vester
2003 1133 2117 1187 pec-

529 1221 643 1264 cata
689 1221 869 1264 vestra.
929 1212 1033 1268 Per
1097 1213 1199 1266 hoc
1229 1212 1372 1266 enim
1422 1210 1785 1280 quotidianum
1840 1208 2116 1279 spirituale

528 1303 757 1372 quodam
783 1303 941 1360 modo
967 1305 1240 1359 incensum
1263 1345 1277 1370 ,
1307 1302 1445 1374 quod
1499 1311 1622 1358 ante
1654 1303 1816 1357 Deum
1865 1303 1918 1356 in
1948 1302 2117 1357 altare

529 1395 706 1449 cordis
728 1435 742 1461 ,
783 1395 926 1466 quod
952 1410 1164 1449 sursum
1212 1394 1407 1453 habere
1434 1393 1784 1448 admonemur
1801 1435 1816 1460 ,
1849 1393 2076 1447 infertur
2097 1432 2114 1459 ,

529 1485 738 1540 etiamsi
766 1501 872 1540 non
902 1485 987 1540 hic
1014 1486 1220 1540 vivatur
1261 1485 1376 1539 sine
1402 1493 1620 1555 peccato
1640 1526 1655 1550 ,
1683 1484 1805 1540 licet
1836 1484 1972 1538 mori
2001 1485 2117 1538 sine

529 1585 782 1645 peccato,
824 1575 951 1630 dum
989 1575 1213 1631 subinde
1253 1577 1405 1630 venia
1451 1575 1686 1643 deletur,
1725 1575 1868 1646 quod
1896 1574 2118 1631 subinde

529 1665 823 1737 ignorantia
855 1667 936 1721 vel
963 1665 1268 1720 infirmitate
1287 1666 1652 1721 committitur.

597 1756 825 1815 CAPUT
862 1757 1278 1814 XXXVl.—42.
1304 1758 1495 1812 Sancta
1519 1757 1656 1828 virgo
1685 1756 1850 1810 Maria
1876 1756 1984 1810 sine
2011 1756 2118 1811 ullo

529 1849 652 1904 vixit
687 1858 909 1917 peccato.
943 1847 1134 1904 Nullus
1178 1858 1418 1919 prteterea
1457 1857 1744 1903 sanctorum
1781 1847 1962 1916 absque
2004 1863 2120 1918 pec-

529 1949 661 1994 cato.
680 1939 880 1996 Deinde
892 1950 1400 2006 commemorateos,
1424 1938 1543 2010 «qui
1561 1953 1666 1994 non
1685 1939 1842 1994 modo
1864 1953 1967 1993 non
1997 1953 2120 2008 pec-

530 2045 716 2095 casse,
749 2045 929 2086 verum
972 2029 1131 2085 etiam
1153 2030 1295 2100 juste
1339 2029 1537 2085 vixisse
1582 2027 1901 2094 referuntur,
1957 2027 2120 2097 Abel,

531 2119 738 2184 Enoch,
756 2121 1164 2188 Melchisedech,
1183 2122 1468 2189 Abraham,
1492 2120 1657 2186 Isaac,
1680 2121 1864 2188 Jacob,
1883 2121 2008 2177 Jesu
2026 2120 2122 2176 Na-

529 2228 616 2278 ve,
640 2213 888 2278 Phinees,
909 2213 1147 2281 Samuel,
1173 2213 1401 2280 Nathan,
1430 2212 1590 2278 Elias,
1625 2211 1844 2283 Joseph,
1876 2213 2118 2280 Elismus,

531 2303 784 2369 Micheas,
816 2304 1024 2371 Daniel,
1058 2305 1310 2370 Ananias,
1339 2305 1587 2369 Azarias,
1614 2305 1816 2372 Misael,
1839 2303 2118 2370 Ezechiel,

534 2393 934 2462 Mardoclneus,
981 2395 1236 2461 Simeon,
1282 2393 1484 2464 Joseph
1513 2395 1597 2449 cui
1645 2394 1962 2464 desponsata
2005 2401 2123 2449 erat

531 2483 684 2553 virgo
731 2483 928 2550 Maria,
978 2483 1234 2539 Joannes.
1291 2501 1310 2536 ι
1363 2483 1617 2554 Adjungit
1657 2484 1818 2539 etiam
1864 2483 2119 2550 feminas,

536 2592 557 2624 ι
604 2574 934 2640 Debboram,
991 2576 1198 2629 Annam
1266 2574 1528 2630 Samuelis
1587 2581 1848 2641 matrem,
1900 2572 2118 2640 Judith,

528 2663 755 2732 Esther,
787 2665 1008 2721 alteram
1038 2666 1245 2719 Annam
1287 2664 1448 2720 filiam
1490 2664 1764 2730 Phanuel,
1805 2663 2076 2719 Elisabeth
2101 2705 2119 2732 ,

528 2755 698 2826 ipsam
751 2756 910 2810 etiam
957 2755 1164 2810 Domini
1202 2770 1266 2810 ac
1303 2754 1595 2810 Salvatoris
1643 2754 1811 2809 nostri
1857 2754 2116 2821 Matrem,

529 2862 688 2916 quam
737 2863 756 2899 ›
799 2846 926 2902 dicit
969 2865 989 2899 ι
1026 2848 1141 2900 sine
1173 2855 1394 2916 peccato
1449 2846 1690 2901 confiteri
1739 2859 1956 2900 necesse
2001 2861 2120 2901 esse

529 2937 736 3009 pietati.
794 2956 813 2990 ι
864 2939 1096 3008 Excepta
1145 2937 1325 3007 itaque
1369 2947 1550 2992 sancta
1574 2938 1776 3008 virgine
1822 2937 2017 3003 Maria,
2053 2937 2121 2994 de

430 3056 444 3070 -
531 3044 632 3099 qua
660 3037 875 3098 propter
910 3028 1168 3082 honorem
1197 3028 1406 3082 Domini
1432 3028 1633 3083 nullam
1665 3043 1884 3098 prorsus
1909 3043 2029 3083 cum
2054 3028 2121 3084 de

531 3122 763 3192 peccatis
811 3120 1014 3191 agitur,
1068 3119 1253 3176 haberi
1300 3123 1317 3154 ¹
1357 3122 1478 3176 volo
1517 3121 1866 3191 qumstionem
1916 3139 1930 3176 :
1981 3119 2120 3176 unde

532 3215 675 3270 enim
707 3214 904 3271 scimus
931 3215 1058 3286 quid
1101 3215 1152 3272 ei
1198 3215 1317 3286 plus
1345 3216 1528 3286 gratiae
1555 3215 1803 3272 collatum
1855 3213 2012 3269 fuerit
2052 3213 2119 3268 ad

532 3306 850 3362 vincendum
870 3306 1014 3361 omni
1037 3321 1105 3362 ex
1132 3315 1281 3377 parte
1308 3316 1609 3377 peccatum,
1639 3323 1759 3376 qine
1787 3306 2069 3374 concipere
2097 3307 2118 3337 ³

531 3413 595 3454 ac
619 3414 807 3470 parere
827 3400 1047 3469 meruit,
1075 3415 1232 3471 quem
1263 3409 1472 3455 constat
1493 3401 1690 3454 nullum
1721 3399 1968 3454 habuisse
1995 3414 2121 3469 pec-

532 3489 749 3546 catum?
775 3490 874 3546 hac
893 3507 1020 3562 ergo
1043 3491 1259 3563 Virgine
1281 3500 1519 3560 excepta,
1555 3492 1598 3546 si
1629 3506 1815 3546 omnes
1842 3491 1962 3546 illos
1992 3506 2118 3545 san-

532 3593 646 3639 etos
668 3590 720 3639 et
749 3593 990 3649 sanctas,
1019 3598 1141 3637 cum
1173 3583 1256 3637 hic
1286 3584 1559 3649 viverent,
1587 3599 1911 3654 congregare
1933 3598 2122 3654 posse-

533 3692 653 3732 mus
677 3685 729 3732 ct
777 3677 1105 3746 interrogare
1149 3685 1327 3731 utrum
1356 3687 1532 3731 essent
1561 3677 1675 3731 sine
1713 3686 1965 3747 peccato,
1993 3675 2119 3746 quid

532 3769 698 3825 fuisse
743 3783 1095 3839 responsuros
1143 3768 1428 3839 putamus?
1474 3779 1651 3822 utrum
1701 3767 1802 3823 hoc
1846 3767 1984 3838 quod
2017 3768 2117 3822 iste

533 3863 694 3928 dicit,
721 3878 787 3916 an
819 3862 958 3931 quod
988 3861 1220 3917 Joannes
1259 3861 1565 3930 apostolus?
1605 3861 1753 3930 Rogo
1783 3875 1879 3913 vos
1899 3901 1912 3926 ,
1944 3874 2118 3928 quan-

537 3954 719 4009 talibet
744 3952 941 4008 fuerint
971 3954 1021 4007 in
1056 3952 1156 4008 hoc
1183 3967 1412 4022 corpore
1439 3951 1752 4006 excellentia
1781 3949 2075 4004 sanctitatis
2097 3991 2114 4015 ,

534 4047 579 4101 si
616 4046 717 4100 hoc
746 4042 1061 4116 interrogari
1106 4043 1433 4114 potuissent,
1465 4057 1642 4096 nonne
1667 4041 1688 4072 ⁸
1710 4055 1816 4096 una
1842 4055 1972 4094 voce
2007 4041 2122 4094 cla-

535 4143 806 4204 massent,
848 4134 907 4190 Si
951 4135 1222 4190 dixerimus
1259 4133 1376 4204 quia
1416 4141 1674 4204 percolunt
1715 4149 1816 4185 non
1845 4131 2115 4197 habemus,

536 4245 627 4282 nos
666 4229 801 4299 ipsos
823 4227 1097 4298 decipimus
1121 4268 1136 4294 ,
1181 4235 1228 4280 et
1267 4226 1446 4279 veritas
1473 4225 1524 4277 in
1566 4223 1706 4276 nobis
1753 4240 1851 4276 non
1889 4223 2003 4277 est?
2041 4223 2122 4277 An

539 4319 667 4374 illud
709 4319 957 4374 humilius
986 4316 1372 4388 responderent
1417 4313 1643 4370 fortaSSe
1662 4356 1676 4380 ,
1723 4330 1879 4385 quam
1905 4313 2124 4369 verius?

538 4411 643 4467 Sed
675 4411 796 4466 huic
831 4410 940 4480 jam
971 4409 1179 4480 placet,
1227 4417 1283 4464 et
1311 4417 1456 4463 recte
1495 4407 1696 4478 placet,
1730 4425 1748 4459 ε
1784 4408 1992 4463 laudern
2026 4407 2125 4462 hu-

539 4502 780 4559 militatis
809 4501 860 4556 in
890 4511 1039 4571 parte
1067 4514 1170 4553 non
1204 4514 1403 4569 ponere
1435 4497 1697 4553 falsitatis.
1735 4517 1754 4550 ›
1799 4497 1981 4568 Itaque
2025 4499 2125 4554 hoc

539 4594 585 4648 si
611 4609 792 4649 verum
822 4591 1058 4647 dicerent
1077 4633 1090 4657 ,
1123 4589 1382 4646 haberent
1409 4599 1714 4660 peccatum;
1743 4589 1881 4657 quod
1911 4588 2125 4642 humili-

541 4693 619 4741 ter
649 4685 770 4754 quia
814 4682 1139 4748 faterentur,
1171 4682 1366 4736 veritas
1409 4680 1462 4734 in
1485 4680 1562 4735 eis
1600 4688 1741 4735 esset
1770 4679 1791 4709 ⁸
1819 4696 1833 4732 :
1858 4680 1901 4734 si
1947 4689 2124 4736 autem

540 4774 647 4830 hoc
681 4773 1063 4838 mentirentur,
1111 4771 1460 4826 nihilominus
1509 4769 1769 4826 haberent
1812 4779 2122 4840 peccatum,

541 4866 664 4938 quia
691 4865 886 4920 veritas
914 4863 965 4917 in
988 4863 1065 4917 eis
1087 4877 1192 4916 non
1216 4870 1378 4917 esset.

612 4957 839 5014 CAPUT
876 4955 1140 5010 XXXVII.
1167 4985 1240 4996 —
1267 4954 1356 5009 45.
1389 4951 1492 5006 Cur
1519 4969 1620 5008 non
1657 4955 1882 5008 omnium
1923 4963 2128 5027 peccata

543 5051 815 5120 Scriptura
839 5053 1317 5102 commemorauerit.
1343 5063 1363 5097 ι
1394 5045 1580 5099 Dicent
1609 5042 1852 5111 forsitan,
1877 5064 1896 5098 ι
1933 5046 2122 5114 inquit,

548 5164 569 5197 ι
614 5139 880 5211 Numquid
927 5137 1165 5192 omnium
1197 5137 1367 5207 potuit
1404 5135 1676 5206 Scriptura
1703 5150 2127 5192 commemorare

542 5229 801 5307 peccata?
837 5247 858 5282 ι
892 5228 958 5283 Et
991 5241 1174 5282 verum
1217 5226 1266 5282 ei
1295 5227 1508 5292 dicent,
1539 5226 1858 5298 quicumque
1899 5227 2122 5284 dicent:

606 5365 625 5397 ι
651 5370 702 5412 In
722 5361 864 5411 editis
883 5357 1161 5423 legebatur,
1191 5357 1383 5423 habere.
1417 5365 1472 5410 At
1507 5359 1556 5423 in
1593 5365 1732 5423 uss,
1754 5357 1940 5423 haberi.

604 5427 626 5457 ²
652 5431 752 5473 Duo
775 5436 838 5473 ex
855 5419 1080 5486 Δ(ιιιίῑιίιιιθ
1104 5419 1337 5486 Vaticanis
1359 5430 1501 5486 Mss,
1518 5420 1633 5471 inde
1646 5419 1782 5486 enim
1797 5419 1976 5486 scitnus
1997 5421 2126 5484 quod

540 5486 590 5538 ei
611 5486 720 5549 plus
738 5480 911 5551 gratit'e
930 5480 1156 5551 quantum
1175 5481 1319 5547 fuerit
1356 5481 1421 5532 ad
1454 5481 1740 5551 parcendum
1759 5480 1889 5551 omni
1909 5495 1972 5533 ex
1991 5480 2130 5551 parte

544 5543 809 5614 peccatth
834 5543 1254 5614 quodconcipe're,
1289 5552 1384 5596 etc.
1423 5546 1498 5596 sic
1538 5547 1686 5594 etiam
1709 5543 1916 5609 legebat
1933 5552 1978 5594 s.
1992 5543 2128 5594 'Tbo-

544 5608 648 5663 inas
670 5613 717 5661 in
738 5613 771 5661 3
793 5608 860 5674 p.,
884 5608 1034 5674 q._27,
1053 5622 1098 5658 ι.
1124 5608 1173 5674 ᾉτ

610 5676 630 5706 ³
655 5683 742 5723 Per
760 5665 870 5724 Lini.
895 5665 1109 5722 additum
1127 5671 1222 5730 hic,
1235 5681 1406 5729 nonne,
1429 5682 1487 5718 ex
1506 5681 1604 5720 uno
1624 5667 1789 5719 codice
1812 5665 2022 5732 Belgieo.
2036 5667 2128 5718 Sed

546 5736 685 5784 abest
706 5749 734 5784 a
758 5736 952 5784 eteteris
978 5734 1123 5785 editis
1146 5741 1197 5782 et
1220 5732 1568 5791 manuscriptis.

608 5799 630 5826 δ
660 5797 782 5856 Αριιά
802 5802 876 5846 Er.
901 5804 954 5846 et
976 5803 1087 5846 Iov.
1109 5802 1291 5844 mutato
1309 5789 1570 5856 verborum
1593 5791 1762 5842 ordine
1777 5789 1976 5856 legitur,
1998 5791 2126 5856 quod

546 5854 791 5910 humiliter
813 5859 1092 5922 faterentur,
1118 5856 1232 5924 quia
1254 5855 1425 5908 veritas
1441 5855 1488 5906 in
1511 5854 1580 5909 eis
1601 5861 1741 5906 esset.

1469 367 1557 422 ne
1595 363 1877 422 NATURA
1918 362 2007 419 er
2046 331 2325 431 enarra,
2372 363 2430 420 s.
2476 363 2838 423 AUGUSTINI

3699 371 3808 432 268

2220 493 2322 534 nec
2385 495 2510 536 eum
2575 493 2760 536 contra
2822 482 2924 537 hoc
2964 481 3162 552 aliquid
3221 483 3452 540 validum
3517 486 3672 543 video
3719 505 3811 545 re-

2221 568 2532 638 spondisse;
2579 571 2823 641 quamvis
2875 571 3080 626 videam
3141 582 3316 629 tacere
3356 575 3611 634 noluisse.
3674 578 3809 647 Quid

2221 659 2362 714 enim
2421 661 2650 725 dixerit,
2713 677 2931 733 qumso,
2978 664 3256 722 attendite.
3296 683 3316 717 ι
3367 667 3512 735 Hoc,
3549 688 3570 722 ι
3604 670 3809 742 inquit,

2227 768 2246 803 ε
2281 761 2424 807 recte
2466 761 2642 823 potest
2679 753 2784 808 dici
2813 753 2879 809 de
2931 753 3014 808 his
3051 770 3280 825 quorum
3335 773 3510 828 neque
3550 759 3811 818 bonorum

2219 858 2394 912 neque
2434 845 2691 900 malorum
2719 844 2992 916 Scriptura
3043 847 3110 902 sit
3156 863 3405 904 memor:
3435 850 3502 904 de
3550 851 3657 908 illis
3685 869 3811 908 vero

2221 948 2445 1004 quorum
2487 934 2704 1004 iustitiae
2743 937 3018 1004 meminit,
3051 945 3106 993 et
3170 948 3511 1008 peccatorum
3554 941 3673 998 sine
3713 943 3812 998 du-

2220 1024 2310 1080 bio
2374 1027 2738 1094 meminisset,
2783 1027 2826 1082 si
2870 1043 2974 1097 qua
3016 1043 3112 1084 eos
3154 1043 3406 1098 peccasse
3467 1032 3742 1086 sensisset.
3783 1051 3804 1084 ι

2222 1114 2370 1170 Dicat
2397 1131 2528 1186 ergo
2567 1131 2671 1171 non
2702 1118 3024 1188 pertinuisse
3061 1117 3128 1173 ad
3164 1119 3426 1190 justitiam
3458 1129 3659 1177 tantam
3691 1126 3811 1179 illo-

2221 1221 2340 1260 rum
2387 1207 2583 1272 fidem,
2630 1208 2719 1278 qui
2747 1224 2938 1278 magna
2980 1209 3315 1264 multitudine
3353 1211 3719 1282 prbe-edentes
3753 1222 3811 1270 et

2221 1305 2610 1366 consequentes
2638 1313 2758 1352 cum
2799 1297 3044 1353 laudibus
3090 1298 3301 1353 Domini
3343 1301 3602 1370 asellum,
3644 1303 3808 1359 etiam

2221 1388 2360 1444 inter
2389 1388 2676 1444 frementes
2717 1405 2882 1460 quare
2909 1389 3010 1444 hoc
3038 1391 3275 1444 facerent
3304 1390 3572 1456 inimicos,
3605 1393 3807 1448 clama-

2220 1480 2349 1536 bant
2377 1479 2650 1547 dicentes,
2687 1480 2933 1535 Hosanna
2967 1481 3076 1550 ﬁlio
3114 1480 3282 1536 David
3313 1483 3368 1546 ¹;
3403 1483 3682 1540 benedictus
3717 1490 3804 1556 qui

2221 1575 2350 1628 venit
2373 1573 2426 1627 in
2452 1574 2651 1628 nomine
2689 1573 2896 1628 Domini
2925 1573 3136 1646 (Matth.
3167 1591 3256 1630 nt
3281 1617 3296 1639 ,
3326 1575 3412 1646 9).
3449 1577 3654 1632 Audeat
3677 1594 3807 1648 ergo

2223 1665 2400 1722 dicere
2429 1666 2563 1732 iste,
2603 1667 2648 1721 si
2696 1675 2902 1737 potest,
2931 1668 3197 1721 neminem
3239 1667 3403 1724 fuisse
3449 1668 3501 1723 in
3546 1678 3699 1728 tanta.
3720 1672 3805 1724 illa

2222 1759 2596 1826 multitudine,
2633 1760 2723 1830 qui
2768 1759 2932 1814 ullum
2981 1759 3202 1815 haberet
3241 1761 3462 1815 omnino
3508 1772 3804 1831 peccatum.

2220 1849 2375 1919 Quod
2405 1850 2450 1905 si
2475 1850 2916 1906 absurdissimum
2940 1858 3024 1905 est
3049 1851 3258 1917 dicere,
3285 1866 3381 1906 cur
3423 1852 3565 1906 nulla
3593 1865 3807 1922 peccata

2222 1957 2409 1996 eorum
2430 1941 2700 2012 Scriptura
2729 1943 3197 2005 commemoravit,
3227 1957 3347 2012 qua:
3383 1952 3584 1998 tantum
3612 1944 3807 1999 b0num

2223 2031 2346 2086 fidei
2373 2031 2610 2102 ipsorum
2637 2047 3059 2087 commemorare
3083 2031 3324 2087 curavit?

2293 2122 2380 2176 44.
2408 2120 2515 2176 Sed
2544 2123 2645 2176 hoc
2671 2122 2828 2177 etiam
2867 2121 3086 2176 forsitan
3119 2122 3231 2192 ipse
3252 2121 3414 2188 vidit,
3445 2132 3498 2177 et
3523 2122 3643 2177 idco
3678 2123 3809 2178 sub-

2217 2211 2348 2282 jecit
2381 2221 2540 2282 atque
2575 2211 2649 2268 ait
2677 2230 2690 2266 :
2731 2231 2750 2264 c
2785 2211 2890 2268 Sed
2925 2222 3076 2276 esto,
3122 2213 3240 2266 aliis
3269 2214 3596 2283 temporibus
3638 2214 3810 2268 turbt:

2224 2305 2606 2358 numerositate
2641 2304 2876 2358 omnium
2917 2303 3328 2360 dissimulaverit
3368 2314 3581 2374 peccata
3621 2316 3812 2360 conte-

2223 2409 2349 2449 xere
2378 2412 2392 2450 :
2427 2395 2477 2448 in
2508 2394 2624 2465 ipso
2665 2395 2843 2450 statim
2874 2394 3054 2449 mundi
3103 2394 3425 2464 primordio,
3468 2395 3560 2450 ubi
3598 2396 3812 2451 nonnisi

2224 2495 2449 2555 quatuor
2488 2486 2730 2541 homines
2773 2496 2956 2549 erant,
3004 2485 3166 2554 quid,
3207 2504 3228 2539 ι
3259 2486 3460 2556 inquit,
3491 2505 3510 2537 ς
3546 2486 3812 2554 dicimus,

2223 2590 2320 2630 cur
2340 2592 2443 2630 non
2469 2577 2704 2630 omnium
2737 2577 2964 2632 voluerit
2989 2577 3180 2631 delicta
3227 2577 3562 2632 memorare?
3586 2577 3810 2634 Utrum-

2224 2679 2292 2719 ne
2321 2665 2551 2736 ingentis
2595 2666 2946 2722 multitudinis
2973 2682 3168 2734 causa,
3215 2683 3334 2737 quae
3381 2668 3614 2722 nondum
3651 2670 3812 2724 erat?

2226 2769 2292 2808 an
2341 2757 2461 2826 quia
2508 2756 2718 2811 illorum
2767 2766 2969 2812 tantum
2999 2759 3086 2827 qui
3125 2758 3504 2813 commiserant
3543 2761 3812 2829 meminit,

2223 2844 2362 2899 illius
2403 2861 2526 2900 vero
2551 2846 2639 2916 qui
2677 2846 2819 2900 nulla
2859 2847 3201 2902 connniserat
3229 2848 3535 2903 meminisse
3565 2865 3670 2903 non
3707 2867 3811 2918 po-

2226 2935 2360 2988 tuit?
2399 2955 2418 2988 ›
2453 2935 2641 2990 Adhuc
2671 2937 2692 2968 ⁸
2719 2937 2958 3006 adjuugit
2983 2938 3140 2992 verba
3160 2979 3174 3002 ,
3205 2937 3398 3007 quibus
3427 2937 3524 2992 ista
3546 2941 3812 2994 sententia

2224 3026 2441 3082 uberius
2466 3037 2520 3081 et
2541 3028 2746 3097 planius
2767 3037 3070 3082 astruatur:
3099 3045 3118 3080 ι
3151 3027 3328 3095 Certe,
3354 3046 3376 3081 ι
3409 3029 3608 3097 inquit,
3641 3047 3661 3082 t
3700 3031 3810 3100 pri-

2223 3135 2312 3173 mo
2338 3119 2389 3172 in
2415 3126 2654 3188 tempore
2681 3119 2848 3173 Adam
2875 3129 2926 3173 et
2955 3119 3066 3174 Eva
3087 3161 3101 3186 ,
3133 3135 3200 3175 ex
3227 3120 3420 3190 quibus
3448 3120 3576 3176 Cain
3599 3128 3655 3176 et
3673 3121 3813 3176 Abel

2224 3209 2332 3265 nati
2374 3218 2531 3276 sunt,
2575 3219 2802 3280 quatuor
2842 3219 3045 3266 tantum
3093 3211 3336 3268 homines
3364 3211 3527 3268 fuisse
3569 3212 3816 3268 referun-

2225 3309 2312 3357 tur
2337 3319 2352 3355 :
2377 3303 2616 3374 peccavit
2635 3303 2766 3372 Eva,
2787 3303 3060 3374 Scriptura
3081 3305 3182 3360 hoc
3203 3305 3455 3375 prodidit,
3487 3305 3654 3361 Adam
3679 3321 3816 3376 quo-

2221 3408 2326 3462 que
2373 3393 2615 3464 deliquit,
2646 3395 2831 3449 eadem
2861 3396 3135 3465 Scriptura
3177 3411 3282 3451 non
3311 3397 3473 3452 tacuit
3498 3393 3648 3468 (Gen.
3678 3399 3764 3468 ut)
3796 3415 3812 3452 :

2222 3487 2317 3544 sed
2361 3496 2417 3542 et
2449 3486 2578 3542 Cain
2629 3503 2908 3558 peccasse,
2955 3489 3066 3558 ipsa
3114 3505 3265 3560 atque
3311 3489 3581 3560 Scriptura
3622 3499 3814 3544 testata

2223 3590 2306 3636 est
2349 3579 2460 3650 (Id.
2512 3580 2586 3653 tv)
2640 3599 2654 3636 :
2699 3597 2926 3651 quorum
2972 3597 3078 3637 non
3125 3583 3285 3637 modo
3328 3591 3578 3652 peccata,
3621 3598 3814 3638 verum

2224 3674 2382 3727 etiam
2413 3681 2749 3743 peccatorum
2776 3673 2973 3728 indicat
2993 3673 3325 3743 qualitatem.
3348 3673 3500 3740 Quod
3525 3675 3570 3728 si
3597 3682 3652 3728 et
3677 3673 3816 3728 Abel

2226 3772 2528 3833 peccasset,
2569 3763 2744 3819 ethoc
2779 3765 2894 3819 sine
2919 3765 3080 3818 dubio
3105 3765 3375 3834 Scriptura
3420 3763 3686 3820 dixisset:
3722 3764 3816 3819 sed

2226 3872 2329 3910 non
2356 3857 2526 3923 dixit;
2553 3873 2681 3928 ergo
2707 3873 2804 3912 nec
2843 3858 2930 3912 ille
2960 3859 3233 3926 peccavit;
3270 3854 3392 3925 quin
3424 3858 3582 3911 etiam
3608 3857 3816 3926 justum

2225 3949 2476 4004 ostendit.
2521 3949 2814 4004 Credamus
2859 3949 3018 4018 igitur
3063 3949 3206 4019 quod
3272 3948 3526 4020 legimus,
3567 3957 3624 4004 et
3667 3949 3816 4019 quod

2227 4055 2332 4094 non
2356 4038 2606 4108 legimus,
2637 4038 2782 4092 nefas
2807 4038 3088 4092 credamus
3117 4048 3376 4094 astruere.
3413 4055 3434 4090 ι

2295 4127 2519 4185 CAPUT
2551 4127 2832 4184 XXXVIII.
2863 4159 2930 4169 —
2948 4129 3036 4183 45.
3058 4127 3182 4183 Cain
3205 4145 3266 4182 ex
3283 4128 3388 4182 Eva
3411 4136 3568 4182 matre
3583 4129 3821 4199 genuisse

2225 4238 2317 4275 cur
2345 4229 2574 4292 putatum
2598 4237 2629 4274 a
2653 4220 2950 4293 quibusdam
2996 4222 3170 4291 fuerit.
3207 4219 3425 4275 Pcccata
3445 4221 3744 4291 justorum;
3771 4229 3820 4275 et

2219 4312 2394 4383 justus
2420 4311 2532 4380 quis
2561 4326 2668 4365 esse
2695 4319 2740 4364 et
2773 4312 2881 4365 sine
2909 4321 3114 4382 peccato
3140 4327 3238 4363 non
3268 4325 3374 4364 esse
3398 4319 3576 4380 potest.
3607 4309 3670 4365 Si
3695 4308 3821 4380 quid

2228 4407 2394 4460 minus
2419 4413 2490 4460 est
2514 4404 2796 4468 charitatis,
2818 4420 2880 4458 ea:
2905 4404 3021 4458 vitio
3046 4414 3136 4458 est.
3156 4403 3280 4458 Hmc
3297 4401 3500 4468 dicens,
3522 4417 3712 4472 parum
3735 4412 3820 4456 at-

2230 4500 2398 4556 tendit
2413 4499 2551 4570 quod
2575 4498 2733 4569 paulo
2753 4508 2876 4553 ante
2894 4499 3002 4568 ipse
3021 4498 3246 4565 dixerat,
3270 4515 3289 4549 ι
3312 4497 3422 4566 jam
3443 4505 3628 4552 exorta
3647 4496 3823 4551 multi-

2232 4593 2410 4647 tudine
2438 4591 2650 4662 generis
2689 4590 2936 4656 humani,
2965 4590 3131 4645 turba:
3171 4589 3550 4645 numerositate
3578 4589 3822 4659 potuisse

2229 4685 2554 4756 Scripturam
2581 4683 2916 4739 dissimulare
2953 4682 3190 4736 omnium
3218 4690 3432 4752 peccata
3456 4690 3770 4738 contexere.
3797 4697 3818 4730 ι

2233 4775 2346 4831 lloc
2383 4774 2524 4830 enim
2565 4774 2610 4828 si
2649 4773 2779 4828 satis
2817 4772 3148 4836 attendisset,
3181 4771 3386 4827 videret
3421 4771 3581 4826 etiam
3621 4770 3674 4826 in
3713 4784 3826 4825 uno

2233 4865 2448 4921 homine
2478 4863 2685 4920 turbam
2717 4872 2771 4918 et
2800 4863 3187 4918 multitudinem
3220 4872 3557 4933 peccatorum
3596 4861 3824 4928 levium,

2233 4956 2315 5011 vel
2347 4971 2450 5010 non
2479 4955 2718 5025 potuisse
2739 4995 2754 5019 ,
2787 4955 2872 5008 vel
2911 4955 2956 5009 si
2997 4957 3154 5008 etiam
3196 4954 3397 5023 potuit,
3439 4967 3545 5008 non
3571 4952 3828 5009 debuisse

2233 5046 2520 5102 conscribi.
2540 5046 2612 5100 Ea
2628 5047 2822 5118 quippe
2839 5046 3034 5116 scripta
3048 5046 3388 5116 sunt,quibus
3402 5054 3456 5100 et
3470 5045 3660 5100 modus
3670 5044 3830 5100 adhic

2233 5138 2439 5195 bendus
2468 5139 2583 5206 fuit,
2615 5148 2669 5193 et
2708 5139 2889 5209 paucis
2923 5138 3182 5207 exemplis
3219 5137 3287 5192 ad
3321 5138 3486 5193 multa
3515 5139 3828 5193 necessaria

2234 5233 2405 5288 lector
2422 5230 2782 5286 instruendus.
2815 5229 2946 5285 Nam
2967 5245 3086 5284 cum
3105 5230 3250 5300 ipsos
3271 5237 3396 5284 tunc
3414 5228 3679 5292 homines,
3703 5228 3832 5283 licet

2235 5325 2408 5380 adhuc
2427 5338 2646 5395 paucos,
2661 5332 2789 5392 quot
2809 5323 2891 5377 vel
2913 5322 3002 5393 qui
3021 5317 3238 5387 fuerint,
3257 5319 3310 5377 id
3326 5328 3429 5390 est,
3453 5321 3620 5376 Adam
3632 5327 3686 5374 et
3713 5319 3830 5374 Eva

2235 5426 2364 5488 quot
2392 5415 2529 5472 ﬁlios
2556 5423 2611 5471 et
2639 5415 2769 5469 ﬁlias
2803 5413 3220 5484 procreaverint,
3247 5421 3301 5468 et
3324 5427 3444 5484 quae
3473 5411 3577 5468 illis
3605 5413 3832 5474 nomim

2235 5509 2588 5581 imposuerint
2614 5502 2892 5579 Scriptura
2921 5520 3348 5562 commemorare
3384 5505 3616 5560 noluerit
3643 5504 3834 5576 (unde

2301 5671 2319 5703 ⁸
2343 5669 2415 5719 sle
2450 5667 2597 5718 etiam
2629 5673 2740 5719 ιον.
2777 5672 2905 5726 Mss,
2951 5677 3063 5714 cum
3106 5661 3334 5728 Vulgata;
3367 5669 3418 5712 at
3441 5660 3576 5723 editi,
3611 5657 3686 5725 ﬁli
3729 5667 3834 5710 Da-

2235 5731 2545 5864 tmfi'sicut'tss.
2573 5798 2629 5844 At
2661 5795 2792 5854 μοι,
2817 5789 2882 5841 ad
2907 5788 3014 5840 Iuee
3046 5800 3063 5840 :
3090 5795 3142 5840 et
3178 5787 3318 5851 infra,
3341 5785 3529 5852 plenius
3549 5799 3565 5846 ;
3589 5797 3694 5849 pm,
3720 5781 3830 5847 pla-

2238 5867 2363 5908 mus.
