3996 6470
208 376 307 433 269

210 488 443 549 nonnulli
473 501 676 558 parum
704 486 1112 543 considerantes
1141 498 1298 555 quam
1330 481 1491 537 multa
1530 480 1800 552 Scriptura

213 585 362 638 tacite
388 588 680 650 prmtereat
697 620 713 644 ,
744 579 920 650 ipsum
950 576 1080 632 Cain
1107 592 1230 631 cum
1259 584 1427 629 matre
1453 574 1806 629 concubuisse

211 682 523 746 putaverunt
545 712 560 737 ,
584 671 731 726 unde
756 672 962 742 prolem
992 685 1108 739 quae
1131 676 1546 724 commemorata
1571 676 1654 722 est
1682 681 1805 735 pro-

212 773 437 827 crearet,
463 772 725 836 putantes
754 763 862 817 illis
891 761 1011 815 ﬁliis
1046 758 1215 814 Adam
1244 773 1458 814 sorores
1482 772 1590 812 non
1616 755 1801 822 fuisse,

211 856 326 927 quia
360 869 455 910 eas
483 854 769 924 Scriptum
799 861 925 907 tunc
955 853 1148 917 tacuit,
1184 859 1367 921 postea
1402 846 1805 918 recapitulando

212 947 441 1001 inferens
486 944 634 1014 quod
680 942 1135 1012 praetermiserat,
1186 939 1356 995 Adam
1390 939 1531 992 ﬁlios
1572 946 1627 993 et
1670 936 1804 991 ﬁlias

211 1050 523 1106 procreasse
562 1032 719 1107 (Cen.
753 1050 816 1100 v,
847 1034 940 1104 l),
974 1046 1073 1087 nec
1106 1041 1316 1103 tempus
1350 1045 1456 1100 quo
1496 1028 1604 1084 nati
1643 1038 1801 1097 sunt,

213 1141 304 1181 nec
346 1140 636 1184 numerum
661 1164 678 1191 ,
726 1138 829 1180 nec
875 1122 1132 1178 vocabula
1174 1118 1489 1190 ostendens)
1535 1138 1547 1173 :
1587 1118 1660 1174 ita
1705 1133 1805 1175 nec

211 1214 741 1271 commemorandum
767 1213 886 1281 fuit,
909 1214 955 1268 si
975 1213 1129 1276 Abel,
1153 1211 1398 1282 quamvis
1418 1212 1610 1266 merito
1626 1211 1804 1281 justus

210 1307 507 1378 appellatus
536 1316 652 1371 est,
683 1307 844 1376 paulo
880 1304 1284 1360 immoderatius
1323 1303 1607 1373 aliquando
1647 1304 1801 1370 risit,

210 1398 287 1454 vel
320 1400 492 1454 animi
526 1399 844 1453 remissione
869 1398 1079 1468 jocatus
1104 1406 1204 1463 est,
1237 1396 1321 1452 vel
1351 1396 1480 1450 vidit
1506 1394 1705 1465 aliquid
1734 1394 1802 1449 ad

209 1488 730 1558 concupiscendum,
775 1489 859 1543 vel
900 1489 1167 1558 aliquanto
1206 1486 1610 1541 immoderatius
1646 1500 1802 1557 poma

210 1580 513 1650 decerpsit,
553 1582 641 1636 vel
686 1581 930 1651 plusculo
968 1582 1090 1636 cibo
1129 1582 1345 1637 crudior
1384 1582 1515 1646 fuit,
1557 1582 1641 1636 vel
1678 1597 1804 1638 cum

211 1679 379 1724 oraret
404 1670 667 1739 cogitavit
695 1669 896 1740 aliquid
929 1670 1068 1725 unde
1096 1670 1212 1740 ejus
1242 1672 1293 1725 in
1321 1671 1464 1725 aliud
1490 1684 1803 1727 avocaretur

212 1760 447 1828 intentio,
479 1770 541 1816 et
562 1763 776 1831 quoties
799 1762 873 1817 illi
897 1762 993 1817 ista
1020 1776 1084 1817 ac
1108 1762 1298 1817 similia
1326 1763 1491 1817 multa
1521 1762 1803 1833 subrepse-

212 1854 322 1907 rint.
346 1856 434 1907 An
458 1852 604 1909 forte
628 1863 844 1923 peccata
869 1868 973 1907 non
999 1863 1151 1917 sunt,
1176 1852 1244 1907 de
1264 1852 1456 1923 quibus
1478 1854 1801 1924 generaliter

211 1944 456 1999 cavendis
475 1954 645 2015 atque
669 1944 983 1999 cohibendis
1008 1944 1358 1999 admonemur
1383 1954 1647 2016 prmeepto
1673 1962 1801 2016 apo-

208 2036 425 2101 stolico,
453 2036 551 2094 ubi
577 2035 739 2102 dicit,
771 2033 893 2090 Non
917 2052 1034 2107 ergo
1065 2046 1236 2106 regnet
1270 2045 1530 2105 peccatum
1556 2037 1610 2090 in
1637 2048 1799 2091 vestro

208 2126 402 2181 Hortali
420 2143 644 2198 carpere
664 2126 734 2181 ad
753 2126 1083 2181 obedientium
1108 2126 1369 2181 desideriis
1390 2127 1499 2197 ejus
1522 2125 1699 2195 (Rom.
1721 2144 1796 2193 vr,

209 2217 328 2285 12)?
357 2219 456 2273 llis
480 2218 686 2289 quippe
709 2234 781 2275 ne
809 2218 1121 2274 obediamus
1141 2218 1208 2272 ad
1236 2233 1298 2273 ea
1328 2234 1447 2289 qua:
1476 2234 1581 2272 non
1604 2218 1795 2284 licent,

207 2311 280 2365 vel
306 2312 494 2366 minus
523 2312 759 2378 decent,
788 2311 1094 2382 quotidiana
1134 2321 1189 2367 et
1231 2320 1483 2381 perpetua
1523 2311 1801 2367 conﬂicta-

207 2407 343 2461 tione
356 2405 684 2461 certandum
701 2415 805 2461 est.
831 2404 961 2459 Nam
985 2407 1165 2476 utique
1185 2422 1250 2461 ex
1277 2405 1378 2461 hoc
1401 2406 1527 2460 vitio
1547 2407 1794 2469 mittitur,

206 2498 283 2552 vel
306 2498 602 2553 dimittitur
630 2498 818 2553 oculus
839 2538 854 2563 ,
886 2512 991 2568 quo
1022 2513 1126 2552 non
1159 2505 1371 2567 oportet
1396 2516 1409 2552 :
1438 2498 1579 2568 quod
1610 2498 1795 2551 vitium

206 2589 246 2641 si
266 2589 605 2643 convaluerit
642 2597 698 2643 et
735 2588 1072 2659 przevaluerit
1091 2629 1105 2652 ,
1131 2588 1290 2643 etiam
1321 2586 1644 2643 adulterium
1671 2604 1798 2658 per-

209 2690 453 2749 petratur
494 2682 547 2734 iu
580 2694 847 2749 corpore,
889 2679 1029 2749 quod
1071 2680 1123 2733 in
1151 2679 1313 2734 corde
1344 2688 1492 2733 tanto
1527 2680 1584 2732 lit
1608 2679 1793 2744 citius,

210 2781 417 2841 quanto
452 2779 535 2827 est
567 2771 821 2841 cogitatio
850 2770 1077 2826 celerior
1098 2813 1111 2836 ,
1142 2780 1196 2825 et
1222 2770 1420 2824 nullum
1448 2769 1799 2839 impedimen-

210 2873 317 2916 tum
349 2876 645 2916 morarum.
676 2861 791 2915 Hoc
832 2870 1103 2930 peccatum
1125 2902 1139 2926 ,
1171 2860 1223 2914 id
1261 2868 1376 2925 est,
1418 2860 1556 2914 hunc
1593 2860 1798 2916 vitiosa:

208 2949 503 3006 aﬂectionis
537 2952 835 3021 appetitum
862 2951 952 3021 qui
980 2965 1169 3021 magna
1197 2966 1263 3005 ex
1308 2960 1457 3019 parte
1483 2948 1755 3004 frenarnnt
1777 2990 1794 3016 ,

210 3053 261 3095 ut
289 3056 393 3096 non
433 3041 725 3097 obedirent
763 3041 1045 3095 desideriis
1072 3040 1187 3111 ejus
1209 3082 1222 3105 ,
1263 3055 1360 3095 nec
1396 3040 1713 3096 exliiberent
1748 3041 1797 3095 ei

208 3132 436 3187 membra
472 3146 574 3187 sua
619 3147 768 3185 arma
816 3131 1145 3203 iniquitatis,
1174 3133 1332 3185 etiam
1373 3132 1500 3201 justi
1544 3132 1797 3201 appellari

209 3233 553 3290 incruerunt;
578 3232 637 3277 et
663 3223 788 3290 hoc,
814 3222 1080 3293 adjutorio
1103 3223 1288 3293 gratim
1316 3223 1429 3277 Dei.
1456 3221 1646 3277 Verum
1674 3224 1800 3291 quia

208 3332 338 3386 saepe
365 3318 420 3370 in
450 3316 745 3371 levissimis
777 3324 834 3372 et
868 3315 1152 3386 aliquando
1178 3315 1403 3370 incautis
1430 3316 1637 3385 obrepit
1668 3331 1796 3385 pec-

210 3417 402 3473 catum;
429 3417 489 3461 et
514 3406 649 3477 justi
673 3406 920 3471 fuerunt,
954 3416 1008 3462 et
1037 3407 1153 3461 sine
1185 3415 1401 3475 peccato
1427 3422 1532 3461 non
1560 3405 1793 3461 fuerunt.

211 3498 481 3554 Postremo
510 3499 557 3553 si
586 3498 640 3552 in
669 3497 801 3552 Abel
826 3498 971 3566 justo
996 3498 1226 3551 Charitas
1253 3496 1381 3561 Dei,
1410 3512 1512 3566 qua
1541 3512 1643 3551 una
1670 3513 1797 3552 vere

205 3589 366 3656 justus
390 3598 483 3644 est
510 3587 838 3658 quicumque
861 3587 1036 3655 justus
1061 3594 1161 3652 est,
1190 3586 1365 3640 adhuc
1395 3597 1511 3641 erat
1536 3602 1643 3656 quo
1673 3602 1795 3657 pos-

205 3689 278 3734 set
312 3688 371 3735 et
409 3679 645 3734 deberet
681 3680 861 3747 augeri
898 3676 976 3748 (a)
1001 3718 1015 3742 ,
1054 3677 1310 3747 quidquid
1352 3678 1527 3731 minus
1557 3687 1699 3743 erat,
1728 3693 1791 3731 ex

205 3770 323 3825 vitio
347 3778 494 3826 erat.
529 3770 601 3823 Et
627 3768 712 3824 cui
736 3783 841 3823 non
879 3769 1054 3822 minus
1076 3769 1177 3833 sit,
1215 3767 1386 3823 donec
1412 3766 1479 3821 ad
1506 3767 1649 3821 illam
1678 3768 1796 3836 ejus

205 3860 571 3917 fortitudinem
604 3860 881 3928 veniatur,
911 3860 997 3914 ubi
1040 3870 1148 3914 tota
1179 3859 1414 3915 hominis
1442 3860 1796 3915 absorbeatur

203 3952 484 4005 inﬁrmitas
500 3950 525 4004 2

261 4040 501 4096 CAPUT
542 4040 786 4095 XXXIX.
832 4070 903 4082 —-
944 4041 1033 4096 46.
1075 4039 1223 4094 Idem
1257 4050 1499 4095 tractatur
1526 4060 1795 4114 argumen-

202 4141 327 4186 tsin.
342 4132 541 4203 Magna
564 4132 722 4202 plane
740 4132 1003 4188 sententia
1026 4132 1289 4187 conclusit
1312 4132 1453 4188 hunc
1474 4135 1649 4189 locum
1670 4150 1793 4190 cum

199 4225 265 4279 ait
291 4242 305 4278 :
330 4224 621 4279 Credamus
653 4225 808 4295 igitur
844 4224 979 4295 quod
1013 4225 1222 4296 legimus
1241 4267 1256 4292 ,
1286 4236 1331 4280 et
1358 4227 1493 4297 quod
1525 4244 1627 4282 non
1662 4228 1793 4299 legi-

199 4332 332 4381 mus,
363 4315 519 4385 nefas
544 4317 811 4370 credamus
849 4327 1110 4389 astruere,
1141 4320 1276 4388 quod
1315 4319 1378 4372 de
1410 4321 1602 4374 cunctis
1640 4322 1794 4376 etiam

196 4408 380 4461 dixisse
397 4407 642 4477 suﬁciat.
670 4406 867 4463 Contra
895 4423 994 4476 ego
1022 4408 1165 4474 dico,
1193 4423 1289 4463 nec
1318 4423 1477 4465 omne
1497 4410 1637 4480 quod
1659 4411 1790 4481 legi-

194 4513 306 4552 mus
324 4497 563 4553 credere
584 4512 683 4550 nos
702 4496 919 4562 debere,
946 4507 1164 4569 propter
1185 4498 1313 4553 illud
1334 4499 1475 4568 quod
1504 4502 1791 4570 Apostolus

193 4588 295 4651 ait,
336 4586 536 4641 Omnia
575 4585 759 4658 legite,
786 4603 899 4659 qua:
925 4589 1052 4642 bona
1093 4597 1208 4642 sunt
1247 4598 1406 4644 tenete
1429 4590 1486 4661 (Ι
1515 4590 1688 4647 Thess.
1720 4608 1787 4659 v,

192 4676 277 4745 21)
312 4694 330 4734 ;
358 4687 417 4732 et
441 4686 693 4732 astruere
711 4677 912 4748 aliquid
936 4679 1094 4733 etiam
1121 4678 1263 4749 quod
1292 4694 1396 4734 non
1421 4680 1665 4751 legimus,
1693 4700 1789 4739 ne—

191 4768 266 4822 fas
292 4784 405 4823 non
433 4783 581 4823 esse.
611 4768 901 4824 Possumus
939 4770 1081 4823 enim
1111 4770 1307 4839 aliquid
1335 4772 1470 4827 bona
1496 4774 1598 4828 ﬁde
1629 4784 1788 4831 testes

192 4871 436 4916 astruere
462 4859 609 4931 quod
635 4860 842 4931 experti
866 4877 1069 4927 sumus,
1094 4863 1254 4916 etiam
1279 4863 1326 4917 si
1356 4863 1489 4920 forte
1511 4880 1616 4921 non
1652 4867 1786 4937 legi—

192 4968 329 5007 mus.
360 4953 465 5009 Hic
494 4953 723 5009 fortasse
745 4955 1054 5023 respondet,
1078 4954 1190 5025 Ego
1211 4972 1325 5009 cum
1350 4958 1446 5011 hoc
1464 4959 1699 5025 dicerem,
1724 4961 1788 5014 de

191 5048 483 5119 Scripturis
509 5050 699 5103 sanctis
726 5049 958 5120 agebam.
991 5048 1035 5104 Ο
1063 5050 1264 5103 utinam
1284 5092 1300 5117 ,
1341 5066 1444 5105 non
1485 5052 1605 5108 dico
1642 5055 1782 5108 aliud

189 5156 348 5209 quam
379 5141 431 5194 in
458 5140 565 5194 illis
593 5139 810 5194 Litteris
841 5140 1001 5211 legit,
1034 5156 1217 5195 verum
1245 5151 1426 5196 contra
1460 5143 1509 5196 id
1537 5145 1675 5213 quod
1705 5148 1783 5199 lc-

187 5236 281 5303 git,
314 5233 450 5289 nihil
494 5232 657 5288 vellet
686 5234 960 5287 astruere!
994 5232 1222 5287 ﬁdeliter
1250 5242 1304 5287 et
1342 5232 1655 5290 obedienter
1683 5252 1782 5290 auo

185 5327 331 5383 diret
355 5325 503 5398 quod
522 5327 782 5396 scriptum
810 5334 913 5391 cst,
938 5323 1042 5379 Per
1069 5340 1226 5379 unum
1248 5326 1499 5381 hominem
1524 5339 1782 5396 peccatum

187 5419 394 5473 intravit
418 5419 474 5473 in
501 5417 749 5472 mundum
772 5456 787 5483 ,
835 5426 881 5471 et
919 5432 1008 5488 per
1046 5424 1305 5487 peceatum
1347 5432 1519 5481 mors;
1553 5429 1598 5471 et
1635 5420 1703 5471 ita
1730 5420 1782 5473 in

253 5577 325 5645 (a)
360 5574 604 5645 Intelligo,
629 5580 922 5645 quoposs-et
942 5580 994 5645 et
1013 5571 1223 5645 deberet
1244 5570 1334 5645 hac
1455 5573 1552 5622 vita
1589 5576 1775 5645 augeri.

194 5654 219 5681 ι
255 5633 419 5698 δάμω
461 5633 630 5695 enim,
649 5633 680 5679 ἰ
710 5633 779 5683 ait
820 5633 943 5682 libro
965 5635 1035 5698 de
1051 5635 1223 5698 Spiritu
1246 5641 1297 5698 et
1319 5634 1580 5698 Littera,n_.
1609 5633 1719 5693 63,«
1739 5638 1779 5684 si

192 5715 219 5741 ι
387 5700 596 5748 nondum
616 5694 790 5758 potest
812 5702 942 5758 tanta
974 5694 1171 5758 dilectio
1194 5696 1293 5754 Dei,
1319 5704 1496 5758 quanta
1522 5696 1588 5745 illi
1611 5700 1779 5758 cogni-

192 5778 216 5804 α
242 5761 358 5809 ιξοκιι
382 5760 538 5831 [lenm
557 5756 895 5831 [nr-ﬂetumque
911 5756 1139 5831 debetur,
1154 5757 1257 5831 jam
1280 5756 1437 5831 culpa“
1451 5756 1778 5831 deputo-stilum

194 5839 219 5867 ι
246 5830 341 5872 est.
369 5818 397 5866 ι’
420 5823 531 5873 title
557 5818 688 5871 inira
708 5818 883 5867 librum
900 5820 962 5866 de
988 5819 1283 5869 reticatione
1306 5821 1523 5881 lastitite,
1553 5834 1598 5867 ιι.
1633 5823 1698 5868 l5.

1646 5947 1685 5980 δ

1614 367 1817 425 LIBER
1855 369 2052 426 UNUS.

3380 368 3489 421 Q70

1915 499 2085 539 omnes
2128 484 2353 537 homines
2391 487 2719 555 pertransiit,
2760 487 2811 539 in
2851 504 2947 557 quo
2973 503 3139 540 omnes
3168 503 3498 553 peccat'crunt

1915 576 2090 645 (Rom.
2122 593 2173 642 v,
2209 577 2294 647 19)
2322 596 2333 630 :
2357 584 2413 631 et
2435 592 2539 631 non
2563 578 2853 634 inﬁrmaret
2878 579 3007 633 tanti
3029 579 3220 634 medici
3244 581 3489 650 gratiam,

1912 666 2036 721 dum
2066 666 2215 722 fateri
2245 683 2348 721 non
2373 668 2482 721 vult
2507 678 2747 722 naturam
2773 669 3057 724 humanam
3085 685 3205 726 esse
3230 671 3490 725 vitiatam.

1912 760 1956 814 0
2000 761 2199 813 utinam
2244 760 2382 814 sicut
2423 760 2743 815 christianus
2788 761 3025 831 legeret,
3072 771 3265 833 prater
3307 763 3491 819 Jesmn

1911 850 2178 905 Christum
2204 852 2405 906 nullum
2432 867 2549 907 esse
2571 868 2761 906 nomen
2782 853 2881 908 sub
2900 855 3057 922 etnlo,
3082 855 3132 909 in
3155 871 3260 925 quo
3281 865 3494 925 oportet

1910 941 2085 995 salvos
2104 941 2214 995 ﬁeri
2233 942 2328 996 nes
2340 941 2472 1012 (Act.
2490 958 2563 1007 tv,
2581 942 2668 1010 12)
2687 961 2700 997 :
2719 952 2772 997 et
2794 959 2895 998 non
2920 946 3322 1015 possibilitatem
3340 955 3494 1001 natu-

1910 1050 1984 1089 ra:
2011 1035 2252 1089 humana:
2283 1036 2353 1089 ita
2382 1035 2709 1100 defenderet,
2728 1047 2782 1091 ut
2803 1037 2961 1091 homo
2985 1054 3077 1107 per
3098 1039 3319 1095 liberum
3345 1040 3489 1094 arbi-

1910 1125 2066 1179 trium
2082 1126 2240 1179 etiam
2258 1126 2372 1181 sine
2385 1126 2484 1181 isto
2497 1128 2710 1182 nomine
2726 1128 2903 1183 salvus
2916 1144 3032 1183 esse
3047 1144 3199 1199 posse
3214 1130 3483 1185 credatur!

1979 1215 2204 1272 CAPUT
2244 1216 2355 1271 XL.
2386 1247 2459 1257 —-
2484 1219 2573 1273 47.
2611 1218 2866 1273 ChrisIum
2900 1220 2966 1272 ad
2999 1220 3119 1291 quid
3154 1223 3489 1276 necessarium

1908 1305 2049 1360 nobis
2078 1308 2234 1378 fuisse
2272 1310 2463 1377 putavit
2505 1307 2765 1381 Pelagius.
2796 1310 2903 1366 Sed
2930 1320 3079 1381 putat
3115 1311 3339 1368 fortasse
3368 1313 3490 1368 ideo

1908 1400 2263 1454 necessarium
2276 1415 2396 1456 esse
2406 1400 2604 1456 Christi
2619 1412 2899 1469 nomen,ut
2910 1419 3005 1473 per
3018 1404 3133 1473 ejus
3146 1404 3487 1475 Evangelium

1906 1489 2172 1545 discamus
2199 1491 2643 1560 quemadmodum
2665 1492 2843 1548 vivere
2865 1493 3173 1559 debeamus,
3197 1496 3485 1550 nonetiam

1908 1589 1964 1634 ut
1988 1580 2103 1650 ejus
2126 1580 2438 1650 adjuvemur
2455 1583 2645 1653 gratia,
2673 1598 2780 1654 quo
2805 1583 2942 1639 bene
2962 1585 3219 1641 vivamus.
3244 1585 3341 1641 Vel
3363 1586 3489 1642 hinc

1905 1671 2092 1725 saltem
2118 1672 2430 1727 conﬁteatur
2449 1688 2570 1728 esse
2591 1672 2923 1729 miserabiles
2951 1676 3199 1731 tenebras
3228 1678 3281 1731 in
3306 1678 3487 1732 animo

1906 1761 2139 1816 humano
2160 1803 2174 1826 ,
2202 1763 2290 1832 qui
2325 1764 2428 1817 scit
2456 1764 2904 1835 quemadmodum
2931 1764 3122 1821 debeat
3150 1767 3359 1822 leonem
3386 1767 3487 1821 do-

1904 1867 2053 1907 mare
2072 1893 2089 1921 ,
2128 1861 2183 1908 et
2222 1856 2393 1908 nescit
2418 1854 2867 1924 quemadmodum
2896 1855 3093 1911 vivere.
3120 1856 3202 1911 An
3226 1866 3280 1911 et
3306 1856 3407 1912 hoc
3433 1868 3491 1912 ut

1904 1944 2038 1997 sciat
2074 1944 2271 1999 sufﬁcit
2309 1944 2359 2000 ei
2391 1945 2617 2001 liberum
2656 1944 2933 2001 arbitrium
2964 1947 3154 2018 lexque
3192 1948 3487 2004 naturalis?

1904 2032 2028 2089 ιιωε
2055 2046 2136 2089 est
2160 2038 2415 2106 sapientia
2450 2038 2629 2107 verbi,
2658 2054 2759 2109 qua
2796 2048 3084 2095 evacuatur
3109 2056 3240 2096 crux
3266 2040 3485 2097 Christi.

1904 2125 2010 2180 Sed
2035 2127 2121 2196 qui
2144 2126 2299 2193 dixit,
2324 2126 2548 2181 Perdant
2567 2129 2870 2199 sapientiam
2893 2130 3211 2202 sapientum;
3241 2133 3362 2203 quia
3388 2134 3485 2188 ista

1902 2231 2033 2271 crux
2062 2232 2166 2271 non
2196 2227 2370 2287 potest
2396 2220 2664 2283 evacuari,
2695 2220 2934 2290 profecto
2970 2222 3125 2276 iSIam
3171 2223 3485 2293 sapientiam

1902 2323 2000 2377 per
2032 2309 2306 2363 stultitiam
2340 2310 2750 2380 przedicatiouis,
2776 2327 2878 2381 qua
2898 2312 3180 2369 credentes
3207 2326 3482 2382 sanantur,

1901 2399 2092 2452 evertit
2121 2397 2163 2471 (l
2190 2399 2306 2453 Cor.
2336 2415 2383 2466 ι,
2417 2402 2500 2468 17,
2528 2400 2616 2467 19,
2642 2401 2755 2472 21).
2788 2401 2844 2458 Si
2870 2404 3011 2457 enim
3041 2405 3363 2473 possibilitas
3388 2423 3486 2461 na-

1904 2489 2089 2544 turalia
2118 2505 2211 2558 per
2253 2490 2476 2546 liberum
2508 2493 2782 2548 arbitrium
2808 2536 2823 2561 ,
2854 2506 2906 2550 et
2943 2496 3010 2550 ad
3053 2500 3483 2568 cognoscendum

1901 2579 2167 2649 quomodo
2194 2581 2372 2637 vivere
2394 2582 2617 2649 debeat,
2648 2594 2701 2639 et
2728 2585 2793 2639 ad
2824 2586 2958 2641 bene
2982 2587 3265 2642 vivendum
3288 2589 3487 2645 sufficit

1903 2669 2039 2736 sibi;
2070 2686 2190 2739 ergo
2219 2669 2449 2725 Christus
2473 2674 2631 2743 gratis
2667 2685 2894 2728 mortuus
2917 2685 2992 2730 est
3015 2676 3209 2747 (Galat.
3244 2693 3319 2747 tt,
3348 2678 3480 2751 2i);

1902 2777 2019 2831 ergo
2056 2772 2350 2815 evacuatur»
2378 2772 2451 2817 est
2487 2764 2783 2818 scandalum
2819 2768 3001 2820 crucis.
3032 2766 3138 2822 Cur
3175 2783 3281 2823 non
3322 2770 3483 2824 etiam

1901 2867 2000 2923 ego
2021 2852 2105 2906 hic
2125 2854 2443 2909 exclamem?
2463 2854 2571 2911 imo
2590 2856 2922 2923 exclamabo,
2946 2868 3000 2914 et
3023 2860 3136 2915 istis
3157 2861 3484 2932 increpitabo

1901 2942 2084 2999 dolore
2131 2943 2423 3000 christiano
2468 2963 2484 3000 :
2530 2945 2783 3001 Evaeuati
2823 2949 2951 3003 estis
2978 2965 3010 3005 a
3037 2949 3284 3017 Christo,
3312 2953 3401 3023 qui
3429 2954 3482 3008 in

1902 3040 2087 3088 natura
2108 3033 2495 3104 justiﬁcamini,
2520 3051 2549 3089 a
2574 3037 2740 3107 gratia
2766 3039 3038 3095 excidistis
3058 3039 3167 3113 (Id.
3197 3056 3250 3109 v,
3276 3042 3363 3109 11,
3386 3043 3440 3114 4)
3466 3060 3481 3097 :

1901 3124 2207 3197 ignorantes
2247 3128 2392 3182 enim
2434 3127 2527 3183 Dei
2564 3128 2824 3198 justitiam
2845 3172 2860 3198 ,
2892 3139 2948 3186 et
2982 3142 3214 3188 vestram
3242 3136 3484 3190 volentes

1900 3216 2244 3282 constituere,
2263 3217 2483 3287 justitize
2508 3219 2601 3274 Dei
2627 3236 2731 3274 non
2754 3222 2884 3276 estis
2904 3224 3148 3292 subjecti.
3172 3225 3320 3281 Sicut
3337 3228 3481 3284 enim

1901 3307 2023 3363 linis
2048 3309 2196 3378 legis,
2229 3310 2299 3363 ita
2331 3310 2490 3365 etiam
2520 3321 2721 3367 natura:
2748 3313 2992 3369 humanae
3016 3318 3221 3373 vitiosa:
3249 3320 3486 3377 salvator

1901 3401 2141 3457 Christus
2156 3402 2327 3466 est,ad
2340 3404 2600 3472 justitiam
2618 3405 2764 3460 omni
2780 3406 3014 3462 credenti
3032 3409 3206 3480 (Rom.
3226 3426 3280 3477 x,
3296 3412 3387 3467 Set
3400 3414 3481 3484 4).

1970 3494 2195 3549 CAPUT
2234 3494 2367 3548 XLI.
2398 3526 2470 3536 —
2492 3497 2581 3552 48.
2610 3496 2808 3553 Omnes
2834 3500 3082 3567 quomodo
3110 3502 3481 3572 accipiendum,

1899 3585 1953 3638 in
1993 3584 2153 3638 verbis
2182 3585 2411 3655 Apostoli
2432 3628 2447 3653 ,
2479 3587 2543 3641 de
2579 3588 2756 3657 quibus
2796 3599 3020 3643 movetur
3057 3592 3283 3661 quwstio.
3328 3592 3485 3659 Quod

1899 3688 2075 3733 autem
2098 3678 2196 3733 sibi
2218 3680 2462 3749 opposuit
2492 3681 2558 3735 ab
2586 3681 2665 3736 eis
2692 3681 2818 3747 dici,
2851 3691 3034 3736 contra
3064 3698 3198 3753 quos
3225 3684 3478 3756 loquitur,

1902 3770 2088 3824 Omnes
2108 3772 2238 3824 enim
2260 3785 2584 3842 peccaverunt
2612 3773 2745 3843 (Id.,
2771 3791 2846 3843 ιιι,
2878 3776 2973 3847 25)
3000 3795 3011 3830 :
3037 3778 3375 3834 manifestum
3398 3791 3481 3836 est

1898 3861 2039 3931 quod
2075 3862 2137 3915 de
2164 3862 2241 3916 his
2267 3864 2461 3917 dicebat
2486 3865 2757 3935 Apostolus
2785 3868 2871 3935 qui
2900 3877 3018 3921 tunc
3046 3879 3220 3936 erant,
3251 3870 3347 3925 hoc
3371 3882 3442 3925 est
3459 3915 3474 3939 ,

1898 3954 1961 4007 de
1986 3952 2181 4009 Judwis
2209 3965 2253 4008 et
2284 3953 2545 4011 Gentibus.
2581 3956 2687 4012 Sed
2726 3957 2882 4026 plane
2908 3959 3035 4014 illud
3071 3960 3212 4031 quod
3238 3976 3479 4017 comme-

1899 4046 2123 4112 moravi,
2153 4045 2255 4099 Per
2284 4063 2438 4100 unum
2459 4047 2710 4102 hominem
2737 4058 2995 4119 peccatum
3026 4052 3228 4107 intravit
3250 4054 3302 4108 in
3330 4071 3481 4110 mun-

1898 4139 2041 4201 dum,
2064 4147 2109 4191 et
2129 4154 2219 4208 per
2234 4148 2489 4208 peccatum
2510 4155 2643 4194 mors
2658 4155 2681 4205 ;
2698 4149 2747 4194 et
2765 4140 2837 4193 ita
2856 4141 2909 4195 in
2929 4158 3100 4200 omnes
3120 4144 3346 4201 homines
3366 4164 3480 4216 per-

1896 4231 2133 4295 transiit,
2178 4230 2231 4284 in
2275 4247 2377 4300 quo
2415 4246 2586 4286 omnes
2633 4244 2997 4303 peccaverunt;
3038 4245 3092 4290 et
3135 4238 3382 4308 antiquos
3422 4253 3479 4296 et

1896 4321 2240 4387 recentiores,
2281 4330 2334 4375 et
2363 4336 2460 4376 nos
2486 4329 2542 4377 et
2578 4332 2822 4393 posteros
2847 4334 3059 4380 n03tros
3084 4330 3346 4388 sententia
3376 4332 3475 4386 iSta

1896 4412 2285 4481 complectitur.
2328 4413 2484 4467 Ponit
2513 4415 2673 4469 etiam
2715 4414 2841 4470 illud
2886 4418 3288 4489 testimonium,
3334 4423 3477 4478 unde

1898 4502 2085 4574 probet
2107 4517 2228 4557 cum
2254 4502 2503 4557 dicuntur
2533 4520 2736 4571 omnes,
2767 4521 2873 4561 non
2894 4520 3107 4577 semper
3143 4524 3331 4566 omnes
3358 4526 3478 4568 om-

1897 4594 2024 4649 nino
2044 4594 2194 4650 nullo
2222 4596 2579 4665 praetermisso
2609 4595 2827 4667 intelligi
2855 4606 3122 4668 eportere.
3157 4618 3177 4653 ι
3209 4600 3356 4657 Sicut
3385 4618 3477 4675 per

1900 4704 1921 4739 ι
1958 4687 2148 4755 unius,
2184 4705 2203 4741 ιν
2244 4688 2449 4758 inquit,
2486 4706 2505 4740 ι
2549 4687 2787 4742 delictum
2832 4690 2885 4744 in
2933 4707 3105 4746 omnes
3150 4693 3379 4751 homines
3422 4698 3477 4752 in

1902 4797 1920 4831 ι
1957 4779 2421 4833 condemnationem
2444 4796 2462 4843 ;
2485 4780 2558 4833 sic
2578 4790 2623 4834 et
2658 4798 2747 4851 per
2775 4783 2923 4837 unius
2937 4783 3193 4853 justitiam
3214 4786 3267 4840 in
3304 4804 3477 4843 omnes

1902 4889 1920 4924 ι
1956 4872 2181 4925 homines
2211 4872 2261 4924 in
2290 4872 2707 4942 justi/icationcm
2748 4875 2880 4929 vitas.
2918 4895 2936 4927 ι
2975 4874 3101 4930 Cum
3127 4894 3216 4948 per
3242 4876 3431 4934 Christi
3460 4925 3473 4945 ,

1894 4963 2095 5033 inquit,
2116 4964 2408 5034 justitiam,
2436 4980 2537 5017 non
2565 4980 2737 5019 omnes
2760 5006 2775 5031 ,
2813 4968 2901 5020 sed
2938 4984 3020 5021 eos
3055 4977 3250 5023 tantum
3286 4973 3370 5042 qui
3397 4974 3477 5027 illi

1893 5053 2097 5108 obedire
2131 5054 2396 5107 voluerunt
2420 5096 2435 5122 ,
2480 5064 2527 5108 et
2564 5054 2814 5124 Baptismi
2852 5059 2962 5127 ejus
2987 5059 3239 5115 ablatione
3273 5067 3475 5134 purgati

1891 5152 2038 5210 sunt,
2074 5145 2415 5213 saneti/icatos
2441 5161 2547 5200 esse
2569 5164 2670 5201 non
2691 5148 2899 5203 dubium
2926 5152 3009 5204 sit.
3041 5150 3157 5207 Non
3188 5154 3341 5222 plane
3371 5158 3475 5212 isto

1895 5235 2199 5289 testimonio
2229 5236 2416 5305 probat
2440 5236 2580 5305 quod
2616 5238 2747 5292 vult.
2789 5238 2917 5294 Nam
2949 5241 3085 5297 sicut
3125 5244 3323 5299 dictum
3350 5256 3470 5311 est,

1894 5327 2039 5381 Sicut
2065 5344 2153 5398 per
2182 5328 2332 5382 unius
2370 5327 2606 5383 delictum
2635 5330 2687 5384 in
2716 5347 2886 5386 omnes
2922 5333 3148 5389 homines
3188 5337 3240 5389 in
3282 5338 3472 5399 conde-

1890 5422 2223 5490 mnationem,
2267 5432 2323 5476 ut
2347 5422 2521 5475 nullus
2551 5428 3045 5492 praetermitteretur
3074 5446 3086 5482 :
3120 5429 3197 5483 sic
3232 5436 3286 5482 et
3329 5430 3379 5482 in
3406 5444 3471 5483 co

1891 5512 2031 5583 quod
2058 5514 2254 5569 dictum
2279 5523 2380 5580 est,
2413 5531 2500 5584 per
2521 5516 2669 5569 unius
2685 5517 2937 5587 justitiam
2969 5518 3021 5572 in
3052 5534 3222 5572 omnes
3243 5518 3473 5573 homines

1889 5606 1940 5659 in
1952 5606 2371 5676 justiﬁcationent
2393 5613 2508 5660 vita:
2529 5602 2638 5677 (Id.
2664 5622 2719 5675 v,
2744 5608 2854 5679 18),
2878 5610 3056 5664 nullus
3082 5612 3470 5679 prmtermissus

1890 5706 1971 5752 est
1999 5716 2011 5751 :
2036 5712 2140 5752 non
2170 5698 2287 5769 quia
2313 5713 2499 5752 omnes
2521 5699 2569 5752 in
2595 5714 2715 5753 eum
2739 5699 2960 5753 credunt
2985 5709 3037 5755 et
3058 5701 3328 5771 Baptismo
3352 5702 3468 5773 ejus

1890 5791 2209 5858 abluuntur,
2252 5790 2343 5845 sed
2389 5792 2508 5861 quin
2553 5806 2705 5845 nemo
2744 5790 3065 5860 justilicalur
3108 5793 3207 5848 nisi
3252 5796 3302 5850 in
3346 5815 3468 5853 cunt
