3996 6480
533 372 632 431 271

531 487 713 543 credat
732 493 786 541 et
809 482 1078 554 Baptismo
1098 480 1211 548 ejus
1232 478 1495 532 abluatur.
1521 476 1702 545 Itaque
1723 491 1893 530 omnes
1913 476 2110 530 dictum

532 588 650 642 est,
700 592 766 632 ne
811 577 988 645 aliquo
1031 570 1188 624 modo
1228 569 1333 622 alio
1371 575 1567 636 praeter
1615 567 1786 635 ipsum
1831 566 2109 634 quisquam

532 669 710 722 salvus
732 665 845 720 ﬁeri
867 678 1020 734 posse
1041 661 1308 716 credatur.
1339 658 1488 713 Sicut
1508 657 1650 712 enim
1677 672 1785 710 uno
1814 655 2108 709 litterarum

532 761 788 828 magistro
817 757 867 810 in
900 754 1114 808 civitate
1152 751 1441 807 constituto
1461 790 1476 817 ,
1516 747 1814 803 rectissime
1844 747 2068 800 dicimus
2092 786 2106 810 ,

531 852 728 906 Omnes
765 849 864 902 istc
906 847 990 901 hic
1017 846 1220 900 litteras
1246 843 1435 910 docet;
1464 857 1569 896 non
1601 841 1721 909 quia
1752 855 1937 894 omnes
1966 845 2108 894 cives

531 942 736 998 literas
757 939 986 1004 discunt,
1015 936 1108 990 sed
1137 935 1258 1005 quia
1291 947 1448 990 nemo
1475 932 1664 995 discit,
1697 930 1799 985 nisi
1826 945 1982 1000 quem
2023 930 2110 984 ille

529 1032 770 1105 docuerit
796 1048 808 1084 :
837 1031 913 1086 sic
942 1045 1099 1084 nemo
1119 1028 1454 1099 justiﬁeatur,
1480 1026 1579 1080 nisi
1601 1039 1758 1094 quem
1781 1023 2108 1093 justiﬁcave-

529 1125 598 1178 rit
627 1123 887 1178 Christus.

600 1211 824 1266 CAPUT
863 1209 1020 1265 Χιιι.
1046 1239 1118 1249 -
1136 1207 1224 1263 69.
1258 1207 1430 1261 Potest
1455 1207 1604 1260 homo
1634 1205 1738 1260 sine
1759 1213 1960 1276 peccato
1981 1221 2106 1271 esse,

527 1303 617 1356 sed
650 1301 927 1356 auxiliante
955 1301 1138 1372 gratia.
1171 1297 1485 1352 Possibilitas
1519 1298 1572 1350 in
1605 1297 1792 1349 sanctis
1818 1296 1969 1349 simul
1993 1311 2110 1348 cum

529 1395 709 1459 (ﬂectit
728 1393 1048 1464 provenit.—
1065 1391 1170 1446 Sed
1181 1400 1305 1455 esto,
1327 1391 1516 1458 inquit,
1540 1389 1846 1442 consentiam
1867 1389 1986 1460 quia
2003 1404 2110 1441 om-

530 1503 614 1539 nes
636 1492 917 1557 peccatures
942 1484 1099 1553 fuisse
1137 1491 1364 1535 testatur.
1399 1479 1536 1533 Dicit
1565 1481 1697 1532 enim
1724 1480 1846 1546 quid
1885 1479 2105 1548 fuerint,

526 1593 626 1629 non
664 1575 797 1644 quod
836 1573 978 1628 aliud
1021 1588 1128 1626 esse
1170 1589 1271 1625 non
1312 1572 1582 1640 potuerint.
1632 1567 1966 1635 Quamobrem
1996 1578 2040 1622 et
2065 1568 2110 1621 si

529 1683 699 1721 omnes
728 1666 952 1719 homines
973 1674 1276 1734 peccatores,
1304 1662 1491 1727 inquit,
1516 1668 1716 1730 possent
1747 1658 1981 1729 probari,
2016 1657 2109 1711 de-

529 1755 745 1825 ﬁnitioni
783 1765 948 1807 tamen
974 1762 1158 1806 nostris
1181 1767 1494 1821 nequaquam
1533 1749 1587 1802 id
1629 1749 1818 1803 obesset
1841 1791 1856 1814 ,
1898 1750 1980 1817 qui
2008 1764 2110 1802 non

529 1859 630 1900 tant
655 1846 774 1917 quid
796 1846 1022 1898 homines
1053 1845 1185 1908 sint,
1212 1859 1362 1914 quant
1381 1841 1506 1913 quid
1531 1850 1732 1912 possent
1755 1856 1859 1895 esse
1882 1841 2114 1910 defendi-

527 1953 658 1990 mus.
692 1936 788 1991 Hic
813 1944 956 1990 recte
979 1935 1100 1989 facit
1120 1935 1159 1998 ⁸,
1187 1931 1473 2002 aliquando
1499 1929 1824 1995 consentire,
1852 1930 1973 1998 quia
2004 1945 2110 1984 non

524 2025 898 2097 justiﬁcabitur
912 2026 962 2079 in
981 2032 1265 2094 conspectu
1280 2023 1371 2078 Dei
1385 2023 1558 2077 omnis
1571 2023 1756 2076 vivens
1772 2020 2108 2092 (Psal.cxr.n,

526 2119 608 2187 2).
642 2117 756 2171 Non
788 2125 962 2170 tamen
996 2115 1066 2168 ibi
1093 2129 1213 2170 esse
1237 2113 1581 2184 quaestionem
1601 2153 1617 2178 ,
1646 2111 1740 2166 sed
1775 2112 1826 2165 in
1857 2111 1972 2181 ipsa
2003 2126 2110 2165 non

526 2210 780 2282 peccandi
822 2208 1171 2278 possibilitate
1204 2205 1507 2270 contendit,
1538 2205 1588 2258 in
1625 2220 1730 2274 qua
1757 2219 1856 2258 nec
1888 2218 1984 2259 uos
2011 2203 2110 2257 ad-

528 2316 715 2356 versus
743 2315 862 2356 eum
881 2308 1094 2355 certare
1119 2313 1254 2367 opus
1285 2306 1384 2352 est.
1423 2295 1554 2351 Nam
1593 2309 1765 2365 neque
1794 2293 1921 2347 illud
1952 2294 2111 2348 nimis

527 2408 676 2458 euro,
704 2401 879 2445 utrum
912 2390 1105 2444 fuerint
1128 2389 1213 2442 hic
1237 2386 1420 2457 aliqui,
1452 2386 1535 2440 vel
1561 2385 1686 2452 sint,
1714 2384 1798 2438 vel
1826 2399 1955 2438 csse'
1983 2397 2110 2452 pos-

527 2485 652 2551 sint,
680 2484 768 2552 qui
790 2480 1104 2551 perfectam,
1135 2481 1218 2534 cui
1241 2479 1371 2532 nihil
1394 2477 1697 2533 addendum
1720 2484 1882 2540 esset,
1905 2475 2110 2529 habue-

525 2578 664 2643 rint,
694 2575 780 2629 vcl
819 2573 1082 2638 habeant,
1131 2571 1211 2625 vel
1255 2569 1484 2624 habituri
1523 2569 1629 2623 sint
1671 2566 1987 2621 charitatem
2017 2565 2111 2620 Dei

527 2668 666 2739 (ipsa
695 2675 777 2722 est
801 2665 942 2721 enim
969 2667 991 2697 ³
1022 2662 1315 2726 verissima,
1340 2659 1668 2730 plenissima,
1698 2655 2110 2726 perfectissima-

527 2773 630 2829 que
655 2754 917 2828 justitia);
950 2755 1197 2825 quoniam
1241 2751 1291 2806 id
1315 2792 1328 2816 ,
1355 2751 1497 2820 quod
1528 2750 1550 2782 ³
1576 2749 1845 2802 voluntate
1881 2747 2112 2802 hominis

525 2849 703 2918 adjuta
746 2862 844 2917 per
884 2846 974 2900 Dei
1019 2844 1237 2914 gratiam
1285 2840 1398 2893 ﬁeri
1441 2853 1599 2910 posse
1633 2839 1892 2892 conﬁteor
1919 2845 1974 2891 et
2011 2835 2110 2890 de-

527 2938 708 3004 lcndo,
735 2936 947 3006 quando
977 2935 1060 2988 vel
1085 2932 1174 2986 ubi
1199 2933 1284 2986 vel
1315 2931 1366 2984 in
1397 2943 1503 3001 quo
1529 2929 1640 2995 ﬁat,
1662 2928 1884 2982 nimium
1903 2935 2112 2983 certare

527 3043 632 3082 non
677 3027 867 3081 debeo.
915 3024 1094 3093 Neque
1137 3021 1206 3076 de
1261 3021 1373 3090 ipsa
1415 3019 1765 3089 possibilitate
1810 3016 2106 3083 contendo,

526 3133 648 3174 cum
691 3125 874 3171 sanata
919 3123 974 3170 et
1017 3113 1198 3182 adjuta
1249 3111 1479 3167 hominis
1528 3110 1804 3163 voluntate
1843 3107 2110 3177 possibili-

527 3218 610 3264 tas
640 3209 753 3278 ipsa
781 3207 935 3261 simul
961 3219 1081 3260 cum
1108 3203 1305 3260 cll‘cctu
1343 3203 1395 3256 in
1422 3201 1620 3256 sanctis
1647 3200 1957 3270 proveniat,
1984 3198 2110 3253 dum

529 3299 758 3354 eliaritas
789 3297 903 3362 Dei,
937 3301 1194 3366 quantum
1225 3292 1531 3363 plenissime
1556 3300 1744 3344 neutra
1773 3297 1953 3345 nostra
1982 3303 2110 3343 sana

525 3401 684 3462 atque
713 3399 929 3460 purgata
966 3402 1158 3457 capere
1188 3392 1394 3455 potest,
1425 3382 1738 3438 dill'unditur
1773 3381 1827 3436 in
1855 3380 2111 3437 cordibus

526 3482 725 3538 nostris
752 3495 845 3550 per
870 3479 1124 3549 Spiritum
1167 3485 1445 3541 sanctum,
1495 3475 1584 3540 qui
1627 3474 1785 3528 datus
1829 3481 1912 3527 est
1957 3472 2111 3527 nobis

528 3573 706 3643 (Rom.
736 3587 789 3635 v,
821 3570 900 3639 5).
932 3568 1119 3622 Melius
1143 3567 1318 3635 itaque
1344 3564 1436 3619 Dei
1461 3577 1620 3618 causa
1645 3563 1818 3632 agitur
1847 3561 2026 3635 (quam
2051 3577 2113 3618 se

529 3664 630 3718 iste
658 3660 864 3732 agendo
887 3660 1016 3714 dicit
1041 3658 1322 3714 defensare
1349 3657 1638 3728 naturam),
1670 3671 1792 3710 eum
1820 3665 1874 3710 et
1898 3663 2113 3710 creator

529 3766 582 3810 et
607 3755 837 3808 salvator
861 3749 1164 3821 agnoscitur
1183 3789 1197 3812 ,
1237 3763 1394 3817 quam
1417 3761 1538 3801 cum
1567 3745 1783 3802 defensa
1813 3745 1956 3800 velut
1982 3759 2112 3801 sana

529 3847 838 3914 viribusque
875 3842 1093 3912 integris
1131 3849 1375 3895 creatura
1403 3837 1680 3910 epitulatio
1719 3836 1997 3892 salvatoris
2023 3836 2112 3890 iu-

531 3939 726 3997 anitur.

605 4026 826 4083 CAI‘UT
865 4023 1247 4080 Xl.llI.—50.
1273 4023 1410 4077 Deus
1447 4039 1546 4077 non
1576 4021 1720 4092 jubet
1759 4018 2109 4091 impossibilia.

532 4120 730 4174 Verum
769 4126 852 4172 est
887 4127 1061 4171 autem
1101 4114 1242 4184 quod
1281 4115 1386 4179 ait,
1435 4113 1583 4180 Quod
1623 4111 1763 4167 Deus
1810 4119 1913 4164 tam
1956 4110 2113 4162 bonus

532 4227 683 4281 quam
705 4211 876 4275 justus
903 4207 1052 4259 talem
1091 4206 1344 4258 hominem
1385 4204 1586 4274 fecerit,
1617 4203 1700 4270 qui
1722 4201 1743 4232 ⁸
1765 4200 1952 4271 peccati
1978 4197 2113 4250 malo

536 4317 706 4356 carere
728 4300 989 4370 suﬁiceret,
1016 4297 1102 4350 sed
1128 4297 1172 4351 si
1196 4297 1449 4350 uoluisset.
1473 4294 1600 4369 Quis
1626 4294 1766 4347 enim
1796 4307 1917 4347 eum
1945 4290 2117 4358 nescit

536 4410 723 4450 sanum
746 4403 798 4446 et
820 4390 1190 4459 inculpabilem
1215 4389 1427 4451 factum,
1453 4396 1506 4442 et
1531 4387 1697 4442 libero
1719 4385 1936 4440 arbitrio
1955 4394 2118 4453 atque.

533 4488 600 4543 ad
623 4487 764 4556 juste
789 4483 1072 4538 vivendum
1106 4488 1365 4550 potestate
1408 4479 1570 4533 libera
1600 4477 1982 4532 constitutum?
2011 4476 2114 4530 Sed

537 4594 679 4634 nunc
705 4577 772 4631 de
800 4575 891 4629 illo
917 4574 1118 4642 agitur,
1145 4585 1302 4640 quem
1329 4570 1643 4626 semivivum
1671 4567 1904 4628 latrones
1941 4567 1993 4618 in
2028 4565 2112 4618 via

537 4669 882 4737 reliquerunt,
907 4664 992 4733 qui
1013 4663 1260 4732 gravibus
1286 4663 1495 4715 saucius
1521 4658 1905 4726 confossusque
1933 4655 2116 4709 vulne-

534 4758 686 4814 ribus
725 4769 830 4810 non
869 4755 939 4809 ita
983 4760 1158 4827 potest
1193 4750 1258 4805 ad
1297 4752 1513 4820 justitize
1552 4749 1761 4804 culmen
1789 4745 2113 4810 ascendere,

536 4851 675 4906 sicut
695 4848 862 4919 potuit
888 4847 1008 4901 inde
1029 4843 1354 4900 descendere
1385 4862 1396 4896 :
1425 4843 1514 4914 qui
1541 4844 1699 4896 etiam
1722 4842 1764 4893 si
1789 4841 1898 4910 jam
1930 4840 1982 4893 in
2008 4847 2117 4892 sta-

535 4944 662 4999 bulo
687 4951 785 5005 cst,
817 4939 988 4994 adhuc
1011 4949 1226 4993 curatur
1253 4936 1400 5005 (Luc.
1431 4951 1459 4989 χ
1481 4975 1496 5000 ,
1528 4933 1626 5000 '50,
1664 4930 1775 5004 5i).
1807 4931 1919 4984 Non
1958 4930 2118 5000 igitur

539 5035 686 5089 Deus
727 5031 1066 5100 impossibilia
1103 5029 1255 5098 jubet
1291 5045 1305 5081 :
1345 5025 1438 5080 sed
1480 5023 1715 5093 jubrndo
1753 5022 2032 5084 admonet,
2064 5029 2118 5076 et

535 5131 714 5186 facere
738 5127 876 5198 quod
904 5124 1204 5196 possis,-et
1240 5130 1426 5193 petere
1451 5119 1588 5189 quod
1631 5135 1735 5172 non
1774 5118 1963 5187 possis.
1999 5115 2117 5170 .lam

535 5235 679 5277 nunc
707 5218 979 5272 videamus
1004 5214 1144 5269 unde
1171 5212 1357 5284 possit,
1387 5211 1526 5264 unde
1557 5226 1659 5264 non
1687 5207 1872 5278 possit.
1909 5207 2010 5262 lste
2033 5205 2119 5258 (li-l

535 5313 610 5368 cit
636 5328 650 5364 :
688 5309 956 5364 Voluntate
984 5323 1086 5361 non
1112 5315 1222 5369 est,
1250 5303 1384 5374 quod
1407 5312 1587 5355 natura
1604 5309 1788 5371 potest.
1819 5300 1927 5368 Ego
1955 5297 2075 5351 dico
2101 5312 2115 5354 :

535 5402 824 5458 Yoluntate
866 5399 1078 5469 quidem
1122 5412 1228 5452 non
1267 5405 1350 5450 est
1395 5396 1554 5449 homo
1592 5395 1800 5462 justus,
1841 5392 1884 5444 si
1930 5399 2118 5444 natura

537 5505 714 5566 potest
745 5513 758 5549 :
798 5493 892 5549 sed
918 5491 1179 5547 medicina
1209 5486 1426 5560 poterit,
1455 5487 1596 5557 quod
1625 5486 1752 5540 vitio
1791 5499 1896 5538 non
1925 5489 2116 5553 potest.

602 5609 977 5677 {bneﬁ'aticani
1001 5615 1127 5677 mss,
1152 5602 1389 5677 liceretne
1410 5600 1542 5677 facit.

599 5675 622 5705 ⁸
646 5673 891 5733 Plerique,
912 5679 1035 5733 Mss,
1061 5671 1168 5731 ipsa
1190 5672 1259 5716 est
1282 5671 1542 5733 perustum,
1567 5671 1746 5733 omisso
1767 5671 1912 5733 enim.

599 5734 625 5827 ἶ
648 5742 747 5782 Duo
768 5722 986 5781 Gallicani
1009 5722 1133 5801 use,
1155 5726 1374 5790 quonitm
1399 5725 1446 5774 in
1471 5724 1718 5786 voluntate,
1741 5724 1934 5778 omissa,
1952 5722 2094 5784 quod.

617 5814 623 5820 ί
648 5803 747 5844 Ant.
774 5802 824 5844 et
844 5801 935 5844 Er..
961 5805 1057 5842 cett.

735 5831 747 5843 θ
774 5826 824 5844 ιιι
844 5826 889 5842 ιιι
906 5829 935 5850 ο.
961 5826 1057 5842 νυνι

1471 364 1559 418 DE
1599 362 1878 419 NATURA
1921 361 2008 418 ET
2048 360 2326 430 GRATIA,
2366 360 2423 417 S.
2468 361 2834 419 AUGUSTINI

3686 365 3796 422 27‘!

2285 473 2512 530 CAPUT
2551 476 2732 530 XLIV.
2758 508 2829 519 -
2847 477 2935 532 5|.
2963 476 3141 538 Status
3165 478 3454 547 qumstianis
3479 481 3608 534 inter
3641 479 3800 536 Pela-

2215 567 2390 637 gianos
2437 577 2484 620 et
2528 566 2830 622 Catholicos.
2883 569 3090 639 Antiqui
3151 570 3272 636 iusti
3319 570 3492 624 eadem
3554 589 3656 642 qua
3703 591 3800 628 nos

2216 659 2401 713 Christi
2429 660 2530 728 ﬁde
2566 661 2762 714 saluati.
2794 660 2928 727 Quid
2970 675 3097 730 ergo
3135 662 3244 730 jam
3287 677 3419 731 Opus
3457 671 3541 718 est
3583 663 3638 718 in
3680 667 3800 734 pln-

2215 748 2361 802 ribus
2423 749 2745 803 immorari?
2811 750 3094 804 Veniamus
3149 751 3369 806 interius
3425 753 3494 807 ad
3554 769 3793 818 causam,

2216 855 2371 907 quam
2429 839 2478 893 in
2538 840 2638 894 hac
2693 839 2948 894 duntaxat
2997 843 3291 911 qumstione
3330 843 3414 898 vel
3455 845 3660 906 solam,
3710 850 3798 901 vel

2216 946 2349 1000 pene
2393 932 2559 986 solam
2613 947 2733 988 cum
2786 934 2902 987 istis
2956 933 3235 990 habemus.
3291 936 3439 992 Sicut
3487 939 3626 992 enim
3680 939 3798 1008 ipse

2213 1021 2360 1088 dicit,
2394 1041 2412 1074 ι
2437 1023 2501 1076 ad
2530 1023 2668 1092 quod
2700 1039 2839 1077 nunc
2866 1025 2973 1094 agit
2997 1040 3102 1078 non
3132 1027 3400 1095 pertinere
3425 1037 3481 1081 ut
3505 1038 3798 1098 quaeratur,

2215 1121 2390 1166 utrum
2433 1112 2648 1179 fuerint,
2690 1113 2772 1168 vel
2815 1115 2921 1168 sint
2965 1115 3124 1184 aliqui
3167 1115 3412 1172 homines
3454 1121 3506 1171 in
3555 1118 3654 1173 hac
3691 1121 3798 1175 vita

2213 1203 2330 1258 sine
2376 1213 2625 1273 peccato,
2664 1204 2758 1259 sed
2798 1214 2972 1259 mrum
3013 1221 3133 1262 esse
3180 1208 3482 1277 potuerint,
3514 1211 3638 1265 sive’
3667 1226 3794 1280 pos-

2215 1295 2321 1349 sint
2361 1312 2374 1348 :
2419 1314 2446 1348 θ
2489 1296 2554 1349 ita
2586 1311 2685 1365 ego
2713 1297 2918 1350 etiamsi
2964 1297 3123 1351 fuisse
3156 1299 3240 1353 vel
3281 1314 3402 1354 esse
3437 1302 3792 1366 consentiam,

2216 1387 2358 1439 nullo
2384 1387 2543 1441 modo
2573 1396 2746 1442 tamen
2777 1389 3013 1456 potuisse
3047 1390 3134 1444 vel
3177 1405 3332 1460 posse
3370 1392 3654 1459 conﬁrmo,
3689 1395 3796 1450 nisi

2209 1477 2525 1546 justiﬁeatos
2564 1479 2730 1548 gratia
2762 1479 2852 1532 Dei
2883 1494 2976 1548 per
3011 1479 3482 1536 Iesum-Christum
3509 1483 3793 1537 Dominum

2214 1578 2454 1624 nostrum
2481 1578 2535 1624 et
2566 1571 2705 1624 hunc
2733 1572 3063 1625 crucifixum.
3112 1571 3186 1626 Ea
3222 1574 3418 1642 quippe
3455 1574 3588 1628 ﬁdes
3619 1575 3800 1644 justus

2216 1660 2421 1714 sanavit
2453 1661 2720 1730 antiquos,
2750 1676 2867 1730 quae
2897 1671 3046 1715 sanat
3066 1669 3129 1717 et
3157 1678 3288 1730 nos,
3313 1663 3372 1718 id
3399 1673 3501 1726 est,
3534 1665 3796 1718 mediato-

2213 1752 2290 1805 ris
2316 1751 2406 1804 Dei
2435 1758 2489 1805 et
2514 1751 2782 1805 hominum
2823 1750 3052 1805 hominis
3078 1752 3206 1808 Iesu
3236 1751 3432 1807 Christi
3457 1770 3472 1818 ;
3507 1753 3638 1809 ﬁdes
3666 1769 3797 1809 san-

2213 1842 2388 1912 guinis
2417 1843 2530 1910 ejus
2549 1883 2562 1901 ,
2597 1842 2728 1896 ﬁdes
2755 1843 2927 1896 erucis
2953 1843 3103 1911 ejus,
3138 1844 3268 1897 ﬁdes
3295 1845 3488 1900 mortis
3521 1853 3574 1900 et
3609 1861 3798 1900 resur-

2213 1934 2463 1987 rectionis
2505 1933 2638 2002 ejus.
2686 1932 2940 1986 Habentes
2967 1948 3096 2003 ergo
3134 1933 3362 1988 eumdem
3390 1935 3622 2004 spiritum
3650 1936 3794 2004 ﬁdei,

2214 2031 2260 2076 et
2279 2039 2369 2076 nos
2393 2022 2661 2088 credimus,
2682 2033 2886 2093 propter
2898 2024 3032 2092 quod
3047 2034 3092 2076 et
3107 2023 3356 2092 loquimur
3377 2025 3445 2093 (ll
3459 2024 3576 2079 Cor.
3591 2041 3663 2090 tv,
3679 2026 3794 2096 13).

2281 2113 2378 2168 5‘2.
2407 2112 2510 2168 Iste
2539 2128 2664 2167 vero
2689 2113 2896 2182 objecta
2926 2113 3025 2166 sibi
3055 2115 3368 2181 quaestione,
3393 2115 3446 2169 in
3476 2129 3577 2185 qua
3608 2130 3800 2170 revera

2215 2201 2564 2256 intolerabilis
2609 2202 2815 2257 videtur
2863 2203 3114 2257 cordibus
3161 2203 3483 2270 christianis,
3533 2205 3659 2275 quid
3704 2220 3796 2261 re-

2214 2293 2472 2362 spondeat
2499 2293 2850 2348 attendamus.
2884 2294 2973 2347 Ait
3007 2294 3148 2348 enim
3177 2310 3192 2348 :
3229 2312 3247 2346 ι
3281 2293 3386 2350 Sed
3416 2295 3516 2350 hoc
3542 2306 3624 2350 est
3651 2297 3800 2366 quod

2215 2384 2409 2438 multos
2455 2392 2652 2448 movet,
2696 2384 2922 2454 inquies,
2960 2385 3101 2455 quod
3145 2400 3250 2440 non
3293 2403 3390 2458 per
3431 2387 3524 2442 Dei
3568 2390 3798 2457 gratiam

2214 2474 2483 2529 hominem
2510 2476 2624 2529 sine
2654 2485 2869 2544 peccato
2895 2491 3015 2531 esse
3045 2491 3200 2546 posse
3223 2478 3484 2534 defendis.
3516 2498 3538 2532 ι
3566 2479 3800 2537 Prorsus

2215 2563 2317 2619 hoc
2339 2573 2427 2619 est
2463 2564 2602 2635 quod
2633 2575 2830 2631 movet,
2862 2565 2962 2620 hoc
3004 2576 3086 2621 est
3131 2567 3269 2637 quod
3315 2569 3612 2638 objicimus.
3659 2571 3798 2626 Rem

2215 2655 2382 2726 ipsam
2414 2655 2577 2721 dicit;
2607 2656 2714 2711 hoc
2742 2658 2957 2712 omnino
2985 2658 3262 2728 aegerrime
3281 2662 3638 2718 sustinemus:
3667 2663 3800 2718 hinc

2214 2765 2245 2804 a
2271 2747 2590 2804 Christianis
2633 2749 2754 2804 talia
2784 2749 3073 2819 disputari,
3106 2765 3168 2805 ea
3197 2766 3354 2820 quam
3390 2752 3443 2806 in
3478 2752 3614 2807 alios
3645 2763 3704 2810 et
3743 2755 3800 2810 in

2214 2842 2360 2912 ipsos
2405 2841 2685 2909 habemus,
2729 2841 3016 2896 dilectione
3060 2856 3164 2896 non
3217 2841 3456 2899 ferimus.
3503 2845 3803 2901 Audiamus

2223 2934 2380 3002 igitur
2422 2933 2688 3004 quomodo
2730 2948 2788 2988 se
2834 2933 2900 2988 ab
2946 2933 3246 3004 objeetione
3288 2937 3594 3007 quaestionis
3637 2937 3802 3009 hujus

2214 3023 2483 3092 expediat.
2523 3043 2541 3075 ι
2573 3026 2618 3079 0
2649 3025 2956 3093 ignorantia:
2984 3025 3213 3092 caecitas,
3245 3044 3264 3077 ο
3298 3027 3483 3097 inquit,
3518 3046 3538 3080 ι
3565 3043 3604 3083 o
3629 3029 3803 3099 impe-

2213 3118 2330 3171 rita:
2359 3117 2553 3174 mentis
2582 3117 2785 3188 ignavia
2806 3159 2820 3181 ,
2852 3132 2971 3187 qua:
2997 3117 3051 3173 id
3078 3118 3194 3173 sine
3218 3119 3310 3173 Dei
3333 3120 3500 3189 gratia
3525 3119 3799 3177 defensuri

2213 3209 2503 3278 existimat,
2525 3209 2669 3280 quod
2690 3210 2798 3265 Deo
2823 3217 3025 3267 tantum
3050 3210 3231 3265 audiat
3253 3209 3452 3266 debere
3479 3215 3746 3283 reputari!
3773 3233 3798 3267 ι

2215 3298 2272 3355 Si
2301 3301 2629 3356 nesciremus
2656 3316 2776 3370 qua:
2802 3309 3110 3370 sequantur,
3142 3301 3226 3356 his
3255 3304 3618 3359 tantummodo
3644 3305 3802 3361 audi-

2216 3392 2316 3458 tis,
2346 3390 2478 3446 falsa
2519 3407 2616 3446 nos
2655 3391 2722 3446 de
2769 3391 2911 3457 illis,
2934 3391 3170 3462 jactante
3211 3391 3348 3446 fama
3386 3403 3441 3448 et
3480 3395 3802 3464 quibusdam

2215 3482 2464 3539 fratribus
2492 3483 2510 3515 ⁸
2540 3483 2746 3538 idoneis
2774 3483 2996 3537 testibus
3024 3465 3476 3549 asseverantibus,
3505 3485 3804 3542 credidisse

2216 3585 2543 3644 putaremus.
2581 3572 2721 3640 Quid
2750 3571 2892 3627 enim
2929 3571 3032 3628 diei
3071 3572 3283 3628 brevius
3315 3574 3485 3643 potuit
3512 3583 3566 3629 et
3593 3577 3800 3642 verius,

2215 3679 2373 3735 quam
2433 3663 2838 3734 possibilitatem
2887 3677 2994 3718 non
3045 3663 3320 3732 peccandi,
3370 3671 3806 3734 quantacumque

2215 3765 2298 3811 est
2324 3754 2412 3811 vel
2440 3755 2542 3810 erit
2567 3755 2618 3809 in
2648 3753 2885 3820 homine,
2915 3753 3124 3807 nonnisi
3155 3753 3265 3809 Deo
3291 3751 3489 3809 debere
3518 3754 3805 3825 reputari?

2218 3847 2329 3901 Hoc
2351 3853 2408 3900 et
2433 3859 2530 3899 nos
2555 3844 2804 3910 dicimus,
2829 3843 3113 3914 jungamus
3138 3842 3408 3899 dexteras.-

2287 3937 2513 3993 CAPUT
2552 3935 2712 3990 XLV.
2752 3964 2822 3976 —
2859 3936 2948 3991 55.
2979 3935 3122 3990 Alias
3167 3937 3403 4006 aspendit
3443 3937 3808 3993 similitudines

2218 4039 2263 4084 et
2288 4029 2697 4084 ratiocinationes
2737 4026 2956 4098 Pelagii.
3001 4029 3082 4081 An
3121 4027 3380 4082 audienda
3409 4037 3531 4082 sunt
3559 4029 3804 4083 cetera?

2218 4120 2491 4176 Audienda
2534 4121 2688 4190 plane
2711 4161 2723 4185 ,
2753 4128 2810 4175 et
2843 4119 3156 4187 corrigenda
3201 4118 3382 4190 utique
3411 4119 3496 4174 vel
3537 4119 3800 4174 cavenda.

2226 4232 2245 4266 ι
2291 4213 2422 4269 Nam
2451 4229 2571 4269 eum
2596 4213 2807 4275 dicitur,
2841 4231 2862 4264 θ
2898 4211 3087 4281 inquit,
3125 4229 3144 4262 ‹
3182 4211 3352 4278 ipsum
3384 4224 3560 4279 posse,
3591 4209 3804 4264 arbitrii

2220 4307 2435 4362 humani
2477 4305 2695 4359 omnino
2740 4321 2846 4358 non
2886 4319 3022 4368 esse,
3055 4302 3149 4356 sed
3190 4303 3420 4356 auctoris
3447 4311 3669 4363 natura,
3713 4302 3805 4355 Dei

2219 4397 2458 4462 scilicet;
2503 4395 2654 4465 ecqui
2701 4395 2813 4450 ﬁeri
2846 4402 3019 4462 potest
3049 4402 3106 4447 ut
3145 4393 3343 4462 absque
3374 4392 3464 4446 Dei
3506 4392 3672 4461 gratia
3721 4393 3806 4445 in-

2220 4489 2506 4557 telligatur,
2547 4486 2685 4554 quod
2726 4485 2791 4539 ad
2834 4486 2999 4539 Deum
3043 4485 3254 4554 proprie
3299 4484 3565 4552 pertinere
3607 4497 3809 4537 cense-

2220 4581 2342 4634 tur?
2376 4597 2396 4631 ι
2429 4579 2543 4633 Jam
2582 4577 2745 4648 coepit
2778 4590 3035 4647 apparere
3061 4575 3189 4645 quid
3219 4575 3359 4629 dicat
3388 4591 3402 4627 :
3430 4573 3524 4630 sed
3567 4589 3634 4629 ne
3657 4572 3810 4628 Ioue

2221 4671 2494 4735 fallamur,
2524 4669 2680 4723 latius
2718 4668 2767 4722 id
2806 4667 3056 4735 explanat
3081 4672 3137 4720 et
3162 4666 3377 4720 clarius.
3421 4683 3441 4717 ι
3473 4663 3582 4721 Sed
3613 4673 3669 4719 ut
3705 4665 3811 4720 hoc

2221 4761 2551 4817 manifestius
2573 4802 2588 4826 ,
2621 4778 2644 4811 δ
2676 4761 2881 4829 inquit,
2919 4777 2940 4811 ι
2981 4760 3106 4825 ﬁat,
3133 4758 3292 4828 paulo
3320 4758 3476 4814 latius
3519 4757 3808 4827 disputan-

2221 4852 2345 4906 dum
2377 4860 2478 4907 est.
2513 4850 2746 4906 Dicimus
2788 4849 2928 4902 enim
2973 4847 3226 4916 cujusque
3255 4849 3335 4900 rei
3371 4847 3809 4917 possibilitatem,

2222 4962 2328 5001 non
2359 4955 2464 5000 tam
2506 4947 2558 5000 in
2597 4943 2802 4998 arbitrii
2849 4941 3063 5044 hqmani
3108 4949 3400 5011 potestate,
3431 4954 3589 5010 quam
3618 4955 3671 4993 In
3706 4955 3810 4994 na-

2223 5046 2356 5092 tura:
2402 5035 2719 5092 necessitate
2767 5031 3083 5090 consistere.
3134 5051 3155 5084 ι
3201 5031 3471 5103 Exemplis
3515 5031 3673 5086 etiam
3723 5031 3814 5086 vel

2225 5126 2658 5182 similitudinibus
2701 5123 2826 5194 quid
2867 5123 3010 5178 dicat
3051 5122 3317 5176 illustrat:
3354 5139 3373 5173 ι
3408 5121 3479 5177 Ut
3505 5132 3625 5190 puta
3664 5139 3684 5172 ι
3724 5123 3812 5174 in-

2223 5219 2357 5290 quit,
2406 5236 2425 5270 ‹
2472 5217 2617 5286 loqui
2664 5230 2924 5285 possum:
2964 5213 3106 5284 quod
3149 5213 3291 5282 loqui
3337 5227 3574 5282 possum,
3625 5226 3815 5266 meum

2225 5326 2329 5364 non
2361 5316 2476 5369 est;
2521 5307 2664 5378 quod
2707 5307 2930 5376 loquor,
2960 5319 3138 5359 meum
3174 5312 3290 5367 est,
3334 5302 3386 5358 id
3417 5310 3533 5368 est,
3574 5303 3816 5371 proprias

2224 5398 2512 5456 voluntatis
2540 5415 2554 5452 :
2583 5407 2638 5453 et
2665 5398 2789 5467 quia
2819 5395 2960 5467 quod
2991 5395 3179 5464 loquor
3198 5435 3214 5459 ,
3245 5409 3422 5450 meum
3459 5401 3564 5459 est,
3598 5402 3816 5448 utrum-

2223 5508 2326 5563 que
2357 5491 2529 5545 facere
2572 5503 2785 5560 possum
2806 5530 2820 5553 ,
2851 5487 2900 5542 id
2931 5495 3046 5552 est,
3074 5496 3129 5542 et
3171 5485 3316 5555 loqui
3355 5492 3410 5539 et
3456 5498 3560 5538 non
3607 5481 3763 5552 loqui
3794 5498 3812 5536 :

2224 5588 2345 5657 quia
2373 5599 2498 5640 vero
2527 5584 2666 5654 quod
2696 5582 2838 5652 loqui
2868 5595 3106 5653 possum,
3135 5594 3313 5635 meum
3340 5592 3446 5633 non
3478 5585 3580 5644 est,
3611 5573 3665 5631 id
3702 5585 3815 5644 est,

2291 5720 2306 5750 ¹
2335 5716 2555 5780 Belgicus
2577 5715 2745 5780 codex‘
2765 5721 2809 5762 S.
2845 5713 3053 5776 Amandi,
3078 5718 3124 5765 et
3147 5711 3433 5778 quibusdam
3455 5707 3637 5766 idoneis
3677 5713 3805 5759 tests

2234 5782 2318 5830 bus
2335 5795 2352 5843 ,'
2368 5777 2557 5840 unus»),
2586 5777 2833 5840 fratribus.
