3996 6474
205 337 309 392 υτ»

209 450 413 506 arbitrii
445 449 558 506 mei
585 459 751 521 atque
777 451 1057 504 voluntati.
1077 488 1092 516 ,
1121 460 1337 502 necesse
1364 453 1447 500 est
1487 459 1572 498 me
1598 455 1810 510 semper

216 541 357 612 loqui
405 555 612 611 posse;
667 549 723 596 et
769 541 814 595 si
856 539 1078 595 voluero
1128 552 1234 592 non
1285 550 1440 607 posse
1487 534 1650 605 loqui,
1702 547 1809 585 non

223 647 434 702 possum
468 639 654 686 tamen
682 647 788 686 non
817 645 972 700 posse
997 628 1176 699 loqui,
1204 628 1305 682 nisi
1345 625 1482 680 forte
1511 622 1812 680 membrum

227 726 349 781 illud
375 724 636 793 adimam,
665 741 771 796 quo
799 723 1048 795 loquendi
1080 721 1287 792 impleri
1316 719 1546 774 officium
1575 726 1766 788 potest.
1789 735 1808 768 ι

226 818 386 874 Ilulta
417 816 634 888 quidem
680 817 788 872 dici
833 823 1070 886 possent,
1113 813 1326 885 quibus,
1373 812 1417 867 si
1447 810 1612 876 velit,
1655 807 1816 862 homo

227 909 429 963 adimat
474 907 576 962 sibi
639 907 1047 976 possibilitatem
1099 902 1370 975 loquendi,
1411 916 1519 955 non
1567 899 1816 968 adempto

230 1001 323 1056 illo
353 999 599 1055 membro
623 1015 732 1069 quo
761 999 1046 1069 loquimur.
1081 996 1235 1051 Velut
1260 995 1304 1049 si
1333 992 1528 1064 aliquid
1559 991 1649 1045 fiat
1679 989 1818 1044 unde

229 1107 332 1146 vox
386 1091 500 1160 ipsa
553 1090 792 1156 tollatur,
840 1088 986 1158 loqui
1033 1101 1188 1140 nemo
1237 1084 1435 1155 poterit
1481 1080 1819 1136 manentibus

232 1181 490 1238 membris
533 1197 546 1234 :
594 1196 704 1234 non
751 1181 892 1235 enim
925 1194 1024 1232 Vox
1074 1176 1304 1232 hominis
1349 1173 1647 1228 membrum
1693 1179 1816 1224 est:

234 1282 425 1330 vexato
468 1286 600 1329 sane
645 1270 826 1341 aliquo
867 1270 1119 1324 interiore
1165 1266 1406 1322 membro
1436 1266 1450 1296 ⁸
1476 1263 1591 1318 fieri
1623 1269 1818 1332 potest,

236 1379 340 1418 non
385 1361 657 1432 adempto.
703 1360 807 1417 Sed
839 1376 903 1415 ne
931 1358 1094 1414 verbo
1131 1372 1375 1428 premere
1413 1355 1625 1420 videar,
1667 1351 1824 1405 mihi-

236 1470 338 1524 que
363 1452 706 1536 caute-otiose
743 1451 982 1517 dicatur,
1007 1450 1179 1504 Etiam
1202 1463 1395 1502 vexare
1429 1447 1664 1501 adimere
1702 1452 1820 1497 est:

237 1534 526 1614 possumus
551 1541 764 1612 quidem
797 1541 848 1595 id
874 1543 1085 1595 eflicere
1112 1551 1164 1594 et
1193 1555 1287 1593 ore
1314 1537 1576 1607 aliquibus
1603 1534 1824 1589 vinculis

237 1637 312 1691 sic
337 1633 530 1689 clauso
567 1643 728 1704 atque
755 1633 1028 1695 obserato,
1059 1641 1114 1685 ut
1154 1631 1205 1685 id
1244 1631 1450 1700 aperire
1492 1629 1710 1684 minime
1736 1643 1826 1682 va-

239 1726 442 1781 leamus
467 1766 483 1790 ,
524 1741 698 1795 neque
727 1733 784 1778 ut
822 1725 1091 1794 aperiatur
1133 1723 1186 1777 in
1217 1732 1395 1778 nostra
1438 1722 1506 1776 sit
1541 1729 1823 1792 potestate,

239 1832 353 1870 eum
395 1816 448 1869 in
496 1824 761 1886 potestate
793 1797 952 1869 fuerit
991 1823 1046 1868 ut
1083 1813 1420 1867 clauderetur
1453 1821 1702 1867 manente
1741 1810 1826 1865 in-

242 1906 485 1976 tegritate
518 1917 575 1960 et
606 1905 832 1959 sanitate
863 1903 1243 1960 membrorum.

304 1995 540 2053 CAPUT
568 1994 754 2050 XLVI.
774 1996 949 2054 —54.
971 1993 1258 2050 Necessitas
1276 2010 1376 2048 non
1395 2000 1586 2066 pugnat
1605 2009 1720 2048 cum
1741 2010 1831 2048 ar-

238 2091 381 2144 bitrio
393 2090 696 2144 uoluntatis.
713 2087 818 2144 Sed
831 2089 955 2158 quid
969 2087 1032 2143 ad
1047 2089 1180 2143 nos?
1195 2087 1480 2144 Videamus
1495 2087 1620 2158 quid
1637 2087 1829 2143 exinde

238 2190 490 2237 contcxat
515 2197 529 2232 :
554 2200 572 2228 ι
591 2179 890 2234 Voluntatis
907 2180 1046 2233 enim
1064 2179 1304 2245 arbitrio,
1320 2197 1338 2232 ι
1358 2179 1545 2248 inquit,
1571 2199 1588 2231 ι
1613 2193 1678 2234 ac
1698 2177 1831 2234 deli-

239 2272 520 2328 beratione
546 2272 784 2340 privatur
803 2311 818 2335 ,
837 2269 1090 2341 quidquid
1119 2270 1343 2324 naturali
1372 2269 1690 2325 necessitate
1709 2285 1832 2324 eon-

240 2365 540 2435 stringitur.
572 2383 591 2416 ι
630 2363 693 2417 Ει
719 2362 808 2418 hic
844 2363 1092 2417 nonnulla
1119 2362 1342 2431 qumstio
1368 2371 1468 2416 est.
1506 2361 1609 2416 Per
1630 2360 1773 2415 enim
1808 2363 1830 2394 ⁸

241 2459 531 2513 absurdum
583 2465 686 2517 est,
739 2465 798 2509 ut
846 2455 966 2510 ideo
1016 2454 1256 2510 dicamus
1303 2470 1406 2508 non
1454 2454 1722 2522 pertinere
1762 2453 1830 2508 ad

243 2550 570 2603 voluntatem
614 2554 853 2600 nostram
891 2545 1030 2616 quod
1075 2545 1215 2600 beati
1254 2561 1374 2599 esse
1407 2546 1670 2609 volumus,
1707 2545 1831 2615 quia

247 2641 301 2694 id
338 2640 554 2693 omnino
584 2638 726 2691 nolle
772 2652 877 2690 non
918 2651 1220 2706 possumus,
1264 2635 1442 2689 nescio
1468 2651 1570 2705 qua
1599 2646 1654 2689 et
1691 2635 1830 2690 bona

253 2729 625 2783 eonstnctione
685 2737 890 2782 natura:
936 2746 950 2782 :
997 2743 1096 2783 nec
1146 2727 1323 2782 dicere
1373 2728 1660 2794 audemus,
1713 2727 1832 2782 ideo

254 2820 422 2875 Deum
464 2835 563 2874 non
590 2820 945 2886 voluntatem,
968 2819 1063 2874 sed
1102 2819 1480 2874 necessitatem
1512 2816 1709 2874 habere
1740 2818 1830 2889 ju-

247 2912 428 2976 stitiaa,
455 2912 576 2980 quia
607 2927 708 2964 non
742 2918 918 2980 potest
945 2911 1080 2965 velle
1105 2924 1345 2980 peccare.

313 3003 546 3061 CAPUT
586 3002 792 3059 XLVII.
831 3032 906 3044 —
947 3003 1036 3058 55.
1079 3000 1226 3057 Idem
1273 3011 1518 3055 tractatur
1559 3017 1832 3073 argumen-

251 3105 368 3149 tum.
396 3094 674 3150 Attenditc
701 3095 860 3149 etiam
888 3110 1005 3164 qua:
1032 3100 1324 3164 sequtmtur
1349 3111 1360 3146 :
1392 3112 1410 3144 ι
1438 3093 1567 3157 lloc,
1598 3112 1616 3145 ι
1643 3092 1832 3162 inquit,

255 3207 273 3240 ι
299 3197 352 3244 et
374 3187 443 3242 de
472 3187 682 3251 auditu,
706 3186 958 3252 odoratu,
984 3185 1066 3239 vel
1098 3185 1212 3238 visu
1243 3185 1422 3238 sentiri
1455 3183 1706 3254 possibile
1731 3193 1833 3248 est,

251 3279 382 3348 quod
411 3277 606 3331 audire
626 3319 640 3341 ,
669 3275 919 3340 odorari,
951 3274 1133 3330 videre
1174 3275 1448 3344 potestatis
1493 3282 1688 3328 nostra:
1726 3274 1834 3339 sit;

254 3383 403 3436 posse
434 3382 569 3421 vero
610 3367 814 3430 audire,
849 3367 935 3420 vel
965 3365 1198 3430 odorari,
1231 3365 1314 3419 vel
1345 3365 1521 3418 \idere
1561 3365 1838 3434 potestatis

257 3467 447 3514 nostrzc
473 3474 582 3512 non
610 3457 698 3523 sit,
723 3457 814 3512 sed
843 3458 893 3511 in
918 3458 1142 3511 naturali
1171 3457 1486 3511 necessitate
1507 3455 1784 3510 consistat.
1813 3474 1832 3508 ι

257 3553 352 3604 Aut
381 3565 486 3620 ego
521 3564 630 3604 non
672 3549 912 3619 intelligo
940 3548 1064 3619 quid
1091 3548 1250 3615 dicat,
1281 3558 1370 3602 aut
1398 3548 1530 3616 ipse.
1557 3547 1838 3614 Quomodo

255 3644 386 3696 enim
420 3643 475 3694 in
508 3649 770 3710 potestate
797 3650 977 3694 nostra
1007 3656 1110 3694 non
1141 3650 1221 3694 εει
1249 3639 1458 3692 videndi
1491 3639 1836 3708 possibilitas,

253 3735 303 3788 si
342 3735 394 3788 in
443 3742 714 3805 potestate
763 3741 943 3786 nostra
987 3742 1069 3786 est
1111 3749 1215 3786 non
1264 3731 1474 3784 videndi
1526 3731 1834 3796 necessitas,

252 3826 369 3893 quia
415 3826 470 3879 in
523 3833 784 3894 potestate
833 3835 914 3878 est
951 3823 1182 3890 cmcilas,
1211 3839 1313 3893 qua
1354 3823 1403 3877 id
1447 3824 1618 3891 ipsum
1659 3823 1840 3878 videre

257 3933 407 3987 posse
469 3917 664 3983 nobis,
721 3917 765 3970 si
814 3919 1093 3981 volumus,
1141 3916 1488 3971 adimamus?
1561 3917 1839 3986 Quomodo

254 4019 425 4064 autem
487 4009 539 4062 in
584 4017 849 4081 potestate
903 4015 1079 4062 nostra
1133 4019 1214 4063 est
1257 4008 1454 4073 videre,
1505 4009 1549 4064 si
1593 4011 1837 4076 velimus,

255 4117 366 4154 eum
407 4101 576 4155 etiam
619 4099 761 4152 salva
803 4099 1100 4170 integritate
1146 4108 1346 4153 naturzc.
1383 4100 1621 4170 corporis
1660 4100 1842 4155 oculo-

253 4209 476 4263 rumque
524 4202 854 4256 nostrorum,
899 4207 996 4246 nec
1035 4191 1276 4245 volentes
1320 4190 1499 4245 videre
1548 4192 1836 4261 possimus,

254 4284 361 4338 sive
400 4298 507 4354 per
545 4292 756 4336 noctem
800 4281 1082 4334 luminibus
1110 4296 1226 4350 quae
1263 4278 1556 4334 forinsecus
1583 4281 1840 4334 adhiben-

253 4385 334 4430 tur
369 4375 663 4443 ademptis,
705 4375 815 4426 sive
861 4389 955 4426 nos
995 4372 1272 4443 quisquam
1313 4373 1362 4426 in
1409 4373 1689 4426 tenebroso
1721 4373 1838 4428 loco

252 4466 427 4536 aliquo
470 4463 750 4520 includat?
792 4462 919 4517 Item
960 4463 1005 4516 si
1046 4462 1185 4533 quod
1229 4462 1409 4516 audire
1453 4477 1731 4532 possumus
1757 4464 1838 4517 vel

256 4545 356 4610 non
402 4571 694 4626 possumus
715 4597 730 4620 ,
763 4556 813 4608 in
852 4561 1030 4608 nostra
1062 4563 1322 4623 potestate
1368 4569 1471 4607 non
1511 4562 1591 4608 est
1614 4596 1626 4617 ,
1661 4553 1752 4609 sed
1786 4554 1836 4607 in

255 4658 456 4703 naturae
503 4647 922 4711 constrictione;
971 4646 1110 4717 quod
1148 4661 1276 4701 vero
1318 4647 1562 4702 audimus
1604 4647 1681 4701 vel
1734 4663 1838 4701 non

256 4741 523 4804 audimus,
555 4739 661 4793 hoc
687 4749 767 4793 est
793 4740 1020 4809 prOpria:
1051 4739 1333 4793 voluntatis
1361 4760 1375 4795 :
1409 4756 1504 4794 cur
1532 4757 1633 4793 non
1661 4749 1838 4795 atten-

256 4831 347 4895 dit,
377 4841 577 4902 quanta
602 4829 878 4884 audiamus
905 4830 1072 4892 inviti,
1093 4847 1209 4900 qua:
1241 4840 1518 4899 penetrant
1544 4831 1593 4885 in
1623 4848 1838 4886 sensum

259 4934 495 4978 nostrum
525 4923 685 4977 etiam
716 4923 931 4976 auribus
959 4923 1218 4977 obturatis
1242 4963 1255 4987 ,
1287 4923 1439 4976 sicuti
1484 4935 1564 4978 est
1600 4923 1668 4977 de
1714 4939 1840 4992 pro-

259 5016 400 5070 ximo
447 5031 613 5069 scrrte
650 5016 866 5079 stridor,
905 5016 985 5070 vel
1017 5017 1295 5085 grunnitus
1325 5017 1476 5070 suis?
1527 5017 1837 5086 Quanquam

261 5106 526 5160 obturatio
563 5107 770 5160 aurium
809 5105 1074 5171 ostendit,
1117 5123 1220 5159 non
1268 5105 1321 5159 in
1359 5114 1621 5176 potestate
1660 5116 1839 5162 nostra

262 5211 397 5263 esse,
425 5197 628 5266 apertis
655 5197 870 5252 auribus
898 5213 1003 5250 non
1034 5197 1216 5252 audire
1241 5216 1251 5248 :
1282 5196 1408 5251 facit
1429 5198 1584 5251 etiam
1613 5197 1839 5254 fortasse

264 5289 380 5343 talis
411 5291 682 5344 obluratio
720 5307 837 5358 qua:
882 5291 1053 5359 ipsum
1095 5306 1309 5360 sensum
1354 5299 1590 5344 nostrum
1619 5291 1838 5359 adimat,

263 5391 317 5434 ut
351 5380 404 5434 in
442 5389 622 5435 nostra
666 5389 928 5450 potestate
971 5380 1035 5435 sit
1082 5380 1238 5434 etiam
1283 5379 1468 5434 audire
1512 5395 1614 5434 non
1659 5395 1837 5451 posse.

322 5536 340 5566 ι
365 5539 415 5583 ιιι
437 5533 782 5598 Polemieorum
802 5535 1020 5598 editione
1037 5533 1286 5598 Parisiensi
1311 5533 1423 5598 anni
1457 5533 1593 5592 1641,
1621 5533 1841 5598 (equine-

371 5596 542 5657 poters't
580 5595 880 5657 annitentibus
919 5594 1145 5644 membris
1178 5595 1290 5654 (non
1307 5593 1460 5657 “enim
1503 5609 1594 5644 tm:
1636 5593 1842 5647 hominis

261 5655 524 5769 ptentsz
544 5663 636 5722 est)
667 5671 686 5708 :
709 5656 762 5708 id
785 5658 911 5721 quod
939 5663 1108 5707 vexato
1129 5670 1242 5706 sane
1265 5655 1424 5720 aliquo
1444 5656 1666 5708 interiore
1693 5671 1840 5709 utent-

290 5731 345 5767 ro
365 5756 380 5769 .
403 5733 432 5769 e
479 5755 493 5768 .

323 5755 344 5812 ἱ
365 5755 555 5834 ἓῆῗζω,
579 5788 634 5834 et
789 5787 844 5832 Αι
865 5785 938 5830 Fx.
966 5790 1018 5832 et
1031 5786 1169 5843 an.,,
1184 5793 1416 5845 perquam
1438 5780 1579 5832 mini.

1645 327 1843 378 LIDEI'I
1883 321 2083 380 UNBS.

3386 323 3489 378 27f

1919 440 1992 494 De
2018 438 2239 495 odoratu
2265 445 2442 495 autem
2463 443 2602 510 quod
2629 438 2772 502 dicit,
2799 453 2974 492 nonne
3002 451 3184 508 parum
3210 437 3430 493 attendit
3452 439 3494 504 ¹,

1923 549 1942 582 ι
1981 547 2087 586 ιιοιι
2115 545 2233 586 esse
2264 530 2314 584 in
2360 542 2540 586 nostra
2568 538 2828 600 potestate
2856 543 3012 600 posse
3036 527 3248 584 odorari
3277 526 3363 584 vel
3388 541 3495 582 non

1920 636 2098 690 posse,
2137 620 2230 676 sed
2274 621 2326 679 in
2371 631 2550 675 nostra
2594 628 2852 691 potestate
2893 634 3035 686 esse,
3085 639 3105 672 ›
3151 618 3254 674 hoc
3294 626 3400 686 est,
3446 621 3501 672 In

1919 711 2086 766 libera
2130 711 2418 777 voluntate,
2456 730 2476 764 ι
2509 712 2721 766 odorari
2765 711 2845 766 vel
2892 726 2998 766 non
3047 709 3258 765 odorari
3289 727 3304 764 :
3334 729 3352 762 ι
3375 724 3497 765 eum

1921 801 2058 856 inter
2099 799 2294 857 odores
2336 815 2526 872 graves
2572 811 2626 857 et
2671 801 2925 858 molestos
2971 800 3184 872 quando
3227 800 3502 856 constituti

1921 891 2202 962 fuerimus,
2237 893 2282 948 si
2307 894 2428 964 quis
2455 907 2554 946 nos
2580 893 2686 948 illic
2713 895 2956 948 manibus
2997 894 3168 964 ligatis
3193 893 3500 956 constituat,

1921 996 2132 1040 servata
2189 1002 2405 1056 prorsus
2459 985 2759 1056 integritate
2803 1001 2866 1040 ac
2909 986 3079 1055 salute
3136 985 3502 1040 membrorum

1924 1077 2146 1130 velimus
2193 1091 2296 1130 non
2346 1076 2580 1144 odorari,
2629 1091 2726 1130 nec
2772 1075 2990 1130 omnino
3038 1075 3334 1144 possimus;
3377 1072 3506 1143 quia

1923 1182 2043 1222 cum
2097 1167 2338 1237 spiritum
2391 1167 2588 1223 ducere
2640 1167 2924 1237 cogimur;
2981 1166 3138 1221 simul
3184 1176 3238 1220 et
3283 1166 3499 1220 odorem

1924 1275 2082 1330 quem
2113 1259 2374 1323 nolumus,
2411 1257 2711 1334 trahimus?

1996 1348 2220 1404 CAPUT
2254 1349 2482 1404 XLVIII.
2507 1380 2573 1389 —
2592 1350 2678 1404 56.
2703 1348 2891 1403 Gratia:
2910 1348 3222 1419 adjutorium
3253 1347 3303 1400 in
3325 1357 3506 1400 natura

1927 1442 2138 1511 integra.
2170 1441 2316 1496 Sicut
2343 1457 2469 1511 ergo
2511 1443 2626 1495 istm
2666 1441 3037 1495 sinvlitudines
3081 1441 3224 1494 falsa:
3252 1451 3404 1505 sunt,
3439 1439 3508 1492 ita

1928 1540 1982 1586 et
2012 1531 2134 1585 illud
2168 1543 2380 1601 propter
2419 1532 2556 1603 quod
2605 1549 2696 1588 eas
2745 1539 2906 1586 valuit
2951 1532 3226 1587 adhibere.
3261 1534 3514 1602 Sequitur

1929 1624 2070 1680 enim
2098 1633 2150 1679 et
2179 1625 2304 1678 dicit
2339 1642 2351 1677 :
2392 1643 2409 1676 ι
2445 1622 2613 1679 Simili
2647 1639 2774 1696 ergo
2810 1624 2968 1679 modo
3005 1625 3074 1680 de
3114 1641 3218 1680 non
3260 1626 3513 1694 peccandi

1931 1717 2280 1786 possibilitate
2335 1716 2731 1786 intelligendum
2773 1723 2890 1783 est,
2944 1715 3084 1786 quod
3141 1732 3246 1770 non
3294 1731 3518 1786 peccare

1932 1817 2173 1862 nostrmn
2201 1807 2294 1874 sit,
2324 1823 2481 1878 posse
2510 1823 2636 1862 vero
2664 1823 2767 1862 non
2799 1822 3025 1878 peccare
3055 1822 3158 1862 non
3194 1818 3456 1863 nostrum.
3491 1827 3512 1858 ο

1930 1898 1986 1952 Si
2033 1899 2100 1954 de
2153 1899 2354 1970 integra
2403 1909 2457 1952 et
2504 1914 2631 1954 sana
2677 1897 2908 1954 hominis
2957 1909 3142 1954 natura
3190 1899 3517 1968 loqueretur,

1933 2006 2089 2060 quam
2116 1990 2274 2044 modo
2299 2006 2404 2045 non
2432 1989 2688 2044 habemus
2710 1990 2842 2062 (Spe
2863 1991 2998 2044 enim
3023 1990 3149 2044 salvi
3179 1991 3299 2061 [acti
3321 2006 3520 2054 sumus;

1936 2097 2051 2150 spes
2077 2089 2244 2134 autem
2285 2097 2396 2152 qua:
2424 2082 2616 2136 videtur
2654 2099 2752 2136 non
2795 2091 2866 2136 est
2904 2097 3019 2151 spes
3048 2096 3066 2135 :
3092 2081 3138 2135 si
3176 2091 3342 2136 autem
3387 2082 3522 2152 quod

1934 2188 2034 2226 non
2085 2172 2309 2226 videmus
2361 2189 2642 2243 speramus,
2696 2190 2782 2243 per
2835 2174 3127 2244 patientiam
3175 2184 3523 2244 exspectamus

1936 2260 2112 2335 [Rom.
2139 2279 2248 2331 vm,
2279 2263 2370 2331 ‘24,
2398 2263 2539 2336 25]),
2568 2279 2666 2318 nec
2704 2265 2780 2318 sic
2816 2273 2958 2321 recte
2987 2265 3206 2332 diceret,
3236 2263 3378 2335 quod
3415 2281 3522 2319 non

1935 2369 2160 2425 peccare
2197 2365 2436 2411 nostrum
2487 2356 2852 2412 tantummodo
2885 2358 2975 2425 sit,
3017 2358 3259 2428 quamvis
3303 2372 3525 2428 peccare

1938 2455 2178 2502 nostrum
2203 2458 2346 2504 esset
2375 2467 2387 2503 :
2435 2465 2555 2504 nam
2585 2459 2639 2504 ct
2675 2459 2798 2505 tunc
2835 2459 2979 2505 esset
3003 2452 3024 2482 ²
3053 2450 3371 2521 adjutorium
3405 2451 3521 2515 Dei,

1935 2551 1991 2596 et
2016 2550 2265 2612 tanquam
2295 2541 2470 2597 lumen
2502 2542 2647 2595 sanis
2674 2543 2842 2595 oculis
2865 2557 2972 2612 quo
3006 2543 3170 2612 adjuti
3200 2544 3432 2608 videant,
3464 2557 3524 2598 se

1935 2636 2198 2708 praeberet
2223 2635 2246 2667 ⁸
2273 2636 2594 2690 volentibus.
2641 2634 2772 2701 Quia
2801 2649 2928 2690 vero
2965 2634 3033 2690 de
3080 2636 3179 2690 hac
3203 2636 3308 2689 vita
3338 2635 3523 2705 dispuo

1937 2739 2032 2795 tat,
2061 2729 2151 2785 tibi
2189 2743 2382 2798 corpus
2411 2727 2551 2798 quod
2579 2727 2956 2798 corrumpitur,
2991 2735 3244 2797 aggravas
3266 2727 3522 2790 animum,

1937 2829 1992 2876 et
2029 2819 2282 2889 deprimit
2322 2827 2532 2873 terrena
2578 2817 2890 2872 inhabitatio
2936 2833 3151 2872 sensum
3181 2817 3345 2870 multa
3376 2821 3526 2887 cogi-

1941 2920 2139 2966 tantem
2169 2908 2324 2984 (Sap.
2357 2925 2438 2976 ix,
2467 2909 2554 2979 l5)
2584 2925 2599 2974 ;
2648 2909 2812 2962 miror
2843 2922 2950 2978 quo
2995 2907 3177 2973 corde,
3209 2907 3368 2962 etiam
3409 2909 3527 2963 sine

1938 3000 2202 3070 adiutorio
2232 2999 2508 3054 medicina:
2538 2998 2828 3054 Salvatoris
2859 2997 3048 3065 nostri,
3094 3006 3337 3052 nostium
3379 3006 3528 3067 putet

1939 3108 2058 3148 esse
2107 3107 2210 3148 non
2256 3106 2498 3160 peccare,
2548 3106 2705 3160 pOSSC
2748 3106 2874 3145 vero
2915 3105 3020 3144 11011
3065 3105 3284 3160 peccare
3327 3099 3529 3145 natura:

1941 3202 2060 3241 esse
2089 3185 2394 3250 contendat,
2440 3199 2600 3254 quam
2631 3185 2706 3239 sic
2751 3193 2974 3253 apparet
3016 3198 3136 3240 esse
3167 3184 3400 3239 vitiatam
3425 3224 3440 3250 ,
3471 3191 3536 3240 ιιι

1943 3277 2044 3332 hoc
2085 3277 2304 3346 majoris
2327 3275 2442 3331 vitii
2469 3276 2536 3328 sit
2571 3285 2676 3329 non
2703 3274 2904 3330 videre.

2013 3367 2239 3422 CAPUT
2265 3366 2449 3421 XLIX.
2475 3367 2647 3421 —57.
2674 3366 3062 3436 Omnipotentite
3079 3367 3177 3420 Dei
3195 3367 3325 3420 nihil
3351 3367 3530 3420 adimit

1943 3459 2079 3530 quod
2099 3475 2188 3513 nec
2211 3475 2434 3528 peccare,
2462 3475 2548 3512 nec
2575 3459 2723 3523 mori,
2743 3474 2832 3512 nec
2855 3458 3074 3528 seipsum
3097 3458 3324 3513 occidere
3343 3468 3525 3530 potest.

1951 3571 1970 3606 ι
2005 3553 2136 3620 Quia
2168 3568 2275 3607 non
2308 3567 2549 3622 peccare,
2586 3571 2605 3604 ι
2639 3551 2828 3621 inquit,
2864 3570 2884 3604 ι
2919 3560 3158 3620 nostrum
3187 3561 3268 3605 est
3289 3591 3303 3611 ,
3337 3565 3529 3619 possu—

1946 3659 2067 3698 mus
2107 3658 2329 3713 peccare
2367 3652 2420 3698 ct
2461 3657 2565 3697 non
2594 3657 2835 3714 peccare.
2872 3661 2892 3695 ι
2923 3642 3057 3710 Quid
3084 3682 3099 3706 ,
3131 3642 3174 3695 si
3204 3642 3340 3696 alius
3367 3641 3529 3705 dicat,

1945 3734 2076 3802 Quia
2110 3735 2250 3789 nolle
2280 3734 2661 3800 infelicitatem,
2690 3743 2929 3788 nostrum
2959 3741 3041 3788 cst
3059 3775 3074 3798 ,
3103 3748 3382 3803 possumus
3410 3747 3530 3787 eam

1945 3837 2000 3882 et
2043 3827 2182 3882 nolle
2210 3835 2265 3882 et
2294 3826 2468 3882 velle?
2511 3827 2576 3880 Et
2622 3836 2798 3880 tamen
2842 3841 2959 3881 eam
2989 3827 3122 3881 velle
3160 3827 3380 3880 omnino
3422 3840 3532 3880 non

1947 3932 2246 3987 possumus.
2299 3917 2428 3985 Quis
2469 3919 2608 3972 enim
2660 3918 2767 3972 ullo
2815 3916 2976 3973 modo
3019 3918 3156 3973 velle
3201 3933 3322 3973 esse
3363 3917 3534 3987 possit

1946 4009 2148 4072 infelix,
2195 4007 2401 4064 etiamsi
2450 4009 2589 4062 aliud
2626 4008 2646 4038 ⁸
2689 4009 2804 4063 vult
2845 4008 2934 4063 ubi
2990 4023 3111 4065 cum
3164 4018 3220 4063 et
3261 4010 3529 4062 nolentem

1947 4097 2229 4153 infelicitas
2254 4101 2650 4170 consequatur?
2690 4099 2909 4164 Deinde,
2942 4100 3063 4170 quia
3094 4101 3186 4155 Dei
3218 4101 3382 4155 multo
3413 4116 3530 4154 ma-

1944 4191 2024 4259 gis
2055 4198 2135 4245 est
2165 4206 2269 4244 non
2316 4206 2538 4261 peccare
2559 4233 2574 4258 ,
2607 4207 2731 4245 num
2767 4191 3079 4246 audebimus
3112 4209 3231 4247 eum
3274 4193 3451 4247 dicere
3478 4201 3536 4247 es

1947 4300 2168 4356 peccare
2197 4301 2350 4355 posse
2375 4293 2429 4340 ct
2457 4301 2560 4338 non
2589 4285 3020 4355 peccareiAbsit
3045 4301 3074 4338 a
3105 4285 3257 4338 nobis
3287 4293 3342 4338 ut
3364 4286 3534 4340 Deum

1948 4392 2169 4446 peccare
2201 4391 2357 4445 posse
2387 4375 2646 4431 dicamus.
2686 4375 2801 4430 Non
2830 4376 3002 4442 enim,
3038 4384 3094 4429 ut
3133 4375 3279 4430 stulti
3321 4384 3529 4444 putant,

1947 4467 2068 4522 ideo
2100 4481 2206 4521 non
2237 4468 2338 4520 erit
2367 4465 2738 4536 omnipotens,
2770 4465 2891 4536 quia
2923 4479 3022 4520 nec
3069 4464 3203 4519 mori
3236 4473 3443 4534 potest,
3476 4473 3532 4520 ct

1948 4575 2142 4630 negare
2187 4575 2248 4614 se
2291 4559 2463 4630 ipsum
2511 4574 2614 4612 non
2657 4567 2832 4630 potest
2872 4557 2946 4631 (11
2974 4557 3107 4611 I'im.
3142 4573 3199 4623 ιι,
3234 4558 3344 4627 15).
3391 4557 3530 4625 Quid

1947 4663 2028 4706 est
2058 4668 2184 4722 ergo
2214 4652 2356 4724 quod
2384 4651 2635 4722 loquitur,
2667 4661 2719 4706 ct
2754 4651 2943 4722 quibus
2982 4651 3305 4706 locutionum
3335 4652 3532 4721 regulis

1947 4753 2172 4798 eonatur
2201 4743 2540 4813 persuadere,
2569 4743 2708 4813 quod
2741 4757 2846 4797 non
2875 4742 2986 4798 vult
3011 4742 3396 4798 considerare?
3423 4743 3533 4798 Ad-

1950 4831 2053 4887 huc
2092 4833 2239 4888 addit
2278 4843 2331 4886 et
2369 4832 2536 4887 dicit:
2575 4851 2592 4883 ι
2626 4831 2758 4898 Quia
2790 4847 2919 4886 vero
2960 4846 3114 4902 posse
3154 4848 3257 4887 non
3288 4849 3530 4902 peccare,

1949 4934 2189 4980 nostrum
2235 4940 2342 4978 non
2386 4933 2506 4989 est;
2559 4927 2614 4978 et
2655 4923 2698 4977 si
2729 4923 3051 4977 voluerimus
3081 4939 3185 4979 non
3229 4939 3385 4993 posse
3426 4940 3530 4978 non

1945 5034 2190 5089 peccare,
2238 5032 2343 5071 non
2389 5032 2674 5087 possumus
2716 5031 2819 5070 non
2868 5031 3024 5085 posse
3073 5031 3177 5070 11011
3229 5031 3468 5085 peccare.
3506 5033 3526 5067 ι

1949 5111 2148 5166 Intorte
2180 5111 2280 5165 hoc
2316 5109 2468 5174 dixit,
2499 5117 2555 5164 et
2594 5107 2714 5163 ideo
2742 5108 3089 5162 subobscure.
3120 5107 3223 5162 Sed
3256 5109 3322 5160 ita
3357 5115 3535 5177 posset

1949 5204 2050 5258 dici
2083 5202 2331 5272 planius:
2365 5202 2496 5269 Quia
2533 5215 2690 5270 posse
2727 5214 2834 5254 non
2864 5215 3112 5270 peccare,
3157 5209 3395 5252 nostrum
3427 5215 3531 5251 non

1952 5307 2072 5362 est;
2114 5311 2207 5350 seu
2239 5295 2496 5360 velimus,
2529 5308 2622 5347 seu
2661 5292 2892 5348 nolimus
2913 5333 2928 5359 ,
2957 5307 3242 5362 possumus
3269 5307 3372 5345 non
3405 5305 3531 5359 pec~
3599 5297 3608 5349 ,'

1949 5404 2091 5446 care.
2122 5387 2236 5442 Non
2273 5387 2416 5442 enim
2441 5386 2549 5452 ait,
2579 5385 2686 5440 Seu
2713 5385 2935 5440 velimus
2959 5426 2973 5450 ,
3005 5399 3097 5439 seu
3125 5384 3354 5438 nolimus
3377 5421 3389 5436 .
3426 5395 3528 5435 non

2012 5535 2028 5565 ¹
2051 5531 2275 5594 Plerique
2290 5526 2705 5594 uss.,quid__dicit,
2721 5527 2816 5579 nisi
2831 5540 3003 5591 parum
3018 5525 3145 5589 quod
3168 5523 3285 5575 dicit
3309 5520 3532 5572 attendit.

2015 5598 2035 5626 ²
2061 5603 2108 5643 In
2126 5589 2262 5643 libris
2286 5589 2456 5651 editis,
2472 5597 2518 5640 et
2540 5589 2604 5654 ibi
2622 5597 2761 5640 esset.
2832 5589 2840 5591 ’
3046 5651 3054 5654 _
3383 5643 3413 5654 ,,

2012 5659 2035 5689 ⁸
2044 5657 2328 5728 legebatur
2341 5643 2446 5728 2sic:
2461 5651 2695 5728 praebere.
2705 5726 2724 5728 ἡ
2734 5658 2941 5728 tiara-ru
2960 5651 3286 5700 vaticanortun
3311 5643 3530 5698 codicum

1949 5714 2236 5768 auctoritate
2259 5714 2575 5772 restituimus,
2589 5726 2645 5775 se
2668 5714 2915 5775 prwberet.

2015 5786 2034 5810 δ
2055 5786 2156 5828 Duo
2177 5777 2382 5827 Vaticani
2402 5784 2524 5840 Mss,
2546 5773 2752 5838 aliquid.
