3996 6468
522 325 632 388 275

518 456 800 514 peccamus
829 458 844 509 ;
885 441 1000 498 sine
1026 440 1185 496 dubio
1213 439 1353 494 enim
1383 453 1683 510 peccamus,
1725 439 1771 494 si
1801 439 2042 494 volumus
2075 457 2090 493 :

520 534 615 591 sed
645 544 820 589 tamen
852 533 1076 588 velimus
1112 532 1373 594 nolimus,
1403 531 1598 587 habere
1624 546 1722 586 nos
1759 532 1950 587 asserit
1985 545 2092 585 non

517 629 773 700 peccandi
801 628 1239 700 possibilitatem,
1268 641 1426 697 quam
1465 634 1668 681 naturze
1703 625 1915 680 insitam
1945 622 2091 678 dicit.

515 720 622 777 Sed
645 721 710 776 de
735 721 948 776 homine
976 720 1118 776 sanis
1149 719 1373 790 pedibus
1400 718 1743 774 tolerabiliter
1767 716 1868 772 dici
1897 723 2092 785 potest,

515 808 647 867 velit
689 812 820 868 nolit
861 811 1022 867 habet
1050 810 1353 866 ambulandi
1399 810 1802 881 possibilitatem
1839 807 2095 864 :conl’ra-

516 903 618 958 etis
644 916 792 968 vero,
836 911 892 958 et
932 903 977 957 si
1011 902 1158 968 velit,
1189 918 1292 958 non
1326 901 1503 958 habet.
1552 901 1741 956 Vitiata
1785 909 1868 956 est
1908 908 2094 954 natura

514 993 584 1050 de
609 1009 713 1063 qua
753 993 1004 1064 loquitur.
1035 993 1171 1063 Quid
1213 993 1451 1064 superbit
1479 1001 1617 1048 terra
1657 1000 1712 1047 et
1739 991 1873 1046 cinis
1907 990 2092 1063 (Eccli.

517 1102 552 1141 χ
574 1128 590 1155 ,
617 1086 726 1158 9)?
758 1086 950 1142 Vitiata
991 1095 1090 1151 est,
1137 1086 1397 1142 medicum
1429 1085 1674 1153 implorat
1708 1101 1723 1139 :
1761 1082 1974 1138 Salvum
2019 1097 2100 1134 me

516 1183 633 1251 (ac,
666 1178 903 1246 Domine,
951 1180 1144 1235 clamat
1186 1179 1370 1252 (Psal.
1400 1195 1488 1244 ιι,
1518 1179 1589 1248 2)
1627 1195 1640 1232 :
1687 1177 1828 1232 Sana
1873 1175 2097 1228 animam

521 1288 706 1340 meam,
752 1272 946 1329 clamat
988 1270 1167 1341 (Psnl.
1220 1289 1307 1339 η,
1355 1269 1440 1345 5).
1486 1269 1620 1339 Quid
1665 1267 1969 1324 intercludit
1995 1265 2094 1320 has

513 1375 696 1431 voces,
719 1372 777 1418 ut
800 1362 1132 1419 defendendo
1155 1363 1301 1433 quasi
1332 1370 1644 1432 praesentem
1668 1359 2096 1432 possibilitatem,

513 1454 746 1510 futuram
778 1456 1028 1526 impediat
1058 1456 1337 1510 sanitatem
1365 1453 1390 1508 τ

585 1546 812 1604 CAPUT
850 1548 912 1602 L.
939 1577 1011 1588 —-
1035 1548 1124 1604 58.
1155 1546 1327 1601 Etiam
1355 1564 1386 1600 a
1417 1547 1512 1616 piis
1539 1562 1600 1599 ac
1628 1544 1790 1598 Deum
1813 1540 2100 1596 timentibus

513 1640 681 1712 gratia
701 1640 1045 1712 impugnatur.
1072 1641 1137 1695 Et
1158 1641 1330 1695 videte
1355 1639 1479 1709 quid
1507 1638 1776 1708 adjungat,
1801 1634 1942 1691 unde
1970 1633 2100 1689 illud

513 1731 818 1787 confirmari
844 1732 1130 1786 existimat.
1158 1749 1178 1782 ι
1205 1730 1336 1798 Quia
1358 1729 1520 1792 nulla,
1548 1747 1567 1781 ι
1604 1728 1792 1798 inquit,
1820 1745 1838 1778 ι
1861 1727 2102 1780 adimere

512 1823 760 1879 voluntas
781 1826 970 1894 potest,
997 1823 1136 1894 quod
1168 1823 1592 1892 inseparabiliter
1609 1821 1823 1876 insitum
1848 1819 2103 1890 probatur

515 1928 636 1970 esse
653 1923 876 1970 naturae.
898 1933 915 1967 ι
937 1913 1090 1970 Unde
1106 1929 1232 1985 ergo
1251 1914 1338 1968 illa
1357 1929 1460 1968 vox
1483 1932 1496 1969 :
1521 1912 1586 1968 Ut
1604 1929 1704 1967 non
1721 1927 1835 1981 qua:
1849 1911 1997 1964 vultis
2011 1909 2104 1963 illa

515 2005 716 2074 faciatis
743 2004 934 2078 (Galat.
959 2022 1012 2073 v,
1033 2004 1155 2076 l7)?
1176 2004 1327 2061 Unde
1348 2005 1507 2060 etiam
1536 2004 1625 2058 illa
1649 2022 1662 2057 :
1685 2002 1804 2057 Non
1821 2003 1950 2056 enim
1967 2001 2104 2074 quod

513 2095 628 2150 colo
644 2095 780 2166 facio
796 2096 1015 2163 bonum;
1032 2096 1122 2152 sed
1142 2095 1276 2168 quod
1296 2095 1383 2150 odi
1397 2097 1607 2162 malum,
1628 2095 1722 2148 hoc
1745 2094 1880 2164 ago?
1901 2092 1998 2148 Ubi
2021 2101 2103 2147 est

512 2187 858 2257 possibilitas,
892 2203 1008 2258 qua:
1037 2187 1464 2258 inseparabiliter
1492 2186 1648 2241 insita
1685 2186 1942 2256 probatur
1979 2198 2102 2238 esse

515 2286 722 2333 natura:
745 2276 774 2330 τ
806 2275 944 2332 Ecce
979 2277 1224 2334 homines
1264 2292 1373 2332 non
1400 2293 1462 2332 ea
1493 2292 1610 2348 qua:
1638 2276 1821 2332 volunt
1860 2274 2057 2352 faciunt
2087 2290 2100 2327 :

514 2377 572 2425 et
607 2369 677 2426 de
724 2384 830 2426 non
861 2369 1130 2441 peccando
1173 2371 1356 2441 utique
1381 2369 1591 2440 agebat,
1625 2385 1728 2422 non
1757 2368 1824 2423 de
1852 2366 2100 2432 volando,

515 2462 640 2533 quia
669 2463 935 2531 homines,
960 2478 1064 2518 non
1091 2463 1244 2518 alites
1269 2472 1440 2518 erant.
1473 2462 1611 2518 Ecce
1637 2461 1800 2516 homo
1827 2459 1968 2530 quod
1991 2458 2106 2513 vult

516 2553 715 2609 bonum
762 2568 868 2610 non
918 2554 1068 2626 agit;
1116 2553 1209 2610 sed
1241 2553 1380 2624 quod
1426 2569 1530 2608 non
1575 2553 1688 2606 vult
1733 2552 1954 2618 malum,
2003 2551 2103 2605 hoc

514 2643 625 2714 agit
667 2659 680 2697 :
724 2644 850 2698 uelle
892 2643 970 2698 illi
1015 2643 1239 2715 adjacel,
1288 2645 1526 2713 perﬁcere
1566 2653 1729 2697 autent
1774 2643 1955 2697 bonum
2001 2658 2102 2696 non

515 2733 715 2803 adjacet
745 2733 919 2803 (Rom.
954 2750 1046 2802 vn,
1080 2735 1168 2801 l5,
1198 2734 1312 2805 18).
1359 2734 1456 2790 Ubi
1489 2743 1571 2790 est
1597 2733 1956 2806 possibilitas,
1983 2747 2102 2804 qua:

514 2826 940 2898 inseparabiliter
969 2827 1126 2882 insita
1166 2827 1422 2898 probatur
1451 2842 1570 2882 esse
1607 2825 1852 2881 naturae?
1897 2825 2100 2895 Quem-

514 2917 646 2973 libct
671 2918 815 2974 enim
856 2919 908 2972 in
952 2933 1012 2974 se
1044 2917 1402 2988 transfiguret,
1447 2919 1490 2973 si
1531 2918 1597 2974 de
1635 2934 1693 2974 se
1723 2919 1838 2988 ipso
1868 2917 1966 2972 ista
1995 2932 2100 2971 non

514 3008 644 3064 dicit
671 3010 986 3080 Apostolus,
1028 3010 1301 3067 hominem
1344 3019 1490 3066 certe
1534 3011 1584 3066 in
1633 3028 1692 3066 se
1739 3010 2100 3078 transﬁgurat.

516 3099 602 3154 Ab
631 3100 734 3156 isto
763 3109 938 3157 autem
983 3102 1093 3172 ipsa
1128 3103 1144 3135 ¹
1179 3101 1407 3158 humana
1454 3111 1640 3158 natura
1689 3101 2100 3171 inseparabilem

516 3191 652 3248 nihil
687 3193 940 3262 peccandi
973 3193 1377 3264 possibilitatem
1415 3195 1612 3251 habere
1641 3193 1962 3250 defenditur.
1993 3192 2102 3250 Sed

515 3285 602 3340 his
618 3284 794 3341 verbis
815 3284 865 3340 id
882 3285 1074 3357 agitur,
1090 3287 1249 3342 etiam
1271 3302 1301 3341 a
1324 3287 1592 3342 nesciente
1609 3287 1696 3358 qui
1721 3286 1972 3357 loquitur,
1993 3301 2102 3342 non

515 3383 695 3432 autem
723 3377 996 3433 nesciente
1024 3376 1118 3433 illo
1145 3378 1232 3448 qui
1259 3377 1374 3433 haec
1402 3377 1664 3448 loquenda
1688 3377 1913 3432 incautis
1938 3377 2100 3431 etiam

516 3469 684 3524 Deum
703 3469 1012 3525 timentibus
1035 3468 1286 3539 suggerit,
1302 3479 1362 3522 ut
1376 3477 1662 3523 evacuetur
1677 3467 2038 3537 Christigratia
2054 3469 2100 3536 ',

518 3561 754 3616 humana
773 3560 872 3616 sibi
891 3561 954 3615 ad
973 3560 1230 3630 justitiam
1249 3574 1399 3615 suam
1413 3559 1563 3628 quasi
1577 3558 1872 3614 sufficiente
1889 3568 2098 3614 natura.

589 3651 814 3708 CAPUT
853 3651 938 3706 LI.
987 3674 1060 3692 ι·-
1111 3651 1202 3706 59.
1261 3649 1652 3705 Possibilitatem
1705 3668 1804 3704 non
1861 3651 2102 3720 peccandi

513 3758 613 3812 quo
662 3758 811 3796 sensu
850 3740 1091 3812 Pelagius
1146 3739 1244 3794 Dei
1277 3741 1455 3812 gratia:
1492 3741 1736 3794 tribuerit.
1798 3741 1868 3796 Ut
1923 3752 2099 3797 autem

512 3835 813 3890 declinetur
850 3834 1043 3889 invidia
1069 3876 1084 3900 ,
1127 3849 1229 3905 qua
1266 3831 1553 3889 Christiani
1590 3835 1610 3866 ³
1649 3850 1745 3905 pro
1783 3835 1954 3889 salute
2005 3850 2099 3889 sua

512 3927 750 3982 clamant
785 3934 840 3981 et
873 3926 1087 3989 dicunt,
1116 3925 1291 3992 Quare
1329 3925 1445 3980 sine
1481 3925 1745 3994 adjutorio
1782 3925 1966 3996 gratia:
2006 3925 2100 3979 Dei

512 4015 653 4074 dicis
677 4015 946 4070 hominem
966 4030 1120 4085 posse
1146 4031 1252 4071 non
1283 4015 1552 4086 peccare?
1581 4015 1727 4086 Ipsa,
1760 4017 1954 4086 inquit,
1998 4033 2101 4070 non

515 4108 763 4180 peccandi
790 4107 1098 4179 possibilitas
1119 4124 1220 4162 non
1247 4117 1351 4162 tam
1373 4109 1424 4162 in
1448 4107 1642 4161 arbitrii
1660 4117 1924 4178 potestate,
1948 4127 2100 4180 quam

509 4206 568 4259 in
589 4215 786 4260 natura:
805 4203 1094 4258 necessitate
1121 4212 1211 4258 est.
1241 4201 1498 4272 Quidquid
1519 4202 1570 4255 in
1590 4211 1786 4256 natura:
1810 4203 2102 4256 necessitate

511 4297 735 4367 positum
761 4304 852 4361 est,
883 4294 951 4348 ad
976 4304 1174 4348 natura:
1201 4293 1447 4364 pertinere
1484 4309 1585 4346 non
1612 4292 1869 4347 dubitatur
1917 4302 2098 4346 aucto-

510 4404 620 4443 rem
639 4430 654 4456 ,
686 4388 858 4460 utique
884 4386 1070 4443 Deum.
1105 4386 1367 4452 Quomodo
1392 4403 1510 4457 ergo
1532 4428 1546 4450 ,
1578 4385 1767 4456 inquit,
1796 4385 1982 4457 absque
2003 4386 2100 4442 Dei

511 4481 676 4552 gratia
701 4480 802 4534 dici
825 4479 1153 4546 existimatur,
1190 4478 1326 4551 quod
1344 4478 1411 4531 ad
1433 4478 1596 4532 Deum
1629 4480 1830 4550 praprie
1856 4479 2102 4548 pertinere

510 4569 868 4626 monstratur?
894 4569 1156 4638 Expressa
1184 4577 1266 4622 est
1303 4569 1563 4622 sententia
1593 4583 1713 4637 qua“:
1747 4568 1963 4636 latebat,
1990 4584 2098 4624 non

512 4671 598 4718 est
622 4660 1069 4732 quemadmodum
1113 4660 1280 4729 possit
1326 4658 1604 4714 abscondi.
1640 4657 1764 4714 Ideo
1792 4659 1884 4713 Dei
1915 4661 2101 4729 gratiae

513 4754 700 4810 tribuit
723 4769 830 4808 non
853 4752 1104 4824 peccandi
1135 4751 1564 4823 possibilitatem,
1595 4751 1720 4822 quia
1749 4751 1867 4822 ejus
1888 4763 2098 4809 natura;

513 4845 660 4900 Dens
686 4855 871 4899 auctor
895 4852 1009 4909 est,
1036 4843 1120 4897 cui
1153 4842 1561 4911 possibilitatem
1597 4856 1701 4896 non
1731 4843 1986 4912 peccandi
2017 4844 2102 4899 in-

513 4935 886 5006 separabiliter
905 4933 1116 4988 insitam
1138 4934 1285 4988 dicit.
1311 4933 1444 4988 Cum
1471 4933 1585 4988 vult
1607 4948 1733 5004 ergo
1755 4935 1877 4990 facit
1902 4933 1944 5002 ⁸,
1977 4935 2099 5006 quia

518 5043 625 5083 non
654 5025 768 5081 vult
794 5041 900 5081 non
939 5025 1082 5080 facit.
1115 5024 1214 5082 Ubi
1242 5024 1382 5079 enim
1407 5035 1491 5080 est
1523 5025 1891 5095 inseparabilis
1923 5027 2100 5098 possi-

512 5119 726 5186 bilitas,
763 5117 813 5174 ei
842 5117 1083 5173 accidere
1121 5132 1227 5172 non
1258 5124 1434 5188 potest
1462 5117 1754 5173 voluntatis
1783 5119 2097 5190 infirmitas,

516 5209 606 5267 vel
653 5209 828 5280 potius
853 5208 1139 5263 voluntatis
1167 5206 1465 5278 adjacentia
1495 5219 1549 5264 et
1594 5209 1935 5279 perfectionis
1962 5213 2100 5268 indic

515 5300 711 5374 gentia.
745 5299 803 5356 Si
846 5313 978 5370 ergo
1029 5299 1099 5354 ita
1151 5308 1264 5367 est,
1318 5299 1459 5355 unde
1488 5300 1652 5369 venit,
1691 5300 1833 5357 Velle
1859 5304 2097 5375 adjaeet,

583 5415 1146 5488 {Quatuor‘envaticanis
1166 5421 1296 5488 Mss,
1309 5412 1419 5465 ista.
1484 5483 1496 5488 Δ
1748 5478 1784 5488 γ’
1832 5477 1844 5488 ο

581 5480 603 5543 ξ
625 5478 817 5543 Aliquot
828 5476 1055 5543 ωηεεηὶ
1077 5483 1204 5543 uss,
1228 5483 1280 5528 ut
1300 5483 1557 5528 evacuetur
1579 5490 1707 5530 crux
1727 5477 1922 5532 Christi.

583 5540 606 5573 ⁸
621 5537 838 5591 Ηίε“εᾱίιί
858 5537 1057 5599 addunt,
1090 5537 1254 5589 etiam.

579 5601 604 5635 ⁸
621 5602 695 5652 sic
713 5601 866 5652 habet
878 5608 1022 5652 vetus
1041 5601 1198 5652 codex
1211 5599 1594 5656 mirannensis.
1606 5601 1846 5654 Edltlones
1860 5615 1979 5655 vero
1996 5611 2098 5656 Am.

516 5668 601 5734 fr.
610 5670 664 5734 ει
684 5670 816 5734 L9v._,
831 5662 978 5734 faciat
992 5675 1009 5713 :
1024 5663 1184 5726 iisque
1205 5662 1514 5734 eo‘ﬂsentiunt
1534 5662 1616 5734 alii
1630 5671 1760 5725 Mss,
1777 5678 1984 5734 quorum,
1997 5674 2102 5719 tres

765 5724 840 5776 sic
877 5731 1044 5789 postea
1066 5724 1447 5790 piosequuntur,
1470 5724 1586 5790 quia
1607 5739 1723 5779 cum
1747 5724 1851 5780 nam
1889 5727 1987 5780 vult
2008 5742 2100 5782 non

1471 324 1557 379 DE
1597 325 1874 383 NA'I'URA
1915 324 2004 381 ET
2042 325 2322 396 CRATIA,
2363 329 2422 386 S.
2462 331 2832 392 Αυςυετικι

2215 440 2454 510 per/icere
2480 451 2645 497 autem
2689 445 2872 500 bonum
2899 462 2998 502 non
3035 449 3235 520 adjacel
3252 450 3285 506 ἵ
3301 451 3357 508 Si
3398 454 3540 510 enim
3569 456 3671 514 iste
3697 460 3790 529 qui

2210 529 2351 587 hunc
2379 533 2569 589 librum
2595 536 2826 607 scripsit,
2855 538 2922 595 de
2954 539 3042 596 illa
3072 541 3304 600 hominis
3327 557 3514 602 natura
3543 548 3790 620 loquere-

2211 630 2316 688 tur,
2373 640 2492 694 qum
2539 627 2716 698 primo
2747 628 3010 700 inculpata
3056 640 3111 687 ct
3138 648 3265 689 sana
3301 636 3316 668 ¹
3343 637 3557 695 condita
3584 650 3685 710 est,
3717 653 3792 699 uta

2207 729 2436 786 cumque
2463 728 2832 788 acceptaretur
2853 722 2953 778 hoc
2979 723 3176 780 dictum
3208 745 3222 782 :
3249 743 3550 801 quanquam
3582 736 3792 808 insepa-

2209 803 2431 894 rabilem
2482 807 2680 865 habere
2708 813 3145 882 possibilitatem,
3178 817 3228 871 id
3258 827 3359 886 est,
3385 832 3443 875 ut
3465 823 3538 877 ita
3569 803 3741 881 dicam
3769 869 3788 894 ,

2208 893 2628 966 inamissibilem,
2660 916 2762 956 non
2793 901 2976 958 debuit
3028 906 3112 960 illa
3160 918 3346 964 natura
3375 911 3480 967 dici
3501 954 3516 977 ,
3561 931 3680 986 qua:
3710 893 3792 974 vi?

2207 987 2323 1042 tiari
2355 1002 2534 1059 posset
2556 993 2600 1060 ’,
2628 1003 2682 1048 ει
2730 994 2993 1052 medicum
3023 1014 3283 1068 qurercre,
3323 1003 3412 1072 qui
3450 1006 3579 1061 caeci
3607 1009 3789 1065 oculos

2206 1088 2459 1147 sanaret,
2506 1092 2560 1136 et
2613 1084 2828 1140 videndi
2875 1088 3282 1156 possibilitatem
3315 1093 3639 1163 restitueret,
3667 1115 3787 1170 qum

2206 1169 2378 1226 fuerat
2419 1173 2614 1229 amissa
2661 1192 2756 1245 per
2781 1179 3074 1236 erecitatem
3104 1200 3118 1236 :
3147 1183 3396 1252 quoniam
3441 1201 3618 1244 caecus
3663 1169 3791 1260 puto

2205 1259 2347 1328 quod
2393 1262 2522 1316 velit
2558 1263 2738 1321 videre
2763 1307 2778 1332 ,
2809 1268 2903 1323 sed
2935 1285 3041 1325 non
3070 1281 3274 1341 potest;
3305 1275 3350 1330 si
3375 1285 3552 1333 autem
3581 1259 3692 1335 vult
3731 1291 3786 1338 et

2206 1363 2313 1404 non
2337 1359 2528 1420 potest,
2558 1353 2696 1409 inest
2717 1357 2983 1426 voluntas,
3007 1361 3099 1415 sed
3121 1363 3314 1418 amissa
3335 1373 3418 1420 est
3439 1365 3774 1436 possibilitas.

2277 1439 2501 1498 CAPUT
2538 1444 2647 1500 LII.
2671 1476 2742 1487 -—-
2779 1447 2867 1503 60.
2923 1449 3071 1506 Idem
3117 1462 3362 1508 tractatur
3390 1469 3780 1530 .argumeutum.

2207 1531 2394 1586 Adhuc
2415 1533 2590 1590 videte
2609 1552 2740 1606 quas
2765 1540 2932 1594 moles
2954 1551 3198 1610 conetur,
3223 1561 3325 1614 qua
3354 1545 3375 1577 ⁸
3405 1562 3551 1602 suam
3572 1559 3785 1607 senten-

2209 1622 2334 1678 tiam
2359 1622 2537 1693 ducat,
2571 1628 2886 1698 irrumpere,
2919 1633 2960 1686 si
3017 1634 3238 1689 valeret.
3271 1635 3466 1707 Objicit
3512 1641 3652 1696 enim
3681 1643 3784 1698 sibi

2207 1717 2552 1786 quaestionem
2581 1762 2596 1787 ,
2641 1720 2870 1777 dicens:
2905 1742 2922 1775 ι
2967 1724 3070 1780 Sed
3117 1742 3242 1782 caro
3296 1729 3450 1784 nobis
3495 1733 3786 1790 secundum

2215 1823 2235 1857 ι
2269 1807 2576 1876 Apostolum
2605 1814 2868 1867 contraria
2903 1825 2984 1870 est
3032 1815 3227 1886 (Galat.
3256 1834 3308 1884 v,
3340 1819 3429 1891 l7)
3457 1863 3472 1888 ,
3506 1822 3712 1892 inquies
3740 1844 3785 1879 ι.

2221 1899 2427 1956 Deinde
2473 1905 2800 1973 respondet:
2837 1925 2856 1960 ι
2901 1907 3002 1974 Qui
3028 1909 3140 1964 fieri
3167 1921 3363 1980 potest,
3396 1921 3449 1968 ut
3478 1915 3794 1986 cuicumque-

2215 2009 2234 2044 σ
2259 1993 2524 2063 baptizato
2552 1997 2621 2051 sit
2648 2013 2774 2052 caro
2819 2001 3086 2055 contraria
3113 2043 3128 2068 ,
3174 2018 3294 2058 cum
3327 2005 3619 2061 secundum
3642 2023 3795 2062 eum-

2215 2103 2234 2136 ‹
2267 2085 2388 2142 dem
2419 2089 2730 2157 Apostolunt
2759 2091 2811 2146 in
2843 2107 3006 2149 carne
3032 2110 3138 2149 non
3166 2110 3288 2152 esse
3316 2097 3642 2170 intelligatur
3661 2100 3687 2154 ‘l
3716 2100 3790 2155 Ita

2215 2195 2234 2229 ι
2271 2179 2410 2232 enim
2436 2180 2511 2233 ait
2543 2197 2558 2234 :
2590 2178 2690 2236 Vos
2709 2191 2877 2237 autem
2897 2185 2948 2238 in
2973 2201 3122 2240 carne
3148 2203 3250 2241 non
3274 2189 3390 2243 estis
3419 2208 3438 2242 ι
3472 2190 3645 2262 (Rom.
3675 2207 3789 2259 vui,

2209 2269 2283 2340 9).
2331 2271 2494 2338 Bene,
2541 2273 2682 2344 quod
2726 2275 3003 2346 baptizatis
3049 2279 3177 2334 dicit
3206 2296 3423 2338 carnem
3469 2286 3793 2342 contrariam

2209 2374 2332 2415 esse
2362 2377 2467 2416 non
2495 2377 2688 2432 posse;
2718 2366 2860 2436 quod
2902 2377 3079 2423 utrum
3107 2386 3290 2425 verum
3318 2373 3406 2438 sit,
3443 2384 3561 2444 post
3588 2376 3791 2433 videbi-

2208 2465 2328 2506 mus
2350 2450 2554 2522 (Capite
2574 2456 2831 2528 proximo)
2860 2475 2874 2512 :
2903 2474 3044 2514 nunc
3068 2476 3194 2515 vero
3217 2463 3336 2532 quia
3365 2479 3469 2519 non
3495 2467 3668 2535 potuit
3701 2483 3792 2538 pe-

2203 2539 2349 2597 nitus
2372 2557 2429 2598 se
2454 2543 2692 2602 oblivisci
2715 2563 2836 2605 esse
2855 2549 3202 2608 christianum
3219 2596 3235 2620 ,
3263 2554 3358 2610 sed
3387 2556 3438 2612 id
3471 2557 3593 2613 licet
3619 2561 3793 2616 tenni-

2211 2641 2290 2687 ter
2311 2634 2623 2690 recordatus
2649 2646 2732 2692 est
2757 2680 2772 2706 ,
2801 2641 3026 2695 recessit
3053 2657 3082 2696 a
3104 2641 3418 2701 defensione
3441 2657 3662 2704 naturae.
3701 2650 3797 2707 Ubi

2213 2732 2298 2779 est
2326 2740 2454 2795 ergo
2481 2727 2907 2798 inseparabilitas
2938 2733 3348 2802 possibilitatis?
3377 2739 3458 2793 An
3489 2738 3621 2794 forte
3651 2758 3794 2796 non-

2206 2816 2332 2871 dum
2374 2818 2627 2888 baptizati
2677 2823 2728 2876 in
2773 2830 2960 2878 natura
3013 2824 3290 2882 hominum
3336 2844 3442 2884 non
3489 2833 3650 2886 sunt?
3706 2833 3798 2890 llic

2209 2924 2450 2979 prorsus,
2501 2911 2587 2967 hic
2618 2923 2797 2983 posset
2825 2915 3081 2986 evigilare
3109 2915 3152 2980 ⁸.
3179 2929 3233 2974 ει
3258 2919 3304 2974 si
3330 2919 3570 2977 advertat
3597 2934 3791 2993 potest.

2210 3000 2311 3066 Qui
2334 3001 2444 3069 ﬁeri
2487 3012 2666 3072 potest,
2693 3005 2880 3076 inquit,
2904 3015 2958 3058 ut
2983 3008 3274 3080 cuicumque
3300 3009 3549 3082 baptizato
3569 3014 3633 3068 sit
3681 3032 3798 3070 caro

2212 3093 2468 3145 contraria
2493 3093 2518 3146 Ρ
2547 3094 2686 3164 Ergo
2731 3109 2835 3149 non
2865 3095 3142 3166 baptizatis
3169 3109 3344 3169 potest
3365 3117 3489 3156 caro
3513 3117 3633 3159 esse
3661 3121 3794 3160 con-

2208 3187 2392 3242 traria.
2448 3188 2690 3257 Exponat
2719 3191 3203 3260 quemadmodum;
3245 3208 3366 3248 cum
3406 3195 3476 3250 sit
3522 3196 3689 3252 etiam
3743 3197 3791 3252 in

2207 3278 2337 3348 ipsis
2367 3279 2452 3333 illa
2475 3279 2542 3332 ab
2563 3295 2628 3334 eo
2666 3281 2889 3336 multum
2921 3281 3139 3338 defensa
3184 3293 3373 3341 natura
3405 3305 3419 3340 :
3446 3296 3594 3342 certe
3628 3290 3712 3344 vel
3741 3291 3796 3345 in

2207 3369 2285 3425 eis
2325 3369 2571 3424 concedit
2621 3385 2741 3426 esse
2784 3372 3018 3427 vitiatam
3045 3413 3061 3440 ,
3094 3374 3137 3428 si
3163 3374 3274 3444 jam
3309 3376 3363 3431 in
3387 3376 3673 3448 baptizatis
3710 3381 3795 3435 ille

2207 3463 2419 3518 saucius
2465 3477 2629 3518 sanus
2668 3463 2734 3518 de
2760 3463 2969 3520 stabulo
3010 3481 3257 3537 egressus
3286 3477 3388 3533 εει,
3417 3479 3507 3524 aut
3551 3485 3716 3526 sanus
3742 3473 3796 3527 in

2205 3552 2415 3607 stabulo
2441 3563 2544 3616 est,
2574 3569 2681 3624 quo
2701 3570 2822 3609 eum
2853 3557 3144 3610 curandum
3170 3558 3476 3616 misericors
3505 3561 3794 3618 Samarita-

2205 3659 2308 3698 nus
2327 3644 2539 3700 advexit
2565 3645 2718 3717 (Luc.
2750 3663 2808 3714 ι,
2835 3647 3049 3722 50-35).
3074 3649 3242 3705 Porro
3270 3653 3315 3707 si
3345 3653 3429 3708 vel
3457 3654 3572 3709 istis
3597 3671 3790 3712 conce-

2205 3735 2284 3790 dit
2335 3752 2548 3791 carnem
2598 3752 2717 3793 esse
2745 3740 3068 3794 contrariam
3092 3783 3106 3806 ,
3140 3741 3284 3797 dicat
3313 3743 3438 3814 quid
3469 3747 3790 3818 contigerit,

2206 3842 2326 3881 cum
2355 3833 2422 3881 sit
2449 3837 2765 3898 utrumque,
2812 3830 2912 3886 hoc
2941 3841 3042 3898 est,
3086 3842 3140 3886 et
3169 3849 3294 3888 caro
3321 3846 3376 3890 et
3406 3837 3628 3907 spiritus
3653 3853 3794 3893 crea-

2208 3926 2324 3972 tura
2357 3919 2513 3972 unius
2543 3919 2890 3990 ejusdemque
2916 3925 3194 3990 creatoris,
3226 3927 3409 3994 procul
3435 3927 3598 3983 dubio
3631 3929 3792 3996 bona,

2204 4011 2325 4081 quia
2349 4011 2472 4067 boni
2495 4031 2506 4066 :
2532 4013 2631 4067 nisi
2671 4014 2794 4084 quia
2825 4014 2926 4070 hoc
2955 4025 3036 4070 est
3066 4018 3270 4083 vitium,
3299 4020 3439 4090 quod
3472 4023 3688 4092 prepria
3713 4024 3792 4078 in-

2204 4105 2404 4158 ﬂictum
2429 4114 2510 4160 est
2531 4107 2830 4175 voluntate;
2855 4119 2909 4164 et
2938 4109 3040 4164 hoc
3068 4122 3128 4164 ut
3156 4111 3208 4164 in
3241 4123 3428 4166 natura
3455 4123 3698 4182 sanetur,
3726 4131 3795 4171 eo

2205 4197 2322 4266 ipso
2343 4213 2478 4267 opus
2499 4207 2582 4253 est
2609 4199 2895 4267 salvatore,
2925 4217 3030 4272 quo
3052 4203 3289 4258 instituta
3312 4214 3394 4258 est
3422 4214 3611 4260 natura
3635 4222 3792 4262 crea-

2204 4296 2341 4344 tore.
2368 4289 2480 4345 Hoc
2504 4291 2786 4358 salvatore,
2815 4309 2982 4363 eaque
3013 4294 3154 4348 illius
3183 4294 3465 4362 medicina,
3508 4313 3612 4368 qua
3660 4299 3790 4354 Ver-

2205 4381 2330 4437 bum
2360 4397 2487 4439 caro
2513 4382 2710 4438 factum
2733 4395 2836 4451 est,
2871 4395 2927 4440 ut
2962 4385 3228 4443 habitaret
3259 4390 3311 4442 in
3360 4389 3514 4446 nobis
3543 4391 3722 4460 (Joan.
3751 4409 3792 4461 ι,

2206 4473 2317 4545 Il),
2347 4475 2391 4529 si
2416 4489 2549 4544 opus
2565 4490 2686 4531 esse
2714 4474 2978 4532 fateamur
3006 4478 3188 4548 parvis
3214 4489 3268 4533 et
3287 4482 3518 4551 magnis,
3553 4482 3605 4537 id
3637 4492 3736 4549 est,
3761 4498 3794 4536 a

2205 4565 2466 4636 vagitibus
2495 4565 2750 4620 infantum
2783 4584 2952 4640 usque
2979 4568 3047 4624 ad
3075 4585 3238 4625 canos
3267 4586 3456 4627 senum
3489 4591 3502 4640 ;
3533 4583 3645 4628 tota
3673 4591 3791 4646 quae

2205 4655 2344 4710 inter
2368 4670 2466 4710 nos
2485 4665 2566 4712 est
2585 4698 2600 4724 ,
2633 4655 2790 4728 hujus
2809 4660 3120 4730 quaestionis
3141 4664 3505 4718 controversia
3527 4663 3790 4721 dissoluta

2204 4755 2307 4803 est.

2275 4838 2499 4896 CAPUT
2538 4840 2670 4895 LIII.
2697 4872 2768 4882 —
2795 4841 2884 4897 6i.
2926 4841 3004 4898 De
3038 4861 3138 4914 qua
3175 4845 3256 4898 hic
3292 4847 3462 4917 gratia
3499 4845 3595 4902 Dei
3634 4848 3789 4904 disse-

2203 4940 2365 4984 ratur.
2408 4930 2634 4986 tlloriens
2672 4934 2858 5004 impius
2884 4950 2916 4987 a
2943 4935 3348 5006 concupiscentia
3383 4955 3485 4993 non
3523 4939 3787 4994 liberatur.

2204 5019 2354 5076 Nunc
2369 5022 2478 5091 jam
2503 5023 2796 5091 videamus,
2819 5034 2994 5080 utrum
3034 5036 3090 5082 et
3123 5027 3406 5098 baptizatis
3433 5030 3642 5101 legatur
3664 5047 3793 5090 caro

2205 5128 2323 5169 esse
2348 5116 2633 5169 contraria.
2665 5117 2765 5173 Ubi
2796 5133 2998 5188 quznro,
3029 5120 3223 5190 quibus
3247 5121 3789 5193 dicebatApostolus,

2212 5223 2232 5259 ι
2263 5204 2394 5260 Caro
2417 5209 2728 5278 concupiscit
2751 5209 2996 5264 adversus
3024 5211 3291 5282 spiritum,
3322 5222 3367 5267 et
3386 5215 3596 5284 spiritus
3611 5217 3791 5271 aduer-

2203 5312 2290 5350 sus
2307 5313 2546 5362 carnem;
2578 5298 2684 5353 licet:
2726 5301 2858 5353 enim
2895 5301 3106 5356 inuicem
3135 5304 3502 5372 adversantur;
3527 5315 3578 5360 ut
3603 5323 3706 5361 non
3733 5323 3794 5361 ea

2204 5405 2319 5460 qua
2341 5391 2490 5446 vultis
2515 5392 2717 5462 faciatis
2742 5391 2940 5464 (Galat.
2969 5409 3028 5460 v,
3059 5395 3189 5466 i7)?
3213 5396 3296 5452 Ad
3323 5395 3560 5465 Galatas,
3587 5407 3644 5454 ut
3671 5399 3792 5469 opi-

2269 5548 2286 5618 f
2322 5547 2441 5597 aditi
2485 5555 2539 5599 et
2577 5550 2904 5613 musaipti,
2944 5561 3046 5600 uno
3073 5561 3284 5618 excepto
3321 5553 3560 5606 Gallicam
3591 5553 3794 5617 codice,

2203 5607 2371 5740 “(fuam
2397 5670 2611 5740 editione
2632 5677 2742 5740 Iov.
2764 5672 2844 5724 hic
2863 5672 3095 5737 additum,
3119 5676 3287 5740 potuit.

2271 5733 2292 5766 ³
2325 5733 2455 5795 Apud
2479 5739 2607 5791 l.ov.,
2630 5733 2728 5795 qui.

2271 5795 2292 5827 ⁸
2323 5797 2396 5845 sic
2416 5793 2598 5858 aliquot
2619 5793 2724 5846 Mss.
2749 5802 2805 5849 At
2828 5796 2962 5862 editi,
2985 5796 3200 5866 vigilare.
