3996 6478
191 340 285 400 *ιιι

194 471 307 523 nor,
336 451 393 509 id
435 451 696 523 scripsit:
723 451 920 521 quibus
963 445 1113 511 dicit,
1161 446 1262 513 Qui
1288 459 1405 514 ergo
1453 441 1624 496 tribuit
1652 439 1790 495 vobis

201 546 464 618 Spiritum,
493 553 544 598 et
569 543 785 596 uirtutes
820 549 1054 610 operatur
1087 543 1140 594 in
1168 537 1307 592 vobis
1331 551 1350 600 ;
1375 551 1437 590 ea:
1464 533 1704 605 aperibus
1727 532 1795 585 ιι.

200 642 301 712 gis,
328 654 398 691 an
423 651 490 690 ea:
516 634 706 689 auditu
745 633 867 702 fidei
917 629 1131 708 (Galat.
1161 646 1239 695 ιιι,
1268 627 1368 700 5)?
1395 625 1546 683 Unde
1572 629 1794 692 apparet

201 729 673 790 cum-Christianis
701 726 854 799 loqui
877 771 892 796 ,
933 737 987 784 et
1016 725 1208 796 quibus
1229 723 1368 778 Deus
1390 719 1649 774 tribuerat
1669 713 1794 784 Spi-

203 827 356 881 ritum
389 841 406 878 τ
430 837 564 891 ergo
592 821 760 878 etiam
791 818 1091 890 baptizatis.
1120 817 1258 872 Ecce
1287 821 1340 869 et
1367 808 1647 881 baptizatis
1670 820 1796 861 caro

207 919 474 974 invenitur
503 929 628 972 esse
668 914 974 978 contraria,
1005 920 1060 966 et
1089 923 1196 962 non
1246 905 1436 960 adesse
1473 898 1798 972 possibilitas

203 1012 310 1075 illa,
345 1023 516 1079 quam
547 1005 978 1079 inseparabiliter
1013 1001 1224 1056 insitam
1255 997 1384 1053 dicit
1407 1009 1527 1051 esse
1574 998 1795 1047 naturai.

205 1101 298 1159 Ubi
323 1110 413 1158 est
438 1099 584 1172 quod
614 1100 707 1162 ait,
755 1096 894 1163 «Qui
928 1093 1039 1148 fieri
1071 1098 1247 1161 potest
1270 1097 1326 1142 ut
1351 1087 1671 1152 cuicumque
1700 1081 1795 1172 ba-

213 1216 230 1247 (
257 1195 462 1264 ptizato
492 1192 564 1245 sit
607 1204 738 1245 caro
773 1183 1075 1242 contraria?
1107 1201 1126 1234 ι
1171 1175 1583 1248 Quomodolihet
1607 1171 1801 1264 intelli-

207 1263 289 1357 gat
313 1300 564 1348 Carnem,
594 1282 717 1352 quia
764 1294 950 1334 revera
985 1290 1087 1329 non
1116 1283 1304 1326 natura
1348 1270 1464 1338 ejus
1489 1280 1635 1357 Aqua:
1663 1263 1799 1318 bona

208 1355 307 1438 est,
333 1371 434 1428 sed
457 1372 586 1426 vitia
613 1368 850 1424 carnalia
880 1365 1054 1421 carnis
1078 1363 1180 1416 hoc
1203 1361 1322 1414 loco
1357 1355 1574 1412 nomine
1600 1366 1800 1406 nuncu-

210 1478 430 1536 patitur;
479 1477 614 1518 ecce
649 1471 828 1516 tamen
871 1458 1029 1512 etiam
1080 1451 1358 1522 baptizatis
1386 1462 1512 1502 caro
1537 1444 1801 1536 contraria

210 1532 323 1612 est:
356 1565 416 1610 et
451 1551 730 1624 quomodo
758 1544 1068 1604 contraria?
1097 1543 1167 1599 Ut
1197 1557 1300 1596 non
1329 1539 1469 1610 quod
1495 1537 1680 1590 volunt
1718 1532 1799 1586 fa-

212 1650 367 1702 ciant.
399 1647 545 1700 Ecce
574 1643 730 1698 adest
764 1641 1009 1694 voluntas
1037 1636 1088 1689 in
1121 1634 1372 1695 homine;
1407 1629 1494 1684 ubi
1524 1636 1605 1682 est
1632 1626 1803 1696 possi-

214 1740 387 1793 bilitas
424 1737 520 1790 illa
565 1733 812 1788 naturae?
845 1731 1128 1785 Fateamur
1153 1725 1374 1794 gratiam
1405 1717 1758 1774 necessariam
1783 1756 1800 1782 ,

214 1833 525 1891 clamemus,
554 1824 714 1880 Miser
742 1839 832 1894 ego
860 1823 1029 1886 homo,
1074 1817 1187 1888 quis
1224 1832 1301 1868 me
1341 1811 1569 1867 liberabit
1596 1810 1659 1864 de
1686 1825 1801 1861 cor—

218 1941 329 1995 pore
355 1922 544 1975 mortis
569 1917 764 1990 hujus?
791 1917 854 1972 Et
875 1912 1259 1985 respondeatur
1289 1909 1460 1970 nobis.
1487 1905 1666 1961 Gratia
1704 1903 1805 1995 Dei

216 1993 296 2084 per
317 2013 504 2068 Iesum
535 2009 792 2065 Christum
820 2007 1094 2060 Dominum
1113 2011 1344 2057 nostrum
1373 1997 1548 2070 (liam.
1568 2011 1660 2061 vu,
1693 1993 1763 2048 Ἡ
1784 2033 1800 2059 ,

212 2105 319 2175 25).

277 2197 366 2250 ω.
404 2191 643 2262 Quando
683 2190 832 2248 enim
867 2188 985 2242 istis
1036 2184 1335 2242 rectissime
1387 2181 1604 2248 dicitur,
1630 2178 1806 2247 Quare

215 2287 324 2341 sine
363 2282 640 2355 adiutorio
667 2281 855 2351 gratiae
887 2279 976 2333 Dei
1003 2277 1180 2331 dicitis
1209 2273 1480 2328 hominem
1505 2285 1660 2342 posse
1687 2284 1806 2324 esse

215 2382 325 2432 sine
347 2373 622 2447 peccato?
649 2387 756 2426 non
785 2381 912 2425 tunc
932 2369 997 2423 de
1026 2368 1114 2422 illa
1142 2366 1311 2436 gratia
1333 2363 1557 2434 quaestio
1573 2369 1674 2427 est,
1703 2375 1805 2429 qua

217 2480 296 2526 est
331 2469 502 2524 homo
538 2463 823 2528 conditus;
856 2461 950 2517 sed
986 2460 1052 2516 de
1091 2460 1187 2512 ista
1210 2499 1226 2524 ,
1266 2471 1368 2526 qua
1413 2456 1468 2508 tit
1509 2453 1687 2506 salvus
1715 2466 1810 2520 per

217 2562 402 2617 Iesum
445 2557 724 2615 Christum
772 2552 1057 2609 Dominum
1105 2558 1365 2604 nostrum.
1417 2544 1624 2600 Fideles
1665 2542 1806 2596 enim

218 2658 447 2706 orantes
486 2647 703 2711 dicunt,
748 2642 833 2697 Ne
871 2659 962 2696 nos
999 2639 1189 2709 inferas
1227 2639 1280 2691 iu
1321 2636 1678 2697 tentationem;
1721 2630 1810 2685 sed

230 2742 393 2794 libera
421 2755 512 2793 nos
535 2737 717 2792 amato
744 2734 956 2808 (Matth.
989 2748 1065 2796 vr,
1107 2730 1218 2802 t5).
1266 2729 1322 2784 Si
1369 2727 1521 2782 adest
1547 2724 1812 2796 possibili-

223 2840 328 2895 tas,
361 2829 544 2900 utquid
568 2837 726 2884 orant
749 2828 774 2881 i
799 2829 906 2881 Ant
924 2841 954 2879 a
977 2839 1083 2895 quo
1109 2823 1249 2878 malo
1279 2837 1336 2876 se
1365 2819 1578 2874 liberari
1611 2823 1768 2871 orant
1787 2857 1804 2882 ,

231 2922 328 2978 nisi
368 2923 606 2976 maxime
635 2920 699 2973 de
726 2933 939 2988 corpore
959 2915 1134 2969 mortis
1155 2913 1344 2983 hujus?
1380 2910 1518 2966 unde
1548 2925 1654 2964 non
1682 2908 1814 2963 lihe-

229 3023 305 3067 rat
342 3013 443 3068 nisi
470 3012 644 3083 gratia
662 3009 759 3064 Dei
782 3025 872 3080 per
895 3007 1076 3062 Iesum
1113 3003 1369 3060 Christum
1409 3001 1685 3056 Dominum
1723 3016 1815 3053 no-

231 3116 416 3160 strum.
444 3105 566 3158 Non
614 3103 797 3172 utique
820 3100 888 3156 de
915 3098 1207 3154 substantia
1238 3095 1500 3166 corporis,
1528 3110 1647 3163 qua:
1674 3092 1815 3146 bona

230 3206 306 3250 est
326 3213 341 3262 ;
359 3196 456 3252 sed
478 3194 552 3250 de
578 3195 723 3248 vitiis
747 3191 1071 3256 carnalibus,
1093 3189 1235 3244 unde
1257 3204 1364 3242 non
1385 3187 1640 3242 liberatur
1657 3186 1816 3240 homo

233 3290 338 3343 sine
365 3291 541 3358 gratia
573 3284 868 3340 Salvatoris
892 3323 908 3349 ,
956 3297 1054 3337 nec
1087 3280 1300 3352 quando
1328 3293 1422 3349 per
1449 3285 1672 3332 mortem
1699 3290 1818 3330 cor-

233 3383 365 3450 poris
390 3378 630 3436 discedit
651 3394 680 3431 a
699 3391 946 3447 corpore.
974 3376 1043 3430 Et
1069 3375 1172 3430 hoc
1201 3383 1258 3428 ut
1282 3372 1484 3428 diceret
1505 3368 1813 3440 Apostolus,

236 3471 347 3540 quid
370 3485 538 3540 supra
565 3467 814 3523 dixerat?
849 3485 868 3518 ι
905 3465 1071 3520 Video
1097 3466 1253 3519 aliam
1285 3464 1455 3533 legem
1485 3461 1537 3516 in
1565 3460 1821 3516 membris

241 3579 258 3612 ι
288 3563 419 3617 meis
446 3568 845 3632 repugnantem
892 3556 996 3627 legi
1027 3555 1220 3610 mentis
1272 3569 1442 3619 meae,
1473 3559 1529 3606 et
1552 3551 1820 3621 captivum

249 3672 268 3705 ι
299 3669 382 3709 me
409 3654 707 3709 ducentem
738 3651 790 3704 in
824 3650 937 3720 lege
965 3648 1190 3718 peccati,
1213 3661 1332 3716 qua:
1362 3655 1448 3700 est
1485 3645 1539 3699 in
1569 3643 1824 3699 membris

241 3763 260 3797 ι
289 3746 422 3800 meis
453 3764 474 3797 ι
504 3742 688 3816 (Rom.
710 3758 804 3803 vn,
826 3740 942 3810 25).
968 3740 1106 3795 Ecce
1123 3737 1263 3810 quod
1287 3737 1470 3791 vitium
1495 3745 1696 3789 natura:
1727 3735 1827 3788 hu-

235 3853 400 3892 mana:
423 3835 792 3891 inobcdientia
832 3833 1123 3887 voluntatis
1150 3829 1361 3884 inﬂixit.
1387 3829 1555 3884 Orare
1583 3828 1788 3882 sinatur
1807 3869 1823 3894 ,

239 3939 290 3981 ut
307 3936 556 3982 sanetur.
581 3925 722 3992 Quid
754 3920 958 3978 tantum
988 3922 1056 3976 de
1083 3931 1287 3975 naturae
1318 3919 1670 3989 possibilitate
1691 3933 1828 3988 pra:-

237 4017 495 4072 sutnitur?
518 4015 829 4080 Vulnerata,
858 4014 1112 4078 sauciata,
1133 4019 1346 4078 vexata,
1371 4009 1570 4080 perdita
1601 4019 1711 4065 est:
1736 4025 1828 4064 ve-

239 4126 290 4164 ra
314 4109 685 4175 confessione,
715 4124 820 4161 non
843 4105 975 4161 falsa
999 4104 1310 4160 defensione
1334 4118 1468 4172 opus
1487 4102 1668 4157 habet.
1697 4101 1830 4158 Gra-

239 4202 302 4255 tia
332 4217 466 4271 ergo
499 4201 622 4266 Dei,
656 4214 762 4253 non
791 4213 894 4268 qua
946 4197 1256 4251 instituatur
1275 4236 1291 4260 ,
1322 4194 1418 4250 sed
1448 4211 1550 4265 qua
1579 4194 1828 4249 restitua-

241 4304 337 4358 tur,
385 4301 699 4364 quacratur;
731 4306 851 4361 qua!
884 4290 952 4344 ab
981 4290 1083 4344 isto
1111 4289 1222 4343 sola
1270 4289 1531 4342 clamatur
1561 4302 1665 4342 non
1711 4303 1831 4343 esse

240 4385 568 4450 necessaria,
593 4399 716 4439 cum
741 4393 964 4440 tacetur.
996 4383 1096 4451 Qui
1135 4383 1181 4437 si
1210 4383 1431 4438 omnino
1461 4383 1593 4436 nihil
1617 4383 1682 4437 de
1706 4399 1830 4453 gra-

241 4478 310 4532 tia
334 4477 433 4532 Dei
463 4475 696 4541 diceret,
725 4490 828 4530 nec
855 4490 972 4530 eam
1019 4473 1370 4545 quaestionem
1400 4473 1706 4529 solvendam
1733 4474 1833 4529 sibi

246 4577 598 4638 proponeret,
633 4575 688 4620 ut
718 4581 749 4620 a
792 4581 852 4620 se
879 4566 948 4621 de
971 4566 1069 4620 hac
1093 4581 1152 4620 re
1191 4564 1444 4620 invidiam
1489 4573 1790 4621 removeret
1816 4607 1831 4632 ,

237 4668 420 4729 posset
441 4658 621 4728 putari
648 4657 752 4712 hoc
771 4657 985 4727 quidem
1012 4657 1228 4724 sentire,
1257 4657 1398 4727 quod
1416 4657 1612 4711 veritas
1634 4657 1832 4723 habet;

237 4752 331 4807 sed
356 4766 466 4805 non
491 4750 715 4817 dixisse,
731 4749 854 4820 quia
883 4764 988 4804 non
1016 4751 1405 4821 ubiqueomnia
1424 4750 1650 4805 dicenda
1672 4759 1796 4804 sunt
1819 4769 1834 4804 :

237 4843 528 4915 proposuit
573 4843 640 4898 de
665 4843 836 4914 gratia
865 4833 1240 4914 qumstionem,
1270 4844 1322 4898 id
1349 4843 1626 4914 respondit
1645 4845 1662 4875 ¹
1691 4843 1835 4913 quod

237 4936 480 4991 habebat
531 4937 585 4990 in
633 4934 831 5000 corde;
863 4935 1080 4990 deﬁnita
1128 4936 1352 5007 quaestio
1397 4945 1502 5003 est,
1543 4950 1648 4990 non
1677 4949 1838 5005 quam

236 5028 586 5093 volebamus,
606 5026 702 5082 sed
729 5027 819 5082 ubi
849 5029 976 5097 quid
1007 5028 1250 5093 sentiret,
1277 5027 1670 5082 dubitabamus.

309 5125 547 5181 CAPUT
587 5123 722 5179 LIV.
762 5153 836 5163 —
871 5122 961 5178 65.
1003 5121 1367 5194 Dialogismus.
1411 5121 1616 5176 Deinde
1653 5121 1838 5175 multis

238 5218 432 5274 verbis
482 5215 726 5288 Apostoli
782 5223 1008 5268 conatur
1062 5214 1345 5268 ostendere
1375 5255 1389 5278 ,
1430 5212 1572 5267 unde
1611 5229 1716 5266 non
1756 5220 1839 5266 est

236 5312 619 5370 controversia
642 5354 658 5379 ,
697 5328 717 5362 ι
755 5309 898 5380 quod
936 5324 1063 5365 caro
1090 5309 1158 5364 ab
1196 5309 1287 5362 illo
1326 5308 1396 5362 ita
1436 5322 1578 5378 saepe
1614 5325 1634 5358 ι
1665 5308 1840 5361 nomi-

238 5418 453 5476 netur,
505 5417 566 5462 ut
620 5405 752 5460 velit
803 5403 1072 5473 intelligi,
1138 5417 1242 5456 non
1304 5400 1689 5465 substantiam,
1747 5397 1841 5452 sed

245 5518 270 5552 ι
301 5514 476 5570 opera
505 5498 705 5554 carnis.
738 5515 756 5549 ι
789 5495 927 5563 Quid
951 5495 1053 5563 hoc
1072 5494 1139 5548 ad
1166 5493 1316 5548 rem?
1347 5492 1479 5546 Vitia
1506 5491 1682 5547 carnis
1710 5504 1843 5543 con-

243 5591 426 5647 traria
458 5598 584 5647 sunt
609 5588 871 5645 voluntati
889 5586 1118 5641 hominis
1149 5603 1162 5641 :
1194 5600 1300 5640 non
1326 5593 1510 5639 natura
1529 5592 1842 5648 accusatur;

309 5749 334 5781 ι
371 5748 508 5813 Fditi,
527 5747 811 5815 respondet.
835 5745 1002 5798 Melius
1022 5752 1154 5810 Mss,
1175 5743 1436 5810 respondit.

1623 319 1822 378 LIBER
1865 319 2063 377 UNL'S.

3372 316 3479 374 278

1903 432 1999 488 sed
2023 431 2164 488 vitiis
2176 430 2413 488 medicus
2425 431 2704 502 quaeritur.
2729 432 2865 501 Quid
2889 431 3132 502 estquod
3154 433 3472 502 interrogat,

1908 543 1926 576 ι
1957 523 2086 590 Quis
2124 521 2248 578 fecit
2293 521 2495 578 homini
2535 521 2816 591 spiritum?
2857 542 2880 576 ι
2915 532 2968 578 et
3014 521 3303 593 respondet
3331 521 3474 592 sibi,

1907 634 1926 668 ι
1961 615 2089 670 Sine
2114 613 2275 670 dubio
2303 613 2465 669 Deus.
2507 631 2526 666 ι
2554 613 2622 668 Ει
2668 614 2792 669 item
2849 615 3160 685 interrogat,
3197 632 3219 669 t
3253 616 3482 671 Carnem

1907 724 1926 758 ι
1961 706 2084 776 quis
2113 704 2353 761 creavit?
2389 723 2410 758 ο
2443 704 2676 774 itemque
2702 705 3012 775 respondet,
3051 723 3068 758 t
3108 705 3275 772 Idem,
3297 703 3481 772 credo,

1901 798 2062 853 Deus.
2101 815 2122 850 ι
2156 796 2451 868 Interrogat
2478 797 2670 864 tertio,
2708 814 2726 849 t
2759 796 2935 852 Bonus
2959 808 3042 852 est
3068 798 3158 868 qui
3193 808 3479 868 utrumque

1902 891 2104 947 creavit
2126 891 2299 946 Deus?
2331 908 2354 944 ι
2374 889 2684 960 respondet,
2722 908 2740 942 ι
2775 889 2912 945 Nulli
2933 890 3154 945 dubium
3182 899 3283 946 est.
3325 907 3344 943 ι
3381 889 3481 943 Ad-

1904 983 2007 1038 huc
2039 985 2366 1053 interrogat,
2396 1000 2415 1035 ι
2473 983 2539 1036 Ει
2579 992 2861 1052 utrumque
2891 982 3030 1052 quod
3081 983 3252 1038 bonus
3295 991 3482 1038 auctor

1910 1093 1927 1126 ι
1954 1076 2176 1140 creavit,
2202 1075 2399 1129 bonum
2429 1074 2552 1128 est?
2582 1092 2602 1126 ι
2630 1082 2683 1128 ει
2710 1073 2774 1128 ad
2799 1071 2899 1128 hoc
2927 1075 3232 1142 reSpondet,
3268 1093 3286 1126 ι
3311 1075 3486 1130 Confi-

1910 1187 1928 1218 ι
1961 1167 2174 1221 tendum
2203 1175 2305 1221 est.
2335 1184 2354 1218 ι
2386 1166 2588 1221 Deinde
2617 1165 2906 1230 concludit,
2943 1183 2961 1217 ι
2998 1167 3054 1221 Si
3096 1167 3256 1237 igitur
3281 1176 3336 1223 et
3373 1166 3483 1236 spi-

1910 1277 1928 1308 ι
1957 1260 2085 1312 ritus
2121 1257 2292 1313 bonus
2338 1268 2419 1312 est
2442 1298 2458 1322 ,
2489 1266 2543 1311 et
2572 1272 2699 1312 caro
2751 1257 2912 1324 bona,
2953 1267 3010 1312 ut
3049 1272 3078 1312 a
3106 1257 3245 1313 bono
3272 1267 3487 1312 auctore

1912 1366 1930 1399 ι
1959 1347 2202 1413 condita;
2235 1349 2325 1418 qui
2380 1348 2490 1402 fieri
2525 1356 2699 1417 potest
2725 1355 2781 1402 ut
2825 1347 2932 1402 duo
2960 1348 3094 1402 bona
3129 1349 3335 1418 possint
3385 1347 3486 1403 sibi

1911 1457 1930 1490 ι
1960 1454 2078 1494 esse
2107 1440 2411 1494 contraria?
2433 1458 2452 1491 ι
2482 1439 2681 1495 Omitto
2709 1440 2888 1497 dicere
2919 1442 3040 1510 quia
3068 1450 3174 1496 tota
3207 1440 3366 1512 hujus
3402 1457 3489 1495 ra-

1909 1533 2177 1586 tiocinatio
2209 1533 2514 1586 turbaretur
2532 1573 2548 1598 ,
2581 1533 2624 1586 si
2645 1533 2764 1603 quis
2784 1533 2851 1586 ab
2880 1548 2945 1588 eo
2968 1541 3249 1603 qumreret,
3275 1532 3488 1588 Estum

1907 1633 1957 1677 ct
1991 1622 2154 1692 frigus
2182 1624 2302 1693 quis
2358 1622 2515 1677 fecit?
2561 1622 2910 1692 responderet
2951 1624 3091 1678 enim
3118 1665 3133 1687 ,
3163 1623 3290 1680 Sine
3325 1623 3488 1678 dubio

1912 1713 2072 1768 Dens.
2123 1714 2236 1768 Non
2290 1729 2392 1783 ego
2443 1714 2604 1767 multa
2661 1715 2931 1782 interrogo
2963 1732 2976 1768 :
3007 1715 3120 1785 ipse
3163 1714 3484 1780 concludat,

1909 1814 2082 1858 utrum
2122 1814 2213 1858 aut
2254 1805 2351 1858 ista
2388 1805 2594 1876 possint
2619 1804 2724 1860 diei
2748 1819 2852 1858 non
2885 1806 3053 1870 bona,
3082 1814 3293 1859 autnon
3321 1821 3488 1876 appa-

1907 1905 2060 1950 reant
2085 1896 2224 1950 inter
2259 1910 2319 1950 se
2362 1910 2482 1951 esse
2513 1896 2801 1951 contraria.
2831 1896 2929 1951 ilic
2955 1896 3093 1952 forte
3129 1897 3277 1958 dicit,
3304 1915 3322 1948 ι
3350 1897 3492 1965 Qua-

1915 2004 1932 2037 ι
1975 1987 2147 2042 Iitates
2176 1995 2302 2042 sunt
2327 1987 2443 2041 ista:
2469 1987 2883 2041 suhstantiarum
2903 2027 2917 2055 ,
2949 2003 3054 2041 non
3095 1987 3426 2042 substantiae.
3465 2005 3484 2038 ι

1911 2078 1983 2132 Ita
2001 2089 2103 2145 est,
2127 2095 2312 2133 verum
2338 2087 2454 2144 est;
2486 2080 2577 2133 sed
2600 2080 2882 2148 qualitates
2911 2079 3201 2143 naturales,
3226 2090 3280 2134 et
3300 2082 3364 2134 ad
3394 2080 3494 2135 Dei

1909 2180 2208 2226 creaturam
2237 2171 2352 2226 sine
2379 2171 2539 2225 dubio
2571 2172 2898 2240 pertinentes
2926 2189 2939 2225 :
2970 2171 3280 2227 substantia:
3296 2171 3494 2243 quippe

1912 2278 2018 2316 non
2047 2278 2142 2332 per
2162 2277 2220 2317 se
2243 2263 2406 2332 ipsas,
2437 2263 2528 2317 sed
2559 2277 2656 2332 per
2693 2277 2819 2318 suas
2842 2262 3120 2332 qualitates
3139 2305 3155 2329 ,
3185 2263 3323 2318 sicut
3350 2278 3488 2334 aqua

1915 2364 1971 2410 et
2001 2355 2136 2425 ignis
2161 2397 2175 2421 ,
2231 2354 2481 2409 dicuntur
2521 2355 2624 2409 sibi
2651 2369 2771 2409 esse
2800 2355 3103 2409 contraria).
3145 2354 3304 2420 Quid,
3347 2354 3392 2409 si
3421 2354 3493 2409 ita

1911 2453 2038 2500 sunt
2060 2460 2186 2500 caro
2209 2455 2264 2500 et
2291 2446 2549 2516 spiritus?
2577 2445 2720 2515 quod
2747 2444 2960 2517 quidem
2993 2459 3100 2500 non
3127 2445 3488 2510 affirmamus;

1912 2538 2005 2593 sed
2043 2545 2103 2592 ut
2129 2537 2593 2592 ratiocinationem
2625 2537 2742 2607 ejus
2789 2552 2895 2591 non
2927 2536 3227 2591 necessaria
3263 2537 3498 2592 illatioue

1913 2631 2223 2686 conclusam
2253 2629 2679 2694 ostenderemus,
2705 2627 2808 2683 hoc
2831 2628 3080 2683 diximus.
3101 2629 3331 2684 Possunt
3351 2629 3496 2683 enim

1915 2729 1968 2778 et
1988 2721 2252 2776 contraria
2282 2737 2388 2775 non
2412 2721 2640 2775 invicem
2666 2719 2940 2775 adversari
2968 2762 2984 2788 ,
3025 2719 3119 2776 sed
3150 2736 3215 2775 ex
3241 2720 3500 2776 alterutro

1916 2812 2204 2881 temperari
2253 2820 2307 2867 ct
2335 2812 2532 2867 bonam
2576 2811 2934 2866 valetudinem
2967 2810 3192 2866 reddere
3224 2830 3237 2865 :
3271 2811 3408 2867 sicut
3445 2811 3500 2868 in

1915 2917 2140 2972 oorpore
2165 2902 2382 2957 siccitas
2413 2911 2469 2956 et
2491 2901 2798 2967 ltumiditas,
2822 2900 2988 2972 frigus
3010 2910 3063 2957 et
3081 2901 3246 2968 calor,
3274 2916 3502 2972 quorum

1918 2994 2157 3049 omnium
2188 2993 2574 3064 temperatione
2618 2993 2757 3048 bona
2783 2991 3080 3062 corporalis
3104 2991 3351 3047 valetudo
3374 3007 3504 3048 cou-

1919 3084 2082 3140 sistit.
2112 3084 2216 3140 Sed
2253 3084 2397 3154 quod
2425 3083 2692 3139 contraria
2714 3091 2795 3138 est
2819 3098 2944 3138 caro
2965 3083 3194 3153 spiritui,
3229 3093 3282 3138 ut
3311 3099 3415 3137 non
3441 3097 3504 3139 ea

1919 3189 2039 3243 qua:
2087 3173 2336 3228 volumus
2387 3171 2683 3239 faciamus;
2737 3171 2921 3226 vitium
2975 3180 3094 3240 est,
3139 3188 3244 3226 non
3275 3181 3506 3228 natura:

1919 3263 2090 3333 gratia
2123 3262 2457 3317 medicinalis
2483 3270 2774 3333 qna-ratur,
2805 3271 2857 3317 et
2889 3263 3252 3318 controversia
3273 3263 3504 3318 finiatur.

1993 3354 2081 3409 64.
2115 3353 2229 3408 Duo
2263 3353 2462 3424 quippe
2509 3355 2608 3408 ista
2648 3353 2806 3417 bona,
2863 3367 2893 3406 a
2937 3352 3078 3407 bono
3120 3353 3228 3409 Deo
3256 3353 3506 3420 condita,

1927 3446 2197 3517 quomodo
2235 3457 2422 3501 contra
2453 3447 2610 3516 hujus
2660 3445 3119 3501 ratiocinationem
3174 3446 3226 3499 in
3277 3462 3386 3500 non
3419 3447 3511 3500 ba-

1927 3539 2137 3608 ptizatis
2165 3537 2467 3592 hominibus
2496 3546 2717 3608 possunt
2738 3537 2838 3592 sibi
2857 3551 2976 3592 esse
3000 3535 3308 3590 contraria?
3343 3535 3422 3590 An
3455 3545 3512 3590 et

1929 3629 2030 3684 hoc
2053 3646 2174 3686 eum
2201 3630 2402 3686 dixisse
2422 3630 2745 3700 paenitebit,
2779 3628 2919 3700 quod
2947 3628 3137 3684 affectu
3167 3630 3344 3699 aliquo
3388 3629 3512 3684 fidei

1928 3721 2236 3777 christiana:
2267 3722 2476 3778 locutus
2515 3722 2641 3778 est?
2678 3721 2813 3777 Cum
2841 3721 2981 3776 enim
3013 3721 3189 3786 dixit,
3228 3739 3245 3771 ι
3276 3719 3378 3787 Qui
3400 3720 3514 3775 fieri

1935 3831 1955 3865 ‹
1991 3823 2163 3884 potest
2186 3822 2241 3868 ut
2267 3814 2585 3885 cuicumque
2607 3812 2719 3884 jam
2750 3813 3019 3882 baptizato
3045 3812 3116 3868 sit
3143 3829 3272 3868 caro
3299 3822 3516 3868 contra-

1933 3905 2036 3967 ria;
2071 3923 2089 3956 ι
2130 3904 2447 3975 signiﬁcavit
2487 3920 2593 3959 non
2636 3903 2917 3973 baptizatis
2947 3919 3164 3958 carnem
3205 3918 3360 3973 posse
3395 3917 3520 3958 esse

1930 3996 2275 4051 contrariam.
2304 3995 2438 4050 Nam
2469 4010 2566 4050 cur
2586 3995 2811 4060 addidit,
2837 4013 2854 4047 t
2879 3995 2989 4064 jam
3013 3994 3308 4064 baptizato;
3343 4012 3362 4046 ι
3395 4009 3516 4048 cum

1933 4095 2114 4157 posset
2144 4086 2306 4141 etiam
2335 4087 2436 4142 hoc
2463 4102 2568 4141 non
2597 4086 2779 4141 addito
2799 4086 3000 4154 dicere,
3024 4104 3042 4138 t
3078 4086 3176 4152 Qui
3205 4086 3314 4140 fieri
3346 4093 3522 4156 potest

1939 4195 1958 4228 ι
1991 4187 2046 4230 ιιι
2074 4176 2392 4247 cuicumque
2421 4178 2491 4231 sit
2529 4192 2656 4231 caro
2705 4178 2972 4231 contraria
3007 4195 3019 4230 :
3056 4193 3078 4228 ι
3123 4187 3283 4247 atque
3312 4176 3380 4230 ad
3418 4176 3520 4230 hoc

1935 4265 2265 4336 probandum
2305 4265 2569 4335 subjicere
2615 4267 2759 4320 illam
2809 4266 3270 4320 ratiocinationem
3317 4281 3468 4320 suam
3501 4307 3518 4331 ,

1935 4359 2055 4428 quia
2080 4368 2363 4425 utrumque
2389 4357 2587 4410 bonum
2619 4365 2702 4412 cst
2747 4372 2777 4410 a
2820 4356 2962 4410 bono
2991 4356 3278 4421 conditum,
3310 4365 3364 4411 et
3401 4355 3523 4411 ideo

1937 4465 2042 4502 nou
2085 4455 2260 4518 potest
2290 4447 2428 4501 inter
2463 4462 2522 4501 se
2563 4461 2682 4500 esse
2722 4447 3093 4502 contrarium?
3132 4446 3189 4501 Si
3236 4461 3366 4516 ergo
3415 4461 3522 4501 non

1937 4540 2186 4610 baptizati
2209 4581 2224 4606 ,
2255 4538 2447 4610 quibus
2481 4547 2628 4594 certe
2670 4537 2865 4592 fatetur
2893 4553 3109 4592 carnem
3161 4552 3281 4593 esse
3311 4546 3524 4592 contra-

1939 4634 2111 4700 riam,
2159 4633 2270 4688 suis
2312 4633 2461 4687 illum
2515 4631 3019 4702 interrogationibus
3059 4638 3287 4700 urgeant
3335 4639 3390 4684 et
3440 4627 3525 4684 di-

1939 4734 2098 4790 cant,
2145 4725 2276 4791 Quis
2321 4723 2446 4779 fecit
2494 4723 2697 4778 homini
2739 4724 3024 4793 spiritum?
3058 4723 3160 4777 iste
3187 4719 3535 4791 resitondchit

1944 4819 2107 4874 Deus.
2141 4819 2380 4888 Itemque
2426 4817 2540 4882 illi,
2595 4817 2824 4872 Carnem
2863 4815 2982 4886 quis
3030 4814 3271 4870 creavit?
3314 4828 3533 4884 respon-

1942 4912 2034 4967 det
2057 4913 2158 4966 iste
2186 4953 2200 4977 ,
2238 4910 2404 4973 Idem,
2436 4908 2620 4976 credo,
2649 4909 2811 4964 Deus.
2846 4907 2926 4962 Illi
2974 4909 3170 4973 tertio,
3221 4907 3401 4961 Bonus
3448 4915 3532 4960 est

1943 5003 2029 5073 qui
2063 5013 2346 5072 utrumque
2389 5001 2589 5056 creavit
2636 4999 2818 5055 Deus?
2868 5007 2924 5054 et
2975 4999 3097 5064 iste,
3130 4997 3267 5052 Nulli
3310 4996 3531 5050 dubium

1943 5105 2042 5148 εει.
2104 5093 2278 5161 Atque
2333 5091 2404 5143 illi
2463 5105 2628 5144 unum
2678 5088 2819 5160 quod
2876 5097 3041 5142 restat
3093 5087 3406 5157 inquirant,
3467 5085 3535 5137 Et

1945 5181 2231 5254 utrumque
2305 5182 2447 5252 quod
2541 5182 2711 5236 bonus
2799 5189 2986 5235 auctor
3061 5180 3263 5234 ereavit
3329 5179 3530 5233 bonum

1935 5261 2065 5332 est?
2093 5277 2190 5330 iste
2212 5273 2480 5328 fatebitur.
2507 5272 2656 5328 Tunc
2682 5273 2754 5327 illi
2777 5288 2897 5327 eum
2917 5286 3013 5325 suo
3032 5269 3536 5342 gladiojugulahunt

1951 5369 2242 5425 inferentes
2284 5365 2685 5421 conclusionem
2734 5364 2851 5434 ejus
2897 5375 2951 5420 et
2993 5364 3230 5419 dicentes
3257 5380 3269 5416 :
3297 5361 3349 5415 Si
3376 5360 3535 5430 igitur

1949 5461 2171 5531 spiritus
2200 5458 2391 5522 bonus,
2420 5466 2474 5512 et
2497 5471 2623 5511 caro
2653 5456 2810 5520 bona,
2848 5463 2903 5507 ut
2928 5470 2956 5506 a
2992 5454 3131 5507 bono
3160 5459 3374 5505 auctore
3402 5463 3537 5503 cou-

1950 5555 2080 5618 dita,
2129 5551 2218 5622 qui
2264 5549 2377 5604 fieri
2424 5556 2600 5618 potest
2629 5557 2686 5602 ut
2728 5547 2834 5600 duo
2875 5547 3008 5599 bona
3047 5544 3145 5600 sibi
3187 5541 3392 5613 possint
3415 5553 3539 5596 esse

1952 5643 2253 5700 Contraria?
2289 5641 2385 5696 Hic
2410 5641 2544 5696 forte
2574 5640 2666 5696 ille
2692 5637 3032 5709 respondebit
3073 5653 3089 5691 :
3137 5636 3265 5689 Date
3302 5631 3549 5700 veniam,

1955 5740 2075 5809 quia
2105 5753 2212 5793 non
2247 5735 2406 5792 debui
2443 5735 2642 5803 dicere,
2688 5733 3005 5801 cuicumque
3037 5729 3297 5801 haptizato
3322 5740 3556 5782 carnem-
