3996 6476
473 321 492 334 Ι.
547 317 555 326 ⁴
1195 300 1224 322 ⁴

472 347 578 405 279

481 477 587 524 non
615 475 772 532 posse
799 473 918 516 esse
961 455 1300 524 contrariam,
1333 464 1392 512 ut
1432 455 1532 512 hoc
1560 455 1717 511 modo
1756 456 1905 511 vobis
1935 470 2041 509 non

473 551 754 621 baptizatis
781 550 1097 607 contrariam
1127 547 1444 612 conﬁterer;
1487 549 1583 603 sed
1609 548 1726 604 sine
1754 547 1859 602 ulla
1885 560 2048 600 exce-

470 643 657 711 ptione
699 641 877 696 dicere
919 639 1097 706 debui,
1129 652 1344 693 carnem
1390 638 1520 693 nulli
1559 653 1677 693 esse
1704 635 2043 692 contrariam.

461 732 610 788 .Ecce
637 747 740 802 quo
767 731 962 800 seipse
997 728 1318 799 compingit;
1360 743 1485 783 ecce
1520 744 1638 798 qua:
1664 725 1931 797 loquitur,
1959 723 2049 794 qui

469 836 577 877 non
607 822 718 876 vult
745 821 976 875 clamare
1007 834 1127 874 cum
1153 819 1408 889 Apostolo
1430 860 1444 884 ,
1481 817 1604 885 Quis
1632 833 1712 871 me
1734 815 1959 871 liberabit
1987 815 2050 868 de

468 928 679 982 corpore
704 912 880 966 mortis
920 911 1113 982 hujus?
1138 910 1313 964 Gratia
1343 908 1439 963 Dei
1464 925 1552 979 per
1576 907 1751 961 Iesum
1795 903 2049 960 Christum

465 994 742 1058 Dominum
767 1013 1010 1057 nostrum.
1044 1021 1062 1054 ι
1091 1001 1193 1058 Sed
1223 1017 1337 1066 cur,
1369 1020 1388 1054 ι
1411 1001 1597 1070 inquit,
1622 1017 1641 1051 ι
1669 999 1912 1061 clamem,
1937 997 2046 1067 jam

366 1137 386 1162 ,
469 1095 770 1166 baptizatus
799 1094 852 1148 in
886 1093 1134 1149 Christo?
1158 1093 1238 1147 Illi
1278 1093 1378 1147 hoc
1405 1093 1667 1157 clament,
1696 1091 1790 1160 qui
1813 1089 2046 1143 nondum

465 1188 572 1241 tale
602 1186 915 1241 beneﬁcium
949 1194 1318 1255 perceperunt,
1346 1200 1570 1255 quorum
1607 1184 1656 1236 in
1702 1198 1760 1237 se
1798 1197 1957 1237 vocas
1987 1180 2049 1235 li-

464 1277 688 1345 gurabat
716 1275 1003 1345 Apostolus
1037 1293 1048 1327 :
1078 1275 1122 1328 si
1171 1284 1346 1328 tamen
1389 1274 1471 1328 vel
1516 1273 1616 1328 hoc
1652 1272 1854 1326 dicunt.
1887 1290 1908 1324 ι
1941 1270 2045 1326 Sed

466 1375 670 1421 nalurte
715 1365 810 1419 ista
854 1365 1126 1430 defensio,
1168 1378 1269 1418 nec
1312 1364 1429 1418 illos
1469 1364 1567 1418 hac
1596 1378 1726 1418 voce
1749 1362 2047 1418 exclamare

465 1454 740 1523 permittit.
772 1453 952 1524 Neque
977 1455 1118 1508 enim
1151 1455 1204 1507 in
1248 1453 1528 1523 baptizatis
1554 1462 1740 1508 natura
1770 1460 1883 1518 est,
1909 1459 1963 1507 et
1992 1452 2048 1507 in

463 1562 570 1602 non
598 1547 870 1616 baptizatis
892 1555 1076 1601 natura
1097 1561 1202 1600 non
1233 1553 1333 1600 est.
1363 1547 1468 1601 Aut
1489 1545 1533 1600 si
1562 1545 1644 1600 vel
1675 1545 1726 1600 in
1757 1545 1862 1600 illis
1890 1545 2046 1600 vitia-

462 1647 515 1691 ta
553 1652 672 1692 esse
697 1636 1041 1702 conceditur,
1085 1644 1142 1690 ut
1181 1652 1284 1690 non
1311 1637 1428 1691 sine
1477 1651 1634 1691 causa
1667 1636 1918 1704 clament,
1952 1636 2047 1691 In-

463 1729 590 1797 felix
618 1729 788 1795 homo,
821 1729 933 1798 quis
963 1745 1041 1781 me
1068 1728 1294 1782 liberabit
1329 1728 1392 1782 de
1416 1744 1628 1799 corpore
1653 1729 1827 1782 mortis
1855 1731 2004 1798 hujus
2022 1729 2048 1781 .’

462 1819 647 1889 eisque
672 1819 1013 1873 subveniatur
1037 1817 1091 1871 in
1133 1832 1198 1872 eo
1242 1817 1382 1887 quod
1413 1818 1686 1887 sequitur,
1733 1814 1908 1870 Gratia
1952 1815 2048 1869 Dei

462 1928 554 1980 per
594 1910 770 1964 Iesum
816 1909 1070 1965 Christum
1111 1908 1384 1964 Dominum
1428 1919 1654 1964 nostrum
1678 1924 1697 1962 :
1725 1909 2046 1962 concedatur

457 2003 568 2071 jam
596 2003 806 2056 tandem
831 1999 1115 2072 aliquando
1140 2001 1425 2055 humanam
1463 2001 1672 2056 medico
1709 2000 1920 2055 Christo
1961 2000 2044 2054 in-

461 2096 643 2166 digere
672 2105 936 2150 naturam.

532 2187 755 2243 CAPUT
791 2187 901 2242 LV.
939 2217 1012 2228 ——
1049 2187 1136 2244 65.
1166 2186 1362 2258 Corpus
1387 2186 1562 2240 mortis
1590 2185 1652 2238 a‘e
1679 2184 1830 2250 vitio,
1860 2200 1959 2238 non
1983 2185 2045 2238 de

460 2278 742 2333 substantia
759 2278 966 2333 dictant.
985 2279 1177 2346 Qumro
1198 2285 1394 2343 autem,
1413 2277 1499 2331 ubi
1524 2287 1708 2331 natura
1729 2275 1884 2332 istam
1899 2276 1914 2306 ‘
1931 2289 2045 2344 pcr-

459 2369 655 2425 diderit
679 2371 1000 2438 libertatem,
1027 2386 1184 2440 quam
1206 2370 1305 2425 sibi
1327 2369 1438 2424 dari
1466 2376 1715 2440 exoptat,
1747 2383 1866 2422 cum
1894 2367 2041 2432 dicit,

459 2463 570 2531 quis
595 2477 674 2515 me
698 2462 964 2516 liberabit?
995 2477 1100 2516 non
1121 2462 1261 2516 enim
1290 2469 1344 2514 et
1371 2459 1458 2514 ille
1487 2458 1837 2513 substantiam
1868 2458 2043 2512 carnis

459 2563 696 2620 accusat,
719 2569 837 2608 cum
861 2553 986 2608 dicit
1007 2553 1216 2608 liberari
1242 2567 1301 2607 se
1321 2566 1515 2620 cupere
1544 2549 1606 2603 de
1633 2565 1842 2621 corpore
1867 2551 2044 2604 mortis

462 2645 646 2714 hujus,
677 2659 798 2698 cum
824 2645 982 2699 etiam
1003 2643 1259 2713 corporis,
1288 2643 1423 2697 sicut
1450 2642 1640 2695 animae
1664 2681 1679 2705 ,
1713 2649 1900 2694 natura
1935 2640 2041 2694 Deo

457 2736 601 2790 bono
617 2737 818 2790 auctori
837 2735 1114 2790 tribuenda
1135 2736 1203 2788 sit
1221 2752 1233 2788 :
1257 2733 1350 2788 sed
1370 2733 1549 2802 utique
1563 2732 1631 2786 de
1645 2731 1786 2786 vitiis
1803 2730 2044 2798 corporis

460 2826 605 2881 dicit.
635 2826 768 2881 Nam
808 2827 874 2880 de
923 2841 1146 2896 corpore
1187 2840 1330 2878 mors
1378 2823 1618 2892 corporis
1650 2828 1864 2891 separat
1898 2839 1914 2876 :
1945 2821 2041 2876 sed

459 2925 731 2972 contracta
758 2931 824 2972 ex
857 2915 946 2969 illo
973 2916 1098 2970 vitia
1129 2915 1400 2968 cohmrent
1421 2951 1438 2980 ,
1484 2912 1676 2980 quibus
1715 2911 1856 2980 justa
1885 2925 2041 2980 poena

461 3005 704 3072 debetur,
735 3021 892 3076 quam
939 3005 1096 3058 etiam
1148 3003 1202 3058 in
1245 3001 1452 3056 inferno
1499 3001 1590 3054 ille
1641 2999 1790 3054 dives
1837 2999 2041 3054 invenit

463 3094 618 3165 (Luc.
645 3093 981 3165 “nea-26).
1013 3093 1145 3147 Hinc
1172 3108 1230 3147 se
1251 3108 1353 3146 non
1377 3097 1582 3161 poterat
1603 3091 1782 3159 utique
1811 3090 2040 3144 liberare

461 3185 552 3264 qui
579 3193 726 3262 dicit,
763 3192 889 3261 Quis
927 3208 1006 3246 me
1035 3190 1258 3245 liberabit
1295 3190 1358 3244 de
1377 3205 1586 3254 corpore
1623 3188 1796 3240 mortis
1844 3187 2042 3256 Imjus.’

461 3287 793 3356 Ubicumque
820 3295 993 3340 autem
1023 3286 1176 3340 istam
1218 3282 1506 3354 perdiderit
1547 3281 1866 3346 libertatem,
1892 3290 2040 3335 certe

457 3378 830 3450 inseparabilis
857 3386 938 3433 est
968 3377 1288 3447 possibilitas
1324 3374 1411 3429 illa
1441 3382 1662 3436 naturae,
1696 3372 1853 3426 habet
1883 3387 2039 3441 posse

460 3485 561 3541 per
587 3469 828 3525 naturale
865 3468 1156 3524 subsidium
1174 3509 1187 3531 ,
1219 3465 1378 3519 habet
1406 3464 1545 3518 velle
1577 3478 1669 3532 per
1698 3462 1922 3516 liberum
1946 3477 2036 3516 ar-

460 3564 708 3629 bitrium;
745 3577 841 3617 cur
877 3562 1067 3632 quaerit
1104 3557 1442 3628 Baptismatis
1487 3553 1915 3610 sacramentum?
1955 3554 2037 3608 An

457 3661 678 3725 propter
702 3653 986 3708 commissa
1015 3650 1313 3719 printer-ita,
1350 3657 1408 3700 ut
1435 3663 1495 3702 ea
1526 3655 1727 3700 tantum
1757 3646 2036 3716 ignoscan-

459 3753 568 3814 tur,
593 3759 712 3814 qua:
738 3743 853 3798 ﬁeri
881 3743 1069 3796 inlecta
1099 3755 1205 3796 non
1236 3738 1725 3810 possunt'tDimitte
1741 3737 2033 3804 hominem,

463 3837 662 3892 clamet
689 3836 828 3905 quod
860 3835 1140 3889 clamabat.
1181 3832 1297 3887 Non
1327 3833 1467 3887 enim
1500 3841 1700 3886 tantum
1731 3831 1998 3886 desiderat
2018 3873 2035 3899 ,

458 3935 519 3980 ut
549 3940 646 3995 per
677 3924 1051 3994 indulgentiam
1084 3924 1153 3976 sit
1178 3923 1244 3978 de
1283 3922 1563 3991 praeteritis
1603 3922 1912 3991 impunitus,
1941 3922 2037 3977 sed

461 4015 623 4072 etiam
660 4024 718 4070 ut
753 4016 821 4069 sit
859 4014 925 4069 de
960 4022 1153 4069 caetero
1184 4012 1255 4067 ad
1289 4029 1392 4067 non
1436 4012 1760 4082 peccandum
1796 4011 1950 4066 fortis
1983 4023 2038 4068 et

458 4106 686 4162 validus.
714 4104 1118 4162 Condelectatur
1141 4104 1282 4159 enim
1313 4105 1412 4174 legi
1443 4104 1536 4158 Dei
1569 4103 1857 4158 secundum
1895 4105 2035 4159 inte-

459 4197 661 4250 riorem
702 4195 967 4251 hominem
986 4237 1001 4261 ,
1027 4194 1172 4249 videt
1195 4202 1370 4248 autem
1400 4193 1555 4247 aliam
1591 4193 1761 4264 legem
1789 4193 1839 4246 in
1871 4209 2036 4248 mem-

464 4289 572 4344 bris
600 4289 709 4344 suis
738 4296 1116 4357 repugnantem
1147 4287 1247 4356 legi
1285 4287 1477 4341 mentis
1519 4301 1631 4341 sua:
1661 4304 1674 4340 :
1707 4286 1852 4340 videt
1880 4302 2032 4355 esse,

460 4394 567 4434 non
588 4378 776 4435 recolit
805 4379 998 4444 fuisse;
1031 4377 1377 4448 praesentibus
1406 4386 1649 4447 urgetur,
1684 4392 1784 4431 non
1810 4385 2035 4448 practer-

459 4470 532 4525 ita
584 4471 962 4526 reminiscitur.
1011 4468 1120 4524 Nec
1168 4477 1365 4523 tantum
1415 4477 1798 4538 repugnantem
1850 4467 2031 4534 videt,

457 4575 646 4616 verum
673 4563 832 4615 etiam
864 4560 1217 4629 captivantem
1247 4575 1304 4613 se
1334 4559 1384 4612 in
1414 4559 1532 4628 lege
1563 4559 1783 4626 peccati,
1807 4575 1924 4628 qure
1954 4570 2036 4616 est

459 4650 514 4706 in
541 4650 793 4706 membris
811 4650 947 4720 ejus,
978 4663 1086 4703 non
1107 4665 1225 4718 qua:
1246 4648 1360 4702 fuit.
1386 4648 1518 4702 Hinc
1537 4658 1618 4702 est
1636 4648 1776 4717 quod
1798 4651 1991 4704 clamat
2017 4667 2031 4702 :

459 4741 658 4810 Infelix
689 4741 857 4806 homo,
883 4743 993 4810 quis
1013 4756 1090 4793 me
1115 4738 1340 4795 liberabit
1360 4738 1421 4792 de
1435 4755 1641 4809 corpore
1659 4740 1829 4793 mortis
1847 4742 1994 4807 huius
2011 4741 2036 4794 ?

461 4832 676 4888 Sinatur
691 4832 1084 4891 orare.sinatur
1109 4828 1430 4899 adjutorium
1459 4829 1648 4883 medici
1681 4830 2032 4898 potentissimi

460 4924 720 4994 ﬂagitare.
753 4923 887 4990 Quid
915 4921 1325 4977 contradicitur?
1353 4921 1490 4986 Quid
1519 4921 1880 4990 obstrepitur?
1908 4922 2034 4993 quid

458 5017 626 5072 miser
648 5014 1063 5071 misericordiam
1094 5014 1284 5068 Christi
1315 5023 1492 5084 petere
1507 5013 1834 5084 prohibetur,
1857 5025 1911 5070 et
1936 5015 2037 5070 hoc

458 5123 490 5162 a
518 5106 868 5164 Christianis?
899 5105 1030 5161 Nam
1071 5115 1125 5160 et
1159 5107 1235 5161 illi
1261 5121 1380 5160 cum
1408 5104 1618 5160 Christo
1656 5106 2031 5175 ambulabant,

457 5199 549 5271 qui
577 5213 774 5254 caecum
813 5200 834 5230 ³
873 5198 1049 5264 lumen
1094 5197 1368 5252 clamando
1411 5206 1595 5266 petere
1637 5196 1983 5267 prohibebant
2017 5215 2032 5253 :

459 5289 554 5344 sed
583 5289 742 5344 etiam
774 5288 916 5343 inter
943 5287 1225 5343 tumultum
1258 5288 1725 5344 contradicentium
1758 5288 1905 5343 audit
1943 5288 2036 5344 ille

458 5379 775 5435 clamantem
805 5377 994 5451 (Marc.
1025 5395 1058 5434 χ
1079 5419 1093 5445 ,
1125 5377 1318 5450 46-52)
1348 5393 1361 5431 :
1389 5378 1528 5434 unde
1567 5378 1688 5435 huic
1717 5393 2032 5450 responsum

498 5583 499 5586 η
571 5534 740 5584 Plures
761 5540 888 5594 Mss,
911 5533 1018 5584 ista.

571 5597 710 5654 Editi,
734 5593 901 5646 cteros.
935 5594 1208 5658 Corrigendi
1249 5606 1311 5642 ex
1348 5595 1682 5658 manuscriptis
1715 5595 1795 5658 qui
1832 5593 2032 5653 habent,

457 5668 655 5710 elucum.
678 5650 816 5717 juxta
840 5650 1184 5716 Marcum,'cap‘.
1209 5668 1242 5703 ι
1266 5669 1278 5703 :
1305 5653 1384 5706 vel
1407 5664 1542 5706 certe
1561 5650 1822 5717 legendum
1847 5650 2030 5717 postea,

457 5717 593 5768 audit
615 5716 696 5768 ille
717 5718 1006 5782 clamantes;
1027 5730 1121 5782 non
1143 5723 1197 5765 ut
1219 5718 1268 5765 in
1289 5717 1406 5778 ipsis
1425 5716 1630 5782 quoque
1642 5718 1801 5780 editis,
1824 5716 2035 5780 singula-

459 5783 502 5830 ri
523 5793 746 5844 numero,
768 5779 905 5831 audit
927 5779 1008 5831 ille
1031 5778 1328 5830 clamantem.

1415 345 1502 400 DE
1542 345 1818 403 NATUR‘A
1858 344 1947 404 ET
1983 344 2260 414 GRATIA,
2301 343 2358 400 S.
2398 343 2765 402 AUGUSTlNl

3623 349 3745 406 280

2159 466 2272 520 est,
2315 455 2491 511 Gratia
2535 455 2633 513 Dei
2666 473 2755 528 per
2784 456 2960 512 Iesum
3006 456 3260 515 Christum
3301 457 3578 517 Dominum
3628 479 3731 518 no-

2157 557 2334 602 strum.

2227 637 2316 693 66.
2343 639 2510 695 Porro
2538 641 2583 696 si
2610 641 2676 697 ab
2704 641 2818 696 istis
2841 641 2924 697 vel
2963 642 3063 697 hoc
3097 641 3475 714 impetramus,
3504 653 3566 700 ut
3590 660 3736 701 norn-

2155 726 2280 782 d’um
2308 727 2558 798 baptizati
2597 730 2881 800 implorent
2913 731 3163 785 auxilium
3189 733 3373 802 gratiae
3397 733 3690 788 Salvatoris
3713 774 3735 802 ,

2156 832 2262 872 non
2282 828 2365 873 est
2387 818 2488 875 hoc
2511 819 2724 890 quidem
2750 836 2936 890 parum
2969 822 3220 878 adversus
3247 822 3391 877 illam
3421 822 3609 879 falsam
3627 824 3734 880 de-

2156 908 2446 965 fensionem
2471 920 2715 983 tanquam
2737 912 2843 967 sibi
2862 912 3171 968 sufficientis
3191 922 3394 968 natum
3417 925 3468 971 et
3493 925 3740 984 potesta-

2155 1000 2222 1053 tis
2249 999 2397 1055 liberi
2426 1002 2626 1056 arbitrii
2662 1019 2677 1057 :
2707 1017 2876 1072 neque
2902 1003 3044 1057 enim
3072 1002 3171 1057 sibi
3209 1003 3401 1058 sufﬁcit
3435 1006 3524 1074 qui
3561 1005 3740 1071 dicit,

2153 1087 2347 1159 Infelix
2383 1091 2531 1145 homo
2550 1131 2565 1156 ,
2594 1092 2706 1161 quis
2732 1108 2810 1146 me
2831 1092 3054 1146 liberabit
3075 1093 3101 1147 .’
3137 1102 3228 1148 aut
3269 1093 3480 1163 plenam
3510 1094 3737 1150 liberta-

2155 1190 2258 1234 tem
2299 1180 2492 1236 habere
2524 1181 2778 1238 dicendus
2819 1192 2918 1249 εει,
2969 1184 3059 1254 qui
3102 1199 3162 1239 se
3198 1183 3372 1239 adhuc
3407 1187 3634 1256 postulat
3661 1188 3730 1240 li-

2152 1271 2348 1326 herari.

2223 1361 2448 1418 CAPUT
2486 1362 2615 1417 LVI.
2643 1394 2716 1404 —
2746 1363 2888 1419 Idem
2924 1374 3166 1418 tractatur
3206 1377 3570 1437 argumentum.
3615 1368 3728 1424 Ve-

2151 1463 2446 1508 rumtamen
2469 1458 2625 1510 etiam
2656 1456 2782 1510 illud
2811 1457 3102 1523 videamus,
3133 1467 3308 1512 utrum
3337 1458 3409 1513 illi
3436 1459 3523 1529 qui
3549 1459 3733 1528 bapti-

2152 1545 2251 1598 zati
2281 1554 2406 1600 sunt
2434 1545 2626 1601 iaciant
2656 1547 2798 1602 bona
2819 1565 2935 1618 qua:
2965 1549 3168 1614 volunt,
3203 1550 3343 1603 nulla
3386 1551 3558 1604 carnis
3583 1565 3732 1605 con-

2151 1636 2470 1707 cupiscentia
2501 1649 2844 1709 repugnante.
2874 1639 2979 1694 Sed
3009 1640 3132 1709 quid
3171 1639 3293 1695 hinc
3320 1640 3577 1704 dicamus,
3607 1643 3740 1711 ipse

2151 1739 2549 1792 commemorat,
2577 1728 2662 1783 ubi
2680 1731 2998 1785 concludens
3018 1732 3156 1785 hunc
3171 1730 3365 1797 lucum,
3392 1730 3460 1786 Ut
3481 1733 3729 1798 diximus,

2151 1820 2338 1889 inquit,
2363 1820 2490 1873 illud
2511 1837 2611 1890 quo
2637 1822 2939 1886 continetur,
2958 1838 2984 1872 ι
3005 1819 3136 1876 Caro
3159 1823 3466 1891 turmiscit
3485 1824 3737 1876 adversus

2148 1912 2400 1981 spiritum,
2438 1931 2458 1964 ι
2487 1929 2586 1965 non
2615 1911 2679 1965 de
2706 1913 2872 1964 carnis
2909 1912 3219 1978 substantia,
3267 1914 3355 1966 sed
3392 1913 3454 1965 de
3491 1914 3736 1982 aper-ibus

2150 2003 2333 2055 sentire
2381 2019 2576 2057 necesse
2599 2013 2691 2057 est.
2723 2003 2833 2057 lloc
2852 2012 2905 2057 et
2930 2018 3026 2056 nos
3051 2003 3296 2070 dicimus,
3321 2019 3425 2058 non
3452 2003 3518 2058 de
3542 2005 3734 2057 carnis

2148 2093 2461 2159 Substantia,
2492 2094 2585 2148 sed
2615 2094 2682 2148 de
2706 2095 2953 2164 operibus
2979 2094 3194 2158 dictum,
3235 2109 3354 2163 qua:
3397 2095 3612 2149 veniunt
3652 2095 3735 2147 de

2149 2184 2344 2239 carnali
2377 2185 2881 2254 "concupiscentia,
2923 2184 2991 2239 de
3014 2194 3232 2256 peccato
3257 2185 3490 2246 scilicet,
3523 2185 3592 2238 de
3615 2201 3729 2252 quo

2150 2276 2399 2346 prmcepit
2430 2285 2482 2330 ut
2512 2291 2617 2330 non
2656 2285 2839 2344 regnet
2868 2275 2918 2330 in
2945 2285 3130 2330 nostro
3155 2275 3366 2330 mortali
3394 2290 3616 2347 corpore
3651 2277 3737 2331 ad

2147 2365 2498 2420 obediendum
2524 2365 2800 2420 desideriis
2826 2367 2938 2436 ejus
2963 2364 3135 2438 (Rom.
3165 2382 3239 2429 vt,
3270 2365 3382 2438 12).

2217 2457 2443 2512 CAPUT
2480 2457 2635 2511 LVII.
2661 2487 2733 2497 —
2765 2458 2852 2513 67.
2895 2457 3003 2512 Sub
3045 2459 3153 2529 lege
3195 2459 3306 2532 quis
3347 2475 3452 2514 esse
3497 2460 3734 2514 dicatur-

2146 2547 2250 2603 Sed
2279 2547 2518 2601 attendat'
2545 2549 2565 2578 ¹
2595 2547 2752 2602 etiam
2795 2550 2908 2618 ipse
2934 2589 2949 2616 ,
2988 2549 3097 2619 jam
3139 2550 3412 2618 baptizatis
3449 2549 3609 2606 fuisse
3633 2551 3732 2604 di-

2147 2646 2312 2705 ctum,
2350 2636 2479 2692 Caro
2519 2640 2821 2710 concupiscit
2867 2640 3107 2694 adversus
3146 2641 3398 2711 spiritum,
3431 2653 3476 2695 et
3506 2642 3730 2712 spiritus

2145 2728 2383 2783 adversus
2409 2746 2610 2783 carnem
2629 2747 2656 2798 ;
2683 2739 2739 2784 ut
2775 2747 2876 2784 non
2907 2747 2967 2785 ea
3004 2747 3120 2802 quae
3142 2731 3289 2786 vultis
3317 2733 3536 2802 faciatis.
3561 2735 3624 2788 Et
3651 2753 3735 2789 ne

2145 2819 2343 2889 abipsa
2365 2835 2540 2891 pugna
2560 2820 2771 2876 desides
2791 2820 3008 2888 faceret,
3035 2831 3089 2877 et
3118 2838 3214 2892 per
3236 2822 3372 2878 hanc
3399 2826 3734 2880 sententiam

2146 2910 2500 2965 laxamentum
2551 2912 2800 2982 peccandi
2847 2913 3058 2968 dedisse
3099 2914 3389 2982 videretur,
3434 2917 3666 2986 adjungit
3700 2959 3722 2983 ,

2147 3000 2299 3068 Quod
2315 3003 2359 3056 si
2379 3004 2559 3072 spiritu
2589 3005 2846 3070 ducimini,
2876 3022 2976 3059 non
3004 3007 3170 3059 adhuc
3195 3008 3311 3061 estis
3334 3009 3424 3062 sub
3451 3011 3556 3082 lege
3581 3010 3726 3082 (Ga-

2144 3093 2234 3144 lat.
2267 3108 2318 3159 v,
2352 3095 2438 3157 l7,
2475 3095 2584 3166 i8).
2629 3095 2738 3149 Sub
2766 3095 2881 3166 lege
2924 3104 3010 3150 est
3055 3099 3216 3162 enim,
3245 3099 3335 3168 qui
3363 3101 3552 3156 timore
3583 3118 3725 3172 sup-

2143 3181 2282 3250 plicii
2319 3183 2460 3252 quod
2485 3183 2572 3238 lex
2601 3184 2850 3251 minatur,
2881 3201 2984 3240 non
3009 3201 3192 3241 amore
3212 3188 3449 3256 justitiae,
3473 3207 3530 3247 se
3553 3195 3729 3248 sentit

2143 3273 2410 3328 abstinere
2444 3275 2511 3328 ab
2539 3289 2700 3344 opere
2718 3277 2938 3345 peccati,
2965 3278 3197 3332 nondum
3225 3279 3359 3334 liber
3390 3297 3487 3336 nec
3510 3285 3724 3340 alienus

2144 3379 2174 3417 a
2218 3365 2490 3420 voluntate
2535 3368 2803 3434 peccandi.
2856 3368 2911 3421 in
2957 3369 3065 3438 ipsa
3110 3371 3254 3425 enim
3283 3371 3550 3428 voluntate
3591 3391 3724 3431 reus

2141 3463 2244 3518 est,
2274 3469 2384 3524 qua'
2404 3456 2601 3522 mallet,
2631 3457 2676 3512 si
2707 3458 2816 3511 lieri
2845 3467 3040 3526 posset,
3071 3477 3172 3515 non
3203 3476 3324 3519 esse
3343 3464 3482 3532 quod
3506 3466 3714 3533 timeat,

2141 3554 2194 3600 ut
2218 3547 2384 3602 libere
2407 3546 2564 3602 faciat
2582 3549 2724 3618 quod
2745 3551 2950 3606 occulte
2976 3551 3262 3608 desiderat.
3288 3554 3428 3624 Ergo
3446 3555 3492 3609 si
3505 3557 3715 3626 spiritu,

2141 3637 2328 3708 inquit,
2358 3639 2618 3706 dueimini,
2651 3658 2750 3694 non
2780 3642 2945 3696 adhuc
2970 3644 3085 3698 estis
3109 3646 3199 3697 sub
3222 3646 3330 3716 lege
3356 3661 3386 3699 τ
3403 3648 3581 3716 utique
3597 3649 3719 3718 lege

2141 3745 2258 3800 qua:
2302 3731 2542 3785 timorem
2589 3733 2808 3797 incutit,
2856 3749 2961 3788 non
3004 3735 3186 3790 tribuit
3225 3737 3563 3803 charitatem;
3593 3755 3719 3808 quae

2141 3822 2371 3876 Charitas
2399 3823 2491 3876 Dei
2529 3822 2719 3878 dill'usa
2747 3834 2828 3878 est
2857 3825 2908 3877 in
2940 3825 3187 3881 cordibus
3214 3829 3411 3883 nostris
3430 3871 3443 3892 ,
3485 3845 3588 3883 non
3616 3845 3720 3898 per

2143 3911 2273 3981 legis
2317 3912 2566 3977 litteram,
2598 3912 2691 3967 sed
2721 3928 2817 3982 per
2843 3915 3099 3984 Spiritum
3147 3928 3388 3972 sanctum
3433 3921 3520 3988 qui
3557 3919 3718 3974 datus

2140 4013 2223 4059 est
2251 4006 2404 4060 nobis
2425 4003 2599 4074 (Rom.
2628 4021 2679 4067 v,
2701 4005 2780 4077 5).
2808 4006 2930 4061 Haec
2949 4018 3029 4062 est
3055 4009 3137 4062 lex
3169 4010 3445 4073 libertatis,
3469 4025 3572 4065 non
3594 4025 3718 4065 ser-

2139 4097 2352 4160 vitutis;
2382 4097 2501 4166 quia
2528 4097 2803 4153 ebaritatis
2826 4099 3026 4169 utique,
3052 4117 3154 4153 non
3180 4101 3388 4156 timorist
3410 4119 3423 4156 :
3445 4101 3510 4155 de
3536 4116 3636 4171 qua
3657 4111 3718 4157 et

2140 4186 2372 4241 Jacobus
2399 4187 2670 4256 apostolus
2699 4188 2792 4251 ait,
2827 4188 2926 4253 Qui
2954 4199 3118 4243 autem
3142 4191 3447 4261 perspexerit
3474 4193 3524 4244 in
3554 4193 3717 4262 legem

2139 4278 2409 4346 perfectam
2445 4277 2685 4330 libertatis
2713 4276 2914 4349 (Jacobi
2954 4295 3003 4343 ι,
3029 4278 3151 4350 25).
3199 4280 3346 4336 Unde
3379 4290 3433 4336 et
3463 4283 3567 4344 ille,
3599 4298 3720 4337 non

2139 4365 2348 4434 quidem
2373 4365 2482 4435 jam
2512 4367 2626 4436 lege
2665 4367 2754 4421 Dei
2787 4369 3084 4423 terrebatur
3112 4379 3168 4424 ut
3206 4385 3412 4435 servus,
3445 4373 3537 4427 sed
3577 4388 3718 4428 con-

2138 4457 2496 4513 delectabatur
2518 4458 2566 4513 ei
2587 4459 2875 4513 secundum
2904 4460 3215 4516 interiorem
3237 4462 3503 4518 bonunem
3532 4482 3544 4516 :
3570 4466 3720 4520 videt

2139 4557 2315 4604 tamen
2344 4548 2518 4603 adhuc
2543 4549 2698 4602 aliam
2727 4551 2900 4619 legem
2928 4551 2981 4605 in
3005 4552 3256 4606 membris
3276 4567 3394 4608 suis
3414 4570 3719 4623 repugnan-

2139 4647 2245 4693 tem
2289 4639 2392 4708 legi
2439 4640 2631 4693 mentis
2674 4654 2802 4693 sua).
2841 4640 2914 4694 lla
2958 4650 3014 4696 et
3056 4643 3160 4708 hic,
3201 4643 3264 4698 Si
3291 4646 3499 4713 spiritu,
3521 4647 3718 4716 inquit,

2138 4729 2380 4793 ducimiui
2399 4770 2414 4793 ,
2461 4745 2559 4782 non
2593 4728 2760 4782 adhuc
2788 4731 2904 4784 estis
2931 4731 3022 4784 sub
3047 4731 3170 4800 lege.
3203 4732 3258 4786 In
3285 4741 3534 4802 quantum
3562 4737 3716 4804 quis-

2137 4837 2240 4890 que
2260 4820 2446 4889 spiritu
2468 4819 2696 4886 ducitur,
2720 4836 2824 4875 non
2845 4829 2926 4876 est
2943 4823 3044 4877 sub
3066 4823 3179 4891 lege
3207 4841 3221 4876 :
3244 4824 3362 4893 quia
3385 4825 3445 4878 in
3459 4836 3715 4893 quantum

2138 4911 2533 4967 condelectatur
2555 4911 2656 4979 legi
2678 4911 2791 4978 Dei,
2819 4927 2924 4965 non
2948 4922 3029 4966 est
3056 4913 3155 4966 sub
3181 4913 3310 4981 legis
3332 4915 3523 4968 timore
3549 4931 3562 4966 :
3587 4917 3715 4983 quia

2140 5005 2299 5060 timor
2326 5012 2644 5058 tormentum
2672 5003 2829 5061 habet
2850 5004 2901 5076 (1
2919 5005 3074 5058 Ioan.
3104 5020 3177 5073 tv,
3210 5005 3451 5076 18),non
3477 5007 3719 5062 delecta-

2138 5100 2358 5152 tionem.

2207 5187 2430 5243 CAPUT
2483 5186 2660 5242 LVlll.
2690 5216 2762 5228 —-
2788 5186 2876 5241 68.
2907 5185 3052 5242 Idem
3079 5195 3321 5241 tractatur
3340 5199 3710 5260 argumentum.

2137 5277 2364 5334 Proinde
2392 5278 2435 5334 si
2464 5288 2606 5334 recte
2631 5280 2912 5342 sentimus,
2939 5278 3076 5332 sicut
3115 5293 3210 5346 pro
3239 5279 3490 5332 membris
3511 5280 3716 5337 sanatis

2135 5371 2333 5441 gratias
2357 5385 2531 5440 agere,
2563 5369 2632 5423 ita
2661 5383 2754 5437 pro
2776 5368 3028 5423 sanandis
3051 5383 3206 5424 orare
3227 5368 3499 5433 debemus,
3532 5380 3587 5423 ut
3611 5371 3713 5422 ab-

2137 5463 2455 5517 solutissima
2501 5461 2586 5517 cni
2634 5460 2764 5514 nihil
2800 5460 2922 5514 addi
2963 5461 3132 5546 possit
3173 5460 3424 5528 sanitate,
3477 5461 3717 5531 perfecta

2140 5556 2235 5611 Dei
2270 5555 2546 5620 suavitate,
2579 5553 2733 5623 plena
2773 5553 3016 5608 libertate
3055 5551 3407 5624 perfruamur.
3430 5552 3544 5607 Non
3565 5555 3714 5608 enim

2202 5713 2217 5744 ι
2254 5710 2386 5766 Editi,
2406 5708 2563 5759 carnis
2577 5715 2722 5774 ωδε.
2747 5708 2952 5758 vani-ani
2965 5721 3148 5774 omnes
3169 5715 3222 5762 et
3239 5707 3483 5774 Gallicani,
3501 5707 3716 5762 carnali.

2201 5775 2220 5805 ³
2253 5775 2323 5822 sic
2347 5779 2449 5822 Mss.
2476 5778 2530 5821 At
2555 5771 2686 5834 editi,
2706 5784 2792 5823 nec
2815 5772 3029 5822 alterum.
