  <div class='ocr_page' id='page_1' title='image "/cluster/home/n/w/nwhite01/storage/ocr_20150623/44/hvd.32044015706336/146.png"; bbox 0 0 3996 6478; ppageno 0'>
   <div class='ocr_carea' id='block_1_1' title="bbox 234 422 1810 501">
    <p class='ocr_par' dir='ltr' id='par_1_1' title="bbox 234 422 1810 501">
     <span class='ocr_line' id='line_1_1' title="bbox 234 422 1810 501; baseline 0.004 -23"><span class='ocrx_word' id='word_1_1' title='bbox 234 422 512 479; x_wconf 68' lang='lat' dir='ltr'><strong>abnuimus</strong></span> <span class='ocrx_word' id='word_1_2' title='bbox 532 422 826 484; x_wconf 79' lang='lat' dir='ltr'><strong>humanam</strong></span> <span class='ocrx_word' id='word_1_3' title='bbox 852 433 1093 486; x_wconf 86' lang='lat' dir='ltr'><strong>naturam</strong></span> <span class='ocrx_word' id='word_1_4' title='bbox 1118 443 1406 501; x_wconf 88' lang='lat' dir='ltr'><strong>posscesse</strong></span> <span class='ocrx_word' id='word_1_5' title='bbox 1431 430 1547 486; x_wconf 88' lang='lat' dir='ltr'><strong>sine</strong></span> <span class='ocrx_word' id='word_1_6' title='bbox 1572 442 1810 501; x_wconf 88' lang='lat' dir='ltr'><strong>peccato,</strong></span> 
     </span>
    </p>
   </div>
   <div class='ocr_carea' id='block_1_2' title="bbox 235 515 1816 592">
    <p class='ocr_par' dir='ltr' id='par_1_2' title="bbox 235 515 1816 592">
     <span class='ocr_line' id='line_1_2' title="bbox 235 515 1816 592; baseline 0.004 -21"><span class='ocrx_word' id='word_1_7' title='bbox 235 515 440 571; x_wconf 88' lang='lat' dir='ltr'><strong>autullo</strong></span> <span class='ocrx_word' id='word_1_8' title='bbox 455 515 619 571; x_wconf 87' lang='lat' dir='ltr'><strong>modo</strong></span> <span class='ocrx_word' id='word_1_9' title='bbox 635 531 837 588; x_wconf 75' lang='lat' dir='ltr'><strong>negare</strong></span> <span class='ocrx_word' id='word_1_10' title='bbox 848 519 1104 576; x_wconf 86' lang='lat' dir='ltr'><strong>debemus</strong></span> <span class='ocrx_word' id='word_1_11' title='bbox 1127 521 1305 589; x_wconf 84' lang='lat' dir='ltr'><strong>perlici</strong></span> <span class='ocrx_word' id='word_1_12' title='bbox 1329 536 1503 591; x_wconf 85' lang='lat' dir='ltr'><strong>posse,</strong></span> <span class='ocrx_word' id='word_1_13' title='bbox 1520 536 1677 592; x_wconf 88' lang='lat' dir='ltr'><strong>quam</strong></span> <span class='ocrx_word' id='word_1_14' title='bbox 1694 538 1816 592; x_wconf 90' lang='lat' dir='ltr'><strong>pro-</strong></span> 
     </span>
    </p>
   </div>
   <div class='ocr_carea' id='block_1_3' title="bbox 232 606 1813 682">
    <p class='ocr_par' dir='ltr' id='par_1_3' title="bbox 232 606 1813 682">
     <span class='ocr_line' id='line_1_3' title="bbox 232 606 1813 682; baseline 0.005 -23"><span class='ocrx_word' id='word_1_15' title='bbox 232 606 389 661; x_wconf 77' lang='lat' dir='ltr'><strong>licere</strong></span> <span class='ocrx_word' id='word_1_16' title='bbox 407 620 511 660; x_wconf 88' lang='lat' dir='ltr'><strong>non</strong></span> <span class='ocrx_word' id='word_1_17' title='bbox 542 622 825 677; x_wconf 76' lang='lat' dir='ltr'><strong>negamus,</strong></span> <span class='ocrx_word' id='word_1_18' title='bbox 858 610 951 665; x_wconf 88' lang='lat' dir='ltr'><strong>sed</strong></span> <span class='ocrx_word' id='word_1_19' title='bbox 975 612 1141 682; x_wconf 77' lang='lat' dir='ltr'><strong>gratia</strong></span> <span class='ocrx_word' id='word_1_20' title='bbox 1173 612 1266 666; x_wconf 86' lang='lat' dir='ltr'><strong>Dei</strong></span> <span class='ocrx_word' id='word_1_21' title='bbox 1304 627 1400 682; x_wconf 88' lang='lat' dir='ltr'><strong>per</strong></span> <span class='ocrx_word' id='word_1_22' title='bbox 1440 612 1620 667; x_wconf 83' lang='lat' dir='ltr'><strong>Jesum</strong></span> <span class='ocrx_word' id='word_1_23' title='bbox 1661 612 1813 669; x_wconf 87' lang='lat' dir='ltr'><strong>Chri-</strong></span> 
     </span>
    </p>
   </div>
   <div class='ocr_carea' id='block_1_4' title="bbox 231 696 1808 772">
    <p class='ocr_par' dir='ltr' id='par_1_4' title="bbox 231 696 1808 772">
     <span class='ocr_line' id='line_1_4' title="bbox 231 696 1808 772; baseline 0.005 -23"><span class='ocrx_word' id='word_1_24' title='bbox 231 706 365 749; x_wconf 87' lang='lat' dir='ltr'><strong>stum</strong></span> <span class='ocrx_word' id='word_1_25' title='bbox 396 696 684 751; x_wconf 86' lang='lat' dir='ltr'><strong>Dominum</strong></span> <span class='ocrx_word' id='word_1_26' title='bbox 710 710 953 755; x_wconf 83' lang='lat' dir='ltr'><strong>nostrum</strong></span> <span class='ocrx_word' id='word_1_27' title='bbox 987 718 1003 756; x_wconf 88' lang='lat'><strong>:</strong></span> <span class='ocrx_word' id='word_1_28' title='bbox 1032 716 1096 756; x_wconf 89' lang='lat' dir='ltr'><strong>eo</strong></span> <span class='ocrx_word' id='word_1_29' title='bbox 1116 702 1399 771; x_wconf 88' lang='lat' dir='ltr'><strong>adjuvantc</strong></span> <span class='ocrx_word' id='word_1_30' title='bbox 1422 702 1534 757; x_wconf 84' lang='lat' dir='ltr'><strong>fieri</strong></span> <span class='ocrx_word' id='word_1_31' title='bbox 1561 702 1808 772; x_wconf 87' lang='lat' dir='ltr'><strong>dicimus,</strong></span> 
     </span>
    </p>
   </div>
   <div class='ocr_carea' id='block_1_5' title="bbox 227 787 1811 862">
    <p class='ocr_par' dir='ltr' id='par_1_5' title="bbox 227 787 1811 862">
     <span class='ocr_line' id='line_1_5' title="bbox 227 787 1811 862; baseline 0.006 -22"><span class='ocrx_word' id='word_1_32' title='bbox 227 798 285 841; x_wconf 89' lang='lat' dir='ltr'><strong>ut</strong></span> <span class='ocrx_word' id='word_1_33' title='bbox 310 787 449 857; x_wconf 77' lang='lat' dir='ltr'><strong>iusta</strong></span> <span class='ocrx_word' id='word_1_34' title='bbox 480 796 537 842; x_wconf 89' lang='lat' dir='ltr'><strong>et</strong></span> <span class='ocrx_word' id='word_1_35' title='bbox 574 788 730 844; x_wconf 89' lang='lat' dir='ltr'><strong>beata</strong></span> <span class='ocrx_word' id='word_1_36' title='bbox 767 792 857 854; x_wconf 87' lang='lat' dir='ltr'><strong>sit,</strong></span> <span class='ocrx_word' id='word_1_37' title='bbox 902 806 932 846; x_wconf 90' lang='lat' dir='ltr'><strong>a</strong></span> <span class='ocrx_word' id='word_1_38' title='bbox 976 808 1083 862; x_wconf 91' lang='lat' dir='ltr'><strong>quo</strong></span> <span class='ocrx_word' id='word_1_39' title='bbox 1120 801 1297 847; x_wconf 89' lang='lat' dir='ltr'><strong>creata</strong></span> <span class='ocrx_word' id='word_1_40' title='bbox 1323 802 1405 847; x_wconf 90' lang='lat' dir='ltr'><strong>est</strong></span> <span class='ocrx_word' id='word_1_41' title='bbox 1433 802 1488 847; x_wconf 91' lang='lat' dir='ltr'><strong>ut</strong></span> <span class='ocrx_word' id='word_1_42' title='bbox 1517 793 1604 847; x_wconf 88' lang='lat' dir='ltr'><strong>sit.</strong></span> <span class='ocrx_word' id='word_1_43' title='bbox 1636 791 1811 849; x_wconf 81' lang='lat' dir='ltr'><strong>Facile</strong></span> 
     </span>
    </p>
   </div>
   <div class='ocr_carea' id='block_1_6' title="bbox 226 876 1804 952">
    <p class='ocr_par' dir='ltr' id='par_1_6' title="bbox 226 876 1804 952">
     <span class='ocr_line' id='line_1_6' title="bbox 226 876 1804 952; baseline 0.004 -21"><span class='ocrx_word' id='word_1_44' title='bbox 226 878 401 947; x_wconf 84' lang='lat' dir='ltr'><strong>itaque</strong></span> <span class='ocrx_word' id='word_1_45' title='bbox 422 876 707 945; x_wconf 76' lang='lat' dir='ltr'><strong>refellitur,</strong></span> <span class='ocrx_word' id='word_1_46' title='bbox 739 881 882 950; x_wconf 90' lang='lat' dir='ltr'><strong>quod</strong></span> <span class='ocrx_word' id='word_1_47' title='bbox 911 896 941 935; x_wconf 90' lang='lat' dir='ltr'><strong>a</strong></span> <span class='ocrx_word' id='word_1_48' title='bbox 966 881 1281 952; x_wconf 90' lang='lat' dir='ltr'><strong>quibusdam</strong></span> <span class='ocrx_word' id='word_1_49' title='bbox 1303 883 1401 936; x_wconf 83' lang='lat' dir='ltr'><strong>sibi</strong></span> <span class='ocrx_word' id='word_1_50' title='bbox 1431 883 1559 937; x_wconf 89' lang='lat' dir='ltr'><strong>dicit</strong></span> <span class='ocrx_word' id='word_1_51' title='bbox 1586 884 1804 952; x_wconf 85' lang='lat' dir='ltr'><strong>opponi,</strong></span> 
     </span>
    </p>
   </div>
   <div class='ocr_carea' id='block_1_7' title="bbox 227 970 1804 1045">
    <p class='ocr_par' dir='ltr' id='par_1_7' title="bbox 227 970 1804 1045">
     <span class='ocr_line' id='line_1_7' title="bbox 227 970 1804 1045; baseline 0.006 -24"><span class='ocrx_word' id='word_1_52' title='bbox 227 988 247 1020; x_wconf 74' lang='grc' dir='ltr'>ι</span> <span class='ocrx_word' id='word_1_53' title='bbox 285 970 541 1026; x_wconf 78' lang='lat' dir='ltr'><strong>Diabolus</strong></span> <span class='ocrx_word' id='word_1_54' title='bbox 583 971 741 1027; x_wconf 87' lang='lat' dir='ltr'><strong>nobis</strong></span> <span class='ocrx_word' id='word_1_55' title='bbox 785 973 1116 1028; x_wconf 74' lang='lat' dir='ltr'><strong>adversatur.</strong></span> <span class='ocrx_word' id='word_1_56' title='bbox 1155 992 1175 1027; x_wconf 72' lang='grc' dir='ltr'><strong><em>ι</em></strong></span> <span class='ocrx_word' id='word_1_57' title='bbox 1228 974 1454 1029; x_wconf 82' lang='lat' dir='ltr'><strong>Prorsus</strong></span> <span class='ocrx_word' id='word_1_58' title='bbox 1497 974 1618 1029; x_wconf 87' lang='lat' dir='ltr'><strong>huic</strong></span> <span class='ocrx_word' id='word_1_59' title='bbox 1652 974 1804 1045; x_wconf 83' lang='lat' dir='ltr'><strong>obje-</strong></span> 
     </span>
    </p>
   </div>
   <div class='ocr_carea' id='block_1_8' title="bbox 218 1060 1805 1136">
    <p class='ocr_par' dir='ltr' id='par_1_8' title="bbox 218 1060 1805 1136">
     <span class='ocr_line' id='line_1_8' title="bbox 218 1060 1805 1136; baseline 0.003 -21"><span class='ocrx_word' id='word_1_60' title='bbox 218 1060 381 1115; x_wconf 80' lang='lat' dir='ltr'><strong>ctioni</strong></span> <span class='ocrx_word' id='word_1_61' title='bbox 403 1062 665 1117; x_wconf 84' lang='lat' dir='ltr'><strong>eteadem</strong></span> <span class='ocrx_word' id='word_1_62' title='bbox 683 1064 844 1117; x_wconf 90' lang='lat' dir='ltr'><strong>verba</strong></span> <span class='ocrx_word' id='word_1_63' title='bbox 872 1065 1275 1133; x_wconf 87' lang='lat' dir='ltr'><strong>respondemus,</strong></span> <span class='ocrx_word' id='word_1_64' title='bbox 1295 1082 1412 1136; x_wconf 75' lang='lat' dir='ltr'><strong>qua:</strong></span> <span class='ocrx_word' id='word_1_65' title='bbox 1439 1066 1552 1135; x_wconf 86' lang='lat' dir='ltr'><strong>ipse</strong></span> <span class='ocrx_word' id='word_1_66' title='bbox 1579 1080 1805 1134; x_wconf 90' lang='lat' dir='ltr'><strong>respon-</strong></span> 
     </span>
    </p>
   </div>
   <div class='ocr_carea' id='block_1_9' title="bbox 217 1152 1803 1225">
    <p class='ocr_par' dir='ltr' id='par_1_9' title="bbox 217 1152 1803 1225">
     <span class='ocr_line' id='line_1_9' title="bbox 217 1152 1803 1225; baseline 0.003 -19"><span class='ocrx_word' id='word_1_67' title='bbox 217 1152 319 1206; x_wconf 86' lang='lat' dir='ltr'><strong>dit:</strong></span> <span class='ocrx_word' id='word_1_68' title='bbox 339 1170 361 1204; x_wconf 75' lang='lat' dir='ltr'><strong>t</strong></span> <span class='ocrx_word' id='word_1_69' title='bbox 386 1152 727 1208; x_wconf 81' lang='lat' dir='ltr'><strong>Resistamus</strong></span> <span class='ocrx_word' id='word_1_70' title='bbox 757 1154 852 1218; x_wconf 90' lang='lat' dir='ltr'><strong>illi,</strong></span> <span class='ocrx_word' id='word_1_71' title='bbox 871 1163 925 1211; x_wconf 90' lang='lat' dir='ltr'><strong>et</strong></span> <span class='ocrx_word' id='word_1_72' title='bbox 946 1154 1126 1225; x_wconf 73' lang='lat' dir='ltr'><strong>fugiet.</strong></span> <span class='ocrx_word' id='word_1_73' title='bbox 1142 1154 1395 1220; x_wconf 75' lang='lat' dir='ltr'><strong>Resistite,</strong></span> <span class='ocrx_word' id='word_1_74' title='bbox 1420 1156 1585 1225; x_wconf 85' lang='lat' dir='ltr'><strong>inquit</strong></span> <span class='ocrx_word' id='word_1_75' title='bbox 1618 1156 1803 1210; x_wconf 85' lang='lat' dir='ltr'><strong>beatus</strong></span> 
     </span>
    </p>
   </div>
   <div class='ocr_carea' id='block_1_10' title="bbox 148 1246 1797 1318">
    <p class='ocr_par' dir='ltr' id='par_1_10' title="bbox 148 1246 1797 1318">
     <span class='ocr_line' id='line_1_10' title="bbox 148 1246 1797 1318; baseline 0.002 -21"><span class='ocrx_word' id='word_1_76' title='bbox 148 1254 151 1255; x_wconf 71' lang='lat'><strong><em>&#39;</em></strong></span> <span class='ocrx_word' id='word_1_77' title='bbox 217 1246 508 1312; x_wconf 73' lang='lat' dir='ltr'><strong>apostolus,</strong></span> <span class='ocrx_word' id='word_1_78' title='bbox 555 1246 781 1313; x_wconf 78' lang='lat' dir='ltr'><strong>diabolo,</strong></span> <span class='ocrx_word' id='word_1_79' title='bbox 820 1256 867 1301; x_wconf 89' lang='lat' dir='ltr'><strong>et</strong></span> <span class='ocrx_word' id='word_1_80' title='bbox 920 1248 1074 1318; x_wconf 76' lang='lat' dir='ltr'><strong>fugiet</strong></span> <span class='ocrx_word' id='word_1_81' title='bbox 1125 1264 1157 1301; x_wconf 70' lang='grc' dir='ltr'>ι</span> <span class='ocrx_word' id='word_1_82' title='bbox 1206 1248 1342 1301; x_wconf 67' lang='lat' dir='ltr'><strong>vobis</strong></span> <span class='ocrx_word' id='word_1_83' title='bbox 1382 1247 1581 1316; x_wconf 87' lang='lat' dir='ltr'><strong>(Jacobi</strong></span> <span class='ocrx_word' id='word_1_84' title='bbox 1612 1262 1683 1312; x_wconf 85' lang='lat' dir='ltr'><strong>tv,</strong></span> <span class='ocrx_word' id='word_1_85' title='bbox 1718 1249 1797 1318; x_wconf 89' lang='lat'><strong>7).</strong></span> 
     </span>
    </p>
   </div>
   <div class='ocr_carea' id='block_1_11' title="bbox 218 1334 1799 1407">
    <p class='ocr_par' dir='ltr' id='par_1_11' title="bbox 218 1334 1799 1407">
     <span class='ocr_line' id='line_1_11' title="bbox 218 1334 1799 1407; baseline 0.002 -18"><span class='ocrx_word' id='word_1_86' title='bbox 218 1334 360 1389; x_wconf 83' lang='lat' dir='ltr'><strong>Unde</strong></span> <span class='ocrx_word' id='word_1_87' title='bbox 405 1335 937 1392; x_wconf 74' lang='lat' dir='ltr'><strong>animadvertendum</strong></span> <span class='ocrx_word' id='word_1_88' title='bbox 989 1346 1070 1392; x_wconf 87' lang='lat' dir='ltr'><strong>est</strong></span> <span class='ocrx_word' id='word_1_89' title='bbox 1108 1337 1231 1407; x_wconf 92' lang='lat' dir='ltr'><strong>quid</strong></span> <span class='ocrx_word' id='word_1_90' title='bbox 1281 1339 1447 1407; x_wconf 88' lang='lat' dir='ltr'><strong>possit</strong></span> <span class='ocrx_word' id='word_1_91' title='bbox 1492 1337 1572 1391; x_wconf 92' lang='lat' dir='ltr'><strong>his</strong></span> <span class='ocrx_word' id='word_1_92' title='bbox 1606 1352 1799 1392; x_wconf 82' lang='lat' dir='ltr'><strong>nocere</strong></span> 
     </span>
    </p>
   </div>
   <div class='ocr_carea' id='block_1_12' title="bbox 214 1426 1797 1498">
    <p class='ocr_par' dir='ltr' id='par_1_12' title="bbox 214 1426 1797 1498">
     <span class='ocr_line' id='line_1_12' title="bbox 214 1426 1797 1498; baseline 0.004 -21"><span class='ocrx_word' id='word_1_93' title='bbox 214 1442 341 1496; x_wconf 87' lang='lat' dir='ltr'><strong>quos</strong></span> <span class='ocrx_word' id='word_1_94' title='bbox 382 1426 544 1498; x_wconf 75' lang='lat' dir='ltr'><strong>fugit,</strong></span> <span class='ocrx_word' id='word_1_95' title='bbox 584 1430 672 1484; x_wconf 82' lang='lat' dir='ltr'><strong>vel</strong></span> <span class='ocrx_word' id='word_1_96' title='bbox 708 1444 865 1498; x_wconf 87' lang='lat' dir='ltr'><strong>quam</strong></span> <span class='ocrx_word' id='word_1_97' title='bbox 903 1430 1145 1483; x_wconf 89' lang='lat' dir='ltr'><strong>virtutem</strong></span> <span class='ocrx_word' id='word_1_98' title='bbox 1188 1428 1383 1484; x_wconf 77' lang='lat' dir='ltr'><strong>habere</strong></span> <span class='ocrx_word' id='word_1_99' title='bbox 1426 1428 1797 1498; x_wconf 80' lang='lat' dir='ltr'><strong>intelligendus</strong></span> 
     </span>
    </p>
   </div>
   <div class='ocr_carea' id='block_1_13' title="bbox 212 1520 1791 1591">
    <p class='ocr_par' dir='ltr' id='par_1_13' title="bbox 212 1520 1791 1591">
     <span class='ocr_line' id='line_1_13' title="bbox 212 1520 1791 1591; baseline -0.001 -19"><span class='ocrx_word' id='word_1_100' title='bbox 212 1521 294 1585; x_wconf 85' lang='lat' dir='ltr'><strong>sit,</strong></span> <span class='ocrx_word' id='word_1_101' title='bbox 322 1520 419 1591; x_wconf 85' lang='lat' dir='ltr'><strong>qui</strong></span> <span class='ocrx_word' id='word_1_102' title='bbox 460 1521 600 1574; x_wconf 87' lang='lat' dir='ltr'><strong>solis</strong></span> <span class='ocrx_word' id='word_1_103' title='bbox 639 1520 928 1590; x_wconf 76' lang='lat' dir='ltr'><strong>prmvalere</strong></span> <span class='ocrx_word' id='word_1_104' title='bbox 971 1537 1082 1574; x_wconf 87' lang='lat' dir='ltr'><strong>non</strong></span> <span class='ocrx_word' id='word_1_105' title='bbox 1127 1520 1495 1575; x_wconf 81' lang='lat' dir='ltr'><strong>resistentibus</strong></span> <span class='ocrx_word' id='word_1_106' title='bbox 1544 1528 1734 1588; x_wconf 80' lang='lat' dir='ltr'><strong>potest.</strong></span> <span class='ocrx_word' id='word_1_107' title='bbox 1771 1537 1791 1571; x_wconf 75' lang='grc' dir='ltr'><strong><em>ι</em></strong></span> 
     </span>
    </p>
   </div>
   <div class='ocr_carea' id='block_1_14' title="bbox 212 1610 1791 1677">
    <p class='ocr_par' dir='ltr' id='par_1_14' title="bbox 212 1610 1791 1677">
     <span class='ocr_line' id='line_1_14' title="bbox 212 1610 1791 1677; baseline -0.002 -11"><span class='ocrx_word' id='word_1_108' title='bbox 212 1610 328 1666; x_wconf 60' lang='lat' dir='ltr'><strong>Haec</strong></span> <span class='ocrx_word' id='word_1_109' title='bbox 350 1621 409 1665; x_wconf 89' lang='lat' dir='ltr'><strong>et</strong></span> <span class='ocrx_word' id='word_1_110' title='bbox 439 1627 561 1665; x_wconf 84' lang='lat' dir='ltr'><strong>mea</strong></span> <span class='ocrx_word' id='word_1_111' title='bbox 593 1611 755 1666; x_wconf 80' lang='lat' dir='ltr'><strong>verba</strong></span> <span class='ocrx_word' id='word_1_112' title='bbox 784 1619 908 1667; x_wconf 82' lang='lat' dir='ltr'><strong>sunt</strong></span> <span class='ocrx_word' id='word_1_113' title='bbox 934 1628 947 1665; x_wconf 92' lang='lat'><strong>:</strong></span> <span class='ocrx_word' id='word_1_114' title='bbox 978 1610 1151 1667; x_wconf 84' lang='lat' dir='ltr'><strong>verius</strong></span> <span class='ocrx_word' id='word_1_115' title='bbox 1176 1610 1316 1665; x_wconf 90' lang='lat' dir='ltr'><strong>enim</strong></span> <span class='ocrx_word' id='word_1_116' title='bbox 1341 1610 1445 1664; x_wconf 89' lang='lat' dir='ltr'><strong>dici</strong></span> <span class='ocrx_word' id='word_1_117' title='bbox 1475 1625 1577 1662; x_wconf 89' lang='lat' dir='ltr'><strong>non</strong></span> <span class='ocrx_word' id='word_1_118' title='bbox 1600 1618 1791 1677; x_wconf 79' lang='lat' dir='ltr'><strong>potest.</strong></span> 
     </span>
    </p>
   </div>
   <div class='ocr_carea' id='block_1_15' title="bbox 211 1697 1790 1768">
    <p class='ocr_par' dir='ltr' id='par_1_15' title="bbox 211 1697 1790 1768">
     <span class='ocr_line' id='line_1_15' title="bbox 211 1697 1790 1768; baseline -0.003 -13"><span class='ocrx_word' id='word_1_119' title='bbox 211 1700 308 1755; x_wconf 87' lang='lat' dir='ltr'><strong>Sed</strong></span> <span class='ocrx_word' id='word_1_120' title='bbox 355 1701 462 1756; x_wconf 79' lang='lat' dir='ltr'><strong>hoc</strong></span> <span class='ocrx_word' id='word_1_121' title='bbox 512 1700 739 1755; x_wconf 79' lang='lat' dir='ltr'><strong>interest</strong></span> <span class='ocrx_word' id='word_1_122' title='bbox 774 1702 911 1756; x_wconf 86' lang='lat' dir='ltr'><strong>inter</strong></span> <span class='ocrx_word' id='word_1_123' title='bbox 935 1716 1031 1754; x_wconf 91' lang='lat' dir='ltr'><strong>nos</strong></span> <span class='ocrx_word' id='word_1_124' title='bbox 1058 1708 1114 1753; x_wconf 89' lang='lat' dir='ltr'><strong>et</strong></span> <span class='ocrx_word' id='word_1_125' title='bbox 1155 1699 1302 1763; x_wconf 87' lang='lat' dir='ltr'><strong>istos,</strong></span> <span class='ocrx_word' id='word_1_126' title='bbox 1333 1697 1472 1768; x_wconf 80' lang='lat' dir='ltr'><strong>quod</strong></span> <span class='ocrx_word' id='word_1_127' title='bbox 1504 1712 1602 1751; x_wconf 88' lang='lat' dir='ltr'><strong>nos</strong></span> <span class='ocrx_word' id='word_1_128' title='bbox 1630 1699 1790 1752; x_wconf 85' lang='lat' dir='ltr'><strong>etiam</strong></span> 
     </span>
    </p>
   </div>
   <div class='ocr_carea' id='block_1_16' title="bbox 209 1788 1787 1860">
    <p class='ocr_par' dir='ltr' id='par_1_16' title="bbox 209 1788 1787 1860">
     <span class='ocr_line' id='line_1_16' title="bbox 209 1788 1787 1860; baseline -0.003 -14"><span class='ocrx_word' id='word_1_129' title='bbox 209 1807 319 1846; x_wconf 80' lang='lat' dir='ltr'><strong>cum</strong></span> <span class='ocrx_word' id='word_1_130' title='bbox 344 1790 573 1847; x_wconf 79' lang='lat' dir='ltr'><strong>diabolo</strong></span> <span class='ocrx_word' id='word_1_131' title='bbox 605 1793 891 1859; x_wconf 82' lang='lat' dir='ltr'><strong>resistitur,</strong></span> <span class='ocrx_word' id='word_1_132' title='bbox 933 1790 1254 1860; x_wconf 85' lang='lat' dir='ltr'><strong>poscendum</strong></span> <span class='ocrx_word' id='word_1_133' title='bbox 1294 1789 1387 1845; x_wconf 90' lang='lat' dir='ltr'><strong>Dei</strong></span> <span class='ocrx_word' id='word_1_134' title='bbox 1430 1788 1748 1857; x_wconf 89' lang='lat' dir='ltr'><strong>adjutorinm</strong></span> <span class='ocrx_word' id='word_1_135' title='bbox 1770 1826 1787 1851; x_wconf 92' lang='lat'><strong>,</strong></span> 
     </span>
    </p>
   </div>
   <div class='ocr_carea' id='block_1_17' title="bbox 210 1881 1783 1953">
    <p class='ocr_par' dir='ltr' id='par_1_17' title="bbox 210 1881 1783 1953">
     <span class='ocr_line' id='line_1_17' title="bbox 210 1881 1783 1953; baseline -0.002 -18"><span class='ocrx_word' id='word_1_136' title='bbox 210 1898 303 1935; x_wconf 80' lang='lat' dir='ltr'><strong>non</strong></span> <span class='ocrx_word' id='word_1_137' title='bbox 329 1884 517 1938; x_wconf 82' lang='lat' dir='ltr'><strong>solum</strong></span> <span class='ocrx_word' id='word_1_138' title='bbox 550 1898 656 1937; x_wconf 89' lang='lat' dir='ltr'><strong>nou</strong></span> <span class='ocrx_word' id='word_1_139' title='bbox 685 1896 958 1953; x_wconf 79' lang='lat' dir='ltr'><strong>negamus,</strong></span> <span class='ocrx_word' id='word_1_140' title='bbox 986 1897 1167 1936; x_wconf 87' lang='lat' dir='ltr'><strong>verum</strong></span> <span class='ocrx_word' id='word_1_141' title='bbox 1202 1881 1363 1935; x_wconf 84' lang='lat' dir='ltr'><strong>etiam</strong></span> <span class='ocrx_word' id='word_1_142' title='bbox 1392 1881 1737 1949; x_wconf 79' lang='lat' dir='ltr'><strong>prmdicamus</strong></span> <span class='ocrx_word' id='word_1_143' title='bbox 1770 1898 1783 1932; x_wconf 91' lang='lat'><strong>:</strong></span> 
     </span>
    </p>
   </div>
   <div class='ocr_carea' id='block_1_18' title="bbox 206 1971 1787 2042">
    <p class='ocr_par' dir='ltr' id='par_1_18' title="bbox 206 1971 1787 2042">
     <span class='ocr_line' id='line_1_18' title="bbox 206 1971 1787 2042; baseline -0.002 -15"><span class='ocrx_word' id='word_1_144' title='bbox 206 1975 279 2028; x_wconf 82' lang='lat' dir='ltr'><strong>isti</strong></span> <span class='ocrx_word' id='word_1_145' title='bbox 306 1984 492 2030; x_wconf 86' lang='lat' dir='ltr'><strong>autem</strong></span> <span class='ocrx_word' id='word_1_146' title='bbox 529 1983 729 2029; x_wconf 79' lang='lat' dir='ltr'><strong>tantam</strong></span> <span class='ocrx_word' id='word_1_147' title='bbox 772 1974 1006 2028; x_wconf 83' lang='lat' dir='ltr'><strong>tribuunt</strong></span> <span class='ocrx_word' id='word_1_148' title='bbox 1045 1980 1357 2042; x_wconf 84' lang='lat' dir='ltr'><strong>potestatem</strong></span> <span class='ocrx_word' id='word_1_149' title='bbox 1393 1971 1647 2025; x_wconf 85' lang='lat' dir='ltr'><strong>voluntati</strong></span> <span class='ocrx_word' id='word_1_150' title='bbox 1672 2011 1685 2031; x_wconf 90' lang='lat'><strong>,</strong></span> <span class='ocrx_word' id='word_1_151' title='bbox 1731 1979 1787 2024; x_wconf 92' lang='lat' dir='ltr'><strong>ut</strong></span> 
     </span>
    </p>
   </div>
   <div class='ocr_carea' id='block_1_19' title="bbox 202 2059 1781 2134">
    <p class='ocr_par' dir='ltr' id='par_1_19' title="bbox 202 2059 1781 2134">
     <span class='ocr_line' id='line_1_19' title="bbox 202 2059 1781 2134; baseline -0.004 -15"><span class='ocrx_word' id='word_1_152' title='bbox 202 2066 372 2134; x_wconf 77' lang='lat' dir='ltr'><strong>pietati</strong></span> <span class='ocrx_word' id='word_1_153' title='bbox 419 2066 673 2120; x_wconf 81' lang='lat' dir='ltr'><strong>auferant</strong></span> <span class='ocrx_word' id='word_1_154' title='bbox 732 2063 1045 2119; x_wconf 87' lang='lat' dir='ltr'><strong>orationem.</strong></span> <span class='ocrx_word' id='word_1_155' title='bbox 1088 2061 1218 2117; x_wconf 86' lang='lat' dir='ltr'><strong>Nam</strong></span> <span class='ocrx_word' id='word_1_156' title='bbox 1257 2061 1437 2129; x_wconf 84' lang='lat' dir='ltr'><strong>utique</strong></span> <span class='ocrx_word' id='word_1_157' title='bbox 1475 2070 1528 2113; x_wconf 93' lang='lat' dir='ltr'><strong>ut</strong></span> <span class='ocrx_word' id='word_1_158' title='bbox 1571 2059 1781 2113; x_wconf 71' lang='lat' dir='ltr'><strong>diabolo</strong></span> 
     </span>
    </p>
   </div>
   <div class='ocr_carea' id='block_1_20' title="bbox 200 2144 1779 2224">
    <p class='ocr_par' dir='ltr' id='par_1_20' title="bbox 200 2144 1779 2224">
     <span class='ocr_line' id='line_1_20' title="bbox 200 2144 1779 2224; baseline -0.004 -15"><span class='ocrx_word' id='word_1_159' title='bbox 200 2156 511 2209; x_wconf 76' lang='lat' dir='ltr'><strong>resistamus</strong></span> <span class='ocrx_word' id='word_1_160' title='bbox 538 2165 595 2210; x_wconf 93' lang='lat' dir='ltr'><strong>et</strong></span> <span class='ocrx_word' id='word_1_161' title='bbox 624 2154 779 2224; x_wconf 78' lang='lat' dir='ltr'><strong>fugiat</strong></span> <span class='ocrx_word' id='word_1_162' title='bbox 814 2169 843 2207; x_wconf 91' lang='lat' dir='ltr'><strong>a</strong></span> <span class='ocrx_word' id='word_1_163' title='bbox 870 2152 1042 2218; x_wconf 90' lang='lat' dir='ltr'><strong>nobis,</strong></span> <span class='ocrx_word' id='word_1_164' title='bbox 1074 2151 1192 2205; x_wconf 90' lang='lat' dir='ltr'><strong>ideo</strong></span> <span class='ocrx_word' id='word_1_165' title='bbox 1223 2144 1499 2219; x_wconf 74' lang='lat' dir='ltr'><strong>precantes</strong></span> <span class='ocrx_word' id='word_1_166' title='bbox 1523 2150 1779 2213; x_wconf 85' lang='lat' dir='ltr'><strong>dicimus,</strong></span> 
     </span>
    </p>
   </div>
   <div class='ocr_carea' id='block_1_21' title="bbox 200 2240 1784 2316">
    <p class='ocr_par' dir='ltr' id='par_1_21' title="bbox 200 2240 1784 2316">
     <span class='ocr_line' id='line_1_21' title="bbox 200 2240 1784 2316; baseline -0.003 -16"><span class='ocrx_word' id='word_1_167' title='bbox 200 2247 276 2301; x_wconf 80' lang='lat' dir='ltr'><strong>Ne</strong></span> <span class='ocrx_word' id='word_1_168' title='bbox 301 2262 397 2299; x_wconf 79' lang='lat' dir='ltr'><strong>nos</strong></span> <span class='ocrx_word' id='word_1_169' title='bbox 427 2248 630 2316; x_wconf 75' lang='lat' dir='ltr'><strong>inferas</strong></span> <span class='ocrx_word' id='word_1_170' title='bbox 656 2247 707 2298; x_wconf 87' lang='lat' dir='ltr'><strong>in</strong></span> <span class='ocrx_word' id='word_1_171' title='bbox 734 2246 1053 2298; x_wconf 84' lang='lat' dir='ltr'><strong>tentationem</strong></span> <span class='ocrx_word' id='word_1_172' title='bbox 1080 2242 1290 2314; x_wconf 81' lang='lat' dir='ltr'><strong>(Matth.</strong></span> <span class='ocrx_word' id='word_1_173' title='bbox 1325 2258 1396 2305; x_wconf 86' lang='lat' dir='ltr'><strong>vt,</strong></span> <span class='ocrx_word' id='word_1_174' title='bbox 1426 2240 1519 2311; x_wconf 78' lang='grc'><strong>15)</strong></span> <span class='ocrx_word' id='word_1_175' title='bbox 1541 2259 1555 2294; x_wconf 91' lang='lat'><strong>:</strong></span> <span class='ocrx_word' id='word_1_176' title='bbox 1584 2241 1712 2295; x_wconf 38' lang='lat' dir='ltr'><strong>ideo.</strong></span> <span class='ocrx_word' id='word_1_177' title='bbox 1729 2249 1784 2296; x_wconf 82' lang='lat' dir='ltr'><strong>et</strong></span> 
     </span>
    </p>
   </div>
   <div class='ocr_carea' id='block_1_22' title="bbox 197 2329 1781 2404">
    <p class='ocr_par' dir='ltr' id='par_1_22' title="bbox 197 2329 1781 2404">
     <span class='ocr_line' id='line_1_22' title="bbox 197 2329 1781 2404; baseline -0.004 -13"><span class='ocrx_word' id='word_1_178' title='bbox 197 2336 448 2391; x_wconf 88' lang='lat' dir='ltr'><strong>admoniti</strong></span> <span class='ocrx_word' id='word_1_179' title='bbox 517 2349 703 2389; x_wconf 86' lang='lat' dir='ltr'><strong>sumus</strong></span> <span class='ocrx_word' id='word_1_180' title='bbox 768 2343 1015 2404; x_wconf 89' lang='lat' dir='ltr'><strong>tanquam</strong></span> <span class='ocrx_word' id='word_1_181' title='bbox 1083 2332 1151 2384; x_wconf 88' lang='lat' dir='ltr'><strong>ab</strong></span> <span class='ocrx_word' id='word_1_182' title='bbox 1210 2330 1534 2399; x_wconf 77' lang='lat' dir='ltr'><strong>imperatore</strong></span> <span class='ocrx_word' id='word_1_183' title='bbox 1583 2329 1781 2384; x_wconf 90' lang='lat' dir='ltr'><strong>milites</strong></span> 
     </span>
    </p>
   </div>
   <div class='ocr_carea' id='block_1_23' title="bbox 198 2421 1778 2493">
    <p class='ocr_par' dir='ltr' id='par_1_23' title="bbox 198 2421 1778 2493">
     <span class='ocr_line' id='line_1_23' title="bbox 198 2421 1778 2493; baseline -0.004 -12"><span class='ocrx_word' id='word_1_184' title='bbox 198 2433 515 2481; x_wconf 72' lang='lat' dir='ltr'><strong>extiormnte</strong></span> <span class='ocrx_word' id='word_1_185' title='bbox 539 2434 594 2479; x_wconf 93' lang='lat' dir='ltr'><strong>et</strong></span> <span class='ocrx_word' id='word_1_186' title='bbox 624 2426 853 2490; x_wconf 89' lang='lat' dir='ltr'><strong>dicente,</strong></span> <span class='ocrx_word' id='word_1_187' title='bbox 890 2422 1120 2493; x_wconf 80' lang='lat' dir='ltr'><strong>Vigilatc,</strong></span> <span class='ocrx_word' id='word_1_188' title='bbox 1150 2431 1196 2476; x_wconf 88' lang='lat' dir='ltr'><strong>et</strong></span> <span class='ocrx_word' id='word_1_189' title='bbox 1222 2431 1360 2475; x_wconf 85' lang='lat' dir='ltr'><strong>orate</strong></span> <span class='ocrx_word' id='word_1_190' title='bbox 1379 2462 1393 2488; x_wconf 96' lang='lat'><strong>,</strong></span> <span class='ocrx_word' id='word_1_191' title='bbox 1426 2437 1487 2474; x_wconf 87' lang='lat' dir='ltr'><strong>ne</strong></span> <span class='ocrx_word' id='word_1_192' title='bbox 1515 2422 1706 2475; x_wconf 73' lang='lat' dir='ltr'><strong>intretis</strong></span> <span class='ocrx_word' id='word_1_193' title='bbox 1726 2421 1778 2474; x_wconf 89' lang='lat' dir='ltr'><strong>in</strong></span> 
     </span>
    </p>
   </div>
   <div class='ocr_carea' id='block_1_24' title="bbox 196 2516 1021 2586">
    <p class='ocr_par' dir='ltr' id='par_1_24' title="bbox 196 2516 1021 2586">
     <span class='ocr_line' id='line_1_24' title="bbox 196 2516 1021 2586; baseline -0.005 -13"><span class='ocrx_word' id='word_1_194' title='bbox 196 2522 519 2576; x_wconf 79' lang='lat' dir='ltr'><strong>tentotionem</strong></span> <span class='ocrx_word' id='word_1_195' title='bbox 548 2518 739 2585; x_wconf 73' lang='lat' dir='ltr'><strong>(Marc.</strong></span> <span class='ocrx_word' id='word_1_196' title='bbox 773 2532 880 2577; x_wconf 74' lang='grc' dir='ltr'><strong>χιν,</strong></span> <span class='ocrx_word' id='word_1_197' title='bbox 909 2516 1021 2586; x_wconf 83' lang='grc'><strong>58).</strong></span> 
     </span>
    </p>
   </div>
   <div class='ocr_carea' id='block_1_25' title="bbox 257 2607 1773 2676">
    <p class='ocr_par' dir='ltr' id='par_1_25' title="bbox 257 2607 1773 2676">
     <span class='ocr_line' id='line_1_25' title="bbox 257 2607 1773 2676; baseline -0.005 -9"><span class='ocrx_word' id='word_1_198' title='bbox 257 2611 493 2667; x_wconf 70' lang='lat' dir='ltr'><strong>CAPUT</strong></span> <span class='ocrx_word' id='word_1_199' title='bbox 534 2609 668 2664; x_wconf 78' lang='lat' dir='ltr'><strong>LIX.</strong></span> <span class='ocrx_word' id='word_1_200' title='bbox 714 2638 786 2648; x_wconf 94' lang='lat'><strong>—</strong></span> <span class='ocrx_word' id='word_1_201' title='bbox 822 2607 909 2663; x_wconf 84' lang='lat'><strong>69.</strong></span> <span class='ocrx_word' id='word_1_202' title='bbox 942 2607 1085 2661; x_wconf 81' lang='lat' dir='ltr'><strong>Idem</strong></span> <span class='ocrx_word' id='word_1_203' title='bbox 1133 2616 1376 2661; x_wconf 83' lang='lat' dir='ltr'><strong>tractatur</strong></span> <span class='ocrx_word' id='word_1_204' title='bbox 1403 2614 1773 2676; x_wconf 80' lang='lat' dir='ltr'><strong>argumentum.</strong></span> 
     </span>
    </p>
   </div>
   <div class='ocr_carea' id='block_1_26' title="bbox 194 2698 1774 2771">
    <p class='ocr_par' dir='ltr' id='par_1_26' title="bbox 194 2698 1774 2771">
     <span class='ocr_line' id='line_1_26' title="bbox 194 2698 1774 2771; baseline -0.001 -16"><span class='ocrx_word' id='word_1_205' title='bbox 194 2704 355 2771; x_wconf 79' lang='lat' dir='ltr'><strong>Quod</strong></span> <span class='ocrx_word' id='word_1_206' title='bbox 379 2718 509 2755; x_wconf 77' lang='lat' dir='ltr'><strong>vero</strong></span> <span class='ocrx_word' id='word_1_207' title='bbox 529 2711 703 2756; x_wconf 85' lang='lat' dir='ltr'><strong>contra</strong></span> <span class='ocrx_word' id='word_1_208' title='bbox 734 2714 830 2754; x_wconf 86' lang='lat' dir='ltr'><strong>eos</strong></span> <span class='ocrx_word' id='word_1_209' title='bbox 854 2699 1104 2769; x_wconf 79' lang='lat' dir='ltr'><strong>diSputat,</strong></span> <span class='ocrx_word' id='word_1_210' title='bbox 1140 2699 1228 2769; x_wconf 90' lang='lat' dir='ltr'><strong>qui</strong></span> <span class='ocrx_word' id='word_1_211' title='bbox 1260 2698 1469 2762; x_wconf 89' lang='lat' dir='ltr'><strong>dicunt,</strong></span> <span class='ocrx_word' id='word_1_212' title='bbox 1506 2716 1525 2750; x_wconf 73' lang='grc' dir='ltr'>ι</span> <span class='ocrx_word' id='word_1_213' title='bbox 1564 2698 1627 2752; x_wconf 84' lang='grc' dir='ltr'>Ει</span> <span class='ocrx_word' id='word_1_214' title='bbox 1655 2698 1774 2768; x_wconf 89' lang='lat' dir='ltr'><strong>quis</strong></span> 
     </span>
    </p>
   </div>
   <div class='ocr_carea' id='block_1_27' title="bbox 194 2790 1775 2863">
    <p class='ocr_par' dir='ltr' id='par_1_27' title="bbox 194 2790 1775 2863">
     <span class='ocr_line' id='line_1_27' title="bbox 194 2790 1775 2863; baseline -0.004 -13"><span class='ocrx_word' id='word_1_215' title='bbox 194 2797 333 2850; x_wconf 84' lang='lat' dir='ltr'><strong>nolit</strong></span> <span class='ocrx_word' id='word_1_216' title='bbox 359 2797 479 2850; x_wconf 86' lang='lat' dir='ltr'><strong>sine</strong></span> <span class='ocrx_word' id='word_1_217' title='bbox 504 2801 716 2863; x_wconf 81' lang='lat' dir='ltr'><strong>peccato</strong></span> <span class='ocrx_word' id='word_1_218' title='bbox 741 2806 861 2846; x_wconf 89' lang='lat' dir='ltr'><strong>esse</strong></span> <span class='ocrx_word' id='word_1_219' title='bbox 880 2833 893 2854; x_wconf 94' lang='lat'><strong>,</strong></span> <span class='ocrx_word' id='word_1_220' title='bbox 924 2791 966 2845; x_wconf 89' lang='lat' dir='ltr'><strong>si</strong></span> <span class='ocrx_word' id='word_1_221' title='bbox 999 2790 1097 2844; x_wconf 91' lang='lat' dir='ltr'><strong>hoc</strong></span> <span class='ocrx_word' id='word_1_222' title='bbox 1124 2791 1174 2844; x_wconf 90' lang='lat' dir='ltr'><strong>in</strong></span> <span class='ocrx_word' id='word_1_223' title='bbox 1204 2790 1435 2844; x_wconf 88' lang='lat' dir='ltr'><strong>hominis</strong></span> <span class='ocrx_word' id='word_1_224' title='bbox 1460 2802 1603 2845; x_wconf 87' lang='lat' dir='ltr'><strong>esset</strong></span> <span class='ocrx_word' id='word_1_225' title='bbox 1630 2790 1775 2859; x_wconf 89' lang='lat' dir='ltr'><strong>posi-</strong></span> 
     </span>
    </p>
   </div>
   <div class='ocr_carea' id='block_1_28' title="bbox 194 2882 1772 2956">
    <p class='ocr_par' dir='ltr' id='par_1_28' title="bbox 194 2882 1772 2956">
     <span class='ocr_line' id='line_1_28' title="bbox 194 2882 1772 2956; baseline -0.004 -15"><span class='ocrx_word' id='word_1_226' title='bbox 194 2897 298 2941; x_wconf 81' lang='lat' dir='ltr'><strong>tum</strong></span> <span class='ocrx_word' id='word_1_227' title='bbox 330 2884 629 2956; x_wconf 82' lang='lat' dir='ltr'><strong>potestate?</strong></span> <span class='ocrx_word' id='word_1_228' title='bbox 662 2903 682 2937; x_wconf 73' lang='grc' dir='ltr'><strong><em>ι</em></strong></span> <span class='ocrx_word' id='word_1_229' title='bbox 714 2884 880 2938; x_wconf 81' lang='lat' dir='ltr'><strong>Recte</strong></span> <span class='ocrx_word' id='word_1_230' title='bbox 905 2884 1113 2953; x_wconf 80' lang='lat' dir='ltr'><strong>quidem</strong></span> <span class='ocrx_word' id='word_1_231' title='bbox 1142 2882 1419 2951; x_wconf 77' lang='lat' dir='ltr'><strong>disputat,</strong></span> <span class='ocrx_word' id='word_1_232' title='bbox 1461 2901 1478 2933; x_wconf 76' lang='grc' dir='ltr'>ι</span> <span class='ocrx_word' id='word_1_233' title='bbox 1527 2882 1625 2935; x_wconf 87' lang='lat' dir='ltr'><strong>hoc</strong></span> <span class='ocrx_word' id='word_1_234' title='bbox 1656 2882 1772 2951; x_wconf 82' lang='lat' dir='ltr'><strong>ipso</strong></span> 
     </span>
    </p>
   </div>
   <div class='ocr_carea' id='block_1_29' title="bbox 194 2973 1767 3044">
    <p class='ocr_par' dir='ltr' id='par_1_29' title="bbox 194 2973 1767 3044">
     <span class='ocr_line' id='line_1_29' title="bbox 194 2973 1767 3044; baseline -0.004 -11"><span class='ocrx_word' id='word_1_235' title='bbox 194 2992 279 3033; x_wconf 82' lang='lat' dir='ltr'><strong>eos</strong></span> <span class='ocrx_word' id='word_1_236' title='bbox 297 2978 549 3033; x_wconf 80' lang='lat' dir='ltr'><strong>conﬁteri</strong></span> <span class='ocrx_word' id='word_1_237' title='bbox 574 2990 677 3030; x_wconf 89' lang='lat' dir='ltr'><strong>non</strong></span> <span class='ocrx_word' id='word_1_238' title='bbox 705 2990 823 3030; x_wconf 83' lang='lat' dir='ltr'><strong>esse</strong></span> <span class='ocrx_word' id='word_1_239' title='bbox 850 2974 1199 3043; x_wconf 88' lang='lat' dir='ltr'><strong>impossibile,</strong></span> <span class='ocrx_word' id='word_1_240' title='bbox 1217 2974 1337 3044; x_wconf 90' lang='lat' dir='ltr'><strong>quia</strong></span> <span class='ocrx_word' id='word_1_241' title='bbox 1362 2973 1463 3028; x_wconf 82' lang='lat' dir='ltr'><strong>hoc</strong></span> <span class='ocrx_word' id='word_1_242' title='bbox 1484 2974 1563 3027; x_wconf 89' lang='lat' dir='ltr'><strong>vel</strong></span> <span class='ocrx_word' id='word_1_243' title='bbox 1588 2973 1767 3037; x_wconf 89' lang='lat' dir='ltr'><strong>multi,</strong></span> 
     </span>
    </p>
   </div>
   <div class='ocr_carea' id='block_1_30' title="bbox 193 3064 1771 3135">
    <p class='ocr_par' dir='ltr' id='par_1_30' title="bbox 193 3064 1771 3135">
     <span class='ocr_line' id='line_1_30' title="bbox 193 3064 1771 3135; baseline -0.002 -14"><span class='ocrx_word' id='word_1_244' title='bbox 193 3071 264 3123; x_wconf 84' lang='lat' dir='ltr'><strong>vel</strong></span> <span class='ocrx_word' id='word_1_245' title='bbox 292 3083 486 3123; x_wconf 83' lang='lat' dir='ltr'><strong>omnes</strong></span> <span class='ocrx_word' id='word_1_246' title='bbox 514 3070 701 3121; x_wconf 83' lang='lat' dir='ltr'><strong>volunt</strong></span> <span class='ocrx_word' id='word_1_247' title='bbox 730 3083 742 3117; x_wconf 94' lang='lat'>:</span> <span class='ocrx_word' id='word_1_248' title='bbox 778 3084 799 3118; x_wconf 82' lang='grc'><strong>›</strong></span> <span class='ocrx_word' id='word_1_249' title='bbox 832 3066 925 3119; x_wconf 88' lang='lat' dir='ltr'><strong>sed</strong></span> <span class='ocrx_word' id='word_1_250' title='bbox 956 3066 1055 3120; x_wconf 90' lang='lat' dir='ltr'><strong>hoc</strong></span> <span class='ocrx_word' id='word_1_251' title='bbox 1080 3064 1217 3119; x_wconf 89' lang='lat' dir='ltr'><strong>unde</strong></span> <span class='ocrx_word' id='word_1_252' title='bbox 1254 3067 1323 3119; x_wconf 82' lang='lat' dir='ltr'><strong>sit</strong></span> <span class='ocrx_word' id='word_1_253' title='bbox 1368 3065 1617 3135; x_wconf 83' lang='lat' dir='ltr'><strong>possibile</strong></span> <span class='ocrx_word' id='word_1_254' title='bbox 1643 3080 1771 3118; x_wconf 85' lang='lat' dir='ltr'><strong>con-</strong></span> 
     </span>
    </p>
   </div>
   <div class='ocr_carea' id='block_1_31' title="bbox 192 3154 1771 3227">
    <p class='ocr_par' dir='ltr' id='par_1_31' title="bbox 192 3154 1771 3227">
     <span class='ocr_line' id='line_1_31' title="bbox 192 3154 1771 3227; baseline -0.002 -14"><span class='ocrx_word' id='word_1_255' title='bbox 192 3159 409 3222; x_wconf 78' lang='lat' dir='ltr'><strong>ﬁteatur,</strong></span> <span class='ocrx_word' id='word_1_256' title='bbox 441 3169 503 3213; x_wconf 88' lang='lat' dir='ltr'><strong>et</strong></span> <span class='ocrx_word' id='word_1_257' title='bbox 539 3172 641 3227; x_wconf 91' lang='lat' dir='ltr'><strong>pax</strong></span> <span class='ocrx_word' id='word_1_258' title='bbox 670 3166 773 3211; x_wconf 88' lang='lat' dir='ltr'><strong>est.</strong></span> <span class='ocrx_word' id='word_1_259' title='bbox 805 3156 920 3224; x_wconf 85' lang='lat' dir='ltr'><strong>Ipsa</strong></span> <span class='ocrx_word' id='word_1_260' title='bbox 948 3163 1033 3210; x_wconf 86' lang='lat' dir='ltr'><strong>est</strong></span> <span class='ocrx_word' id='word_1_261' title='bbox 1062 3156 1203 3209; x_wconf 90' lang='lat' dir='ltr'><strong>enim</strong></span> <span class='ocrx_word' id='word_1_262' title='bbox 1242 3157 1407 3225; x_wconf 78' lang='lat' dir='ltr'><strong>gratia</strong></span> <span class='ocrx_word' id='word_1_263' title='bbox 1441 3156 1529 3210; x_wconf 86' lang='lat' dir='ltr'><strong>Dei</strong></span> <span class='ocrx_word' id='word_1_264' title='bbox 1561 3170 1658 3224; x_wconf 91' lang='lat' dir='ltr'><strong>per</strong></span> <span class='ocrx_word' id='word_1_265' title='bbox 1680 3154 1771 3210; x_wconf 87' lang='lat' dir='ltr'><strong>Je—</strong></span> 
     </span>
    </p>
   </div>
   <div class='ocr_carea' id='block_1_32' title="bbox 190 3244 1768 3315">
    <p class='ocr_par' dir='ltr' id='par_1_32' title="bbox 190 3244 1768 3315">
     <span class='ocr_line' id='line_1_32' title="bbox 190 3244 1768 3315; baseline -0.001 -12"><span class='ocrx_word' id='word_1_266' title='bbox 190 3265 291 3303; x_wconf 78' lang='lat' dir='ltr'><strong>sum</strong></span> <span class='ocrx_word' id='word_1_267' title='bbox 333 3248 620 3303; x_wconf 83' lang='lat' dir='ltr'><strong>Christum</strong></span> <span class='ocrx_word' id='word_1_268' title='bbox 654 3248 932 3302; x_wconf 85' lang='lat' dir='ltr'><strong>Dominum</strong></span> <span class='ocrx_word' id='word_1_269' title='bbox 972 3255 1208 3299; x_wconf 88' lang='lat' dir='ltr'><strong>nostrum</strong></span> <span class='ocrx_word' id='word_1_270' title='bbox 1235 3287 1250 3310; x_wconf 90' lang='lat'><strong>,</strong></span> <span class='ocrx_word' id='word_1_271' title='bbox 1290 3261 1394 3315; x_wconf 89' lang='lat' dir='ltr'><strong>qua</strong></span> <span class='ocrx_word' id='word_1_272' title='bbox 1424 3246 1639 3299; x_wconf 89' lang='lat' dir='ltr'><strong>omnino</strong></span> <span class='ocrx_word' id='word_1_273' title='bbox 1668 3244 1768 3301; x_wconf 88' lang='lat' dir='ltr'><strong>iste</strong></span> 
     </span>
    </p>
   </div>
   <div class='ocr_carea' id='block_1_33' title="bbox 189 3340 1766 3411">
    <p class='ocr_par' dir='ltr' id='par_1_33' title="bbox 189 3340 1766 3411">
     <span class='ocr_line' id='line_1_33' title="bbox 189 3340 1766 3411; baseline -0.002 -15"><span class='ocrx_word' id='word_1_274' title='bbox 189 3357 273 3396; x_wconf 77' lang='lat' dir='ltr'><strong>nos</strong></span> <span class='ocrx_word' id='word_1_275' title='bbox 296 3348 527 3396; x_wconf 80' lang='lat' dir='ltr'><strong>orantes</strong></span> <span class='ocrx_word' id='word_1_276' title='bbox 560 3340 797 3409; x_wconf 74' lang='lat' dir='ltr'><strong>adjuvari</strong></span> <span class='ocrx_word' id='word_1_277' title='bbox 835 3348 891 3393; x_wconf 93' lang='lat' dir='ltr'><strong>ut</strong></span> <span class='ocrx_word' id='word_1_278' title='bbox 926 3354 1030 3392; x_wconf 91' lang='lat' dir='ltr'><strong>non</strong></span> <span class='ocrx_word' id='word_1_279' title='bbox 1066 3354 1367 3411; x_wconf 78' lang='lat' dir='ltr'><strong>peccemus,</strong></span> <span class='ocrx_word' id='word_1_280' title='bbox 1401 3354 1654 3408; x_wconf 77' lang='lat' dir='ltr'><strong>nusquam</strong></span> <span class='ocrx_word' id='word_1_281' title='bbox 1682 3340 1766 3393; x_wconf 92' lang='lat' dir='ltr'><strong>di-</strong></span> 
     </span>
    </p>
   </div>
   <div class='ocr_carea' id='block_1_34' title="bbox 190 3428 1767 3500">
    <p class='ocr_par' dir='ltr' id='par_1_34' title="bbox 190 3428 1767 3500">
     <span class='ocr_line' id='line_1_34' title="bbox 190 3428 1767 3500; baseline 0 -14"><span class='ocrx_word' id='word_1_282' title='bbox 190 3447 296 3486; x_wconf 80' lang='lat' dir='ltr'><strong>cere</strong></span> <span class='ocrx_word' id='word_1_283' title='bbox 322 3431 519 3485; x_wconf 86' lang='lat' dir='ltr'><strong>voluit.</strong></span> <span class='ocrx_word' id='word_1_284' title='bbox 553 3429 705 3496; x_wconf 82' lang='lat' dir='ltr'><strong>Quod</strong></span> <span class='ocrx_word' id='word_1_285' title='bbox 750 3429 795 3483; x_wconf 91' lang='lat' dir='ltr'><strong>si</strong></span> <span class='ocrx_word' id='word_1_286' title='bbox 844 3428 978 3483; x_wconf 82' lang='lat' dir='ltr'><strong>forte</strong></span> <span class='ocrx_word' id='word_1_287' title='bbox 1027 3430 1251 3483; x_wconf 89' lang='lat' dir='ltr'><strong>latenter</strong></span> <span class='ocrx_word' id='word_1_288' title='bbox 1289 3429 1484 3495; x_wconf 89' lang='lat' dir='ltr'><strong>sentit,</strong></span> <span class='ocrx_word' id='word_1_289' title='bbox 1530 3430 1767 3500; x_wconf 77' lang='lat' dir='ltr'><strong>ignoscat</strong></span> 
     </span>
    </p>
   </div>
   <div class='ocr_carea' id='block_1_35' title="bbox 192 3520 1764 3592">
    <p class='ocr_par' dir='ltr' id='par_1_35' title="bbox 192 3520 1764 3592">
     <span class='ocr_line' id='line_1_35' title="bbox 192 3520 1764 3592; baseline 0.002 -17"><span class='ocrx_word' id='word_1_290' title='bbox 192 3524 330 3577; x_wconf 80' lang='lat' dir='ltr'><strong>aliter</strong></span> <span class='ocrx_word' id='word_1_291' title='bbox 368 3522 795 3592; x_wconf 83' lang='lat' dir='ltr'><strong>suSpicantibus.</strong></span> <span class='ocrx_word' id='word_1_292' title='bbox 848 3520 963 3590; x_wconf 90' lang='lat' dir='ltr'><strong>lpse</strong></span> <span class='ocrx_word' id='word_1_293' title='bbox 996 3520 1136 3575; x_wconf 91' lang='lat' dir='ltr'><strong>enim</strong></span> <span class='ocrx_word' id='word_1_294' title='bbox 1174 3522 1274 3575; x_wconf 90' lang='lat' dir='ltr'><strong>hoc</strong></span> <span class='ocrx_word' id='word_1_295' title='bbox 1311 3521 1470 3587; x_wconf 88' lang='lat' dir='ltr'><strong>facit,</strong></span> <span class='ocrx_word' id='word_1_296' title='bbox 1512 3523 1600 3591; x_wconf 86' lang='lat' dir='ltr'><strong>qui</strong></span> <span class='ocrx_word' id='word_1_297' title='bbox 1645 3538 1764 3578; x_wconf 86' lang='lat' dir='ltr'><strong>cum</strong></span> 
     </span>
    </p>
   </div>
   <div class='ocr_carea' id='block_1_36' title="bbox 189 3610 1766 3679">
    <p class='ocr_par' dir='ltr' id='par_1_36' title="bbox 189 3610 1766 3679">
     <span class='ocr_line' id='line_1_36' title="bbox 189 3610 1766 3679; baseline 0.001 -14"><span class='ocrx_word' id='word_1_298' title='bbox 189 3622 375 3666; x_wconf 82' lang='lat' dir='ltr'><strong>tantam</strong></span> <span class='ocrx_word' id='word_1_299' title='bbox 406 3612 480 3667; x_wconf 88' lang='lat' dir='ltr'><strong>de</strong></span> <span class='ocrx_word' id='word_1_300' title='bbox 511 3610 615 3666; x_wconf 81' lang='lat' dir='ltr'><strong>hac</strong></span> <span class='ocrx_word' id='word_1_301' title='bbox 642 3626 702 3666; x_wconf 90' lang='lat' dir='ltr'><strong>re</strong></span> <span class='ocrx_word' id='word_1_302' title='bbox 742 3612 968 3679; x_wconf 89' lang='lat' dir='ltr'><strong>patiatur</strong></span> <span class='ocrx_word' id='word_1_303' title='bbox 1007 3611 1280 3677; x_wconf 87' lang='lat' dir='ltr'><strong>invidiam,</strong></span> <span class='ocrx_word' id='word_1_304' title='bbox 1311 3613 1508 3667; x_wconf 89' lang='lat' dir='ltr'><strong>sentire</strong></span> <span class='ocrx_word' id='word_1_305' title='bbox 1536 3613 1585 3667; x_wconf 90' lang='lat' dir='ltr'><strong>id</strong></span> <span class='ocrx_word' id='word_1_306' title='bbox 1609 3614 1717 3667; x_wconf 90' lang='lat' dir='ltr'><strong>vult</strong></span> <span class='ocrx_word' id='word_1_307' title='bbox 1744 3655 1766 3679; x_wconf 86' lang='lat'><strong>,</strong></span> 
     </span>
    </p>
   </div>
   <div class='ocr_carea' id='block_1_37' title="bbox 186 3702 1767 3775">
    <p class='ocr_par' dir='ltr' id='par_1_37' title="bbox 186 3702 1767 3775">
     <span class='ocr_line' id='line_1_37' title="bbox 186 3702 1767 3775; baseline 0.001 -18"><span class='ocrx_word' id='word_1_308' title='bbox 186 3714 231 3757; x_wconf 86' lang='lat' dir='ltr'><strong>ct</strong></span> <span class='ocrx_word' id='word_1_309' title='bbox 253 3704 506 3758; x_wconf 77' lang='lat' dir='ltr'><strong>conﬁteri</strong></span> <span class='ocrx_word' id='word_1_310' title='bbox 536 3702 620 3757; x_wconf 88' lang='lat' dir='ltr'><strong>vel</strong></span> <span class='ocrx_word' id='word_1_311' title='bbox 653 3702 887 3771; x_wconf 85' lang='lat' dir='ltr'><strong>proliteri</strong></span> <span class='ocrx_word' id='word_1_312' title='bbox 914 3719 1015 3756; x_wconf 90' lang='lat' dir='ltr'><strong>non</strong></span> <span class='ocrx_word' id='word_1_313' title='bbox 1048 3703 1178 3756; x_wconf 87' lang='lat' dir='ltr'><strong>vult.</strong></span> <span class='ocrx_word' id='word_1_314' title='bbox 1209 3703 1343 3770; x_wconf 84' lang='lat' dir='ltr'><strong>Quid</strong></span> <span class='ocrx_word' id='word_1_315' title='bbox 1375 3712 1490 3757; x_wconf 82' lang='lat' dir='ltr'><strong>erat</strong></span> <span class='ocrx_word' id='word_1_316' title='bbox 1516 3720 1767 3775; x_wconf 76' lang='lat' dir='ltr'><strong>magnum</strong></span> 
     </span>
    </p>
   </div>
   <div class='ocr_carea' id='block_1_38' title="bbox 186 3780 1761 3863">
    <p class='ocr_par' dir='ltr' id='par_1_38' title="bbox 186 3780 1761 3863">
     <span class='ocr_line' id='line_1_38' title="bbox 186 3780 1761 3863; baseline 0.001 -16"><span class='ocrx_word' id='word_1_317' title='bbox 186 3803 233 3848; x_wconf 86' lang='lat' dir='ltr'><strong>ut</strong></span> <span class='ocrx_word' id='word_1_318' title='bbox 276 3795 380 3849; x_wconf 89' lang='lat' dir='ltr'><strong>hoc</strong></span> <span class='ocrx_word' id='word_1_319' title='bbox 418 3794 665 3855; x_wconf 73' lang='lat' dir='ltr'><strong>diecrct,</strong></span> <span class='ocrx_word' id='word_1_320' title='bbox 710 3808 831 3846; x_wconf 90' lang='lat' dir='ltr'><strong>cum</strong></span> <span class='ocrx_word' id='word_1_321' title='bbox 888 3780 1181 3861; x_wconf 69' lang='lat' dir='ltr'><strong>praesertim</strong></span> <span class='ocrx_word' id='word_1_322' title='bbox 1221 3792 1323 3845; x_wconf 87' lang='lat' dir='ltr'><strong>sibi</strong></span> <span class='ocrx_word' id='word_1_323' title='bbox 1375 3792 1475 3846; x_wconf 90' lang='lat' dir='ltr'><strong>hoc</strong></span> <span class='ocrx_word' id='word_1_324' title='bbox 1513 3802 1761 3863; x_wconf 84' lang='lat' dir='ltr'><strong>tauquam</strong></span> 
     </span>
    </p>
   </div>
   <div class='ocr_carea' id='block_1_39' title="bbox 184 3883 1765 3953">
    <p class='ocr_par' dir='ltr' id='par_1_39' title="bbox 184 3883 1765 3953">
     <span class='ocr_line' id='line_1_39' title="bbox 184 3883 1765 3953; baseline 0.001 -16"><span class='ocrx_word' id='word_1_325' title='bbox 184 3899 239 3937; x_wconf 84' lang='lat' dir='ltr'><strong>ex</strong></span> <span class='ocrx_word' id='word_1_326' title='bbox 268 3898 502 3952; x_wconf 83' lang='lat' dir='ltr'><strong>persona</strong></span> <span class='ocrx_word' id='word_1_327' title='bbox 535 3883 959 3936; x_wconf 85' lang='lat' dir='ltr'><strong>adversariorqu</strong></span> <span class='ocrx_word' id='word_1_328' title='bbox 988 3883 1287 3951; x_wconf 82' lang='lat' dir='ltr'><strong>oppositum</strong></span> <span class='ocrx_word' id='word_1_329' title='bbox 1317 3892 1541 3937; x_wconf 80' lang='lat' dir='ltr'><strong>tractare</strong></span> <span class='ocrx_word' id='word_1_330' title='bbox 1562 3895 1614 3939; x_wconf 88' lang='lat' dir='ltr'><strong>et</strong></span> <span class='ocrx_word' id='word_1_331' title='bbox 1640 3901 1765 3953; x_wconf 81' lang='lat' dir='ltr'><strong>ape-</strong></span> 
     </span>
    </p>
   </div>
   <div class='ocr_carea' id='block_1_40' title="bbox 184 3972 1763 4041">
    <p class='ocr_par' dir='ltr' id='par_1_40' title="bbox 184 3972 1763 4041">
     <span class='ocr_line' id='line_1_40' title="bbox 184 3972 1763 4041; baseline 0.003 -15"><span class='ocrx_word' id='word_1_332' title='bbox 184 3978 278 4029; x_wconf 85' lang='lat' dir='ltr'><strong>rire</strong></span> <span class='ocrx_word' id='word_1_333' title='bbox 314 3972 659 4041; x_wconf 58' lang='lat' dir='ltr'><strong>susreperit?</strong></span> <span class='ocrx_word' id='word_1_334' title='bbox 698 3972 807 4025; x_wconf 77' lang='lat' dir='ltr'><strong>Cur</strong></span> <span class='ocrx_word' id='word_1_335' title='bbox 854 3974 959 4027; x_wconf 92' lang='lat' dir='ltr'><strong>illic</strong></span> <span class='ocrx_word' id='word_1_336' title='bbox 1000 3974 1167 4027; x_wconf 87' lang='lat' dir='ltr'><strong>solam</strong></span> <span class='ocrx_word' id='word_1_337' title='bbox 1208 3983 1447 4028; x_wconf 86' lang='lat' dir='ltr'><strong>naturam</strong></span> <span class='ocrx_word' id='word_1_338' title='bbox 1479 3976 1763 4031; x_wconf 74' lang='lat' dir='ltr'><strong>defendere</strong></span> 
     </span>
    </p>
   </div>
   <div class='ocr_carea' id='block_1_41' title="bbox 181 4062 1762 4135">
    <p class='ocr_par' dir='ltr' id='par_1_41' title="bbox 181 4062 1762 4135">
     <span class='ocr_line' id='line_1_41' title="bbox 181 4062 1762 4135; baseline 0.003 -19"><span class='ocrx_word' id='word_1_339' title='bbox 181 4065 352 4129; x_wconf 72' lang='lat' dir='ltr'><strong>Voluit,</strong></span> <span class='ocrx_word' id='word_1_340' title='bbox 387 4074 443 4119; x_wconf 90' lang='lat' dir='ltr'><strong>et</strong></span> <span class='ocrx_word' id='word_1_341' title='bbox 475 4063 602 4133; x_wconf 89' lang='lat' dir='ltr'><strong>quia</strong></span> <span class='ocrx_word' id='word_1_342' title='bbox 629 4062 793 4117; x_wconf 77' lang='lat' dir='ltr'><strong>homo</strong></span> <span class='ocrx_word' id='word_1_343' title='bbox 838 4064 906 4116; x_wconf 88' lang='lat' dir='ltr'><strong>ita</strong></span> <span class='ocrx_word' id='word_1_344' title='bbox 954 4073 1166 4119; x_wconf 89' lang='lat' dir='ltr'><strong>creatus</strong></span> <span class='ocrx_word' id='word_1_345' title='bbox 1192 4073 1292 4130; x_wconf 90' lang='lat' dir='ltr'><strong>est,</strong></span> <span class='ocrx_word' id='word_1_346' title='bbox 1327 4074 1383 4118; x_wconf 92' lang='lat' dir='ltr'><strong>ut</strong></span> <span class='ocrx_word' id='word_1_347' title='bbox 1411 4080 1515 4118; x_wconf 89' lang='lat' dir='ltr'><strong>non</strong></span> <span class='ocrx_word' id='word_1_348' title='bbox 1545 4081 1762 4135; x_wconf 87' lang='lat' dir='ltr'><strong>peccare</strong></span> 
     </span>
    </p>
   </div>
   <div class='ocr_carea' id='block_1_42' title="bbox 180 4153 1763 4225">
    <p class='ocr_par' dir='ltr' id='par_1_42' title="bbox 180 4153 1763 4225">
     <span class='ocr_line' id='line_1_42' title="bbox 180 4153 1763 4225; baseline 0.002 -17"><span class='ocrx_word' id='word_1_349' title='bbox 180 4163 384 4222; x_wconf 75' lang='lat' dir='ltr'><strong>posset,</strong></span> <span class='ocrx_word' id='word_1_350' title='bbox 441 4153 491 4207; x_wconf 87' lang='lat' dir='ltr'><strong>si</strong></span> <span class='ocrx_word' id='word_1_351' title='bbox 540 4166 762 4220; x_wconf 86' lang='lat' dir='ltr'><strong>peccare</strong></span> <span class='ocrx_word' id='word_1_352' title='bbox 813 4153 1087 4219; x_wconf 88' lang='lat' dir='ltr'><strong>uoluisset,</strong></span> <span class='ocrx_word' id='word_1_353' title='bbox 1131 4156 1389 4218; x_wconf 71' lang='lat' dir='ltr'><strong>asseruit,</strong></span> <span class='ocrx_word' id='word_1_354' title='bbox 1434 4171 1496 4208; x_wconf 89' lang='lat' dir='ltr'><strong>ac</strong></span> <span class='ocrx_word' id='word_1_355' title='bbox 1538 4171 1634 4225; x_wconf 87' lang='lat' dir='ltr'><strong>per</strong></span> <span class='ocrx_word' id='word_1_356' title='bbox 1662 4156 1763 4211; x_wconf 89' lang='lat' dir='ltr'><strong>hoc</strong></span> 
     </span>
    </p>
   </div>
   <div class='ocr_carea' id='block_1_43' title="bbox 180 4242 1760 4313">
    <p class='ocr_par' dir='ltr' id='par_1_43' title="bbox 180 4242 1760 4313">
     <span class='ocr_line' id='line_1_43' title="bbox 180 4242 1760 4313; baseline 0.002 -18"><span class='ocrx_word' id='word_1_357' title='bbox 180 4242 307 4311; x_wconf 88' lang='lat' dir='ltr'><strong>quod</strong></span> <span class='ocrx_word' id='word_1_358' title='bbox 338 4242 413 4295; x_wconf 90' lang='lat' dir='ltr'><strong>ita</strong></span> <span class='ocrx_word' id='word_1_359' title='bbox 442 4252 654 4296; x_wconf 88' lang='lat' dir='ltr'><strong>creatus</strong></span> <span class='ocrx_word' id='word_1_360' title='bbox 686 4252 801 4306; x_wconf 89' lang='lat' dir='ltr'><strong>est,</strong></span> <span class='ocrx_word' id='word_1_361' title='bbox 834 4256 951 4295; x_wconf 84' lang='lat' dir='ltr'><strong>eam</strong></span> <span class='ocrx_word' id='word_1_362' title='bbox 989 4243 1389 4311; x_wconf 88' lang='lat' dir='ltr'><strong>possibilitatem</strong></span> <span class='ocrx_word' id='word_1_363' title='bbox 1433 4244 1496 4296; x_wconf 86' lang='lat' dir='ltr'><strong>ad</strong></span> <span class='ocrx_word' id='word_1_364' title='bbox 1540 4246 1760 4313; x_wconf 83' lang='lat' dir='ltr'><strong>gratiam</strong></span> 
     </span>
    </p>
   </div>
   <div class='ocr_carea' id='block_1_44' title="bbox 183 4332 1761 4403">
    <p class='ocr_par' dir='ltr' id='par_1_44' title="bbox 183 4332 1761 4403">
     <span class='ocr_line' id='line_1_44' title="bbox 183 4332 1761 4403; baseline 0.003 -18"><span class='ocrx_word' id='word_1_365' title='bbox 183 4332 267 4386; x_wconf 67' lang='lat' dir='ltr'><strong>Dei</strong></span> <span class='ocrx_word' id='word_1_366' title='bbox 312 4333 593 4402; x_wconf 82' lang='lat' dir='ltr'><strong>pertinere</strong></span> <span class='ocrx_word' id='word_1_367' title='bbox 636 4332 899 4397; x_wconf 89' lang='lat' dir='ltr'><strong>delinivit,</strong></span> <span class='ocrx_word' id='word_1_368' title='bbox 939 4349 1040 4402; x_wconf 89' lang='lat' dir='ltr'><strong>qua</strong></span> <span class='ocrx_word' id='word_1_369' title='bbox 1086 4335 1433 4403; x_wconf 83' lang='lat' dir='ltr'><strong>possibilitate</strong></span> <span class='ocrx_word' id='word_1_370' title='bbox 1460 4336 1503 4387; x_wconf 85' lang='lat' dir='ltr'><strong>si</strong></span> <span class='ocrx_word' id='word_1_371' title='bbox 1532 4337 1761 4390; x_wconf 89' lang='lat' dir='ltr'><strong>noluerit</strong></span> 
     </span>
    </p>
   </div>
   <div class='ocr_carea' id='block_1_45' title="bbox 179 4425 1757 4494">
    <p class='ocr_par' dir='ltr' id='par_1_45' title="bbox 179 4425 1757 4494">
     <span class='ocr_line' id='line_1_45' title="bbox 179 4425 1757 4494; baseline 0 -17"><span class='ocrx_word' id='word_1_372' title='bbox 179 4438 414 4492; x_wconf 81' lang='lat' dir='ltr'><strong>peccare,</strong></span> <span class='ocrx_word' id='word_1_373' title='bbox 449 4438 559 4475; x_wconf 88' lang='lat' dir='ltr'><strong>non</strong></span> <span class='ocrx_word' id='word_1_374' title='bbox 590 4432 808 4491; x_wconf 84' lang='lat' dir='ltr'><strong>peccat;</strong></span> <span class='ocrx_word' id='word_1_375' title='bbox 840 4433 895 4478; x_wconf 86' lang='lat' dir='ltr'><strong>et.</strong></span> <span class='ocrx_word' id='word_1_376' title='bbox 932 4425 1098 4478; x_wconf 90' lang='lat' dir='ltr'><strong>noluit</strong></span> <span class='ocrx_word' id='word_1_377' title='bbox 1129 4425 1323 4494; x_wconf 89' lang='lat' dir='ltr'><strong>aliquid</strong></span> <span class='ocrx_word' id='word_1_378' title='bbox 1363 4426 1538 4478; x_wconf 80' lang='lat' dir='ltr'><strong>dicere</strong></span> <span class='ocrx_word' id='word_1_379' title='bbox 1565 4426 1630 4479; x_wconf 88' lang='lat' dir='ltr'><strong>de</strong></span> <span class='ocrx_word' id='word_1_380' title='bbox 1660 4442 1757 4493; x_wconf 90' lang='lat' dir='ltr'><strong>eo,</strong></span> 
     </span>
    </p>
   </div>
   <div class='ocr_carea' id='block_1_46' title="bbox 177 4513 1758 4583">
    <p class='ocr_par' dir='ltr' id='par_1_46' title="bbox 177 4513 1758 4583">
     <span class='ocr_line' id='line_1_46' title="bbox 177 4513 1758 4583; baseline 0.002 -16"><span class='ocrx_word' id='word_1_381' title='bbox 177 4513 306 4581; x_wconf 58' lang='lat' dir='ltr'><strong>Quod</strong></span> <span class='ocrx_word' id='word_1_382' title='bbox 353 4514 472 4582; x_wconf 82' lang='lat' dir='ltr'><strong>ipsa</strong></span> <span class='ocrx_word' id='word_1_383' title='bbox 532 4522 720 4566; x_wconf 87' lang='lat' dir='ltr'><strong>natura</strong></span> <span class='ocrx_word' id='word_1_384' title='bbox 770 4515 935 4581; x_wconf 75' lang='lat' dir='ltr'><strong>gratia</strong></span> <span class='ocrx_word' id='word_1_385' title='bbox 982 4514 1074 4567; x_wconf 89' lang='lat' dir='ltr'><strong>Dei</strong></span> <span class='ocrx_word' id='word_1_386' title='bbox 1120 4531 1213 4583; x_wconf 87' lang='lat' dir='ltr'><strong>per</strong></span> <span class='ocrx_word' id='word_1_387' title='bbox 1254 4515 1434 4569; x_wconf 82' lang='lat' dir='ltr'><strong>Jesum</strong></span> <span class='ocrx_word' id='word_1_388' title='bbox 1486 4514 1758 4570; x_wconf 87' lang='lat' dir='ltr'><strong>Christum</strong></span> 
     </span>
    </p>
   </div>
   <div class='ocr_carea' id='block_1_47' title="bbox 177 4600 1759 4676">
    <p class='ocr_par' dir='ltr' id='par_1_47' title="bbox 177 4600 1759 4676">
     <span class='ocr_line' id='line_1_47' title="bbox 177 4600 1759 4676; baseline 0.004 -21"><span class='ocrx_word' id='word_1_389' title='bbox 177 4600 457 4656; x_wconf 79' lang='lat' dir='ltr'><strong>Dominum</strong></span> <span class='ocrx_word' id='word_1_390' title='bbox 491 4612 730 4655; x_wconf 86' lang='lat' dir='ltr'><strong>nostrum</strong></span> <span class='ocrx_word' id='word_1_391' title='bbox 768 4604 850 4657; x_wconf 82' lang='lat' dir='ltr'><strong>vel</strong></span> <span class='ocrx_word' id='word_1_392' title='bbox 886 4613 1099 4659; x_wconf 85' lang='lat' dir='ltr'><strong>sanatur</strong></span> <span class='ocrx_word' id='word_1_393' title='bbox 1124 4606 1244 4676; x_wconf 85' lang='lat' dir='ltr'><strong>quia</strong></span> <span class='ocrx_word' id='word_1_394' title='bbox 1284 4606 1463 4659; x_wconf 84' lang='lat' dir='ltr'><strong>vitiata</strong></span> <span class='ocrx_word' id='word_1_395' title='bbox 1502 4615 1622 4674; x_wconf 86' lang='lat' dir='ltr'><strong>est,</strong></span> <span class='ocrx_word' id='word_1_396' title='bbox 1675 4607 1759 4663; x_wconf 87' lang='lat' dir='ltr'><strong>vel</strong></span> 
     </span>
    </p>
   </div>
   <div class='ocr_carea' id='block_1_48' title="bbox 175 4695 1117 4764">
    <p class='ocr_par' dir='ltr' id='par_1_48' title="bbox 175 4695 1117 4764">
     <span class='ocr_line' id='line_1_48' title="bbox 175 4695 1117 4764; baseline 0.004 -17"><span class='ocrx_word' id='word_1_397' title='bbox 175 4696 288 4763; x_wconf 82' lang='lat' dir='ltr'><strong>quia</strong></span> <span class='ocrx_word' id='word_1_398' title='bbox 316 4695 419 4749; x_wconf 88' lang='lat' dir='ltr'><strong>sibi</strong></span> <span class='ocrx_word' id='word_1_399' title='bbox 451 4710 559 4749; x_wconf 91' lang='lat' dir='ltr'><strong>non</strong></span> <span class='ocrx_word' id='word_1_400' title='bbox 584 4695 778 4749; x_wconf 88' lang='lat' dir='ltr'><strong>sullicit</strong></span> <span class='ocrx_word' id='word_1_401' title='bbox 802 4696 1117 4764; x_wconf 72' lang='lat' dir='ltr'><strong>adjuvetur?</strong></span> 
     </span>
    </p>
   </div>
   <div class='ocr_carea' id='block_1_49' title="bbox 236 4786 1754 4859">
    <p class='ocr_par' dir='ltr' id='par_1_49' title="bbox 236 4786 1754 4859">
     <span class='ocr_line' id='line_1_49' title="bbox 236 4786 1754 4859; baseline 0.001 -19"><span class='ocrx_word' id='word_1_402' title='bbox 236 4786 471 4842; x_wconf 76' lang='lat' dir='ltr'><strong>CAPUT</strong></span> <span class='ocrx_word' id='word_1_403' title='bbox 495 4786 771 4841; x_wconf 76' lang='lat' dir='ltr'><strong>LX.—70.</strong></span> <span class='ocrx_word' id='word_1_404' title='bbox 797 4787 874 4840; x_wconf 81' lang='lat' dir='ltr'><strong>An</strong></span> <span class='ocrx_word' id='word_1_405' title='bbox 899 4789 1080 4857; x_wconf 82' lang='lat' dir='ltr'><strong>aliquis</strong></span> <span class='ocrx_word' id='word_1_406' title='bbox 1100 4789 1194 4842; x_wconf 83' lang='lat' dir='ltr'><strong>hac</strong></span> <span class='ocrx_word' id='word_1_407' title='bbox 1223 4789 1273 4843; x_wconf 86' lang='lat' dir='ltr'><strong>in</strong></span> <span class='ocrx_word' id='word_1_408' title='bbox 1292 4790 1389 4842; x_wconf 85' lang='lat' dir='ltr'><strong>vita</strong></span> <span class='ocrx_word' id='word_1_409' title='bbox 1412 4792 1517 4843; x_wconf 77' lang='lat' dir='ltr'><strong>sine</strong></span> <span class='ocrx_word' id='word_1_410' title='bbox 1535 4800 1754 4859; x_wconf 81' lang='lat' dir='ltr'><strong>peccato.</strong></span> 
     </span>
    </p>
   </div>
   <div class='ocr_carea' id='block_1_50' title="bbox 181 4878 1758 4950">
    <p class='ocr_par' dir='ltr' id='par_1_50' title="bbox 181 4878 1758 4950">
     <span class='ocr_line' id='line_1_50' title="bbox 181 4878 1758 4950; baseline 0.001 -16"><span class='ocrx_word' id='word_1_411' title='bbox 181 4878 360 4934; x_wconf 81' lang='lat' dir='ltr'><strong>Utrum</strong></span> <span class='ocrx_word' id='word_1_412' title='bbox 388 4880 534 4934; x_wconf 90' lang='lat' dir='ltr'><strong>enim</strong></span> <span class='ocrx_word' id='word_1_413' title='bbox 564 4880 614 4933; x_wconf 90' lang='lat' dir='ltr'><strong>in</strong></span> <span class='ocrx_word' id='word_1_414' title='bbox 646 4880 747 4933; x_wconf 87' lang='lat' dir='ltr'><strong>hoc</strong></span> <span class='ocrx_word' id='word_1_415' title='bbox 773 4881 966 4933; x_wconf 64' lang='lat' dir='ltr'><strong>sarculo</strong></span> <span class='ocrx_word' id='word_1_416' title='bbox 999 4880 1152 4935; x_wconf 88' lang='lat' dir='ltr'><strong>fuerit</strong></span> <span class='ocrx_word' id='word_1_417' title='bbox 1173 4923 1187 4945; x_wconf 90' lang='lat'><strong>,</strong></span> <span class='ocrx_word' id='word_1_418' title='bbox 1219 4883 1298 4935; x_wconf 84' lang='lat' dir='ltr'><strong>vel</strong></span> <span class='ocrx_word' id='word_1_419' title='bbox 1328 4883 1427 4944; x_wconf 85' lang='lat' dir='ltr'><strong>sit,</strong></span> <span class='ocrx_word' id='word_1_420' title='bbox 1462 4883 1545 4936; x_wconf 64' lang='lat' dir='ltr'><strong>vel</strong></span> <span class='ocrx_word' id='word_1_421' title='bbox 1592 4882 1758 4950; x_wconf 87' lang='lat' dir='ltr'><strong>possit</strong></span> 
     </span>
    </p>
   </div>
   <div class='ocr_carea' id='block_1_51' title="bbox 178 4971 1756 5042">
    <p class='ocr_par' dir='ltr' id='par_1_51' title="bbox 178 4971 1756 5042">
     <span class='ocr_line' id='line_1_51' title="bbox 178 4971 1756 5042; baseline 0.001 -17"><span class='ocrx_word' id='word_1_422' title='bbox 178 4987 286 5025; x_wconf 82' lang='lat' dir='ltr'><strong>esse</strong></span> <span class='ocrx_word' id='word_1_423' title='bbox 311 4972 511 5042; x_wconf 86' lang='lat' dir='ltr'><strong>aliquis</strong></span> <span class='ocrx_word' id='word_1_424' title='bbox 538 4972 606 5023; x_wconf 87' lang='lat' dir='ltr'><strong>ita</strong></span> <span class='ocrx_word' id='word_1_425' title='bbox 632 4974 774 5040; x_wconf 52' lang='lat' dir='ltr'><strong>juste</strong></span> <span class='ocrx_word' id='word_1_426' title='bbox 796 4974 997 5033; x_wconf 73' lang='lat' dir='ltr'><strong>vivens,</strong></span> <span class='ocrx_word' id='word_1_427' title='bbox 1019 4981 1075 5024; x_wconf 91' lang='lat' dir='ltr'><strong>ut</strong></span> <span class='ocrx_word' id='word_1_428' title='bbox 1095 4972 1293 5024; x_wconf 87' lang='lat' dir='ltr'><strong>nullutu</strong></span> <span class='ocrx_word' id='word_1_429' title='bbox 1324 4971 1510 5025; x_wconf 89' lang='lat' dir='ltr'><strong>habeat</strong></span> <span class='ocrx_word' id='word_1_430' title='bbox 1537 4972 1756 5026; x_wconf 89' lang='lat' dir='ltr'><strong>omnino</strong></span> 
     </span>
    </p>
   </div>
   <div class='ocr_carea' id='block_1_52' title="bbox 175 5062 1753 5132">
    <p class='ocr_par' dir='ltr' id='par_1_52' title="bbox 175 5062 1753 5132">
     <span class='ocr_line' id='line_1_52' title="bbox 175 5062 1753 5132; baseline 0.002 -17"><span class='ocrx_word' id='word_1_431' title='bbox 175 5072 472 5129; x_wconf 74' lang='lat' dir='ltr'><strong>peccaturo,</strong></span> <span class='ocrx_word' id='word_1_432' title='bbox 497 5072 669 5131; x_wconf 84' lang='lat' dir='ltr'><strong>potest</strong></span> <span class='ocrx_word' id='word_1_433' title='bbox 692 5078 809 5116; x_wconf 85' lang='lat' dir='ltr'><strong>esse</strong></span> <span class='ocrx_word' id='word_1_434' title='bbox 831 5063 1004 5131; x_wconf 87' lang='lat' dir='ltr'><strong>aliqua</strong></span> <span class='ocrx_word' id='word_1_435' title='bbox 1028 5063 1248 5131; x_wconf 73' lang='lat' dir='ltr'><strong>qumstie</strong></span> <span class='ocrx_word' id='word_1_436' title='bbox 1271 5062 1414 5117; x_wconf 88' lang='lat' dir='ltr'><strong>inter</strong></span> <span class='ocrx_word' id='word_1_437' title='bbox 1433 5077 1588 5118; x_wconf 82' lang='lat' dir='ltr'><strong>veros</strong></span> <span class='ocrx_word' id='word_1_438' title='bbox 1618 5062 1753 5132; x_wconf 83' lang='lat' dir='ltr'><strong>pios-</strong></span> 
     </span>
    </p>
   </div>
   <div class='ocr_carea' id='block_1_53' title="bbox 177 5155 1756 5225">
    <p class='ocr_par' dir='ltr' id='par_1_53' title="bbox 177 5155 1756 5225">
     <span class='ocr_line' id='line_1_53' title="bbox 177 5155 1756 5225; baseline 0.001 -16"><span class='ocrx_word' id='word_1_439' title='bbox 177 5169 273 5223; x_wconf 82' lang='lat' dir='ltr'><strong>que</strong></span> <span class='ocrx_word' id='word_1_440' title='bbox 296 5155 634 5209; x_wconf 85' lang='lat' dir='ltr'><strong>Christianos</strong></span> <span class='ocrx_word' id='word_1_441' title='bbox 666 5174 678 5207; x_wconf 89' lang='lat'><strong>:</strong></span> <span class='ocrx_word' id='word_1_442' title='bbox 706 5170 861 5224; x_wconf 89' lang='lat' dir='ltr'><strong>posse</strong></span> <span class='ocrx_word' id='word_1_443' title='bbox 886 5164 1059 5208; x_wconf 86' lang='lat' dir='ltr'><strong>tamen</strong></span> <span class='ocrx_word' id='word_1_444' title='bbox 1091 5169 1214 5211; x_wconf 88' lang='lat' dir='ltr'><strong>esse</strong></span> <span class='ocrx_word' id='word_1_445' title='bbox 1263 5166 1410 5210; x_wconf 89' lang='lat' dir='ltr'><strong>certe</strong></span> <span class='ocrx_word' id='word_1_446' title='bbox 1457 5166 1577 5225; x_wconf 90' lang='lat' dir='ltr'><strong>post</strong></span> <span class='ocrx_word' id='word_1_447' title='bbox 1619 5155 1756 5210; x_wconf 91' lang='lat' dir='ltr'><strong>hanc</strong></span> 
     </span>
    </p>
   </div>
   <div class='ocr_carea' id='block_1_54' title="bbox 174 5246 1750 5317">
    <p class='ocr_par' dir='ltr' id='par_1_54' title="bbox 174 5246 1750 5317">
     <span class='ocr_line' id='line_1_54' title="bbox 174 5246 1750 5317; baseline 0.002 -20"><span class='ocrx_word' id='word_1_448' title='bbox 174 5247 332 5301; x_wconf 75' lang='lat' dir='ltr'><strong>vitam</strong></span> <span class='ocrx_word' id='word_1_449' title='bbox 359 5247 603 5317; x_wconf 88' lang='lat' dir='ltr'><strong>quisquis</strong></span> <span class='ocrx_word' id='word_1_450' title='bbox 630 5246 850 5315; x_wconf 72' lang='lat' dir='ltr'><strong>a-rbigit</strong></span> <span class='ocrx_word' id='word_1_451' title='bbox 871 5289 884 5310; x_wconf 89' lang='lat'><strong>,</strong></span> <span class='ocrx_word' id='word_1_452' title='bbox 909 5246 1121 5317; x_wconf 83' lang='lat' dir='ltr'><strong>desipit.</strong></span> <span class='ocrx_word' id='word_1_453' title='bbox 1151 5246 1257 5302; x_wconf 85' lang='lat' dir='ltr'><strong>Sed</strong></span> <span class='ocrx_word' id='word_1_454' title='bbox 1282 5262 1383 5317; x_wconf 73' lang='lat' dir='ltr'><strong>ego</strong></span> <span class='ocrx_word' id='word_1_455' title='bbox 1426 5263 1523 5301; x_wconf 90' lang='lat' dir='ltr'><strong>nec</strong></span> <span class='ocrx_word' id='word_1_456' title='bbox 1561 5246 1627 5301; x_wconf 92' lang='lat' dir='ltr'><strong>de</strong></span> <span class='ocrx_word' id='word_1_457' title='bbox 1654 5247 1750 5302; x_wconf 68' lang='lat' dir='ltr'><strong>ista</strong></span> 
     </span>
    </p>
   </div>
   <div class='ocr_carea' id='block_1_55' title="bbox 172 5336 1781 5407">
    <p class='ocr_par' dir='ltr' id='par_1_55' title="bbox 172 5336 1781 5407">
     <span class='ocr_line' id='line_1_55' title="bbox 172 5336 1781 5407; baseline -0.001 -16"><span class='ocrx_word' id='word_1_458' title='bbox 172 5338 273 5391; x_wconf 79' lang='lat' dir='ltr'><strong>vita</strong></span> <span class='ocrx_word' id='word_1_459' title='bbox 296 5339 418 5392; x_wconf 79' lang='lat' dir='ltr'><strong>volo</strong></span> <span class='ocrx_word' id='word_1_460' title='bbox 442 5337 792 5393; x_wconf 81' lang='lat' dir='ltr'><strong>contendere.</strong></span> <span class='ocrx_word' id='word_1_461' title='bbox 840 5336 1147 5407; x_wconf 76' lang='lat' dir='ltr'><strong>Quanquam</strong></span> <span class='ocrx_word' id='word_1_462' title='bbox 1194 5339 1333 5391; x_wconf 88' lang='lat' dir='ltr'><strong>enim</strong></span> <span class='ocrx_word' id='word_1_463' title='bbox 1376 5338 1502 5391; x_wconf 89' lang='lat' dir='ltr'><strong>mihi</strong></span> <span class='ocrx_word' id='word_1_464' title='bbox 1535 5354 1637 5390; x_wconf 91' lang='lat' dir='ltr'><strong>non</strong></span> <span class='ocrx_word' id='word_1_465' title='bbox 1670 5338 1781 5407; x_wconf 35' lang='lat' dir='ltr'><strong>vi-.</strong></span> 
     </span>
    </p>
   </div>
   <div class='ocr_carea' id='block_1_56' title="bbox 170 5427 1752 5501">
    <p class='ocr_par' dir='ltr' id='par_1_56' title="bbox 170 5427 1752 5501">
     <span class='ocr_line' id='line_1_56' title="bbox 170 5427 1752 5501; baseline -0.002 -17"><span class='ocrx_word' id='word_1_466' title='bbox 170 5432 355 5485; x_wconf 87' lang='lat' dir='ltr'><strong>deatur</strong></span> <span class='ocrx_word' id='word_1_467' title='bbox 379 5432 536 5486; x_wconf 84' lang='lat' dir='ltr'><strong>aliter</strong></span> <span class='ocrx_word' id='word_1_468' title='bbox 562 5429 965 5501; x_wconf 81' lang='lat' dir='ltr'><strong>intelligendum</strong></span> <span class='ocrx_word' id='word_1_469' title='bbox 1005 5429 1147 5500; x_wconf 88' lang='lat' dir='ltr'><strong>quod</strong></span> <span class='ocrx_word' id='word_1_470' title='bbox 1192 5431 1442 5500; x_wconf 85' lang='lat' dir='ltr'><strong>scriptum</strong></span> <span class='ocrx_word' id='word_1_471' title='bbox 1487 5438 1599 5495; x_wconf 89' lang='lat' dir='ltr'><strong>est,</strong></span> <span class='ocrx_word' id='word_1_472' title='bbox 1628 5427 1752 5482; x_wconf 85' lang='lat' dir='ltr'><strong>Non</strong></span> 
     </span>
    </p>
   </div>
   <div class='ocr_carea' id='block_1_57' title="bbox 161 5519 1746 5594">
    <p class='ocr_par' dir='ltr' id='par_1_57' title="bbox 161 5519 1746 5594">
     <span class='ocr_line' id='line_1_57' title="bbox 161 5519 1746 5594; baseline -0.001 -19"><span class='ocrx_word' id='word_1_473' title='bbox 161 5524 519 5594; x_wconf 75' lang='lat' dir='ltr'><strong>justiﬁcobitur</strong></span> <span class='ocrx_word' id='word_1_474' title='bbox 529 5525 580 5578; x_wconf 89' lang='lat' dir='ltr'><strong>in</strong></span> <span class='ocrx_word' id='word_1_475' title='bbox 594 5530 863 5593; x_wconf 84' lang='lat' dir='ltr'><strong>conspectu</strong></span> <span class='ocrx_word' id='word_1_476' title='bbox 876 5532 959 5576; x_wconf 81' lang='lat' dir='ltr'><strong>tuo</strong></span> <span class='ocrx_word' id='word_1_477' title='bbox 972 5522 1133 5576; x_wconf 80' lang='lat' dir='ltr'><strong>omnis</strong></span> <span class='ocrx_word' id='word_1_478' title='bbox 1150 5522 1307 5576; x_wconf 84' lang='lat' dir='ltr'><strong>vivens</strong></span> <span class='ocrx_word' id='word_1_479' title='bbox 1322 5522 1342 5593; x_wconf 96' lang='lat'><strong>(</strong></span> <span class='ocrx_word' id='word_1_480' title='bbox 1351 5522 1472 5575; x_wconf 81' lang='lat' dir='ltr'><strong>l’sal</strong></span> <span class='ocrx_word' id='word_1_481' title='bbox 1483 5536 1561 5575; x_wconf 83' lang='lat' dir='ltr'><strong>.cx</strong></span> <span class='ocrx_word' id='word_1_482' title='bbox 1571 5519 1720 5590; x_wconf 57' lang='lat' dir='ltr'><strong>un?)</strong></span> <span class='ocrx_word' id='word_1_483' title='bbox 1731 5561 1746 5585; x_wconf 92' lang='lat'><strong>,</strong></span> 
     </span>
    </p>
   </div>
   <div class='ocr_carea' id='block_1_58' title="bbox 165 5612 1747 5685">
    <p class='ocr_par' dir='ltr' id='par_1_58' title="bbox 165 5612 1747 5685">
     <span class='ocr_line' id='line_1_58' title="bbox 165 5612 1747 5685; baseline -0.001 -16"><span class='ocrx_word' id='word_1_484' title='bbox 165 5623 218 5669; x_wconf 88' lang='lat' dir='ltr'><strong>et</strong></span> <span class='ocrx_word' id='word_1_485' title='bbox 240 5616 283 5670; x_wconf 88' lang='lat' dir='ltr'><strong>si</strong></span> <span class='ocrx_word' id='word_1_486' title='bbox 317 5632 420 5685; x_wconf 89' lang='lat' dir='ltr'><strong>qua</strong></span> <span class='ocrx_word' id='word_1_487' title='bbox 446 5616 637 5671; x_wconf 87' lang='lat' dir='ltr'><strong>similia</strong></span> <span class='ocrx_word' id='word_1_488' title='bbox 674 5633 689 5669; x_wconf 91' lang='lat'><strong>:</strong></span> <span class='ocrx_word' id='word_1_489' title='bbox 722 5613 920 5667; x_wconf 89' lang='lat' dir='ltr'><strong>utinam</strong></span> <span class='ocrx_word' id='word_1_490' title='bbox 953 5623 1128 5667; x_wconf 87' lang='lat' dir='ltr'><strong>tamen</strong></span> <span class='ocrx_word' id='word_1_491' title='bbox 1150 5615 1165 5645; x_wconf 83' lang='grc'>¹</span> <span class='ocrx_word' id='word_1_492' title='bbox 1199 5615 1363 5683; x_wconf 86' lang='lat' dir='ltr'><strong>possit</strong></span> <span class='ocrx_word' id='word_1_493' title='bbox 1389 5612 1631 5681; x_wconf 89' lang='lat' dir='ltr'><strong>ostendi,</strong></span> <span class='ocrx_word' id='word_1_494' title='bbox 1666 5614 1747 5669; x_wconf 77' lang='lat' dir='ltr'><strong>vel</strong></span> 
     </span>
    </p>
   </div>
   <div class='ocr_carea' id='block_1_59' title="bbox 226 5725 1250 5793">
    <p class='ocr_par' dir='ltr' id='par_1_59' title="bbox 226 5725 1250 5793">
     <span class='ocr_line' id='line_1_59' title="bbox 226 5725 1250 5793; baseline -0.003 -15"><span class='ocrx_word' id='word_1_495' title='bbox 226 5732 243 5763; x_wconf 74' lang='grc'><strong><em>⁵</em></strong></span> <span class='ocrx_word' id='word_1_496' title='bbox 274 5731 411 5793; x_wconf 64' lang='lat' dir='ltr'><strong>alia,</strong></span> <span class='ocrx_word' id='word_1_497' title='bbox 436 5736 485 5780; x_wconf 84' lang='lat' dir='ltr'><strong>ut</strong></span> <span class='ocrx_word' id='word_1_498' title='bbox 506 5737 689 5787; x_wconf 74' lang='lat' dir='ltr'><strong>tamen.</strong></span> <span class='ocrx_word' id='word_1_499' title='bbox 714 5725 1035 5776; x_wconf 81' lang='lat' dir='ltr'><strong>Emendantur</strong></span> <span class='ocrx_word' id='word_1_500' title='bbox 1062 5740 1122 5777; x_wconf 82' lang='lat' dir='ltr'><strong>ex</strong></span> <span class='ocrx_word' id='word_1_501' title='bbox 1147 5734 1250 5776; x_wconf 80' lang='lat' dir='ltr'><strong>Mss.</strong></span> 
     </span>
    </p>
   </div>
   <div class='ocr_carea' id='block_1_60' title="bbox 1649 313 2084 377">
    <p class='ocr_par' dir='ltr' id='par_1_60' title="bbox 1649 313 2084 377">
     <span class='ocr_line' id='line_1_60' title="bbox 1649 313 2084 377; baseline 0.014 -6"><span class='ocrx_word' id='word_1_502' title='bbox 1649 313 1847 372; x_wconf 75' lang='lat' dir='ltr'><strong>LiliEll</strong></span> <span class='ocrx_word' id='word_1_503' title='bbox 1885 316 2084 377; x_wconf 75' lang='lat' dir='ltr'><strong>UNUS.</strong></span> 
     </span>
    </p>
   </div>
   <div class='ocr_carea' id='block_1_61' title="bbox 3388 344 3496 400">
    <p class='ocr_par' dir='ltr' id='par_1_61' title="bbox 3388 344 3496 400">
     <span class='ocr_line' id='line_1_61' title="bbox 3388 344 3496 400; baseline 0.009 -1"><span class='ocrx_word' id='word_1_504' title='bbox 3388 344 3496 400; x_wconf 67' lang='lat'><strong>282</strong></span> 
     </span>
    </p>
   </div>
   <div class='ocr_carea' id='block_1_62' title="bbox 1925 435 3490 531">
    <p class='ocr_par' dir='ltr' id='par_1_62' title="bbox 1925 435 3490 531">
     <span class='ocr_line' id='line_1_62' title="bbox 1925 435 3490 531; baseline 0.019 -42"><span class='ocrx_word' id='word_1_505' title='bbox 1925 435 2038 531; x_wconf 61' lang='lat' dir='ltr'><strong>inec</strong></span> <span class='ocrx_word' id='word_1_506' title='bbox 2068 440 2363 531; x_wconf 84' lang='lat' dir='ltr'><strong>testimonia</strong></span> <span class='ocrx_word' id='word_1_507' title='bbox 2395 446 2583 503; x_wconf 80' lang='lat' dir='ltr'><strong>melius</strong></span> <span class='ocrx_word' id='word_1_508' title='bbox 2610 449 2763 506; x_wconf 88' lang='lat' dir='ltr'><strong>aliter</strong></span> <span class='ocrx_word' id='word_1_509' title='bbox 2789 452 3005 525; x_wconf 82' lang='lat' dir='ltr'><strong>intelligi</strong></span> <span class='ocrx_word' id='word_1_510' title='bbox 3034 469 3221 526; x_wconf 87' lang='lat' dir='ltr'><strong>posse,</strong></span> <span class='ocrx_word' id='word_1_511' title='bbox 3252 459 3335 515; x_wconf 88' lang='lat' dir='ltr'><strong>vel</strong></span> <span class='ocrx_word' id='word_1_512' title='bbox 3367 476 3490 531; x_wconf 83' lang='lat' dir='ltr'><strong>pcr-</strong></span> 
     </span>
    </p>
   </div>
   <div class='ocr_carea' id='block_1_63' title="bbox 1920 523 3479 611">
    <p class='ocr_par' dir='ltr' id='par_1_63' title="bbox 1920 523 3479 611">
     <span class='ocr_line' id='line_1_63' title="bbox 1920 523 3479 611; baseline 0.016 -34"><span class='ocrx_word' id='word_1_513' title='bbox 1920 523 2110 581; x_wconf 82' lang='lat' dir='ltr'><strong>fectant</strong></span> <span class='ocrx_word' id='word_1_514' title='bbox 2139 530 2451 601; x_wconf 86' lang='lat' dir='ltr'><strong>plenamque</strong></span> <span class='ocrx_word' id='word_1_515' title='bbox 2470 537 2726 604; x_wconf 90' lang='lat' dir='ltr'><strong>justitiam</strong></span> <span class='ocrx_word' id='word_1_516' title='bbox 2748 541 2831 595; x_wconf 92' lang='lat' dir='ltr'><strong>cui</strong></span> <span class='ocrx_word' id='word_1_517' title='bbox 2858 523 3075 611; x_wconf 80' lang='lat' dir='ltr'><strong>prorsus</strong></span> <span class='ocrx_word' id='word_1_518' title='bbox 3117 523 3245 601; x_wconf 88' lang='lat' dir='ltr'><strong>nihil</strong></span> <span class='ocrx_word' id='word_1_519' title='bbox 3284 523 3479 605; x_wconf 83' lang='lat' dir='ltr'><strong>addcn.</strong></span> 
     </span>
    </p>
   </div>
   <div class='ocr_carea' id='block_1_64' title="bbox 1916 615 3487 710">
    <p class='ocr_par' dir='ltr' id='par_1_64' title="bbox 1916 615 3487 710">
     <span class='ocr_line' id='line_1_64' title="bbox 1916 615 3487 710; baseline 0.018 -41"><span class='ocrx_word' id='word_1_520' title='bbox 1916 615 2040 710; x_wconf 83' lang='lat' dir='ltr'><strong>dum</strong></span> <span class='ocrx_word' id='word_1_521' title='bbox 2068 621 2169 683; x_wconf 90' lang='lat' dir='ltr'><strong>sit,</strong></span> <span class='ocrx_word' id='word_1_522' title='bbox 2193 621 2373 678; x_wconf 88' lang='lat' dir='ltr'><strong>etheri</strong></span> <span class='ocrx_word' id='word_1_523' title='bbox 2404 624 2565 681; x_wconf 88' lang='lat' dir='ltr'><strong>fuisse</strong></span> <span class='ocrx_word' id='word_1_524' title='bbox 2587 629 2638 683; x_wconf 93' lang='lat' dir='ltr'><strong>in</strong></span> <span class='ocrx_word' id='word_1_525' title='bbox 2669 631 2873 701; x_wconf 86' lang='lat' dir='ltr'><strong>aliquo,</strong></span> <span class='ocrx_word' id='word_1_526' title='bbox 2904 633 3030 689; x_wconf 92' lang='lat' dir='ltr'><strong>dum</strong></span> <span class='ocrx_word' id='word_1_527' title='bbox 3059 636 3110 690; x_wconf 93' lang='lat' dir='ltr'><strong>in</strong></span> <span class='ocrx_word' id='word_1_528' title='bbox 3134 636 3234 692; x_wconf 89' lang='lat' dir='ltr'><strong>isto</strong></span> <span class='ocrx_word' id='word_1_529' title='bbox 3261 655 3487 710; x_wconf 82' lang='lat' dir='ltr'><strong>corpore</strong></span> 
     </span>
    </p>
   </div>
   <div class='ocr_carea' id='block_1_65' title="bbox 1913 707 3482 792">
    <p class='ocr_par' dir='ltr' id='par_1_65' title="bbox 1913 707 3482 792">
     <span class='ocr_line' id='line_1_65' title="bbox 1913 707 3482 792; baseline 0.015 -31"><span class='ocrx_word' id='word_1_530' title='bbox 1913 707 2143 778; x_wconf 80' lang='lat' dir='ltr'><strong>viveret,</strong></span> <span class='ocrx_word' id='word_1_531' title='bbox 2170 721 2223 766; x_wconf 90' lang='lat' dir='ltr'><strong>et</strong></span> <span class='ocrx_word' id='word_1_532' title='bbox 2264 713 2423 771; x_wconf 88' lang='lat' dir='ltr'><strong>hodie</strong></span> <span class='ocrx_word' id='word_1_533' title='bbox 2450 731 2599 782; x_wconf 81' lang='lat' dir='ltr'><strong>esse,</strong></span> <span class='ocrx_word' id='word_1_534' title='bbox 2632 729 2685 775; x_wconf 91' lang='lat' dir='ltr'><strong>et</strong></span> <span class='ocrx_word' id='word_1_535' title='bbox 2712 737 2830 777; x_wconf 82' lang='lat' dir='ltr'><strong>cras</strong></span> <span class='ocrx_word' id='word_1_536' title='bbox 2860 722 3124 792; x_wconf 90' lang='lat' dir='ltr'><strong>futuram;</strong></span> <span class='ocrx_word' id='word_1_537' title='bbox 3155 727 3280 783; x_wconf 89' lang='lat' dir='ltr'><strong>dum</strong></span> <span class='ocrx_word' id='word_1_538' title='bbox 3304 707 3482 785; x_wconf 83' lang='lat' dir='ltr'><strong>tamen</strong></span> 
     </span>
    </p>
   </div>
   <div class='ocr_carea' id='block_1_66' title="bbox 1912 797 3482 883">
    <p class='ocr_par' dir='ltr' id='par_1_66' title="bbox 1912 797 3482 883">
     <span class='ocr_line' id='line_1_66' title="bbox 1912 797 3482 883; baseline 0.015 -32"><span class='ocrx_word' id='word_1_539' title='bbox 1912 797 2069 869; x_wconf 79' lang='lat' dir='ltr'><strong>longe</strong></span> <span class='ocrx_word' id='word_1_540' title='bbox 2096 801 2272 869; x_wconf 84' lang='lat' dir='ltr'><strong>plures</strong></span> <span class='ocrx_word' id='word_1_541' title='bbox 2293 805 2428 871; x_wconf 90' lang='lat' dir='ltr'><strong>sint,</strong></span> <span class='ocrx_word' id='word_1_542' title='bbox 2449 808 2535 877; x_wconf 88' lang='lat' dir='ltr'><strong>qui</strong></span> <span class='ocrx_word' id='word_1_543' title='bbox 2562 823 2680 863; x_wconf 91' lang='lat' dir='ltr'><strong>cum</strong></span> <span class='ocrx_word' id='word_1_544' title='bbox 2710 811 2806 865; x_wconf 89' lang='lat' dir='ltr'><strong>sibi</strong></span> <span class='ocrx_word' id='word_1_545' title='bbox 2832 827 2998 883; x_wconf 92' lang='lat' dir='ltr'><strong>usque</strong></span> <span class='ocrx_word' id='word_1_546' title='bbox 3023 814 3090 869; x_wconf 89' lang='lat' dir='ltr'><strong>ad</strong></span> <span class='ocrx_word' id='word_1_547' title='bbox 3119 816 3361 873; x_wconf 91' lang='lat' dir='ltr'><strong>ultimum</strong></span> <span class='ocrx_word' id='word_1_548' title='bbox 3400 821 3482 875; x_wconf 92' lang='lat' dir='ltr'><strong>vi-</strong></span> 
     </span>
    </p>
   </div>
   <div class='ocr_carea' id='block_1_67' title="bbox 1911 888 3484 973">
    <p class='ocr_par' dir='ltr' id='par_1_67' title="bbox 1911 888 3484 973">
     <span class='ocr_line' id='line_1_67' title="bbox 1911 888 3484 973; baseline 0.016 -32"><span class='ocrx_word' id='word_1_549' title='bbox 1911 895 1979 942; x_wconf 67' lang='lat' dir='ltr'><strong>tae</strong></span> <span class='ocrx_word' id='word_1_550' title='bbox 1998 888 2153 959; x_wconf 91' lang='lat' dir='ltr'><strong>hujus</strong></span> <span class='ocrx_word' id='word_1_551' title='bbox 2184 893 2323 948; x_wconf 90' lang='lat' dir='ltr'><strong>diem</strong></span> <span class='ocrx_word' id='word_1_552' title='bbox 2354 900 2709 955; x_wconf 86' lang='lat' dir='ltr'><strong>necessarium</strong></span> <span class='ocrx_word' id='word_1_553' title='bbox 2737 917 2855 958; x_wconf 86' lang='lat' dir='ltr'><strong>esse</strong></span> <span class='ocrx_word' id='word_1_554' title='bbox 2884 919 2987 961; x_wconf 91' lang='lat' dir='ltr'><strong>non</strong></span> <span class='ocrx_word' id='word_1_555' title='bbox 3009 906 3279 973; x_wconf 88' lang='lat' dir='ltr'><strong>dubitent,</strong></span> <span class='ocrx_word' id='word_1_556' title='bbox 3307 920 3364 964; x_wconf 92' lang='lat' dir='ltr'><strong>ut</strong></span> <span class='ocrx_word' id='word_1_557' title='bbox 3390 928 3484 967; x_wconf 87' lang='lat' dir='ltr'><strong>ve-</strong></span> 
     </span>
    </p>
   </div>
   <div class='ocr_carea' id='block_1_68' title="bbox 1909 979 3483 1066">
    <p class='ocr_par' dir='ltr' id='par_1_68' title="bbox 1909 979 3483 1066">
     <span class='ocr_line' id='line_1_68' title="bbox 1909 979 3483 1066; baseline 0.016 -34"><span class='ocrx_word' id='word_1_558' title='bbox 1909 979 2103 1036; x_wconf 87' lang='lat' dir='ltr'><strong>raciter</strong></span> <span class='ocrx_word' id='word_1_559' title='bbox 2116 982 2294 1039; x_wconf 80' lang='lat' dir='ltr'><strong>dicant</strong></span> <span class='ocrx_word' id='word_1_560' title='bbox 2312 1027 2327 1051; x_wconf 95' lang='lat'><strong>,</strong></span> <span class='ocrx_word' id='word_1_561' title='bbox 2357 986 2563 1044; x_wconf 83' lang='lat' dir='ltr'><strong>Dimitte</strong></span> <span class='ocrx_word' id='word_1_562' title='bbox 2590 993 2731 1047; x_wconf 75' lang='lat' dir='ltr'><strong>nobis</strong></span> <span class='ocrx_word' id='word_1_563' title='bbox 2753 994 2917 1048; x_wconf 79' lang='lat' dir='ltr'><strong>debita</strong></span> <span class='ocrx_word' id='word_1_564' title='bbox 2950 1007 3149 1066; x_wconf 75' lang='lat' dir='ltr'><strong>nostra,</strong></span> <span class='ocrx_word' id='word_1_565' title='bbox 3176 1001 3302 1054; x_wconf 74' lang='lat' dir='ltr'><strong>sicut</strong></span> <span class='ocrx_word' id='word_1_566' title='bbox 3323 1012 3368 1055; x_wconf 83' lang='lat' dir='ltr'><strong>et</strong></span> <span class='ocrx_word' id='word_1_567' title='bbox 3390 1018 3483 1058; x_wconf 72' lang='lat' dir='ltr'><strong>nos</strong></span> 
     </span>
    </p>
   </div>
   <div class='ocr_carea' id='block_1_69' title="bbox 1907 1068 3479 1161">
    <p class='ocr_par' dir='ltr' id='par_1_69' title="bbox 1907 1068 3479 1161">
     <span class='ocr_line' id='line_1_69' title="bbox 1907 1068 3479 1161; baseline 0.017 -40"><span class='ocrx_word' id='word_1_568' title='bbox 1907 1068 2202 1127; x_wconf 71' lang='lat' dir='ltr'><strong>dimittimus</strong></span> <span class='ocrx_word' id='word_1_569' title='bbox 2243 1076 2543 1134; x_wconf 75' lang='lat' dir='ltr'><strong>debitoribus</strong></span> <span class='ocrx_word' id='word_1_570' title='bbox 2575 1082 2756 1137; x_wconf 70' lang='lat' dir='ltr'><strong>nostris</strong></span> <span class='ocrx_word' id='word_1_571' title='bbox 2793 1083 3005 1153; x_wconf 78' lang='lat' dir='ltr'><strong>(Matth.</strong></span> <span class='ocrx_word' id='word_1_572' title='bbox 3044 1102 3121 1155; x_wconf 76' lang='lat' dir='ltr'><strong>VI,</strong></span> <span class='ocrx_word' id='word_1_573' title='bbox 3169 1089 3277 1159; x_wconf 74' lang='lat'><strong>12);</strong></span> <span class='ocrx_word' id='word_1_574' title='bbox 3325 1106 3479 1161; x_wconf 88' lang='lat' dir='ltr'><strong>spem</strong></span> 
     </span>
    </p>
   </div>
   <div class='ocr_carea' id='block_1_70' title="bbox 1905 1167 3479 1248">
    <p class='ocr_par' dir='ltr' id='par_1_70' title="bbox 1905 1167 3479 1248">
     <span class='ocr_line' id='line_1_70' title="bbox 1905 1167 3479 1248; baseline 0.015 -34"><span class='ocrx_word' id='word_1_575' title='bbox 1905 1174 2053 1215; x_wconf 88' lang='lat' dir='ltr'><strong>suam</strong></span> <span class='ocrx_word' id='word_1_576' title='bbox 2086 1172 2258 1219; x_wconf 86' lang='lat' dir='ltr'><strong>tamen</strong></span> <span class='ocrx_word' id='word_1_577' title='bbox 2283 1167 2334 1221; x_wconf 92' lang='lat' dir='ltr'><strong>in</strong></span> <span class='ocrx_word' id='word_1_578' title='bbox 2366 1169 2579 1226; x_wconf 87' lang='lat' dir='ltr'><strong>Christo</strong></span> <span class='ocrx_word' id='word_1_579' title='bbox 2621 1182 2779 1243; x_wconf 88' lang='lat' dir='ltr'><strong>atque</strong></span> <span class='ocrx_word' id='word_1_580' title='bbox 2823 1175 2874 1229; x_wconf 92' lang='lat' dir='ltr'><strong>in</strong></span> <span class='ocrx_word' id='word_1_581' title='bbox 2901 1176 3015 1245; x_wconf 84' lang='lat' dir='ltr'><strong>ejus</strong></span> <span class='ocrx_word' id='word_1_582' title='bbox 3042 1181 3479 1248; x_wconf 85' lang='lat' dir='ltr'><strong>promissionibns</strong></span> 
     </span>
    </p>
   </div>
   <div class='ocr_carea' id='block_1_71' title="bbox 1904 1261 3467 1325">
    <p class='ocr_par' dir='ltr' id='par_1_71' title="bbox 1904 1261 3467 1325">
     <span class='ocr_line' id='line_1_71' title="bbox 1904 1261 3467 1325; baseline 0.013 -21"><span class='ocrx_word' id='word_1_583' title='bbox 1904 1266 2079 1305; x_wconf 72' lang='lat' dir='ltr'><strong>verum</strong></span> <span class='ocrx_word' id='word_1_584' title='bbox 2101 1294 2115 1319; x_wconf 96' lang='lat'><strong>,</strong></span> <span class='ocrx_word' id='word_1_585' title='bbox 2145 1265 2340 1310; x_wconf 88' lang='lat' dir='ltr'><strong>certam</strong></span> <span class='ocrx_word' id='word_1_586' title='bbox 2362 1300 2375 1322; x_wconf 95' lang='lat'><strong>,</strong></span> <span class='ocrx_word' id='word_1_587' title='bbox 2407 1261 2609 1315; x_wconf 87' lang='lat' dir='ltr'><strong>llrmam</strong></span> <span class='ocrx_word' id='word_1_588' title='bbox 2633 1278 2759 1319; x_wconf 80' lang='lat' dir='ltr'><strong>esse</strong></span> <span class='ocrx_word' id='word_1_589' title='bbox 2773 1266 3057 1320; x_wconf 83' lang='lat' dir='ltr'><strong>conﬁdant.</strong></span> <span class='ocrx_word' id='word_1_590' title='bbox 3090 1268 3246 1324; x_wconf 82' lang='lat' dir='ltr'><strong>Nullo</strong></span> <span class='ocrx_word' id='word_1_591' title='bbox 3291 1281 3467 1325; x_wconf 83' lang='lat' dir='ltr'><strong>tamen</strong></span> 
     </span>
    </p>
   </div>
   <div class='ocr_carea' id='block_1_72' title="bbox 1903 1345 3473 1431">
    <p class='ocr_par' dir='ltr' id='par_1_72' title="bbox 1903 1345 3473 1431">
     <span class='ocr_line' id='line_1_72' title="bbox 1903 1345 3473 1431; baseline 0.014 -35"><span class='ocrx_word' id='word_1_592' title='bbox 1903 1345 2061 1399; x_wconf 84' lang='lat' dir='ltr'><strong>modo</strong></span> <span class='ocrx_word' id='word_1_593' title='bbox 2088 1348 2187 1401; x_wconf 90' lang='lat' dir='ltr'><strong>nisi</strong></span> <span class='ocrx_word' id='word_1_594' title='bbox 2209 1348 2490 1418; x_wconf 81' lang='lat' dir='ltr'><strong>adjuvante</strong></span> <span class='ocrx_word' id='word_1_595' title='bbox 2516 1357 2679 1424; x_wconf 79' lang='lat' dir='ltr'><strong>gratia</strong></span> <span class='ocrx_word' id='word_1_596' title='bbox 2712 1357 3193 1416; x_wconf 78' lang='lat' dir='ltr'><strong>salvatorisChristi</strong></span> <span class='ocrx_word' id='word_1_597' title='bbox 3216 1364 3473 1431; x_wconf 75' lang='lat' dir='ltr'><strong>crucifixi,</strong></span> 
     </span>
    </p>
   </div>
   <div class='ocr_carea' id='block_1_73' title="bbox 1898 1434 3473 1519">
    <p class='ocr_par' dir='ltr' id='par_1_73' title="bbox 1898 1434 3473 1519">
     <span class='ocr_line' id='line_1_73' title="bbox 1898 1434 3473 1519; baseline 0.015 -32"><span class='ocrx_word' id='word_1_598' title='bbox 1898 1443 1953 1488; x_wconf 89' lang='lat' dir='ltr'><strong>et</strong></span> <span class='ocrx_word' id='word_1_599' title='bbox 1980 1434 2130 1490; x_wconf 89' lang='lat' dir='ltr'><strong>dono</strong></span> <span class='ocrx_word' id='word_1_600' title='bbox 2173 1438 2399 1507; x_wconf 87' lang='lat' dir='ltr'><strong>Spiritus</strong></span> <span class='ocrx_word' id='word_1_601' title='bbox 2420 1444 2535 1510; x_wconf 90' lang='lat' dir='ltr'><strong>ejus</strong></span> <span class='ocrx_word' id='word_1_602' title='bbox 2555 1486 2570 1510; x_wconf 92' lang='lat'><strong>,</strong></span> <span class='ocrx_word' id='word_1_603' title='bbox 2601 1446 2684 1499; x_wconf 82' lang='lat' dir='ltr'><strong>vel</strong></span> <span class='ocrx_word' id='word_1_604' title='bbox 2730 1449 2993 1516; x_wconf 90' lang='lat' dir='ltr'><strong>quoslibet</strong></span> <span class='ocrx_word' id='word_1_605' title='bbox 3021 1452 3084 1505; x_wconf 91' lang='lat' dir='ltr'><strong>ad</strong></span> <span class='ocrx_word' id='word_1_606' title='bbox 3115 1452 3473 1519; x_wconf 77' lang='lat' dir='ltr'><strong>pleni&#39;Ssimam</strong></span> 
     </span>
    </p>
   </div>
   <div class='ocr_carea' id='block_1_74' title="bbox 1898 1525 3470 1613">
    <p class='ocr_par' dir='ltr' id='par_1_74' title="bbox 1898 1525 3470 1613">
     <span class='ocr_line' id='line_1_74' title="bbox 1898 1525 3470 1613; baseline 0.013 -35"><span class='ocrx_word' id='word_1_607' title='bbox 1898 1525 2304 1594; x_wconf 79' lang='lat' dir='ltr'><strong>perfectionem,</strong></span> <span class='ocrx_word' id='word_1_608' title='bbox 2334 1532 2415 1585; x_wconf 78' lang='lat' dir='ltr'><strong>vel</strong></span> <span class='ocrx_word' id='word_1_609' title='bbox 2443 1548 2760 1604; x_wconf 85' lang='lat' dir='ltr'><strong>quemquam</strong></span> <span class='ocrx_word' id='word_1_610' title='bbox 2791 1538 2855 1591; x_wconf 89' lang='lat' dir='ltr'><strong>ad</strong></span> <span class='ocrx_word' id='word_1_611' title='bbox 2886 1540 3326 1613; x_wconf 87' lang='lat' dir='ltr'><strong>qualemcumque</strong></span> <span class='ocrx_word' id='word_1_612' title='bbox 3344 1560 3470 1613; x_wconf 89' lang='lat' dir='ltr'><strong>pro-</strong></span> 
     </span>
    </p>
   </div>
   <div class='ocr_carea' id='block_1_75' title="bbox 1898 1620 3468 1703">
    <p class='ocr_par' dir='ltr' id='par_1_75' title="bbox 1898 1620 3468 1703">
     <span class='ocr_line' id='line_1_75' title="bbox 1898 1620 3468 1703; baseline 0.013 -36"><span class='ocrx_word' id='word_1_613' title='bbox 1898 1626 2109 1670; x_wconf 89' lang='lat' dir='ltr'><strong>vectum</strong></span> <span class='ocrx_word' id='word_1_614' title='bbox 2134 1632 2279 1673; x_wconf 66' lang='lat' dir='ltr'><strong>verat</strong></span> <span class='ocrx_word' id='word_1_615' title='bbox 2324 1620 2530 1691; x_wconf 65' lang='lat' dir='ltr'><strong>piteque</strong></span> <span class='ocrx_word' id='word_1_616' title='bbox 2571 1622 2788 1692; x_wconf 70' lang='lat' dir='ltr'><strong>justitite</strong></span> <span class='ocrx_word' id='word_1_617' title='bbox 2818 1630 3123 1694; x_wconf 85' lang='lat' dir='ltr'><strong>pervenire,</strong></span> <span class='ocrx_word' id='word_1_618' title='bbox 3173 1633 3262 1700; x_wconf 87' lang='lat' dir='ltr'><strong>qui</strong></span> <span class='ocrx_word' id='word_1_619' title='bbox 3306 1649 3468 1703; x_wconf 80' lang='lat' dir='ltr'><strong>nega-</strong></span> 
     </span>
    </p>
   </div>
   <div class='ocr_carea' id='block_1_76' title="bbox 1894 1705 3469 1791">
    <p class='ocr_par' dir='ltr' id='par_1_76' title="bbox 1894 1705 3469 1791">
     <span class='ocr_line' id='line_1_76' title="bbox 1894 1705 3469 1791; baseline 0.013 -36"><span class='ocrx_word' id='word_1_620' title='bbox 1894 1705 2065 1759; x_wconf 89' lang='lat' dir='ltr'><strong>verint</strong></span> <span class='ocrx_word' id='word_1_621' title='bbox 2082 1746 2098 1771; x_wconf 93' lang='lat'><strong>,</strong></span> <span class='ocrx_word' id='word_1_622' title='bbox 2138 1706 2316 1761; x_wconf 90' lang='lat' dir='ltr'><strong>nescio</strong></span> <span class='ocrx_word' id='word_1_623' title='bbox 2342 1718 2517 1764; x_wconf 91' lang='lat' dir='ltr'><strong>utrum</strong></span> <span class='ocrx_word' id='word_1_624' title='bbox 2535 1720 2677 1765; x_wconf 83' lang='lat' dir='ltr'><strong>recte</strong></span> <span class='ocrx_word' id='word_1_625' title='bbox 2703 1714 2906 1781; x_wconf 85' lang='lat' dir='ltr'><strong>possint</strong></span> <span class='ocrx_word' id='word_1_626' title='bbox 2931 1718 2980 1769; x_wconf 94' lang='lat' dir='ltr'><strong>in</strong></span> <span class='ocrx_word' id='word_1_627' title='bbox 3004 1718 3469 1791; x_wconf 81' lang='lat' dir='ltr'><strong>qualiumcumque</strong></span> 
     </span>
    </p>
   </div>
   <div class='ocr_carea' id='block_1_77' title="bbox 1893 1794 2845 1874">
    <p class='ocr_par' dir='ltr' id='par_1_77' title="bbox 1893 1794 2845 1874">
     <span class='ocr_line' id='line_1_77' title="bbox 1893 1794 2845 1874; baseline 0.012 -25"><span class='ocrx_word' id='word_1_628' title='bbox 1893 1794 2312 1853; x_wconf 85' lang='lat' dir='ltr'><strong>Christianorum</strong></span> <span class='ocrx_word' id='word_1_629' title='bbox 2336 1816 2558 1857; x_wconf 92' lang='lat' dir='ltr'><strong>numero</strong></span> <span class='ocrx_word' id='word_1_630' title='bbox 2586 1803 2845 1874; x_wconf 90' lang='lat' dir='ltr'><strong>deputari.</strong></span> 
     </span>
    </p>
   </div>
   <div class='ocr_carea' id='block_1_78' title="bbox 1960 1885 3467 1963">
    <p class='ocr_par' dir='ltr' id='par_1_78' title="bbox 1960 1885 3467 1963">
     <span class='ocr_line' id='line_1_78' title="bbox 1960 1885 3467 1963; baseline 0.012 -24"><span class='ocrx_word' id='word_1_631' title='bbox 1960 1885 2186 1943; x_wconf 79' lang='lat' dir='ltr'><strong>CAPUT</strong></span> <span class='ocrx_word' id='word_1_632' title='bbox 2203 1888 2337 1943; x_wconf 76' lang='lat' dir='ltr'><strong>LXI.</strong></span> <span class='ocrx_word' id='word_1_633' title='bbox 2361 1921 2433 1930; x_wconf 93' lang='lat'><strong><em>—</em></strong></span> <span class='ocrx_word' id='word_1_634' title='bbox 2454 1892 2539 1946; x_wconf 76' lang='grc'><strong>71.</strong></span> <span class='ocrx_word' id='word_1_635' title='bbox 2560 1893 2848 1963; x_wconf 76' lang='lat' dir='ltr'><strong>Respondet</strong></span> <span class='ocrx_word' id='word_1_636' title='bbox 2872 1896 2940 1949; x_wconf 83' lang='lat' dir='ltr'><strong>ad</strong></span> <span class='ocrx_word' id='word_1_637' title='bbox 2962 1897 3324 1955; x_wconf 80' lang='lat' dir='ltr'><strong>catholicorum</strong></span> <span class='ocrx_word' id='word_1_638' title='bbox 3339 1904 3467 1957; x_wconf 68' lang='lat' dir='ltr'><strong>acri-</strong></span> 
     </span>
    </p>
   </div>
   <div class='ocr_carea' id='block_1_79' title="bbox 1888 1979 3466 2061">
    <p class='ocr_par' dir='ltr' id='par_1_79' title="bbox 1888 1979 3466 2061">
     <span class='ocr_line' id='line_1_79' title="bbox 1888 1979 3466 2061; baseline 0.012 -34"><span class='ocrx_word' id='word_1_639' title='bbox 1888 1983 2091 2045; x_wconf 76' lang='lat' dir='ltr'><strong>ptorum</strong></span> <span class='ocrx_word' id='word_1_640' title='bbox 2139 1979 2421 2034; x_wconf 68' lang='lat' dir='ltr'><strong>testimonia</strong></span> <span class='ocrx_word' id='word_1_641' title='bbox 2464 1998 2579 2052; x_wconf 66' lang='lat' dir='ltr'><strong>quae</strong></span> <span class='ocrx_word' id='word_1_642' title='bbox 2628 1982 2869 2056; x_wconf 77' lang='lat' dir='ltr'><strong>Pelagius</strong></span> <span class='ocrx_word' id='word_1_643' title='bbox 2912 2004 3005 2057; x_wconf 88' lang='lat' dir='ltr'><strong>pro</strong></span> <span class='ocrx_word' id='word_1_644' title='bbox 3050 2005 3103 2042; x_wconf 77' lang='lat' dir='ltr'><strong>ac</strong></span> <span class='ocrx_word' id='word_1_645' title='bbox 3145 1992 3466 2061; x_wconf 81' lang='lat' dir='ltr'><strong>protulerat:</strong></span> 
     </span>
    </p>
   </div>
   <div class='ocr_carea' id='block_1_80' title="bbox 1886 2064 3467 2149">
    <p class='ocr_par' dir='ltr' id='par_1_80' title="bbox 1886 2064 3467 2149">
     <span class='ocr_line' id='line_1_80' title="bbox 1886 2064 3467 2149; baseline 0.012 -32"><span class='ocrx_word' id='word_1_646' title='bbox 1886 2064 2156 2130; x_wconf 61' lang='lat' dir='ltr'><strong>Ludendi,</strong></span> <span class='ocrx_word' id='word_1_647' title='bbox 2192 2067 2401 2135; x_wconf 83' lang='lat' dir='ltr'><strong>Hilarii,</strong></span> <span class='ocrx_word' id='word_1_648' title='bbox 2430 2072 2679 2127; x_wconf 74' lang='lat' dir='ltr'><strong>Ambrosii</strong></span> <span class='ocrx_word' id='word_1_649' title='bbox 2707 2085 2753 2128; x_wconf 85' lang='lat' dir='ltr'><strong>et</strong></span> <span class='ocrx_word' id='word_1_650' title='bbox 2776 2074 3092 2147; x_wconf 78' lang='lat' dir='ltr'><strong>Hieronymi.</strong></span> <span class='ocrx_word' id='word_1_651' title='bbox 3134 2081 3209 2133; x_wconf 87' lang='lat' dir='ltr'><strong>Ac</strong></span> <span class='ocrx_word' id='word_1_652' title='bbox 3234 2095 3330 2149; x_wconf 91' lang='lat' dir='ltr'><strong>per</strong></span> <span class='ocrx_word' id='word_1_653' title='bbox 3358 2083 3467 2138; x_wconf 73' lang='lat' dir='ltr'><strong>hoc-</strong></span> 
     </span>
    </p>
   </div>
   <div class='ocr_carea' id='block_1_81' title="bbox 1884 2159 3459 2241">
    <p class='ocr_par' dir='ltr' id='par_1_81' title="bbox 1884 2159 3459 2241">
     <span class='ocr_line' id='line_1_81' title="bbox 1884 2159 3459 2241; baseline 0.011 -30"><span class='ocrx_word' id='word_1_654' title='bbox 1884 2166 1937 2211; x_wconf 85' lang='lat' dir='ltr'><strong>et</strong></span> <span class='ocrx_word' id='word_1_655' title='bbox 1962 2172 2022 2211; x_wconf 88' lang='lat' dir='ltr'><strong>ea</strong></span> <span class='ocrx_word' id='word_1_656' title='bbox 2056 2159 2378 2229; x_wconf 85' lang='lat' dir='ltr'><strong>testimonia,</strong></span> <span class='ocrx_word' id='word_1_657' title='bbox 2403 2178 2523 2234; x_wconf 69' lang='lat' dir='ltr'><strong>qua:</strong></span> <span class='ocrx_word' id='word_1_658' title='bbox 2548 2180 2656 2220; x_wconf 91' lang='lat' dir='ltr'><strong>non</strong></span> <span class='ocrx_word' id='word_1_659' title='bbox 2690 2166 2909 2236; x_wconf 80' lang='lat' dir='ltr'><strong>quidem</strong></span> <span class='ocrx_word' id='word_1_660' title='bbox 2934 2169 3003 2224; x_wconf 90' lang='lat' dir='ltr'><strong>de</strong></span> <span class='ocrx_word' id='word_1_661' title='bbox 3041 2169 3332 2241; x_wconf 84' lang='lat' dir='ltr'><strong>Scripturis</strong></span> <span class='ocrx_word' id='word_1_662' title='bbox 3361 2190 3459 2228; x_wconf 85' lang='lat' dir='ltr'><strong>ca-</strong></span> 
     </span>
    </p>
   </div>
   <div class='ocr_carea' id='block_1_82' title="bbox 1884 2248 3455 2323">
    <p class='ocr_par' dir='ltr' id='par_1_82' title="bbox 1884 2248 3455 2323">
     <span class='ocr_line' id='line_1_82' title="bbox 1884 2248 3455 2323; baseline 0.011 -22"><span class='ocrx_word' id='word_1_663' title='bbox 1884 2248 2107 2312; x_wconf 84' lang='lat' dir='ltr'><strong>nonicis,</strong></span> <span class='ocrx_word' id='word_1_664' title='bbox 2136 2251 2229 2306; x_wconf 89' lang='lat' dir='ltr'><strong>sed</strong></span> <span class='ocrx_word' id='word_1_665' title='bbox 2270 2251 2339 2308; x_wconf 89' lang='lat' dir='ltr'><strong>de</strong></span> <span class='ocrx_word' id='word_1_666' title='bbox 2378 2254 2690 2323; x_wconf 81' lang='lat' dir='ltr'><strong>quibusdam</strong></span> <span class='ocrx_word' id='word_1_667' title='bbox 2706 2258 3091 2315; x_wconf 88' lang='lat' dir='ltr'><strong>catholicorum</strong></span> <span class='ocrx_word' id='word_1_668' title='bbox 3113 2270 3455 2319; x_wconf 81' lang='lat' dir='ltr'><strong>traetatorum</strong></span> 
     </span>
    </p>
   </div>
   <div class='ocr_carea' id='block_1_83' title="bbox 1881 2340 3461 2421">
    <p class='ocr_par' dir='ltr' id='par_1_83' title="bbox 1881 2340 3461 2421">
     <span class='ocr_line' id='line_1_83' title="bbox 1881 2340 3461 2421; baseline 0.014 -33"><span class='ocrx_word' id='word_1_669' title='bbox 1881 2340 2148 2405; x_wconf 84' lang='lat' dir='ltr'><strong>opusculis</strong></span> <span class='ocrx_word' id='word_1_670' title='bbox 2174 2342 2366 2409; x_wconf 85' lang='lat' dir='ltr'><strong>posuit,</strong></span> <span class='ocrx_word' id='word_1_671' title='bbox 2401 2344 2590 2400; x_wconf 88' lang='lat' dir='ltr'><strong>volens</strong></span> <span class='ocrx_word' id='word_1_672' title='bbox 2619 2361 2898 2404; x_wconf 89' lang='lat' dir='ltr'><strong>occurrere</strong></span> <span class='ocrx_word' id='word_1_673' title='bbox 2923 2350 2987 2404; x_wconf 88' lang='lat' dir='ltr'><strong>iis</strong></span> <span class='ocrx_word' id='word_1_674' title='bbox 3013 2351 3101 2421; x_wconf 91' lang='lat' dir='ltr'><strong>qui</strong></span> <span class='ocrx_word' id='word_1_675' title='bbox 3128 2367 3250 2408; x_wconf 88' lang='lat' dir='ltr'><strong>eum</strong></span> <span class='ocrx_word' id='word_1_676' title='bbox 3281 2355 3461 2409; x_wconf 84' lang='lat' dir='ltr'><strong>solum</strong></span> 
     </span>
    </p>
   </div>
   <div class='ocr_carea' id='block_1_84' title="bbox 1879 2428 3459 2516">
    <p class='ocr_par' dir='ltr' id='par_1_84' title="bbox 1879 2428 3459 2516">
     <span class='ocr_line' id='line_1_84' title="bbox 1879 2428 3459 2516; baseline 0.011 -33"><span class='ocrx_word' id='word_1_677' title='bbox 1879 2428 2120 2486; x_wconf 89' lang='lat' dir='ltr'><strong>dicerent</strong></span> <span class='ocrx_word' id='word_1_678' title='bbox 2160 2434 2257 2488; x_wconf 88' lang='lat' dir='ltr'><strong>ista</strong></span> <span class='ocrx_word' id='word_1_679' title='bbox 2295 2434 2616 2503; x_wconf 87' lang='lat' dir='ltr'><strong>defendere,</strong></span> <span class='ocrx_word' id='word_1_680' title='bbox 2661 2439 2730 2493; x_wconf 88' lang='lat' dir='ltr'><strong>ita</strong></span> <span class='ocrx_word' id='word_1_681' title='bbox 2770 2450 2894 2495; x_wconf 91' lang='lat' dir='ltr'><strong>sunt</strong></span> <span class='ocrx_word' id='word_1_682' title='bbox 2929 2441 3138 2511; x_wconf 88' lang='lat' dir='ltr'><strong>media,</strong></span> <span class='ocrx_word' id='word_1_683' title='bbox 3181 2452 3239 2499; x_wconf 86' lang='lat' dir='ltr'><strong>ut</strong></span> <span class='ocrx_word' id='word_1_684' title='bbox 3287 2462 3459 2516; x_wconf 90' lang='lat' dir='ltr'><strong>neque</strong></span> 
     </span>
    </p>
   </div>
   <div class='ocr_carea' id='block_1_85' title="bbox 1878 2528 3456 2604">
    <p class='ocr_par' dir='ltr' id='par_1_85' title="bbox 1878 2528 3456 2604">
     <span class='ocr_line' id='line_1_85' title="bbox 1878 2528 3456 2604; baseline 0.011 -32"><span class='ocrx_word' id='word_1_685' title='bbox 1878 2528 2061 2574; x_wconf 90' lang='lat' dir='ltr'><strong>contra</strong></span> <span class='ocrx_word' id='word_1_686' title='bbox 2098 2531 2333 2578; x_wconf 87' lang='lat' dir='ltr'><strong>nostram</strong></span> <span class='ocrx_word' id='word_1_687' title='bbox 2363 2528 2678 2581; x_wconf 87' lang='lat' dir='ltr'><strong>sententiam</strong></span> <span class='ocrx_word' id='word_1_688' title='bbox 2707 2530 2832 2594; x_wconf 91' lang='lat' dir='ltr'><strong>sint,</strong></span> <span class='ocrx_word' id='word_1_689' title='bbox 2855 2546 3026 2601; x_wconf 83' lang='lat' dir='ltr'><strong>neque</strong></span> <span class='ocrx_word' id='word_1_690' title='bbox 3051 2543 3232 2589; x_wconf 85' lang='lat' dir='ltr'><strong>contra</strong></span> <span class='ocrx_word' id='word_1_691' title='bbox 3262 2534 3456 2604; x_wconf 88' lang='lat' dir='ltr'><strong>ipsius.</strong></span> 
     </span>
    </p>
   </div>
   <div class='ocr_carea' id='block_1_86' title="bbox 1877 2609 3455 2693">
    <p class='ocr_par' dir='ltr' id='par_1_86' title="bbox 1877 2609 3455 2693">
     <span class='ocr_line' id='line_1_86' title="bbox 1877 2609 3455 2693; baseline 0.01 -29"><span class='ocrx_word' id='word_1_692' title='bbox 1877 2609 1933 2664; x_wconf 84' lang='lat' dir='ltr'><strong>In</strong></span> <span class='ocrx_word' id='word_1_693' title='bbox 1963 2612 2151 2680; x_wconf 86' lang='lat' dir='ltr'><strong>quibus</strong></span> <span class='ocrx_word' id='word_1_694' title='bbox 2176 2615 2338 2668; x_wconf 88' lang='lat' dir='ltr'><strong>etiam</strong></span> <span class='ocrx_word' id='word_1_695' title='bbox 2363 2617 2607 2671; x_wconf 78' lang='lat' dir='ltr'><strong>nonnihil</strong></span> <span class='ocrx_word' id='word_1_696' title='bbox 2651 2618 2719 2673; x_wconf 89' lang='lat' dir='ltr'><strong>de</strong></span> <span class='ocrx_word' id='word_1_697' title='bbox 2763 2618 2911 2674; x_wconf 82' lang='lat' dir='ltr'><strong>libris</strong></span> <span class='ocrx_word' id='word_1_698' title='bbox 2950 2622 3084 2676; x_wconf 89' lang='lat' dir='ltr'><strong>meis</strong></span> <span class='ocrx_word' id='word_1_699' title='bbox 3113 2622 3455 2693; x_wconf 81' lang='lat' dir='ltr'><strong>interponere</strong></span> 
     </span>
    </p>
   </div>
   <div class='ocr_carea' id='block_1_87' title="bbox 1874 2704 3451 2782">
    <p class='ocr_par' dir='ltr' id='par_1_87' title="bbox 1874 2704 3451 2782">
     <span class='ocr_line' id='line_1_87' title="bbox 1874 2704 3451 2782; baseline 0.008 -25"><span class='ocrx_word' id='word_1_700' title='bbox 1874 2704 2081 2771; x_wconf 77' lang='lat' dir='ltr'><strong>voluit,</strong></span> <span class='ocrx_word' id='word_1_701' title='bbox 2110 2720 2196 2761; x_wconf 90' lang='lat' dir='ltr'><strong>me</strong></span> <span class='ocrx_word' id='word_1_702' title='bbox 2223 2722 2435 2777; x_wconf 89' lang='lat' dir='ltr'><strong>quoque</strong></span> <span class='ocrx_word' id='word_1_703' title='bbox 2478 2708 2706 2779; x_wconf 88' lang='lat' dir='ltr'><strong>aliquem</strong></span> <span class='ocrx_word' id='word_1_704' title='bbox 2730 2710 2991 2781; x_wconf 90' lang='lat' dir='ltr'><strong>deputans</strong></span> <span class='ocrx_word' id='word_1_705' title='bbox 3013 2752 3028 2779; x_wconf 93' lang='lat'><strong>,</strong></span> <span class='ocrx_word' id='word_1_706' title='bbox 3059 2713 3147 2782; x_wconf 89' lang='lat' dir='ltr'><strong>qui</strong></span> <span class='ocrx_word' id='word_1_707' title='bbox 3177 2728 3300 2768; x_wconf 90' lang='lat' dir='ltr'><strong>cum</strong></span> <span class='ocrx_word' id='word_1_708' title='bbox 3344 2715 3451 2771; x_wconf 92' lang='lat' dir='ltr'><strong>illis</strong></span> 
     </span>
    </p>
   </div>
   <div class='ocr_carea' id='block_1_88' title="bbox 1873 2800 3457 2874">
    <p class='ocr_par' dir='ltr' id='par_1_88' title="bbox 1873 2800 3457 2874">
     <span class='ocr_line' id='line_1_88' title="bbox 1873 2800 3457 2874; baseline 0.007 -22"><span class='ocrx_word' id='word_1_709' title='bbox 1873 2801 2281 2854; x_wconf 89' lang='lat' dir='ltr'><strong>commemorari</strong></span> <span class='ocrx_word' id='word_1_710' title='bbox 2324 2801 2518 2871; x_wconf 77' lang='lat' dir='ltr'><strong>dignus</strong></span> <span class='ocrx_word' id='word_1_711' title='bbox 2559 2800 2790 2857; x_wconf 89' lang='lat' dir='ltr'><strong>viderer.</strong></span> <span class='ocrx_word' id='word_1_712' title='bbox 2840 2802 2993 2859; x_wconf 89' lang='lat' dir='ltr'><strong>Unde</strong></span> <span class='ocrx_word' id='word_1_713' title='bbox 3042 2804 3277 2874; x_wconf 78' lang='lat' dir='ltr'><strong>ingratus</strong></span> <span class='ocrx_word' id='word_1_714' title='bbox 3330 2821 3457 2863; x_wconf 85' lang='lat' dir='ltr'><strong>esse</strong></span> 
     </span>
    </p>
   </div>
   <div class='ocr_carea' id='block_1_89' title="bbox 1872 2891 3453 2971">
    <p class='ocr_par' dir='ltr' id='par_1_89' title="bbox 1872 2891 3453 2971">
     <span class='ocr_line' id='line_1_89' title="bbox 1872 2891 3453 2971; baseline 0.008 -28"><span class='ocrx_word' id='word_1_715' title='bbox 1872 2905 1977 2944; x_wconf 91' lang='lat' dir='ltr'><strong>non</strong></span> <span class='ocrx_word' id='word_1_716' title='bbox 2006 2891 2179 2947; x_wconf 91' lang='lat' dir='ltr'><strong>debeo</strong></span> <span class='ocrx_word' id='word_1_717' title='bbox 2197 2934 2213 2959; x_wconf 94' lang='lat'><strong>,</strong></span> <span class='ocrx_word' id='word_1_718' title='bbox 2235 2902 2285 2947; x_wconf 90' lang='lat' dir='ltr'><strong>et</strong></span> <span class='ocrx_word' id='word_1_719' title='bbox 2312 2892 2656 2951; x_wconf 77' lang='lat' dir='ltr'><strong>familiariore</strong></span> <span class='ocrx_word' id='word_1_720' title='bbox 2681 2896 2874 2951; x_wconf 85' lang='lat' dir='ltr'><strong>affectu</strong></span> <span class='ocrx_word' id='word_1_721' title='bbox 2901 2896 3065 2951; x_wconf 90' lang='lat' dir='ltr'><strong>nolim</strong></span> <span class='ocrx_word' id='word_1_722' title='bbox 3087 2905 3147 2952; x_wconf 89' lang='lat' dir='ltr'><strong>ut</strong></span> <span class='ocrx_word' id='word_1_723' title='bbox 3170 2909 3332 2963; x_wconf 88' lang='lat' dir='ltr'><strong>erret,</strong></span> <span class='ocrx_word' id='word_1_724' title='bbox 3357 2903 3453 2971; x_wconf 84' lang='lat' dir='ltr'><strong>qui</strong></span> 
     </span>
    </p>
   </div>
   <div class='ocr_carea' id='block_1_90' title="bbox 1873 2979 3451 3059">
    <p class='ocr_par' dir='ltr' id='par_1_90' title="bbox 1873 2979 3451 3059">
     <span class='ocr_line' id='line_1_90' title="bbox 1873 2979 3451 3059; baseline 0.007 -26"><span class='ocrx_word' id='word_1_725' title='bbox 1873 2979 2013 3036; x_wconf 88' lang='lat' dir='ltr'><strong>hunc</strong></span> <span class='ocrx_word' id='word_1_726' title='bbox 2042 2982 2172 3036; x_wconf 92' lang='lat' dir='ltr'><strong>mihi</strong></span> <span class='ocrx_word' id='word_1_727' title='bbox 2197 2984 2386 3039; x_wconf 90' lang='lat' dir='ltr'><strong>detulit</strong></span> <span class='ocrx_word' id='word_1_728' title='bbox 2414 2984 2693 3041; x_wconf 91' lang='lat' dir='ltr'><strong>honorem.</strong></span> <span class='ocrx_word' id='word_1_729' title='bbox 2725 2987 2900 3042; x_wconf 89' lang='lat' dir='ltr'><strong>Prima</strong></span> <span class='ocrx_word' id='word_1_730' title='bbox 2929 2988 3071 3043; x_wconf 88' lang='lat' dir='ltr'><strong>enim</strong></span> <span class='ocrx_word' id='word_1_731' title='bbox 3100 3005 3218 3059; x_wconf 70' lang='lat' dir='ltr'><strong>qua:</strong></span> <span class='ocrx_word' id='word_1_732' title='bbox 3247 2991 3451 3058; x_wconf 86' lang='lat' dir='ltr'><strong>posuit,</strong></span> 
     </span>
    </p>
   </div>
   <div class='ocr_carea' id='block_1_91' title="bbox 1870 3074 3453 3151">
    <p class='ocr_par' dir='ltr' id='par_1_91' title="bbox 1870 3074 3453 3151">
     <span class='ocr_line' id='line_1_91' title="bbox 1870 3074 3453 3151; baseline 0.006 -25"><span class='ocrx_word' id='word_1_733' title='bbox 1870 3074 1993 3144; x_wconf 87' lang='lat' dir='ltr'><strong>quia</strong></span> <span class='ocrx_word' id='word_1_734' title='bbox 2021 3089 2213 3129; x_wconf 91' lang='lat' dir='ltr'><strong>nomen</strong></span> <span class='ocrx_word' id='word_1_735' title='bbox 2240 3075 2354 3145; x_wconf 86' lang='lat' dir='ltr'><strong>ejus</strong></span> <span class='ocrx_word' id='word_1_736' title='bbox 2401 3077 2492 3146; x_wconf 92' lang='lat' dir='ltr'><strong>qui</strong></span> <span class='ocrx_word' id='word_1_737' title='bbox 2541 3092 2603 3132; x_wconf 89' lang='lat' dir='ltr'><strong>ea</strong></span> <span class='ocrx_word' id='word_1_738' title='bbox 2631 3077 2764 3133; x_wconf 81' lang='lat' dir='ltr'><strong>dixit</strong></span> <span class='ocrx_word' id='word_1_739' title='bbox 2791 3079 2867 3150; x_wconf 90' lang='lat' dir='ltr'><strong>(a)</strong></span> <span class='ocrx_word' id='word_1_740' title='bbox 2888 3119 2903 3144; x_wconf 94' lang='lat'><strong>,</strong></span> <span class='ocrx_word' id='word_1_741' title='bbox 2937 3094 3041 3133; x_wconf 90' lang='lat' dir='ltr'><strong>non</strong></span> <span class='ocrx_word' id='word_1_742' title='bbox 3070 3080 3139 3134; x_wconf 94' lang='lat' dir='ltr'><strong>ibi</strong></span> <span class='ocrx_word' id='word_1_743' title='bbox 3171 3081 3293 3151; x_wconf 80' lang='lat' dir='ltr'><strong>legi,</strong></span> <span class='ocrx_word' id='word_1_744' title='bbox 3332 3082 3453 3135; x_wconf 83' lang='lat' dir='ltr'><strong>sive</strong></span> 
     </span>
    </p>
   </div>
   <div class='ocr_carea' id='block_1_92' title="bbox 1870 3165 3439 3239">
    <p class='ocr_par' dir='ltr' id='par_1_92' title="bbox 1870 3165 3439 3239">
     <span class='ocr_line' id='line_1_92' title="bbox 1870 3165 3439 3239; baseline 0.006 -24"><span class='ocrx_word' id='word_1_745' title='bbox 1870 3165 1988 3235; x_wconf 81' lang='lat' dir='ltr'><strong>quia</strong></span> <span class='ocrx_word' id='word_1_746' title='bbox 2020 3166 2106 3220; x_wconf 91' lang='lat' dir='ltr'><strong>ille</strong></span> <span class='ocrx_word' id='word_1_747' title='bbox 2130 3181 2233 3220; x_wconf 88' lang='lat' dir='ltr'><strong>non</strong></span> <span class='ocrx_word' id='word_1_748' title='bbox 2263 3167 2508 3235; x_wconf 85' lang='lat' dir='ltr'><strong>scripsit,</strong></span> <span class='ocrx_word' id='word_1_749' title='bbox 2535 3167 2649 3223; x_wconf 85' lang='lat' dir='ltr'><strong>sive</strong></span> <span class='ocrx_word' id='word_1_750' title='bbox 2671 3170 2791 3238; x_wconf 93' lang='lat' dir='ltr'><strong>quia</strong></span> <span class='ocrx_word' id='word_1_751' title='bbox 2827 3169 2997 3223; x_wconf 84' lang='lat' dir='ltr'><strong>codex</strong></span> <span class='ocrx_word' id='word_1_752' title='bbox 3021 3184 3185 3239; x_wconf 86' lang='lat' dir='ltr'><strong>quem</strong></span> <span class='ocrx_word' id='word_1_753' title='bbox 3198 3170 3439 3235; x_wconf 89' lang='lat' dir='ltr'><strong>misistis,</strong></span> 
     </span>
    </p>
   </div>
   <div class='ocr_carea' id='block_1_93' title="bbox 1870 3257 3454 3331">
    <p class='ocr_par' dir='ltr' id='par_1_93' title="bbox 1870 3257 3454 3331">
     <span class='ocr_line' id='line_1_93' title="bbox 1870 3257 3454 3331; baseline 0.003 -18"><span class='ocrx_word' id='word_1_754' title='bbox 1870 3258 1921 3313; x_wconf 90' lang='lat' dir='ltr'><strong>id</strong></span> <span class='ocrx_word' id='word_1_755' title='bbox 1951 3258 2121 3327; x_wconf 81' lang='lat' dir='ltr'><strong>aliqua</strong></span> <span class='ocrx_word' id='word_1_756' title='bbox 2150 3257 2285 3313; x_wconf 86' lang='lat' dir='ltr'><strong>forte</strong></span> <span class='ocrx_word' id='word_1_757' title='bbox 2313 3260 2663 3315; x_wconf 87' lang='lat' dir='ltr'><strong>mcudositate</strong></span> <span class='ocrx_word' id='word_1_758' title='bbox 2699 3276 2804 3315; x_wconf 89' lang='lat' dir='ltr'><strong>non</strong></span> <span class='ocrx_word' id='word_1_759' title='bbox 2850 3260 3069 3323; x_wconf 74' lang='lat' dir='ltr'><strong>habuit,</strong></span> <span class='ocrx_word' id='word_1_760' title='bbox 3118 3272 3454 3331; x_wconf 86' lang='lat' dir='ltr'><strong>pertractare-</strong></span> 
     </span>
    </p>
   </div>
   <div class='ocr_carea' id='block_1_94' title="bbox 1868 3349 3447 3421">
    <p class='ocr_par' dir='ltr' id='par_1_94' title="bbox 1868 3349 3447 3421">
     <span class='ocr_line' id='line_1_94' title="bbox 1868 3349 3447 3421; baseline 0.004 -21"><span class='ocrx_word' id='word_1_761' title='bbox 1868 3349 1997 3420; x_wconf 87' lang='lat' dir='ltr'><strong>quid</strong></span> <span class='ocrx_word' id='word_1_762' title='bbox 2020 3366 2151 3417; x_wconf 88' lang='lat' dir='ltr'><strong>opus</strong></span> <span class='ocrx_word' id='word_1_763' title='bbox 2171 3350 2289 3405; x_wconf 82' lang='lat' dir='ltr'><strong>est?</strong></span> <span class='ocrx_word' id='word_1_764' title='bbox 2330 3350 2553 3405; x_wconf 78' lang='lat' dir='ltr'><strong>Maxime</strong></span> <span class='ocrx_word' id='word_1_765' title='bbox 2582 3353 2838 3420; x_wconf 84' lang='lat' dir='ltr'><strong>quoniam</strong></span> <span class='ocrx_word' id='word_1_766' title='bbox 2878 3366 2993 3413; x_wconf 87' lang='lat' dir='ltr'><strong>me,</strong></span> <span class='ocrx_word' id='word_1_767' title='bbox 3038 3352 3091 3405; x_wconf 77' lang='lat' dir='ltr'><strong>in</strong></span> <span class='ocrx_word' id='word_1_768' title='bbox 3138 3351 3447 3421; x_wconf 76' lang='lat' dir='ltr'><strong>hnjnsmodi</strong></span> 
     </span>
    </p>
   </div>
   <div class='ocr_carea' id='block_1_95' title="bbox 1867 3439 3445 3513">
    <p class='ocr_par' dir='ltr' id='par_1_95' title="bbox 1867 3439 3445 3513">
     <span class='ocr_line' id='line_1_95' title="bbox 1867 3439 3445 3513; baseline 0.001 -20"><span class='ocrx_word' id='word_1_769' title='bbox 1867 3440 2224 3510; x_wconf 84' lang='lat' dir='ltr'><strong>quorumlibet</strong></span> <span class='ocrx_word' id='word_1_770' title='bbox 2250 3439 2521 3494; x_wconf 88' lang='lat' dir='ltr'><strong>hominum</strong></span> <span class='ocrx_word' id='word_1_771' title='bbox 2546 3440 2760 3510; x_wconf 73' lang='lat' dir='ltr'><strong>scriptis</strong></span> <span class='ocrx_word' id='word_1_772' title='bbox 2788 3440 3017 3496; x_wconf 88' lang='lat' dir='ltr'><strong>liberum</strong></span> <span class='ocrx_word' id='word_1_773' title='bbox 3045 3440 3185 3513; x_wconf 88' lang='lat' dir='ltr'><strong>(quia</strong></span> <span class='ocrx_word' id='word_1_774' title='bbox 3206 3444 3335 3497; x_wconf 87' lang='lat' dir='ltr'><strong>solis</strong></span> <span class='ocrx_word' id='word_1_775' title='bbox 3354 3456 3445 3495; x_wconf 86' lang='lat' dir='ltr'><strong>ea-</strong></span> 
     </span>
    </p>
   </div>
   <div class='ocr_carea' id='block_1_96' title="bbox 1870 3532 3449 3604">
    <p class='ocr_par' dir='ltr' id='par_1_96' title="bbox 1870 3532 3449 3604">
     <span class='ocr_line' id='line_1_96' title="bbox 1870 3532 3449 3604; baseline 0.001 -17"><span class='ocrx_word' id='word_1_776' title='bbox 1870 3533 2073 3588; x_wconf 89' lang='lat' dir='ltr'><strong>uonieis</strong></span> <span class='ocrx_word' id='word_1_777' title='bbox 2101 3532 2270 3588; x_wconf 88' lang='lat' dir='ltr'><strong>debeo</strong></span> <span class='ocrx_word' id='word_1_778' title='bbox 2292 3534 2416 3588; x_wconf 84' lang='lat' dir='ltr'><strong>sine</strong></span> <span class='ocrx_word' id='word_1_779' title='bbox 2436 3534 2541 3589; x_wconf 88' lang='lat' dir='ltr'><strong>ulla</strong></span> <span class='ocrx_word' id='word_1_780' title='bbox 2572 3534 2902 3588; x_wconf 88' lang='lat' dir='ltr'><strong>recusatione</strong></span> <span class='ocrx_word' id='word_1_781' title='bbox 2920 3532 3286 3604; x_wconf 88' lang='lat' dir='ltr'><strong>consensum),</strong></span> <span class='ocrx_word' id='word_1_782' title='bbox 3309 3533 3449 3588; x_wconf 75' lang='lat' dir='ltr'><strong>nihil</strong></span> 
     </span>
    </p>
   </div>
   <div class='ocr_carea' id='block_1_97' title="bbox 1868 3624 3440 3698">
    <p class='ocr_par' dir='ltr' id='par_1_97' title="bbox 1868 3624 3440 3698">
     <span class='ocr_line' id='line_1_97' title="bbox 1868 3624 3440 3698; baseline -0.001 -17"><span class='ocrx_word' id='word_1_783' title='bbox 1868 3637 2046 3682; x_wconf 84' lang='lat' dir='ltr'><strong>movet</strong></span> <span class='ocrx_word' id='word_1_784' title='bbox 2075 3629 2090 3660; x_wconf 74' lang='grc'>⁸</span> <span class='ocrx_word' id='word_1_785' title='bbox 2121 3626 2262 3698; x_wconf 91' lang='lat' dir='ltr'><strong>quod</strong></span> <span class='ocrx_word' id='word_1_786' title='bbox 2296 3627 2362 3682; x_wconf 80' lang='lat' dir='ltr'><strong>de</strong></span> <span class='ocrx_word' id='word_1_787' title='bbox 2392 3628 2532 3682; x_wconf 84' lang='lat' dir='ltr'><strong>illius</strong></span> <span class='ocrx_word' id='word_1_788' title='bbox 2555 3626 2767 3698; x_wconf 83' lang='lat' dir='ltr'><strong>scriptis</strong></span> <span class='ocrx_word' id='word_1_789' title='bbox 2788 3667 2804 3693; x_wconf 95' lang='lat'><strong>,</strong></span> <span class='ocrx_word' id='word_1_790' title='bbox 2833 3624 2991 3696; x_wconf 87' lang='lat' dir='ltr'><strong>cujus</strong></span> <span class='ocrx_word' id='word_1_791' title='bbox 3008 3640 3211 3681; x_wconf 70' lang='lat' dir='ltr'><strong>nomen</strong></span> <span class='ocrx_word' id='word_1_792' title='bbox 3231 3640 3335 3680; x_wconf 81' lang='lat' dir='ltr'><strong>non</strong></span> <span class='ocrx_word' id='word_1_793' title='bbox 3368 3626 3440 3680; x_wconf 90' lang='lat' dir='ltr'><strong>ibi</strong></span> 
     </span>
    </p>
   </div>
   <div class='ocr_carea' id='block_1_98' title="bbox 1867 3716 3439 3789">
    <p class='ocr_par' dir='ltr' id='par_1_98' title="bbox 1867 3716 3439 3789">
     <span class='ocr_line' id='line_1_98' title="bbox 1867 3716 3439 3789; baseline -0.001 -18"><span class='ocrx_word' id='word_1_794' title='bbox 1867 3718 2040 3772; x_wconf 84' lang='lat' dir='ltr'><strong>inveni</strong></span> <span class='ocrx_word' id='word_1_795' title='bbox 2066 3758 2081 3782; x_wconf 96' lang='lat'><strong>,</strong></span> <span class='ocrx_word' id='word_1_796' title='bbox 2111 3719 2197 3773; x_wconf 88' lang='lat' dir='ltr'><strong>illc</strong></span> <span class='ocrx_word' id='word_1_797' title='bbox 2224 3719 2433 3789; x_wconf 89' lang='lat' dir='ltr'><strong>posuit:</strong></span> <span class='ocrx_word' id='word_1_798' title='bbox 2463 3736 2483 3770; x_wconf 73' lang='grc' dir='ltr'><strong>ε</strong></span> <span class='ocrx_word' id='word_1_799' title='bbox 2519 3718 2765 3787; x_wconf 86' lang='lat' dir='ltr'><strong>Oportuit</strong></span> <span class='ocrx_word' id='word_1_800' title='bbox 2794 3718 3111 3787; x_wconf 77' lang='lat' dir='ltr'><strong>magistrum</strong></span> <span class='ocrx_word' id='word_1_801' title='bbox 3137 3716 3439 3772; x_wconf 87' lang='lat' dir='ltr'><strong>doctorem-</strong></span> 
     </span>
    </p>
   </div>
   <div class='ocr_carea' id='block_1_99' title="bbox 1866 3808 3449 3879">
    <p class='ocr_par' dir='ltr' id='par_1_99' title="bbox 1866 3808 3449 3879">
     <span class='ocr_line' id='line_1_99' title="bbox 1866 3808 3449 3879; baseline 0.001 -18"><span class='ocrx_word' id='word_1_802' title='bbox 1866 3824 1970 3879; x_wconf 88' lang='lat' dir='ltr'><strong>que</strong></span> <span class='ocrx_word' id='word_1_803' title='bbox 1998 3809 2207 3863; x_wconf 86' lang='lat' dir='ltr'><strong>virtutis</strong></span> <span class='ocrx_word' id='word_1_804' title='bbox 2228 3811 2247 3841; x_wconf 87' lang='grc'>²</span> <span class='ocrx_word' id='word_1_805' title='bbox 2294 3809 2494 3862; x_wconf 90' lang='lat' dir='ltr'><strong>homini</strong></span> <span class='ocrx_word' id='word_1_806' title='bbox 2523 3809 2849 3863; x_wconf 88' lang='lat' dir='ltr'><strong>simillimum</strong></span> <span class='ocrx_word' id='word_1_807' title='bbox 2883 3808 3020 3874; x_wconf 79' lang='lat' dir='ltr'><strong>ﬁeri,</strong></span> <span class='ocrx_word' id='word_1_808' title='bbox 3077 3816 3136 3863; x_wconf 67' lang='lat' dir='ltr'><strong>ut</strong></span> <span class='ocrx_word' id='word_1_809' title='bbox 3176 3808 3449 3863; x_wconf 84' lang='lat' dir='ltr'><strong>vincendo</strong></span> 
     </span>
    </p>
   </div>
   <div class='ocr_carea' id='block_1_100' title="bbox 1867 3900 3435 3970">
    <p class='ocr_par' dir='ltr' id='par_1_100' title="bbox 1867 3900 3435 3970">
     <span class='ocr_line' id='line_1_100' title="bbox 1867 3900 3435 3970; baseline -0.002 -16"><span class='ocrx_word' id='word_1_810' title='bbox 1867 3908 2139 3970; x_wconf 81' lang='lat' dir='ltr'><strong>peccatum</strong></span> <span class='ocrx_word' id='word_1_811' title='bbox 2167 3900 2352 3954; x_wconf 85' lang='lat' dir='ltr'><strong>doceat</strong></span> <span class='ocrx_word' id='word_1_812' title='bbox 2379 3900 2648 3953; x_wconf 86' lang='lat' dir='ltr'><strong>hominem</strong></span> <span class='ocrx_word' id='word_1_813' title='bbox 2680 3901 2889 3954; x_wconf 87' lang='lat' dir='ltr'><strong>vincere</strong></span> <span class='ocrx_word' id='word_1_814' title='bbox 2916 3913 3079 3968; x_wconf 57' lang='lat' dir='ltr'><strong>posse</strong></span> <span class='ocrx_word' id='word_1_815' title='bbox 3110 3909 3381 3968; x_wconf 82' lang='lat' dir='ltr'><strong>peceatum</strong></span> <span class='ocrx_word' id='word_1_816' title='bbox 3416 3919 3435 3951; x_wconf 75' lang='grc' dir='ltr'><strong><em>ι</em></strong></span> 
     </span>
    </p>
   </div>
   <div class='ocr_carea' id='block_1_101' title="bbox 1866 3990 3444 4061">
    <p class='ocr_par' dir='ltr' id='par_1_101' title="bbox 1866 3990 3444 4061">
     <span class='ocr_line' id='line_1_101' title="bbox 1866 3990 3444 4061; baseline 0.001 -18"><span class='ocrx_word' id='word_1_817' title='bbox 1866 3990 2180 4061; x_wconf 80' lang='lat' dir='ltr'><strong>(Lactantius</strong></span> <span class='ocrx_word' id='word_1_818' title='bbox 2203 3990 2585 4045; x_wconf 73' lang='lat' dir='ltr'><strong>Institutionnm</strong></span> <span class='ocrx_word' id='word_1_819' title='bbox 2611 3992 2699 4046; x_wconf 86' lang='lat' dir='ltr'><strong>lib.</strong></span> <span class='ocrx_word' id='word_1_820' title='bbox 2745 3992 2800 4055; x_wconf 65' lang='lat'><strong>4,</strong></span> <span class='ocrx_word' id='word_1_821' title='bbox 2833 4008 2983 4061; x_wconf 85' lang='lat' dir='ltr'><strong>capp.</strong></span> <span class='ocrx_word' id='word_1_822' title='bbox 3014 3991 3103 4056; x_wconf 66' lang='lat'><strong>24,</strong></span> <span class='ocrx_word' id='word_1_823' title='bbox 3128 3991 3245 4059; x_wconf 74' lang='lat'><strong>25).</strong></span> <span class='ocrx_word' id='word_1_824' title='bbox 3299 3992 3444 4059; x_wconf 75' lang='lat' dir='ltr'><strong>Quo-</strong></span> 
     </span>
    </p>
   </div>
   <div class='ocr_carea' id='block_1_102' title="bbox 1866 4082 3441 4150">
    <p class='ocr_par' dir='ltr' id='par_1_102' title="bbox 1866 4082 3441 4150">
     <span class='ocr_line' id='line_1_102' title="bbox 1866 4082 3441 4150; baseline 0.001 -15"><span class='ocrx_word' id='word_1_825' title='bbox 1866 4082 2024 4136; x_wconf 89' lang='lat' dir='ltr'><strong>modo</strong></span> <span class='ocrx_word' id='word_1_826' title='bbox 2053 4082 2191 4136; x_wconf 89' lang='lat' dir='ltr'><strong>enim</strong></span> <span class='ocrx_word' id='word_1_827' title='bbox 2230 4083 2425 4135; x_wconf 82' lang='lat' dir='ltr'><strong>dictum</strong></span> <span class='ocrx_word' id='word_1_828' title='bbox 2456 4086 2520 4136; x_wconf 89' lang='lat' dir='ltr'><strong>sit</strong></span> <span class='ocrx_word' id='word_1_829' title='bbox 2548 4125 2562 4147; x_wconf 88' lang='lat'><strong>,</strong></span> <span class='ocrx_word' id='word_1_830' title='bbox 2593 4094 2777 4136; x_wconf 90' lang='lat' dir='ltr'><strong>auctor</strong></span> <span class='ocrx_word' id='word_1_831' title='bbox 2807 4082 2961 4150; x_wconf 91' lang='lat' dir='ltr'><strong>hujus</strong></span> <span class='ocrx_word' id='word_1_832' title='bbox 2987 4083 3262 4136; x_wconf 76' lang='lat' dir='ltr'><strong>sententia:</strong></span> <span class='ocrx_word' id='word_1_833' title='bbox 3290 4084 3441 4136; x_wconf 80' lang='lat' dir='ltr'><strong>vide-</strong></span> 
     </span>
    </p>
   </div>
   <div class='ocr_carea' id='block_1_103' title="bbox 1863 4170 3441 4240">
    <p class='ocr_par' dir='ltr' id='par_1_103' title="bbox 1863 4170 3441 4240">
     <span class='ocr_line' id='line_1_103' title="bbox 1863 4170 3441 4240; baseline 0.001 -15"><span class='ocrx_word' id='word_1_834' title='bbox 1863 4170 1933 4225; x_wconf 85' lang='lat' dir='ltr'><strong>rit</strong></span> <span class='ocrx_word' id='word_1_835' title='bbox 1959 4172 2182 4240; x_wconf 84' lang='lat' dir='ltr'><strong>qualiter</strong></span> <span class='ocrx_word' id='word_1_836' title='bbox 2215 4173 2380 4239; x_wconf 83' lang='lat' dir='ltr'><strong>possit</strong></span> <span class='ocrx_word' id='word_1_837' title='bbox 2399 4188 2667 4240; x_wconf 87' lang='lat' dir='ltr'><strong>exponere</strong></span> <span class='ocrx_word' id='word_1_838' title='bbox 2699 4189 2711 4224; x_wconf 94' lang='lat'>:</span> <span class='ocrx_word' id='word_1_839' title='bbox 2739 4172 2863 4225; x_wconf 92' lang='lat' dir='ltr'><strong>dum</strong></span> <span class='ocrx_word' id='word_1_840' title='bbox 2894 4180 3069 4225; x_wconf 90' lang='lat' dir='ltr'><strong>tamen</strong></span> <span class='ocrx_word' id='word_1_841' title='bbox 3097 4187 3196 4226; x_wconf 86' lang='lat' dir='ltr'><strong>nos</strong></span> <span class='ocrx_word' id='word_1_842' title='bbox 3223 4173 3441 4226; x_wconf 87' lang='lat' dir='ltr'><strong>minime</strong></span> 
     </span>
    </p>
   </div>
   <div class='ocr_carea' id='block_1_104' title="bbox 1863 4261 3440 4329">
    <p class='ocr_par' dir='ltr' id='par_1_104' title="bbox 1863 4261 3440 4329">
     <span class='ocr_line' id='line_1_104' title="bbox 1863 4261 3440 4329; baseline 0.002 -14"><span class='ocrx_word' id='word_1_843' title='bbox 1863 4262 2192 4328; x_wconf 89' lang='lat' dir='ltr'><strong>dubitemus,</strong></span> <span class='ocrx_word' id='word_1_844' title='bbox 2222 4273 2493 4329; x_wconf 79' lang='lat' dir='ltr'><strong>peccatum</strong></span> <span class='ocrx_word' id='word_1_845' title='bbox 2535 4261 2810 4317; x_wconf 80' lang='lat' dir='ltr'><strong>Christum</strong></span> <span class='ocrx_word' id='word_1_846' title='bbox 2841 4263 2892 4315; x_wconf 90' lang='lat' dir='ltr'><strong>in</strong></span> <span class='ocrx_word' id='word_1_847' title='bbox 2933 4278 2993 4317; x_wconf 86' lang='lat' dir='ltr'><strong>se</strong></span> <span class='ocrx_word' id='word_1_848' title='bbox 3031 4279 3134 4316; x_wconf 90' lang='lat' dir='ltr'><strong>non</strong></span> <span class='ocrx_word' id='word_1_849' title='bbox 3189 4263 3440 4318; x_wconf 78' lang='lat' dir='ltr'><strong>habuisse</strong></span> 
     </span>
    </p>
   </div>
   <div class='ocr_carea' id='block_1_105' title="bbox 1863 4354 3440 4424">
    <p class='ocr_par' dir='ltr' id='par_1_105' title="bbox 1863 4354 3440 4424">
     <span class='ocr_line' id='line_1_105' title="bbox 1863 4354 3440 4424; baseline 0.002 -18"><span class='ocrx_word' id='word_1_850' title='bbox 1863 4354 2001 4424; x_wconf 87' lang='lat' dir='ltr'><strong>quod</strong></span> <span class='ocrx_word' id='word_1_851' title='bbox 2031 4354 2282 4415; x_wconf 86' lang='lat' dir='ltr'><strong>vinceret,</strong></span> <span class='ocrx_word' id='word_1_852' title='bbox 2336 4354 2422 4423; x_wconf 89' lang='lat' dir='ltr'><strong>qni</strong></span> <span class='ocrx_word' id='word_1_853' title='bbox 2474 4365 2628 4407; x_wconf 90' lang='lat' dir='ltr'><strong>natus</strong></span> <span class='ocrx_word' id='word_1_854' title='bbox 2654 4364 2737 4408; x_wconf 89' lang='lat' dir='ltr'><strong>est</strong></span> <span class='ocrx_word' id='word_1_855' title='bbox 2788 4355 2841 4407; x_wconf 91' lang='lat' dir='ltr'><strong>in</strong></span> <span class='ocrx_word' id='word_1_856' title='bbox 2887 4355 3229 4409; x_wconf 84' lang='lat' dir='ltr'><strong>similitudine</strong></span> <span class='ocrx_word' id='word_1_857' title='bbox 3262 4357 3440 4409; x_wconf 87' lang='lat' dir='ltr'><strong>carnis</strong></span> 
     </span>
    </p>
   </div>
   <div class='ocr_carea' id='block_1_106' title="bbox 1864 4445 3435 4515">
    <p class='ocr_par' dir='ltr' id='par_1_106' title="bbox 1864 4445 3435 4515">
     <span class='ocr_line' id='line_1_106' title="bbox 1864 4445 3435 4515; baseline -0.001 -14"><span class='ocrx_word' id='word_1_858' title='bbox 1864 4446 2101 4515; x_wconf 88' lang='lat' dir='ltr'><strong>peccati,</strong></span> <span class='ocrx_word' id='word_1_859' title='bbox 2133 4460 2235 4499; x_wconf 89' lang='lat' dir='ltr'><strong>non</strong></span> <span class='ocrx_word' id='word_1_860' title='bbox 2267 4445 2316 4498; x_wconf 92' lang='lat' dir='ltr'><strong>in</strong></span> <span class='ocrx_word' id='word_1_861' title='bbox 2346 4460 2505 4499; x_wconf 88' lang='lat' dir='ltr'><strong>carne</strong></span> <span class='ocrx_word' id='word_1_862' title='bbox 2525 4446 2747 4515; x_wconf 89' lang='lat' dir='ltr'><strong>peccati.</strong></span> <span class='ocrx_word' id='word_1_863' title='bbox 2782 4446 2937 4500; x_wconf 84' lang='lat' dir='ltr'><strong>Aliud</strong></span> <span class='ocrx_word' id='word_1_864' title='bbox 2974 4446 3214 4514; x_wconf 86' lang='lat' dir='ltr'><strong>ejusdem</strong></span> <span class='ocrx_word' id='word_1_865' title='bbox 3237 4447 3305 4499; x_wconf 88' lang='lat' dir='ltr'><strong>ita</strong></span> <span class='ocrx_word' id='word_1_866' title='bbox 3338 4462 3435 4515; x_wconf 88' lang='lat' dir='ltr'><strong>po-</strong></span> 
     </span>
    </p>
   </div>
   <div class='ocr_carea' id='block_1_107' title="bbox 1862 4536 3434 4602">
    <p class='ocr_par' dir='ltr' id='par_1_107' title="bbox 1862 4536 3434 4602">
     <span class='ocr_line' id='line_1_107' title="bbox 1862 4536 3434 4602; baseline -0.001 -12"><span class='ocrx_word' id='word_1_867' title='bbox 1862 4537 1965 4590; x_wconf 88' lang='lat' dir='ltr'><strong>suit</strong></span> <span class='ocrx_word' id='word_1_868' title='bbox 1995 4552 2010 4589; x_wconf 90' lang='lat'><strong>:</strong></span> <span class='ocrx_word' id='word_1_869' title='bbox 2044 4554 2062 4587; x_wconf 75' lang='grc'><strong>(</strong></span> <span class='ocrx_word' id='word_1_870' title='bbox 2096 4536 2161 4590; x_wconf 86' lang='lat' dir='ltr'><strong>Et</strong></span> <span class='ocrx_word' id='word_1_871' title='bbox 2183 4536 2396 4602; x_wconf 87' lang='lat' dir='ltr'><strong>iterum,</strong></span> <span class='ocrx_word' id='word_1_872' title='bbox 2429 4545 2486 4589; x_wconf 89' lang='lat' dir='ltr'><strong>ut</strong></span> <span class='ocrx_word' id='word_1_873' title='bbox 2511 4536 2787 4591; x_wconf 85' lang='lat' dir='ltr'><strong>desideriis</strong></span> <span class='ocrx_word' id='word_1_874' title='bbox 2812 4540 2992 4591; x_wconf 86' lang='lat' dir='ltr'><strong>carnis</strong></span> <span class='ocrx_word' id='word_1_875' title='bbox 3026 4536 3295 4600; x_wconf 87' lang='lat' dir='ltr'><strong>edomitis,</strong></span> <span class='ocrx_word' id='word_1_876' title='bbox 3338 4537 3434 4589; x_wconf 89' lang='lat' dir='ltr'><strong>do-</strong></span> 
     </span>
    </p>
   </div>
   <div class='ocr_carea' id='block_1_108' title="bbox 1861 4627 3437 4696">
    <p class='ocr_par' dir='ltr' id='par_1_108' title="bbox 1861 4627 3437 4696">
     <span class='ocr_line' id='line_1_108' title="bbox 1861 4627 3437 4696; baseline 0.002 -16"><span class='ocrx_word' id='word_1_877' title='bbox 1861 4635 2006 4682; x_wconf 91' lang='lat' dir='ltr'><strong>ceret</strong></span> <span class='ocrx_word' id='word_1_878' title='bbox 2032 4642 2135 4680; x_wconf 90' lang='lat' dir='ltr'><strong>non</strong></span> <span class='ocrx_word' id='word_1_879' title='bbox 2157 4627 2495 4682; x_wconf 86' lang='lat' dir='ltr'><strong>necessitatis</strong></span> <span class='ocrx_word' id='word_1_880' title='bbox 2512 4642 2632 4683; x_wconf 90' lang='lat' dir='ltr'><strong>esse</strong></span> <span class='ocrx_word' id='word_1_881' title='bbox 2671 4642 2923 4696; x_wconf 84' lang='lat' dir='ltr'><strong>peccare,</strong></span> <span class='ocrx_word' id='word_1_882' title='bbox 2956 4627 3050 4682; x_wconf 89' lang='lat' dir='ltr'><strong>sed</strong></span> <span class='ocrx_word' id='word_1_883' title='bbox 3091 4628 3345 4696; x_wconf 89' lang='lat' dir='ltr'><strong>propositi</strong></span> <span class='ocrx_word' id='word_1_884' title='bbox 3373 4643 3437 4683; x_wconf 83' lang='lat' dir='ltr'><strong>ac</strong></span> 
     </span>
    </p>
   </div>
   <div class='ocr_carea' id='block_1_109' title="bbox 1860 4718 3432 4788">
    <p class='ocr_par' dir='ltr' id='par_1_109' title="bbox 1860 4718 3432 4788">
     <span class='ocr_line' id='line_1_109' title="bbox 1860 4718 3432 4788; baseline 0.001 -16"><span class='ocrx_word' id='word_1_885' title='bbox 1860 4719 2147 4775; x_wconf 82' lang='lat' dir='ltr'><strong>voluntatis</strong></span> <span class='ocrx_word' id='word_1_886' title='bbox 2174 4718 2215 4770; x_wconf 88' lang='grc'><strong><em>³.</em></strong></span> <span class='ocrx_word' id='word_1_887' title='bbox 2244 4737 2263 4771; x_wconf 82' lang='grc'><strong>›</strong></span> <span class='ocrx_word' id='word_1_888' title='bbox 2290 4719 2400 4788; x_wconf 80' lang='lat' dir='ltr'><strong>Ego</strong></span> <span class='ocrx_word' id='word_1_889' title='bbox 2420 4718 2682 4774; x_wconf 87' lang='lat' dir='ltr'><strong>desideria</strong></span> <span class='ocrx_word' id='word_1_890' title='bbox 2704 4719 2881 4773; x_wconf 87' lang='lat' dir='ltr'><strong>carnis</strong></span> <span class='ocrx_word' id='word_1_891' title='bbox 2906 4720 2974 4787; x_wconf 88' lang='lat' dir='ltr'><strong>(si</strong></span> <span class='ocrx_word' id='word_1_892' title='bbox 3004 4734 3108 4773; x_wconf 89' lang='lat' dir='ltr'><strong>non</strong></span> <span class='ocrx_word' id='word_1_893' title='bbox 3132 4719 3432 4774; x_wconf 88' lang='lat' dir='ltr'><strong>illicitarum</strong></span> 
     </span>
    </p>
   </div>
   <div class='ocr_carea' id='block_1_110' title="bbox 1860 4809 3438 4883">
    <p class='ocr_par' dir='ltr' id='par_1_110' title="bbox 1860 4809 3438 4883">
     <span class='ocr_line' id='line_1_110' title="bbox 1860 4809 3438 4883; baseline 0.002 -18"><span class='ocrx_word' id='word_1_894' title='bbox 1860 4809 2405 4880; x_wconf 89' lang='lat' dir='ltr'><strong>concupiscentiarum</strong></span> <span class='ocrx_word' id='word_1_895' title='bbox 2444 4810 2527 4865; x_wconf 91' lang='lat' dir='ltr'><strong>hic</strong></span> <span class='ocrx_word' id='word_1_896' title='bbox 2556 4809 2823 4883; x_wconf 89' lang='lat' dir='ltr'><strong>dicuntur)</strong></span> <span class='ocrx_word' id='word_1_897' title='bbox 2875 4812 3110 4880; x_wconf 89' lang='lat' dir='ltr'><strong>accipio,</strong></span> <span class='ocrx_word' id='word_1_898' title='bbox 3155 4812 3309 4867; x_wconf 82' lang='lat' dir='ltr'><strong>sicuti</strong></span> <span class='ocrx_word' id='word_1_899' title='bbox 3354 4821 3438 4868; x_wconf 86' lang='lat' dir='ltr'><strong>est</strong></span> 
     </span>
    </p>
   </div>
   <div class='ocr_carea' id='block_1_111' title="bbox 1862 4899 3435 4972">
    <p class='ocr_par' dir='ltr' id='par_1_111' title="bbox 1862 4899 3435 4972">
     <span class='ocr_line' id='line_1_111' title="bbox 1862 4899 3435 4972; baseline 0.001 -17"><span class='ocrx_word' id='word_1_900' title='bbox 1862 4901 2026 4955; x_wconf 82' lang='lat' dir='ltr'><strong>fames</strong></span> <span class='ocrx_word' id='word_1_901' title='bbox 2046 4942 2062 4967; x_wconf 96' lang='lat'><strong>,</strong></span> <span class='ocrx_word' id='word_1_902' title='bbox 2092 4901 2210 4955; x_wconf 89' lang='lat' dir='ltr'><strong>sitis</strong></span> <span class='ocrx_word' id='word_1_903' title='bbox 2230 4941 2248 4968; x_wconf 91' lang='lat'><strong>,</strong></span> <span class='ocrx_word' id='word_1_904' title='bbox 2276 4899 2496 4955; x_wconf 81' lang='lat' dir='ltr'><strong>refectio</strong></span> <span class='ocrx_word' id='word_1_905' title='bbox 2538 4900 2885 4967; x_wconf 86' lang='lat' dir='ltr'><strong>lassitudinis,</strong></span> <span class='ocrx_word' id='word_1_906' title='bbox 2911 4910 2965 4956; x_wconf 92' lang='lat' dir='ltr'><strong>et</strong></span> <span class='ocrx_word' id='word_1_907' title='bbox 3004 4902 3047 4955; x_wconf 90' lang='lat' dir='ltr'><strong>si</strong></span> <span class='ocrx_word' id='word_1_908' title='bbox 3094 4902 3218 4972; x_wconf 89' lang='lat' dir='ltr'><strong>quid</strong></span> <span class='ocrx_word' id='word_1_909' title='bbox 3247 4902 3435 4971; x_wconf 81' lang='lat' dir='ltr'><strong>hujus-</strong></span> 
     </span>
    </p>
   </div>
   <div class='ocr_carea' id='block_1_112' title="bbox 1861 4991 3436 5062">
    <p class='ocr_par' dir='ltr' id='par_1_112' title="bbox 1861 4991 3436 5062">
     <span class='ocr_line' id='line_1_112' title="bbox 1861 4991 3436 5062; baseline 0.002 -17"><span class='ocrx_word' id='word_1_910' title='bbox 1861 4991 2002 5045; x_wconf 89' lang='lat' dir='ltr'><strong>modi</strong></span> <span class='ocrx_word' id='word_1_911' title='bbox 2051 5000 2155 5045; x_wconf 91' lang='lat' dir='ltr'><strong>est.</strong></span> <span class='ocrx_word' id='word_1_912' title='bbox 2199 4992 2300 5046; x_wconf 85' lang='lat' dir='ltr'><strong>Per</strong></span> <span class='ocrx_word' id='word_1_913' title='bbox 2346 4992 2462 5046; x_wconf 67' lang='lat' dir='ltr'><strong>haec</strong></span> <span class='ocrx_word' id='word_1_914' title='bbox 2501 4992 2642 5046; x_wconf 91' lang='lat' dir='ltr'><strong>enim</strong></span> <span class='ocrx_word' id='word_1_915' title='bbox 2672 4992 2907 5062; x_wconf 89' lang='lat' dir='ltr'><strong>quidam,</strong></span> <span class='ocrx_word' id='word_1_916' title='bbox 2958 4993 3203 5061; x_wconf 83' lang='lat' dir='ltr'><strong>quamvis</strong></span> <span class='ocrx_word' id='word_1_917' title='bbox 3227 5008 3287 5047; x_wconf 82' lang='lat' dir='ltr'><strong>ca</strong></span> <span class='ocrx_word' id='word_1_918' title='bbox 3325 4994 3436 5048; x_wconf 90' lang='lat' dir='ltr'><strong>sint</strong></span> 
     </span>
    </p>
   </div>
   <div class='ocr_carea' id='block_1_113' title="bbox 1860 5081 3426 5153">
    <p class='ocr_par' dir='ltr' id='par_1_113' title="bbox 1860 5081 3426 5153">
     <span class='ocr_line' id='line_1_113' title="bbox 1860 5081 3426 5153; baseline 0.001 -16"><span class='ocrx_word' id='word_1_919' title='bbox 1860 5082 2218 5152; x_wconf 87' lang='lat' dir='ltr'><strong>iueulpabilia,</strong></span> <span class='ocrx_word' id='word_1_920' title='bbox 2270 5083 2324 5138; x_wconf 91' lang='lat' dir='ltr'><strong>in</strong></span> <span class='ocrx_word' id='word_1_921' title='bbox 2368 5083 2556 5151; x_wconf 89' lang='lat' dir='ltr'><strong>culpas</strong></span> <span class='ocrx_word' id='word_1_922' title='bbox 2597 5081 2886 5148; x_wconf 83' lang='lat' dir='ltr'><strong>decidunt;</strong></span> <span class='ocrx_word' id='word_1_923' title='bbox 2915 5083 3051 5153; x_wconf 84' lang='lat' dir='ltr'><strong>quod</strong></span> <span class='ocrx_word' id='word_1_924' title='bbox 3093 5084 3279 5138; x_wconf 89' lang='lat' dir='ltr'><strong>abillo</strong></span> <span class='ocrx_word' id='word_1_925' title='bbox 3319 5085 3426 5139; x_wconf 84' lang='lat' dir='ltr'><strong>Sal-</strong></span> 
     </span>
    </p>
   </div>
   <div class='ocr_carea' id='block_1_114' title="bbox 1858 5173 3435 5245">
    <p class='ocr_par' dir='ltr' id='par_1_114' title="bbox 1858 5173 3435 5245">
     <span class='ocr_line' id='line_1_114' title="bbox 1858 5173 3435 5245; baseline 0 -16"><span class='ocrx_word' id='word_1_926' title='bbox 1858 5184 2042 5230; x_wconf 87' lang='lat' dir='ltr'><strong>vatore</strong></span> <span class='ocrx_word' id='word_1_927' title='bbox 2088 5174 2291 5243; x_wconf 86' lang='lat' dir='ltr'><strong>abfuit,</strong></span> <span class='ocrx_word' id='word_1_928' title='bbox 2349 5173 2559 5231; x_wconf 82' lang='lat' dir='ltr'><strong>etiamsi</strong></span> <span class='ocrx_word' id='word_1_929' title='bbox 2610 5173 2727 5230; x_wconf 72' lang='lat' dir='ltr'><strong>haec</strong></span> <span class='ocrx_word' id='word_1_930' title='bbox 2784 5174 2840 5229; x_wconf 89' lang='lat' dir='ltr'><strong>in</strong></span> <span class='ocrx_word' id='word_1_931' title='bbox 2891 5188 2959 5229; x_wconf 89' lang='lat' dir='ltr'><strong>eo</strong></span> <span class='ocrx_word' id='word_1_932' title='bbox 3002 5174 3167 5231; x_wconf 81' lang='lat' dir='ltr'><strong>fuisse</strong></span> <span class='ocrx_word' id='word_1_933' title='bbox 3216 5184 3435 5245; x_wconf 89' lang='lat' dir='ltr'><strong>propter</strong></span> 
     </span>
    </p>
   </div>
   <div class='ocr_carea' id='block_1_115' title="bbox 1921 5391 3434 5458">
    <p class='ocr_par' dir='ltr' id='par_1_115' title="bbox 1921 5391 3434 5458">
     <span class='ocr_line' id='line_1_115' title="bbox 1921 5391 3434 5458; baseline -0.002 -13"><span class='ocrx_word' id='word_1_934' title='bbox 1921 5399 1937 5430; x_wconf 78' lang='grc' dir='ltr'><strong><em>ι</em></strong></span> <span class='ocrx_word' id='word_1_935' title='bbox 1957 5404 2021 5448; x_wconf 84' lang='lat' dir='ltr'><strong>tta</strong></span> <span class='ocrx_word' id='word_1_936' title='bbox 2044 5398 2324 5447; x_wconf 82' lang='lat' dir='ltr'><strong>sorbonicus</strong></span> <span class='ocrx_word' id='word_1_937' title='bbox 2345 5395 2711 5458; x_wconf 71' lang='lat' dir='ltr'><strong>manuscriptus.</strong></span> <span class='ocrx_word' id='word_1_938' title='bbox 2726 5399 2780 5443; x_wconf 78' lang='lat' dir='ltr'><strong>Al</strong></span> <span class='ocrx_word' id='word_1_939' title='bbox 2795 5403 2892 5442; x_wconf 78' lang='lat' dir='ltr'><strong>Am.</strong></span> <span class='ocrx_word' id='word_1_940' title='bbox 2907 5399 2979 5442; x_wconf 81' lang='lat' dir='ltr'><strong>Er.</strong></span> <span class='ocrx_word' id='word_1_941' title='bbox 2995 5401 3047 5443; x_wconf 92' lang='lat' dir='ltr'><strong>et</strong></span> <span class='ocrx_word' id='word_1_942' title='bbox 3064 5401 3192 5453; x_wconf 61' lang='lat' dir='ltr'><strong>hom,</strong></span> <span class='ocrx_word' id='word_1_943' title='bbox 3208 5405 3299 5441; x_wconf 85' lang='lat' dir='ltr'><strong>non</strong></span> <span class='ocrx_word' id='word_1_944' title='bbox 3316 5391 3434 5442; x_wconf 75' lang='lat' dir='ltr'><strong>nihil</strong></span> 
     </span>
    </p>
   </div>
   <div class='ocr_carea' id='block_1_116' title="bbox 1856 5468 3168 5584">
    <p class='ocr_par' dir='ltr' id='par_1_116' title="bbox 1856 5468 3168 5584">
     <span class='ocr_line' id='line_1_116' title="bbox 1856 5468 3168 5584; baseline -0.003 -14"><span class='ocrx_word' id='word_1_945' title='bbox 1856 5468 2107 5577; x_wconf 48' lang='lat' dir='ltr'><strong>maveéditi,</strong></span> <span class='ocrx_word' id='word_1_946' title='bbox 2131 5518 2372 5584; x_wconf 69' lang='lat' dir='ltr'><strong>virtutum.</strong></span> <span class='ocrx_word' id='word_1_947' title='bbox 2397 5524 2452 5567; x_wconf 80' lang='lat' dir='ltr'><strong>At</strong></span> <span class='ocrx_word' id='word_1_948' title='bbox 2473 5525 2601 5576; x_wconf 74' lang='lat' dir='ltr'><strong>Mss,</strong></span> <span class='ocrx_word' id='word_1_949' title='bbox 2625 5515 2833 5584; x_wconf 70' lang='lat' dir='ltr'><strong>virtutis.</strong></span> <span class='ocrx_word' id='word_1_950' title='bbox 2866 5576 2878 5584; x_wconf 88' lang='lat'>_</span> <span class='ocrx_word' id='word_1_951' title='bbox 3007 5576 3017 5584; x_wconf 42' lang='lat'><strong><em>.</em></strong></span> <span class='ocrx_word' id='word_1_952' title='bbox 3092 5582 3099 5584; x_wconf 97' lang='lat'>_</span> <span class='ocrx_word' id='word_1_953' title='bbox 3159 5574 3168 5584; x_wconf 40' lang='lat'><strong>.</strong></span> 
     </span>
    </p>
   </div>
   <div class='ocr_carea' id='block_1_117' title="bbox 1919 5576 3208 5643">
    <p class='ocr_par' dir='ltr' id='par_1_117' title="bbox 1919 5576 3208 5643">
     <span class='ocr_line' id='line_1_117' title="bbox 1919 5576 3208 5643; baseline -0.005 -13"><span class='ocrx_word' id='word_1_954' title='bbox 1919 5584 1942 5615; x_wconf 82' lang='grc'>³</span> <span class='ocrx_word' id='word_1_955' title='bbox 1973 5592 2071 5630; x_wconf 81' lang='lat' dir='ltr'><strong>Am.</strong></span> <span class='ocrx_word' id='word_1_956' title='bbox 2096 5576 2171 5630; x_wconf 74' lang='lat' dir='ltr'><strong>Fr.</strong></span> <span class='ocrx_word' id='word_1_957' title='bbox 2199 5588 2251 5631; x_wconf 90' lang='lat' dir='ltr'><strong>et</strong></span> <span class='ocrx_word' id='word_1_958' title='bbox 2272 5580 2438 5643; x_wconf 82' lang='lat' dir='ltr'><strong>plures</strong></span> <span class='ocrx_word' id='word_1_959' title='bbox 2452 5586 2581 5637; x_wconf 65' lang='lat' dir='ltr'><strong>Mss,</strong></span> <span class='ocrx_word' id='word_1_960' title='bbox 2605 5580 2689 5629; x_wconf 83' lang='lat' dir='ltr'><strong>sed</strong></span> <span class='ocrx_word' id='word_1_961' title='bbox 2713 5576 2924 5642; x_wconf 67' lang='lat' dir='ltr'><strong>propriae</strong></span> <span class='ocrx_word' id='word_1_962' title='bbox 2945 5576 3208 5626; x_wconf 59' lang='lat' dir='ltr'><strong>volwztvtis.</strong></span> 
     </span>
    </p>
   </div>
   <div class='ocr_carea' id='block_1_118' title="bbox 1855 5655 3433 5791">
    <p class='ocr_par' dir='ltr' id='par_1_118' title="bbox 1855 5655 3433 5791">
     <span class='ocr_line' id='line_1_118' title="bbox 1855 5655 3433 5791; baseline -0.009 -75"><span class='ocrx_word' id='word_1_963' title='bbox 1855 5665 2284 5791; x_wconf 47' lang='lat' dir='ltr'><strong>“(gilgctautius</strong></span> <span class='ocrx_word' id='word_1_964' title='bbox 2328 5664 2369 5713; x_wconf 88' lang='lat' dir='ltr'><strong>is</strong></span> <span class='ocrx_word' id='word_1_965' title='bbox 2391 5670 2503 5724; x_wconf 82' lang='lat' dir='ltr'><strong>est,</strong></span> <span class='ocrx_word' id='word_1_966' title='bbox 2546 5674 2611 5713; x_wconf 85' lang='lat' dir='ltr'><strong>ex</strong></span> <span class='ocrx_word' id='word_1_967' title='bbox 2642 5674 2740 5727; x_wconf 84' lang='lat' dir='ltr'><strong>quo</strong></span> <span class='ocrx_word' id='word_1_968' title='bbox 2763 5657 3035 5709; x_wconf 84' lang='lat' dir='ltr'><strong>testimonia</strong></span> <span class='ocrx_word' id='word_1_969' title='bbox 3070 5658 3222 5720; x_wconf 83' lang='lat' dir='ltr'><strong>prima</strong></span> <span class='ocrx_word' id='word_1_970' title='bbox 3257 5655 3433 5719; x_wconf 78' lang='lat' dir='ltr'><strong>petivit</strong></span> 
     </span>
    </p>
   </div>
  </div>
