3996 6470
594 289 700 334 τιδῡ

591 500 890 634 ΙῺῈᾹΡΗΤ
941 575 1102 634 LXII.
1127 605 1199 618 —
1217 577 1308 634 72.
1334 575 1531 634 Facere
1555 587 1603 634 et
1641 581 1881 650 perﬁcere
1895 582 2172 654 justitiam.

590 668 782 726 Beatus
806 685 934 726 vero
959 669 1192 725 Hilarius
1209 711 1226 738 ,
1257 670 1409 740 cujus
1429 671 1594 728 verba
1618 671 1734 729 base
1759 676 1967 744 posuit,
2005 693 2025 727 ι
2058 674 2173 730 Non

588 761 734 814 enim
767 759 866 814 nisi
915 759 1105 829 spiritu
1152 759 1374 832 perfecti
1415 771 1470 819 et
1515 763 1915 822 immortalitate
1951 767 2171 833 mutati,

587 848 730 920 quod
754 848 883 904 solis
903 849 1114 910 mundis
1137 851 1300 908 corde
1328 853 1644 924 dispositum
1671 865 1754 912 est
1771 898 1786 921 ,
1818 856 1919 913 hoc
1948 858 2090 928 quod
2117 860 2173 913 in

588 939 701 994 Deo
716 949 796 994 est
815 940 1114 997 immortale
1129 958 1412 1001 cernemus
1437 965 1457 998 ι
1485 945 1743 1018 (Hilarius
1756 949 1808 1003 in
1832 948 1962 1004 illud
1978 948 2167 1006 Matth.

582 1045 638 1096 v,
663 1029 831 1088 Beati
872 1034 1061 1089 munda
1085 1036 1292 1109 corde);
1348 1039 1476 1109 quid
1517 1039 1713 1096 dixerit
1740 1052 1926 1098 contra
1949 1043 2000 1098 id
2026 1045 2168 1115 quod

579 1121 846 1192 dicimus,
877 1126 960 1181 vel
1006 1127 1132 1198 quid
1177 1128 1338 1184 istum
1380 1129 1617 1201 adjuvet,
1649 1133 1860 1199 nescio,
1904 1136 2006 1190 nisi
2046 1135 2167 1206 quia

579 1228 739 1284 posse
764 1230 882 1272 esse
911 1217 1180 1276 hominem
1205 1222 1404 1276 mundo
1428 1223 1593 1279 corde
1629 1232 1854 1280 testatus
1885 1236 1986 1282 cst.
2015 1227 2168 1296 Quod

577 1304 699 1372 quis
725 1307 919 1376 negat?
937 1307 1032 1363 sed
1058 1310 1225 1379 gratia
1254 1312 1347 1366 Dei
1365 1327 1462 1382 per
1475 1312 1662 1368 'Jesum
1689 1313 1958 1370 Christum
1988 1316 2167 1371 Domi-

578 1409 704 1448 num
735 1405 994 1463 nostrum,
1027 1414 1134 1454 non
1173 1401 1287 1456 sola
1331 1401 1537 1470 arbitrii
1568 1403 1836 1460 libertate.
1860 1404 1992 1460 Item
2023 1407 2166 1476 quod

576 1501 699 1541 eum
725 1486 923 1546 dixisse
947 1502 1371 1561 commemorat,
1419 1513 1438 1546 ι
1477 1495 1618 1563 Quas
1643 1496 1744 1552 Job
1781 1497 1986 1552 litteras
2014 1499 2162 1569 lege-

573 1587 676 1644 rat,
702 1587 759 1634 ut
783 1579 1078 1654 abstineret
1113 1598 1175 1639 se
1197 1584 1265 1640 ab
1285 1585 1433 1640 omni
1463 1602 1522 1642 re
1547 1588 1808 1658 maligna;
1841 1589 1963 1661 quia
1995 1589 2159 1644 Deum

572 1669 686 1723 sola
708 1681 888 1728 mente
911 1671 1058 1728 vitiis
1084 1689 1189 1730 non
1210 1675 1451 1731 admixta
1478 1678 1854 1744 venerabatur,
1880 1680 2044 1734 Deum
2067 1696 2163 1735 au-

561 1768 681 1828 tem
725 1763 903 1818 colere
939 1763 1162 1832 justitite
1201 1769 1473 1837 proprium
1521 1769 1756 1825 oliicium
1808 1780 1892 1827 est
1921 1791 1934 1825 :
1966 1791 1985 1824 ι
2033 1773 2158 1844 quid

570 1849 788 1907 fecisset
811 1853 913 1909 Job
937 1854 1090 1922 dixit,
1118 1870 1224 1912 non
1251 1859 1377 1928 quid
1410 1861 1458 1914 in
1482 1860 1580 1914 huc
1601 1862 1798 1916 smculo
1825 1863 2155 1933 perfecisset,

569 1942 805 2000 autsine
831 1948 1000 2016 gratia
1042 1948 1373 2020 Salvatoris,
1410 1970 1565 2024 quem
1609 1957 1768 2010 etiam
1800 1959 2154 2028 prophetavit,

569 2033 654 2087 vel
681 2033 892 2093 fecisset
910 2039 992 2094 vel
1019 2041 1350 2111 perleciSset.
1387 2047 1634 2103 Abstinet
1661 2049 1803 2104 enim
1831 2064 1890 2105 se
1914 2051 1980 2106 ab
2009 2053 2155 2107 omni

567 2138 629 2179 re
649 2125 786 2180 mala
806 2166 822 2193 ,
848 2128 1008 2186 etiam
1036 2133 1124 2203 qui
1172 2133 1332 2190 habet
1359 2147 1655 2206 peccatum,
1705 2141 1846 2209 quod
1883 2141 1936 2195 in
1965 2157 2023 2196 se
2061 2157 2151 2198 re-

566 2231 734 2287 gnare
760 2234 866 2276 non
890 2222 1048 2292 sinit,
1078 2227 1165 2281 cui
1207 2227 1448 2299 subrepit
1486 2230 1831 2300 improbanda
1864 2234 2114 2306 cogitatio
2134 2278 2149 2303 ,

565 2321 726 2376 quam
756 2314 1036 2380 pervenire
1064 2316 1130 2370 ad
1171 2317 1330 2373 linem
1360 2321 1538 2389 operis
1571 2338 1676 2378 non
1721 2326 2003 2393 permittit.
2043 2328 2150 2382 Sed

563 2397 708 2452 aliud
737 2410 819 2456 est
844 2417 948 2458 non
972 2404 1168 2462 habere
1199 2419 1492 2478 peccatum,
1519 2413 1662 2468 aliud
1691 2431 1795 2470 non
1821 2417 2040 2473 obedire
2058 2419 2150 2474 de-

562 2487 774 2546 sideriis
799 2493 936 2564 ejus.
963 2498 1124 2554 Aliud
1149 2509 1232 2555 est
1260 2502 1483 2572 implere
1512 2505 1651 2574 quod
1672 2518 1994 2579 praeceptum
2019 2521 2102 2567 est
2128 2555 2143 2581 ,

562 2575 688 2632 Non
738 2585 1062 2654 concupisces
1111 2587 1306 2662 (Exod.
1352 2608 1456 2659 xx,
1501 2596 1625 2667 16);
1673 2575 1730 2653 et
1770 2575 1909 2655 aliud
1941 2607 2023 2656 est
2051 2575 2148 2672 per

559 2672 842 2738 quemdam
868 2677 1205 2736 abstinentiae
1232 2693 1480 2740 conatum
1504 2688 1692 2743 saltem
1722 2690 1772 2745 id
1816 2707 1974 2763 agere
2005 2696 2146 2766 quod

558 2757 686 2814 item
717 2763 972 2832 scriptum
1014 2779 1120 2836 est,
1155 2769 1280 2826 Post
1323 2777 1752 2846 concupiscentias
1783 2790 1893 2837 tuas
1936 2800 2036 2837 non
2062 2802 2148 2840 eas

559 2846 747 2918 (Eccli.
777 2869 928 2922 xvm,
954 2856 1045 2930 50)
1079 2877 1091 2913 :
1118 2861 1250 2916 nihil
1282 2868 1475 2920 borum
1527 2877 1700 2924 tamen
1744 2871 1881 2926 scire
1913 2887 1971 2928 se
2001 2886 2146 2932 recte

562 2956 723 3011 posse
741 2945 857 3000 sine
873 2950 1040 3018 gratia
1064 2951 1373 3009 Salvatoris.
1396 2957 1594 3014 Facere
1619 2971 1700 3015 est
1718 2977 1846 3033 ergo
1858 2965 2142 3035 justitiam,

555 3033 610 3087 in
638 3050 766 3091 vero
798 3037 887 3093 Dei
915 3041 1060 3096 cultu
1108 3059 1228 3098 cum
1259 3046 1470 3104 interno
1511 3053 1954 3122 concupiscentia:
2001 3059 2144 3114 malo

557 3124 770 3182 interna
827 3131 1223 3192 conﬂictatione
1291 3153 1572 3210 pugnare:
1604 3143 1863 3212 perlicere
1914 3157 2138 3219 autem,

555 3221 777 3276 omnino
819 3225 1184 3283 adversarium
1224 3247 1327 3285 non
1371 3233 1584 3290 habere.
1625 3235 1757 3292 Nam
1785 3226 1877 3306 qui
1909 3251 2135 3313 pugnat,

554 3321 611 3366 et
637 3311 811 3368 adhuc
840 3317 1186 3387 periclitatur,
1217 3330 1273 3376 et
1296 3323 1580 3394 aliquando
1621 3331 1936 3397 percutitur,
1977 3311 2138 3390 etiam

552 3402 597 3455 si
629 3418 735 3458 non
764 3407 1052 3464 sternitur:
1081 3413 1171 3481 qui
1207 3421 1382 3468 autem
1427 3432 1535 3471 non
1566 3417 1725 3474 habet
1749 3421 2135 3491 adversarium,

553 3494 709 3564 plena
732 3511 862 3566 pace
889 3499 1116 3556 laztatur.
1148 3503 1215 3558 Et
1235 3504 1348 3574 ipse
1363 3521 1484 3562 esse
1496 3508 1612 3563 sine
1629 3522 1845 3579 peccato
1862 3515 2138 3572 verissime

552 3584 765 3654 dicitur,
796 3590 848 3643 in
879 3603 984 3660 quo
1004 3593 1206 3648 nullum
1229 3594 1429 3651 habitat
1459 3610 1730 3666 peccatum
1751 3619 1766 3667 ;
1789 3618 1892 3658 non
1924 3605 2012 3674 qui
2040 3621 2138 3676 per

548 3677 926 3736 abstinentiam
957 3684 1079 3738 mali
1103 3686 1282 3754 operis
1313 3687 1464 3756 dicit,
1483 3688 1604 3744 lam
1624 3708 1722 3746 non
1748 3709 1838 3764 ego
1858 3711 2039 3765 operor
2063 3699 2132 3752 il-

548 3766 659 3832 lud,
682 3769 771 3823 sed
798 3771 853 3823 id
876 3773 1078 3841 quodin
1104 3792 1182 3829 me
1201 3777 1391 3832 habitat
1416 3790 1672 3850 peccatum
1690 3783 1864 3858 (Rom.
1894 3803 1985 3853 vn,
2012 3788 2129 3860 ‘20).

620 3860 708 3914 73.
735 3860 868 3916 Nam
893 3874 948 3918 et
978 3866 1092 3935 ipse
1115 3867 1218 3922 Job
1252 3870 1322 3926 de
1358 3874 1590 3940 peccatis
1613 3877 1723 3931 suis
1751 3894 1854 3934 non
1887 3888 2046 3948 tacet,
2079 3893 2134 3939 et

545 3951 730 4023 utique
762 3954 884 4011 huic
923 3958 1096 4012 amico
1135 3973 1312 4017 vestro
1335 3965 1351 3996 ⁸
1379 3967 1571 4021 merito
1609 3969 1814 4038 placet,
1855 3973 2130 4031 humilita-

545 4053 650 4098 tem
680 4046 828 4102 nullo
851 4050 1010 4104 modo
1049 4052 1100 4106 in
1137 4052 1388 4111 falsitatis
1431 4067 1580 4129 parte
1609 4065 1910 4132 ponendam
1941 4087 1954 4123 :
1987 4070 2128 4126 unde

543 4135 596 4190 id
634 4138 776 4207 quod
804 4139 906 4196 Job
944 4145 1248 4210 conlitctur,
1295 4150 1418 4219 quia
1468 4167 1628 4208 verax
1661 4156 1750 4211 Dei
1791 4160 1965 4216 cultor
2009 4172 2124 4232 est,

543 4228 913 4294 proculdubio
962 4237 1227 4293 veraciter
1266 4244 1570 4300 conlitetur.
1620 4247 1688 4302 Et
1736 4250 1851 4321 ipse
1897 4228 2127 4311 Hilarius

541 4334 664 4374 cum
693 4319 868 4379 locum
897 4325 1088 4384 Psalmi
1110 4344 1420 4402 exponeret,
1446 4339 1531 4393 ubi
1559 4319 1815 4412 scriptum
1842 4356 1942 4413 est,
1966 4348 2126 4419 Spre-

542 4413 660 4468 visti
682 4430 856 4472 omnes
873 4420 1180 4478 discedentes
1206 4443 1236 4478 a
1253 4429 1844 4504 justiﬁcationibustuis,
1875 4440 1948 4494 ait
1972 4458 1985 4494 :
2017 4461 2036 4494 ι
2069 4443 2123 4499 Si

539 4506 681 4561 enim
710 4507 848 4564 Deus
877 4525 1182 4580 peccatores
1208 4532 1484 4587 sperneret
1503 4564 1518 4589 ,
1543 4539 1730 4580 omnes
1753 4529 1934 4599 utique
1964 4548 2122 4602 sper-

540 4607 724 4664 neret;
753 4603 874 4672 quia
904 4605 1019 4660 sine
1048 4618 1265 4676 peccato
1294 4629 1452 4668 nemo
1476 4625 1579 4671 est.
1625 4618 1729 4674 Sed
1763 4625 1967 4690 spernit
2006 4627 2119 4682 dis-

539 4687 797 4744 cedentes
839 4705 869 4746 a
894 4709 981 4762 se,
1011 4714 1148 4768 quos
1175 4714 1445 4772 apostatas
1474 4719 1664 4764 vocant
1695 4731 1712 4763 ι
1745 4687 2025 4785 (Iiilarius,
2069 4721 2122 4774 in

541 4777 688 4834 Psal.
755 4797 950 4849 cxvnt,
1019 4790 1167 4859 ll8).
1235 4795 1436 4852 Videtis
1495 4777 1942 4869 quemadmodum
2012 4777 2118 4868 non

537 4869 755 4938 dixerit,
781 4875 902 4942 quia
933 4877 1048 4932 sine
1090 4893 1307 4950 peccato
1343 4902 1499 4942 nemo
1549 4889 1729 4960 fuerit,
1761 4903 2008 4968 tanquam
2053 4903 2120 4958 de

537 4965 821 5033 prtcteritis
869 4968 1123 5039 loquens,
1173 4975 1265 5030 sed
1327 4980 1469 5048 quod
1523 4981 1640 5040 sine
1687 4965 1904 5055 peccato
1959 5008 2117 5049 nemo

537 5053 636 5118 sit;
665 5054 804 5111 unde
833 5061 1066 5128 quidem,
1111 5073 1169 5119 ut
1213 5066 1360 5135 dixi,
1407 5087 1512 5126 non
1542 5053 1829 5134 contendo.
1865 5081 2118 5156 Quisquis

535 5147 679 5201 enim
707 5163 810 5203 non
837 5153 979 5207 cedit
999 5154 1188 5213 Joanni
1227 5165 1499 5232 apostolo,
1528 5169 1617 5236 qui
1645 5186 1742 5227 nec
1768 5147 2030 5245 ipsc'ait,‘
2055 5179 2118 5234 Si

536 5237 812 5297 dixerimus
830 5245 951 5315 quia
973 5260 1232 5318 peccatum
1272 5269 1376 5310 non
1425 5257 1737 5331 habuimus;
1766 5267 1858 5322 sed
1888 5285 1989 5324 non
2020 5271 2114 5326 Ita-

597 5437 854 5520 nauticam
886 5451 1100 5520 quatuor
1125 5455 1179 5520 et
1203 5449 1423 5520 Gallicani
1447 5461 1575 5516 Mss,
1612 5460 1764 5512 amico
1789 5472 1950 5517 nostra
1977 5480 1995 5518 :
2019 5483 2113 5520 nou

530 5496 682 5586 ,.
703 5508 854 5586 (“Nalm
878 5496 1059 5586 οείᾉιιρδξ
1072 5525 1107 5586 ιι.
1123 5496 1190 5586 ait

530 5556 700 5618 linum.
725 5575 774 5610 ιι.
801 5565 845 5652 ξι,
922 5556 1014 5616 non
1037 5556 1191 5621 solm-ti
1208 5556 1494 5644 dilféximus:

538 5634 562 5652 .
587 5633 700 5652 Ωιιιη
725 5640 767 5652 ‘I
804 5651 807 5652 ν
843 5640 872 5652 Δ
895 5642 963 5652 ιιι..
987 5639 1144 5652 Ωιι...η..-
1199 5647 1285 5652 -----
1302 5649 1340 5652 __
1368 5651 1377 5652 κ
1404 5651 1411 5652 κ
1446 5646 1458 5652 -
1625 5648 1632 5652 .
1746 5651 1751 5652 γ

527 5633 727 5733 ἶὸἓὲιέιις
745 5640 768 5670 ι
800 5626 965 5678 Melius
987 5639 1168 5694 tamen,
1191 5634 1346 5687 amico

671 5697 704 5733 Ι.

1546 280 1632 335 DE
1669 279 1950 341 ΝΑΤυιιΑ
1992 283 2080 339 ΕΤ
2115 282 2394 354 GRA'I‘IA,
2437 285 2496 344 S.
2537 287 2910 350 AUGUSTINI

591 392 994 453 similitudinem
1016 391 1193 451 carnis
1231 393 1462 466 peccati,
1494 393 1786 468 Evangelio
1827 404 1963 455 teste
1992 397 2174 454 vidca-
2207 452 2214 460 ,

3774 314 3906 370 284

2282 398 2454 458 bemus
2479 401 2524 474 (l
2550 404 2705 462 Joan.
2735 423 2773 474 ι,
2802 409 2857 481 8)
2885 427 2898 464 :
2927 411 3179 484 episeopo
3207 413 3408 472 Hilario
3447 424 3716 491 quomodo
3759 442 3892 485 ces-

2281 506 2443 546 surus
2467 495 2590 550 est?
2612 495 2717 552 Pro
2744 501 2914 569 gratia
2938 501 3141 558 Christi
3171 505 3380 574 clamo,
3411 511 3529 566 sine
3567 529 3671 584 qua
3707 533 3894 574 nemo

2275 580 2617 652 justiticatur,
2652 596 2903 660 tanquam
2933 592 3234 654 sumciente
3280 608 3483 657 natura:
3521 580 3693 662 libero
3727 611 3880 666 πω.

2281 675 2400 728 trio.
2437 675 2549 732 lmo
2595 681 2711 749 ipso
2745 697 2844 750 pro
2888 699 2954 739 ea
2998 686 3302 745 clamat:ei
3346 693 3569 752 cedatur
3597 698 3613 729 ¹
3644 697 3888 768 dicenti,

2280 766 2408 822 Sine
2435 785 2512 825 me
2539 771 2669 826 nihil
2695 775 2900 843 potestis
2921 777 3091 846 facere
3109 778 3286 846 (Joan.
3317 799 3408 851 xv,
3436 786 3518 857 5).

2348 858 2577 917 CAPUT
2617 863 2794 919 LXIII.
2817 896 2890 907 —
2914 868 3002 923 74.
3039 868 3265 942 Opponit
3301 875 3404 928 alia
3442 876 3695 934 Ambrosii
3719 883 3880 936 testi-

2275 953 2465 1005 monia.
2497 953 2724 1010 Sanctus
2753 967 2931 1013 autem
2960 962 3276 1020 Ambrosius
3313 983 3499 1024 revera
3539 971 3590 1024 in
3630 987 3695 1027 eo
3736 974 3874 1029 loco

2275 1058 2431 1113 quem
2462 1045 2567 1102 iste
2590 1060 3010 1119 commemorat,
3053 1054 3160 1111 illis
3201 1058 3402 1114 resistit
3431 1061 3521 1131 qui
3554 1063 3731 1120 dicunt
3767 1065 3882 1119 ho-

2272 1135 2470 1192 minem
2501 1151 2608 1194 non
2634 1155 2756 1196 esse
2781 1157 2938 1214 posse
2965 1146 3084 1203 sine
3123 1159 3342 1219 peccato
3385 1153 3439 1208 in
3487 1154 3587 1212 hac
3630 1158 3754 1213 vita.
3793 1159 3878 1215 Ut

2271 1228 2413 1283 enim
2443 1245 2504 1285 ea
2526 1230 2760 1298 diceret,
2803 1239 3010 1308 accepit
3051 1242 3389 1298 occasionem
3429 1245 3496 1301 de
3520 1245 3771 1303 Zacharia
3807 1261 3878 1305 et

2270 1317 2540 1374 Elisabeth
2562 1361 2578 1388 ,
2607 1324 2748 1393 quod
2770 1325 2822 1379 in
2851 1327 3138 1399 Evangelio
3163 1338 3564 1392 commemorati
3590 1351 3712 1394 sunt
3738 1357 3874 1394 am-

2270 1405 2481 1465 bulasse
2510 1411 2561 1466 in
2604 1414 2852 1470 omnibus
2896 1417 3365 1487 justillcationibus
3395 1425 3522 1496 legis
3569 1429 3684 1485 sine
3713 1447 3872 1500 que-

2268 1499 2377 1554 rela
2401 1516 2416 1553 :
2443 1505 2696 1574 numquid
2723 1515 2898 1564 tamen
2925 1523 3079 1581 negat
3098 1516 3265 1584 gratia
3293 1517 3385 1572 Dei
3414 1517 3523 1574 ﬁcri
3546 1537 3638 1591 per
3660 1523 3861 1578 Iesum

2265 1585 2538 1646 Christum
2563 1593 2843 1651 Dominum
2865 1603 3142 1656 nostrum?
3166 1605 3248 1660 Ex
3270 1621 3374 1676 qua
3405 1607 3506 1664 ﬁde
3535 1585 3691 1666 etiam
3719 1624 3865 1668 antc

2264 1679 2381 1750 ejus
2401 1684 2702 1752 passionem
2744 1688 2919 1758 justos
2971 1694 3168 1751 vixisse
3214 1712 3321 1752 non
3349 1699 3562 1756 dubium
3601 1714 3714 1768 est,
3761 1708 3862 1775 qui

2266 1780 2481 1840 praestat
2507 1774 2770 1844 Spiritum
2811 1791 3053 1838 sanctum
3093 1786 3183 1856 qui
3224 1788 3378 1842 datus
3403 1800 3486 1845 est
3528 1792 3706 1858 nobis,
3752 1774 3863 1864 per

2263 1876 2420 1930 quem
2460 1863 2772 1923 diffunditur
2813 1871 3046 1928 cbaritas
3089 1876 3140 1930 in
3191 1879 3441 1935 cordibus
3479 1884 3695 1950 nostris,
3744 1863 3857 1955 qua

2263 1967 2361 2005 una
2380 1952 2508 2023 justi
2537 1968 2659 2011 sunt
2687 1951 3010 2033 quicumque
3044 1964 3173 2035 justi
3216 1977 3360 2023 sunt.
3393 1970 3560 2039 Quem
3588 1951 3855 2043 Spiritum

2260 2055 2581 2100 memoratus
2598 2050 2879 2121 episcopus
2900 2058 3058 2110 etiam
3075 2060 3324 2129 precibus
3346 2061 3731 2133 impetrandum
3748 2069 3855 2120 ad-

2261 2143 2447 2189 monet
2475 2137 2568 2207 (ita
2593 2139 2664 2194 illi
2695 2143 2940 2199 voluntas
2966 2147 3219 2206 divinitus
3248 2168 3353 2207 non
3380 2154 3558 2225 adjuta
3586 2172 3689 2212 non
3727 2159 3852 2213 suf-

2259 2223 2385 2297 llcit)
2410 2267 2426 2294 ,
2456 2229 2544 2283 ubi
2570 2229 2624 2284 in
2654 2232 2854 2303 hymno
2879 2251 2976 2292 suo
3002 2238 3149 2306 dicit,

2656 2347 2881 2410 totisque
2913 2359 3107 2412 przcstat
3132 2355 3152 2385 ²
3175 2354 3362 2407 sedulis
3377 2393 3394 2419 ,

2653 2433 2874 2478 sanctum
2898 2435 3081 2484 mereri
3113 2437 3334 2498 Spiritum
3356 2439 3446 2504 (a).

2324 2525 2410 2577 75.
2435 2525 2875 2587 Commemoraho
2907 2545 2961 2589 ct
2987 2552 3084 2608 ego
3110 2538 3176 2594 de
3212 2539 3312 2596 hoc
3341 2543 3456 2612 ipso
3477 2561 3638 2616 opere
3667 2555 3854 2607 sancti

2251 2611 2520 2671 Ambrosii
2562 2619 2790 2690 aliquid,
2827 2641 2892 2678 cx
2931 2641 3038 2696 quo
3081 2630 3179 2685 iste
3217 2611 3652 2693 commemoravit
3692 2644 3844 2711 quod

2251 2710 2776 2765 Commemorandum
2843 2719 3064 2784 putavit.
3118 2739 3137 2771 ι
3182 2720 3351 2777 Visum
3414 2737 3515 2794 cst,
3555 2747 3575 2781 ι
3636 2732 3840 2802 inquit,

2256 2812 2276 2848 ι
2304 2797 2446 2850 mihi.
2473 2798 2655 2856 Potest
2676 2819 2781 2858 non
2809 2808 2906 2862 soli
2939 2809 3108 2866 visum
3134 2829 3290 2883 esse,
3321 2819 3462 2887 quod
3509 2821 3682 2878 visum
3725 2827 3835 2882 sibi

2248 2903 2369 2944 esse
2404 2889 2661 2947 declarat.
2700 2895 2815 2952 Non
2855 2902 2996 2955 enim
3045 2905 3316 2964 voluntate
3358 2919 3560 2968 tantum
3601 2915 3838 2973 humana

2249 2978 2418 3033 visum
2449 2991 2530 3036 est
2550 3023 2564 3047 ,
2588 2985 2682 3040 sed
2725 2989 2861 3042 sicut
2889 2993 3085 3060 placuit
3121 2997 3169 3051 ei
3200 3001 3286 3069 qui
3316 3002 3366 3055 in
3395 3018 3502 3072 me,
3530 3005 3718 3078 inquit,
3751 3010 3838 3065 lo-

2247 3071 2424 3139 quitur
2448 3072 2691 3132 Cbristus
2719 3079 2762 3145 ³,
2789 3085 2876 3151 qui
2924 3094 2980 3138 ut
3022 3087 3073 3142 id
3103 3091 3242 3159 quod
3273 3092 3468 3152 bonum
3518 3071 3634 3168 est;
3679 3071 3838 3159 nobis

2245 3177 2456 3232 quoque
2499 3164 2695 3224 bonum
2750 3173 2914 3229 videri
2967 3181 3133 3247 possit
3179 3197 3451 3253 operatur.
3489 3189 3656 3258 Quem
3685 3196 3834 3250 enim

2247 3252 2550 3324 miseratur,
2581 3268 2635 3314 et
2663 3273 2835 3318 vocat.
2868 3265 2934 3320 Et
2976 3269 3097 3325 ideo
3139 3252 3228 3343 qui
3267 3275 3535 3334 Christum
3563 3285 3833 3355 sequitur,

2244 3352 2418 3410 potest
2444 3345 2799 3418 interrogatus
2828 3369 2924 3410 cur
2952 3373 3071 3414 esse
3105 3363 3333 3420 voluerit
3352 3367 3672 3429 cbristianus
3691 3415 3707 3442 ,
3737 3392 3832 3431 re-

2243 3433 2525 3502 Spmtdere,
2561 3437 2733 3494 Visum
2762 3455 2833 3498 est
2865 3448 3008 3502 mihi.
3033 3451 3183 3518 Quod
3207 3469 3326 3510 cum
3357 3457 3510 3529 dicit,
3544 3479 3646 3518 non
3672 3433 3833 3536 negat

2245 3521 2355 3577 Deo
2380 3526 2586 3596 visum;
2615 3545 2644 3584 a
2677 3532 2785 3588 Deo
2814 3537 2954 3590 enim
2985 3556 3310 3612 praeparatur
3353 3551 3604 3608 voluntas
3647 3555 3821 3613 homi-

2242 3627 2366 3667 num
2397 3634 2410 3670 :
2443 3625 2498 3671 ut
2524 3622 2664 3675 enim
2710 3623 2851 3680 Deus
2882 3627 3257 3691 honorilicetur
3282 3654 3311 3692 a
3345 3653 3554 3706 sancto,
3583 3644 3676 3700 Dei
3703 3664 3831 3719 gra-

2242 3705 2307 3757 tia
2331 3716 2431 3762 est.
2468 3727 2487 3762 ι
2521 3710 2661 3768 Ecce
2707 3717 2832 3786 quid
2879 3720 2981 3776 iste
3020 3726 3228 3796 sapiat,
3274 3731 3315 3783 si
3349 3735 3526 3792 verbis
3555 3705 3830 3798 Ambrosii

2237 3797 2547 3870 delectatur,
2568 3807 2710 3876 quod
2725 3825 2753 3862 a
2785 3809 2892 3866 Deo
2909 3829 3238 3885 praeparatur
3260 3823 3501 3882 voluntas
3517 3827 3826 3901 hominum,

2237 3901 2291 3944 ct
2313 3895 2474 3958 nulla,
2506 3897 2588 3951 vel
2617 3915 2719 3953 non
2743 3916 2930 3973 magna
2956 3910 3178 3976 quaestio
3208 3922 3320 3980 est,
3353 3917 3474 3986 quis
3498 3919 3580 3974 vel
3603 3925 3826 3990 quando

2235 4071 2347 4124 ﬁt'I‘I
2375 4090 2531 4144 posse
2555 4080 2772 4138 minime
2797 4083 3090 4144 dubitetur.
3131 4071 3330 4151 Deinde
3358 4110 3614 4168 quantum
3657 4071 3778 4160 erat
3801 4149 3820 4173 ,

2234 4165 2605 4222 utattenderet
2634 4169 2734 4226 iste
2765 4189 2928 4230 unum
2979 4194 3187 4236 versum
3227 4184 3295 4240 de
3331 4165 3599 4248 Ambrosii
3635 4195 3825 4252 verbis

2231 4271 2348 4323 qua:
2379 4259 2573 4326 posuit.
2600 4260 2731 4318 Cum
2764 4268 2903 4322 enim
2933 4271 3019 4328 ille
3043 4273 3286 4344 dixisset,
3323 4298 3343 4332 ‹
3375 4281 3510 4338 Nam
3545 4301 3668 4342 cum
3705 4288 3821 4344 1·Σο-

2229 4344 2390 4399 closia
2416 4365 2480 4402 ex
2505 4353 2775 4423 gentibus,
2806 4357 2905 4414 hoc
2933 4372 3035 4425 est,
3087 4380 3152 4421 ex
3193 4375 3559 4436 peccatoribus
3586 4393 3825 4450 congre-

2228 4446 2345 4505 gata
2375 4439 2476 4506 sit,
2517 4446 2784 4512 quomodo
2825 4465 2890 4504 ex
2933 4457 3209 4514 maculatis
3246 4461 3584 4522 immaculata
3636 4481 3826 4539 potest

2228 4545 2377 4595 esse,
2407 4534 2506 4589 nisi
2531 4538 2700 4604 primo
2723 4557 2819 4610 per
2845 4543 3038 4603 Christi
3060 4553 3307 4623 gratiam,
3339 4559 3480 4627 quod
3506 4534 3682 4617 abluia
3711 4564 3823 4621 de—

2228 4619 2352 4674 licto
2374 4624 2470 4688 sit;
2502 4625 2722 4695 deinde,
2766 4634 2907 4701 quod
2950 4653 3043 4706 per
3069 4619 3377 4709 qualitatem
3424 4664 3530 4704 non
3561 4657 3822 4722 peccandi

2225 4712 2489 4769 abstineat
2515 4733 2544 4770 a
2573 4719 2822 4778 delictis?
2856 4745 2876 4779 ι
2919 4727 3012 4784 Ille
3032 4732 3254 4801 addidit,
3286 4739 3426 4807 quod
3460 4712 3821 4816 iste'apparet

2226 4817 2323 4856 cur
2351 4805 2548 4864 addere
2577 4812 2807 4870 noluerit
2831 4835 2844 4871 :
2876 4819 2950 4874 ait
2970 4836 3200 4895 namque
3229 4805 3345 4898 ille,
3381 4850 3400 4884 ι
3435 4833 3544 4890 Nec
3569 4837 3822 4898 abinitic

2226 4893 2592 4967 immaculata;
2623 4903 2869 4964 humana:
2894 4913 3034 4967 enim
3069 4914 3170 4972 hoc
3199 4919 3526 4990 impossibile
3555 4937 3758 4984 naturae
3787 4950 3804 4988 :

2225 4991 2317 5046 sed
2342 5008 2435 5062 per
2462 4995 2554 5050 Dei
2581 5000 2806 5068 gratiam
2839 5013 2900 5086 et
2934 5009 3244 5077 qualitatem
3275 5016 3378 5084 sui,
3412 5019 3532 5088 quia
3562 5020 3670 5090 jam
3701 5038 3818 5082 non

2225 5093 2437 5152 peccat,
2491 5087 2550 5142 ﬁt
2579 5100 2631 5145 ut
2676 5080 3008 5153 immaculata
3035 5102 3276 5159 videatur
3308 5124 3327 5159 ι
3364 5080 3722 5178 (λινῶν-διευς,
3754 5117 3816 5173 ir;

2223 5171 2377 5227 anw
2398 5189 2554 5247 caput
2585 5179 2660 5250 l).
2704 5182 2828 5240 Haec
2851 5188 3032 5256 verba,
3080 5192 3180 5248 iste
3205 5211 3300 5250 cur
3350 5171 3458 5254 non
3504 5203 3776 5261 addiderit
3797 5251 3816 5270 ,

2221 5263 2340 5332 quis
2378 5282 2481 5321 non
2512 5269 2810 5344 intelligat?
2840 5277 2952 5334 lloc
2995 5282 3171 5352 agitur
3219 5287 3398 5359 utique
3437 5308 3579 5349 nunc
3615 5295 3668 5349 in
3701 5295 3816 5355 hoc

2284 5418 2302 5488 ξ
2335 5421 2550 5488 Nonnulli
2579 5437 2642 5475 ex
2667 5426 2826 5488 editis,
2851 5432 3093 5486 credatur.

2283 5481 2303 5558 ξ
2335 5482 2444 5558 §ola
2459 5485 2577 5558 fere
2588 5488 2738 5558 editio
2754 5481 2892 5558 μάνη
2911 5481 3110 5558 pel-sibi.

2282 5541 2302 5618 ξ
2333 5551 2539 5618 Quatuor
2563 5550 2766 5618 Vaticani
2790 5541 3151 5618 Μελςίίέρἶἶᾶἦδ.

2282 5602 2354 5688 (tr)
2387 5609 2702 5688 Hymnus-ille
2736 5602 3382 5688 Ambrtﬁiarmtvsuaimonacbis
3402 5629 3812 5688 Cisterciensilnts

2217 5666 2486 5754 ἓῗέῗέἑξξτιέξὲ
2498 5672 2746 5754 ἓξὲτὲἱὲτηι
2793 5666 3355 5748 υοιιιίήῖᾶνῖλιιιιωιιῖην
3393 5666 3804 5754 οιῖινοὶίιυῖιὲἒ

2219 5727 2478 5784 (pictilibus
2497 5728 2686 5783 diebus.
