3996 6478
178 295 304 352 285

177 409 413 476 srculo,
444 417 509 465 ut
537 411 611 468 ad
641 413 826 480 istam,
874 428 1034 486 quam
1082 428 1271 473 omnes
1315 415 1483 471 sancti
1534 418 1789 488 cupiunt.

177 503 759 560 immaculatissimam
790 506 1077 575 puritatem
1106 507 1340 562 Ecclesia
1392 518 1575 562 sancta
1603 523 1800 578 perve-

181 596 340 660 niat,
386 611 517 667 qua:
564 597 622 651 in
669 596 854 653 futuro
882 598 1078 654 sarculo
1118 612 1292 669 neque
1329 600 1510 670 aliquo
1537 601 1800 655 malorum

180 688 475 745 hominum
504 689 614 744 sibi
638 691 935 760 permixto,
966 705 1137 762 neque
1162 692 1335 762 aliqua
1364 691 1420 746 in
1453 707 1511 747 se
1542 692 1657 761 lege
1678 706 1802 762 pec-

178 782 300 837 cati
325 782 621 838 resistente
653 783 757 854 legi
799 785 1028 849 mentis,
1073 784 1233 840 ducat
1275 785 1680 840 mundissimam
1722 786 1801 840 vi-

179 872 379 927 tamin
421 872 738 928 artes-nitate
782 873 982 929 divina.
1024 874 1223 929 Tamen
1262 874 1501 930 attendat
1541 876 1641 929 iste
1667 874 1798 945 quid

179 963 494 1019 secundum
536 964 843 1035 Scripturas
882 966 1196 1022 Ambrosius
1231 969 1518 1038 episcopus
1558 968 1795 1035 dixerit,

186 1072 207 1105 ι
246 1054 366 1110 Nec
396 1055 471 1111 ab
512 1056 671 1111 initio
704 1058 1075 1126 immaculata;
1102 1060 1349 1114 humana:
1374 1062 1515 1115 enim
1561 1062 1662 1115 hoc
1698 1062 1799 1115 im-

182 1147 457 1216 possibile
482 1157 716 1203 natura).
749 1168 770 1202 ι
805 1149 998 1221 Utique
1044 1150 1186 1205 enim
1220 1152 1289 1205 ab
1332 1152 1483 1206 initio
1510 1152 1661 1219 dicit,
1691 1168 1797 1221 quo

184 1255 251 1295 es
289 1240 467 1294 Adam
500 1242 796 1296 nascimur.
825 1241 959 1297 Nam
985 1252 1037 1297 et
1066 1242 1181 1312 ipse
1211 1243 1379 1298 Adam
1425 1244 1795 1299 immaculatus

185 1331 383 1399 procul
424 1330 596 1387 dubio
647 1331 823 1387 factus
856 1344 940 1389 est
964 1351 977 1387 :
1000 1334 1094 1389 sed
1124 1336 1176 1389 in
1224 1336 1301 1389 eis
1330 1336 1421 1405 qui
1450 1347 1576 1390 sunt
1605 1346 1793 1391 natura

188 1420 285 1475 ﬁlii
312 1422 445 1486 ira,
490 1422 757 1479 ducentes
801 1440 868 1479 ex
913 1425 1002 1479 illo
1025 1424 1167 1496 quod
1197 1427 1438 1481 vitiatum
1468 1440 1548 1481 est
1594 1429 1645 1480 in
1676 1429 1790 1495 illo,

188 1512 258 1565 ab
283 1512 445 1566 initio
488 1527 615 1567 esse
658 1514 1049 1583 immaculatos,
1080 1515 1327 1571 humana:
1352 1527 1558 1573 natura:
1589 1518 1793 1588 impos-

187 1602 342 1657 sibila
366 1602 653 1657 deﬁnivit.

259 1693 493 1750 CAPUT
538 1695 724 1750 LXIV.
760 1727 837 1739 —
875 1697 961 1753 76.
990 1696 1138 1752 Idem
1158 1706 1400 1752 tractatur
1419 1709 1790 1770 argumentum.

194 1784 318 1840 item
376 1784 627 1842 Joannes
665 1787 1287 1857 Constantinopolitanus
1314 1790 1598 1859 episeOpus
1641 1791 1792 1858 cujus

192 1877 363 1945 posuit
377 1877 712 1932 sententiam
728 1919 743 1941 ,
772 1878 893 1931 dicit
915 1888 1172 1946 peccatum
1192 1895 1291 1933 non
1313 1896 1418 1933 esse
1436 1881 1787 1946 substantiam,

190 1968 276 2019 sed
306 1978 484 2020 actum
513 1969 799 2039 malignum
824 1984 842 2021 :
863 1969 983 2038 quis
1004 1967 1106 2023 hoc
1130 1970 1329 2039 negat?
1356 1969 1425 2024 Et
1449 1971 1571 2041 quia
1594 1987 1694 2024 non
1719 1980 1793 2025 est

194 2060 423 2113 naturale
438 2100 457 2125 ,
483 2059 607 2113 ideo
623 2070 805 2113 contra
830 2060 960 2113 illud
985 2061 1140 2131 legent
1165 2061 1358 2127 datam,
1382 2069 1428 2114 et
1456 2062 1591 2132 quod
1617 2062 1680 2115 de
1706 2077 1791 2115 ar-

193 2150 320 2203 bitri
360 2149 602 2205 libertate
644 2151 901 2206 descendit
930 2170 944 2204 :
972 2153 1131 2207 etiam
1163 2152 1263 2207 hoc
1300 2153 1422 2222 quis
1459 2155 1657 2223 negat?
1684 2153 1789 2208 Sed

193 2256 328 2296 nunc
354 2242 543 2312 agitur
566 2241 636 2297 de
666 2244 895 2297 humana
915 2252 1101 2298 natura
1127 2260 1246 2314 quae
1275 2246 1454 2300 vitiata
1480 2255 1588 2312 est;
1621 2248 1792 2316 agitur

192 2341 247 2386 et
265 2332 329 2387 de
351 2333 532 2403 gratia
563 2333 660 2387 Dei
686 2334 704 2365 ¹
726 2348 830 2403 qua
854 2344 1072 2389 sanatur
1092 2350 1187 2406 per
1207 2336 1472 2391 medicum
1496 2334 1785 2402 Christum,

190 2436 294 2490 quo
316 2437 424 2478 non
456 2422 731 2494 indigeret
756 2424 801 2479 si
829 2439 955 2479 sana
979 2434 1153 2493 esset,
1181 2443 1300 2497 qua:
1320 2426 1390 2481 ab
1412 2431 1514 2482 isto
1536 2436 1786 2497 tanquam

187 2526 315 2565 sana
335 2552 354 2579 ,
380 2514 468 2567 vel
499 2523 753 2585 tanquam
779 2515 879 2570 sibi
906 2516 1203 2574 sufﬁciente
1229 2518 1517 2574 voluntatis
1542 2520 1785 2587 arbitrio,

186 2617 351 2672 posse
380 2619 493 2659 non
523 2620 750 2675 peccare
772 2606 1096 2663 defenditur.

263 2696 362 2749 Ti.
403 2695 539 2761 Quis
557 2698 679 2753 item
707 2698 1033 2757 Christianus
1074 2702 1309 2771 ignorat,
1354 2704 1495 2773 quod
1539 2705 1787 2761 beatissi-

180 2800 343 2840 mum
372 2786 593 2859 Xystum
622 2789 879 2845 Romana:
902 2792 1151 2849 Ecclesia:
1174 2794 1480 2866 episcopum
1502 2806 1555 2851 et
1577 2798 1787 2854 Domini

183 2886 485 2947 martyrem
535 2879 733 2936 dixisse
766 2886 1285 2956 commcmorat(a),
1336 2888 1468 2954 Quia
1513 2888 1788 2945 libertatem

191 2967 387 3020 τωτήὶ
402 2968 487 3022 sui
498 2971 725 3040 permisit
740 2971 1027 3027 hominibus
1048 2972 1185 3029 Deus
1204 2985 1279 3041 ,ut
1316 2994 1441 3049 pure
1459 2986 1508 3032 et
1538 2980 1647 3033 sine
1664 2996 1786 3049 pec-

186 3068 294 3111 cato
314 3060 543 3116 viventes
562 3062 752 3117 similes
773 3064 900 3132 ﬁant
928 3063 1033 3119 Deo
1053 3067 1078 3120 7
1099 3065 1203 3121 Sed
1223 3067 1288 3121 ad
1311 3068 1481 3136 ipsum
1508 3070 1785 3127 arbitrium

186 3150 419 3218 pertinet
438 3161 722 3208 vocantem
742 3155 927 3209 audire
943 3164 998 3210 et
1015 3156 1237 3212 credere
1256 3198 1270 3221 ,
1294 3159 1437 3213 etab
1456 3176 1522 3214 eo
1543 3161 1594 3215 in
1625 3178 1783 3232 quem

185 3242 351 3295 cedit
368 3258 480 3307 non
505 3245 760 3313 peccandi
788 3246 1106 3315 adjutorinm
1139 3251 1424 3318 postulare.
1453 3252 1584 3305 Nam
1601 3255 1786 3323 utique

182 3334 476 3401 mdicit,
512 3336 700 3391 similes
738 3339 865 3407 [iant
896 3338 1025 3404 Deo;
1060 3340 1478 3410 percltaritntem
1502 3345 1594 3400 Dei
1624 3344 1786 3401 futuri

184 3428 537 3483 suntsimiles
561 3428 701 3494 Deo,
733 3446 851 3499 qua:
871 3429 1059 3486 diﬂ'asa
1088 3442 1171 3487 est
1191 3434 1242 3488 in
1272 3435 1523 3490 cordibus
1551 3438 1746 3492 nostris
1765 3480 1781 3505 ,

184 3533 285 3571 non
307 3530 523 3574 natura:
539 3522 907 3590 possibilitate.
931 3539 1029 3579 nec
1050 3525 1216 3581 libero
1235 3527 1456 3582 arbitrio
1476 3530 1616 3600 quod
1635 3532 1781 3586 estin

184 3612 369 3679 nobis,
404 3612 504 3667 sed
535 3628 628 3681 per
655 3613 908 3683 Spiritum
937 3624 1178 3671 sanctum
1207 3619 1296 3688 qui
1319 3620 1474 3675 datus
1495 3631 1576 3676 est
1606 3622 1781 3680 nobis.

182 3698 245 3753 Et
269 3701 425 3772 quod
448 3702 579 3758 dicit
606 3703 744 3759 idem
766 3714 983 3776 martyr,
1012 3706 1275 3779 Templum
1302 3715 1564 3765 sanctum’
1586 3723 1658 3767 est
1674 3713 1783 3768 Deo

178 3808 321 3846 mens
349 3809 491 3863 pura
510 3835 527 3860 ,
556 3803 604 3849 et
627 3796 792 3849 altare
816 3797 1057 3865 Optimum
1073 3807 1147 3852 est
1173 3800 1218 3852 ei
1242 3816 1330 3854 cor
1344 3802 1586 3856 mundum
1612 3813 1656 3856 et
1676 3805 1785 3859 sine

179 3895 431 3951 peccato;
462 3886 582 3954 quis
610 3886 779 3941 nescit
806 3888 870 3940 ad
903 3888 1053 3943 istam
1084 3891 1462 3960 perfectionem
1492 3894 1783 3963 perducen-

177 3973 303 4029 dum
331 3991 442 4029 cor
470 3976 720 4031 mundum
742 4020 758 4044 ,
788 3978 913 4033 dum
946 3980 1165 4035 interior
1202 3981 1363 4037 homo
1402 3996 1686 4040 renovatur
1713 3986 1781 4043 de

176 4064 260 4119 die
286 4066 344 4118 in
383 4064 564 4129 diem;
594 4081 695 4121 non
730 4078 906 4123 tamen
952 4071 1068 4124 sine
1112 4073 1279 4140 gratia
1328 4074 1419 4128 Dei
1463 4091 1558 4145 per
1596 4076 1778 4131 Jesum

173 4155 465 4212 Christum
514 4157 791 4213 Dominum
824 4162 1109 4215 nostrum?
1156 4163 1285 4218 Item
1324 4166 1463 4234 quod
1505 4168 1580 4220 ait
1626 4168 1774 4237 ipse,

181 4244 271 4299 Vir
288 4258 479 4301 castus
504 4256 549 4300 ct
580 4249 685 4304 sine
709 4262 915 4319 peccato
939 4261 1232 4322 potestatem
1257 4257 1449 4327 accepit
1475 4275 1506 4309 a
1546 4258 1649 4312 Deo
1673 4275 1779 4314 esse

172 4339 317 4407 ﬁlius
344 4338 489 4402 Dei;
530 4339 706 4409 utique
742 4340 1051 4411 admonuit,
1084 4360 1151 4399 ne
1187 4360 1306 4400 cum
1347 4347 1569 4417 quisque
1606 4347 1777 4403 lactus

168 4427 338 4483 fuerit
372 4430 452 4483 ita
480 4440 657 4486 castus
680 4440 734 4486 et
762 4433 876 4487 sine
918 4444 1136 4503 peccato
1161 4433 1342 4508 (quod
1371 4438 1457 4491 ubi
1485 4447 1539 4493 et
1563 4439 1776 4507 quando

167 4520 224 4575 in
242 4536 314 4576 eo
356 4522 670 4590 perﬁciatur
697 4524 947 4580 nonnulla
976 4527 1200 4595 quaestio
1222 4536 1342 4594 est,
1374 4529 1464 4584 sed
1496 4530 1632 4585 inter
1661 4532 1777 4601 pios

166 4612 306 4668 bene
328 4614 622 4683 queritur,
648 4615 785 4670 inter
802 4631 938 4687 quos
960 4626 1138 4674 tamen
1156 4627 1366 4675 constat
1387 4622 1496 4677 fieri
1518 4638 1693 4692 posse,
1722 4633 1777 4680 et

164 4707 283 4759 sine
310 4703 621 4760 mediatore
651 4706 745 4761 Dei
781 4715 835 4763 et
862 4707 1131 4764 hominum
1165 4710 1379 4767 homine
1407 4712 1619 4768 Christo
1646 4714 1771 4772 .lesu

161 4792 281 4847 ﬁeri
303 4808 429 4846 non
444 4796 623 4865 posse)
647 4812 662 4849 :
681 4804 876 4862 tamen,
897 4806 952 4852 ut
972 4798 1149 4854 dicere
1172 4816 1462 4871 coeperam,
1483 4806 1775 4874 prudenter

160 4882 382 4955 Xystus
418 4882 723 4953 admonuit,
753 4902 820 4942 ne
848 4904 967 4943 cum
1002 4890 1157 4945 fuerit
1178 4894 1400 4963 quisque
1435 4896 1553 4950 talis
1579 4898 1769 4966 factus,

158 4985 215 5030 et
238 4991 348 5045 per
379 4974 487 5029 hoc
523 4986 667 5033 recte
693 4978 831 5034 inter
877 4980 1014 5036 ﬁlios
1060 4983 1153 5037 Dei
1194 4984 1505 5055 deputatus,
1558 4999 1773 5058 putetur

155 5069 336 5140 ipsius
386 5068 553 5126 fuisse
580 5074 891 5142 potestatis,
921 5092 1079 5147 quam
1110 5094 1206 5149 per
1242 5081 1465 5151 gratiam
1495 5086 1699 5156 accepit
1737 5102 1768 5142 a

216 5246 251 5325 ξ.
428 5246 673 5325 :A
693 5248 1013 5325 iit-agiturde
1033 5252 1244 5325 humana
1258 5263 1449 5325 natura.
1467 5273 1577 5325 qua?
1592 5260 1644 5314 in
1675 5260 1768 5313 hac

150 5307 253 5384 vita
274 5317 399 5384 est;
432 5309 520 5361 sed
540 5310 706 5376 agitur
728 5307 971 5379 de'gratia
1006 5315 1116 5367 Dei.
1149 5307 1448 5384 castigantur
1475 5307 1569 5374 ⁷ἐῖ
1593 5307 1765 5375 manu:

147 5380 455 5514 gitti-Le
603 5437 850 5514 οπξὶιιιμιιιν
864 5443 1101 5514 W9”?!-

214 5495 491 5570 (a)_verha
511 5497 626 5570 illa,
660 5512 778 5570 qua:
797 5500 1297 5570 velttt_Xysti__llomani
1323 5508 1533 5570 episcopi
1560 5516 1611 5560 et
1633 5524 1761 5561 mar-

148 5556 279 5619 W
547 5556 975 5632 ερεείποωιει-αι.
994 5556 1178 5636 vidicit
1206 5556 1759 5675 εοειιιίοςιυιίηῑίεθεῖί-

148 5632 248 5669 nos
266 5628 403 5675 x550
424 5636 532 5672 slve
545 5629 685 5672 sexu
705 5636 820 5672 εὗδε
834 5621 1102 5675 υἱιὶοεοοιιι
1125 5634 1202 5675 Ργι
1238 5641 1433 5675 3201⁸321-
1456 5646 1516 5675 ex
1546 5633 1758 5675 ludimur!

146 5632 248 5669 nos
266 5624 403 5684 Xysti
422 5621 532 5672 Sive
545 5621 690 5672 Sexti
705 5636 820 5672 esse
834 5621 1102 5687 plrlosophi
1125 5621 1433 5691 Pythagoran,
1456 5646 1516 5682 ex
1546 5621 1758 5685 lcE’tioue

148 5681 357 5748 forsitan
382 5686 659 5748 Hieronyni
686 5687 833 5747 epist.
859 5686 918 5733 ad
937 5687 1294 5746 Ctesiphontem
1312 5726 1326 5748 ,
1366 5695 1446 5741 uhi
1484 5696 1522 5745 is
1544 5709 1758 5747 errorem

604 5726 933 5810 ejus'causan
961 5749 1005 5796 in
1027 5726 1237 5800 ndﬁnum
1255 5726 1430 5803 τάρακ-

1630 301 1833 361 LIBER
1872 302 2073 364 UNUS.

3394 326 3499 386 286

1918 420 2057 488 Deo,
2090 436 2209 477 cum
2236 437 2355 480 eam
2384 440 2490 482 non
2524 427 2747 487 haberet
2772 431 2825 487 in
2852 440 3038 491 natura
3073 435 3184 507 jam
3210 438 3387 496 vitiata
3416 451 3499 497 at-

1904 527 2009 580 que
2046 512 2368 582 depravata,
2406 518 2545 574 sicut
2584 522 2635 575 in
2664 522 2956 595 Evangelia
2996 524 3215 598 legitur,
3248 530 3500 603 Quotquot

1882 660 1883 663 η
1904 612 2071 656 autem
2096 616 2531 677 receperunteum,
2551 611 2687 665 dedit
2702 615 2773 668 eis
2790 625 3083 685 potestatem
3104 618 3239 688 ﬁlios
3256 620 3353 675 Dei
3383 624 3497 691 ﬁeri

1909 691 2102 764 (Joan.
2128 712 2177 761 ι,
2213 697 2321 770 12)
2351 714 2371 752 :
2399 701 2537 770 quod
2566 704 2747 774 utique
2776 722 2883 762 non
2910 720 3063 764 erant
3086 726 3182 780 per
3212 723 3455 769 naturam
3480 757 3494 779 ,

1905 798 2005 838 nec
2032 787 2251 841 omnino
2278 800 2491 857 essent,
2521 793 2620 847 nisi
2666 809 2787 850 eum
2816 799 3121 868 recipiendo
3158 805 3494 873 accepissent

1904 886 1999 941 per
2026 874 2143 943 ejus
2165 879 2388 947 gratiam
2433 880 2733 951 bujusmodi
2764 896 3101 955 potestatem.
3124 890 3249 947 llaec
3276 904 3358 950 est
3399 910 3494 964 po-

1904 972 2100 1031 testas,
2129 984 2287 1037 quam
2335 971 2434 1025 sibi
2478 973 2710 1030 vindicat
2739 977 2993 1036 fortitudo
3035 983 3308 1039 charitatis
3328 1028 3341 1050 ,
3374 1002 3494 1056 qua:

1903 1070 2009 1109 non
2036 1067 2117 1111 est
2142 1058 2195 1112 in
2221 1060 2403 1127 nobis,
2439 1063 2539 1118 nisi
2569 1080 2665 1135 per
2688 1066 2942 1137 Spiritum
2987 1081 3229 1129 sanctum
3272 1077 3362 1146 qui
3391 1076 3495 1131 da-

1904 1152 1987 1200 tus
2015 1155 2097 1200 est
2124 1149 2299 1204 nobis.
3387 1174 3395 1179 '

1972 1235 2196 1293 CAPUT
2244 1238 2605 1318 πλη-τε.
2646 1243 2794 1300 Idem
2836 1258 3081 1305 tractatur
3113 1266 3491 1324 argumentum.

1901 1322 2052 1390 Quod
2084 1342 2214 1382 vero
2254 1331 2533 1402 presbyter
2577 1337 2895 1392 venerabilis
2940 1322 3291 1413 Hieronymus
3329 1344 3492 1408 dixit,

1902 1415 1953 1469 in
1977 1417 2041 1472 iis
2063 1434 2182 1489 quae
2207 1421 2353 1475 illum
2377 1423 2576 1480 dixisse
2600 1440 3017 1496 commemorat,
3058 1448 3179 1488 cum
3205 1448 3496 1505 exponeret

1898 1507 2040 1576 quod
2064 1510 2321 1579 scriptum
2344 1524 2452 1578 est,
2485 1514 2630 1570 Beati
2668 1522 2856 1574 mundo
2903 1523 3083 1590 corde,
3129 1528 3366 1596 quoniam
3395 1525 3494 1599 ipsi
3582 1528 3585 1553 θ

1898 1598 2061 1652 Deum
2082 1602 2313 1657 videbunt
2341 1621 2360 1659 :
2392 1606 2560 1671 «Quos
2586 1627 2684 1664 non
2713 1614 2883 1681 arguit
2907 1618 3212 1671 conscientia
3239 1621 3346 1675 ulla
3371 1598 3491 1691 pec-

1898 1690 2037 1754 cati;
2062 1708 2082 1742 ›
2111 1700 2165 1747 et
2203 1693 2397 1761 adjecit
2426 1715 2439 1749 :
2477 1716 2497 1750 ι
2527 1698 2754 1755 Mundus
2778 1704 2965 1757 mundo
2988 1708 3140 1762 corde
3166 1690 3489 1781 conspicitur,
3582 1722 3585 1727 ’

1897 1782 2137 1849 templum
2168 1782 2259 1837 Dei
2284 1802 2383 1841 non
2414 1798 2574 1859 potest
2615 1808 2722 1845 esse
2756 1792 3005 1863 pollutum
3040 1815 3060 1849 ›
3088 1798 3489 1873 (Hieronymus,

1897 1871 1948 1923 in
1976 1881 2131 1940 caput
2158 1889 2193 1928 v
2229 1874 2460 1932 Matt/tari
2484 1879 2503 1949 )
2526 1897 2539 1933 :
2572 1880 2673 1935 hoc
2700 1883 2898 1953 utique‘
2926 1887 3101 1955 agitur
3126 1889 3177 1942 in
3207 1871 3361 1945 nobis
3390 1907 3486 1947 co-

1896 1962 2073 2018 nando
2093 2005 2106 2029 ,
2147 1964 2469 2037 laborando,
2503 1972 2742 2037 orando,
2774 1974 3136 2046 impetrando,
3160 1988 3220 2034 ut
3244 1981 3310 2035 ad
3338 1982 3482 2037 illam
3566 1980 3569 1985 λ

1895 2056 2309 2125 perfectionem,
2344 2060 2393 2114 in
2433 2077 2534 2131 qua
2578 2063 2847 2134 possimus
2878 2067 3043 2123 Deum
3089 2072 3288 2126 mundo
3326 2074 3492 2130 corde

1892 2150 2233 2217 conspicere,
2261 2151 2378 2221 ejus
2406 2154 2571 2223 gratia
2604 2156 2956 2225 perducamur
2986 2175 3080 2230 per
3103 2161 3284 2217 .lesum
3310 2163 3492 2220 Chris-

1896 2246 2006 2294 tum
2030 2240 2313 2298 Dominum
2331 2254 2591 2300 nostrum.
2616 2248 2741 2304 Item
2758 2250 2900 2319 quod
2916 2251 2990 2305 ait
3009 2266 3038 2306 a
3059 2266 3355 2310 memorato
3370 2256 3488 2311 dic-

1895 2337 2003 2384 tum
2020 2346 2140 2386 esse
2158 2333 2486 2405 presbytero,
2504 2335 2674 2392 Liberi
2686 2339 2881 2394 arbitrii
2897 2358 2987 2396 nos
3002 2344 3386 2412 condiditDeus,
3400 2362 3492 2400 nec

1892 2421 1961 2474 ad
1980 2421 2238 2489 virtutem,
2270 2442 2361 2479 nec
2397 2430 2466 2480 ad
2492 2427 2614 2482 vitia
2640 2432 2934 2487 necessitate
2959 2433 3247 2501 trahimur;
3266 2438 3490 2507 alioquin

1891 2514 1977 2569 ubi
2003 2519 2299 2583 necessitas,
2328 2537 2417 2574 nec
2446 2537 2633 2577 corona
2653 2534 2726 2579 est
2757 2523 2879 2596 (Id.
2911 2536 3086 2580 contra
3113 2528 3445 2584 Iovinianum
3464 2572 3483 2600 ,

1892 2604 1980 2660 lib.
2003 2606 2076 2675 2)
2103 2646 2119 2673 ,
2152 2610 2270 2678 quis
2291 2625 2396 2665 non
2418 2614 2707 2682 agnoscat?
2727 2616 2843 2685 quis
2861 2631 2967 2671 non
2996 2627 3109 2672 toto
3132 2620 3296 2675 corde
3320 2624 3489 2676 susci-

1891 2697 2042 2765 piat?
2074 2698 2195 2767 qnis
2239 2701 2396 2756 aliter
2436 2702 2704 2775 conditam
2746 2704 3030 2761 humanam
3062 2719 3217 2779 neget
3244 2723 3487 2765 esseno-

1893 2789 2105 2842 turam?
2132 2788 2238 2844 Sed
2267 2790 2317 2844 in
2350 2802 2495 2847 recte
2532 2791 2779 2850 iaciendo
2807 2796 2925 2851 ideo
2952 2798 3153 2852 nullum
3182 2806 3266 2855 est
3302 2801 3489 2857 vincu-

1892 2877 2003 2934 lum
2034 2883 2364 2937 necessitatis
2386 2926 2401 2950 ,
2433 2886 2553 2955 quia
2587 2886 2806 2942 libertas
2852 2897 2935 2942 est
2957 2888 3227 2946 charitatis
3254 2894 3295 2946 ⁸.

1961 2970 2188 3028 CAPUT
2231 2973 2415 3027 LXVI.
2434 3006 2506 3015 —
2528 2976 2613 3031 79.
2651 2977 2898 3043 Qua’dam
2924 2982 3166 3048 peccandi
3189 2985 3480 3040 necessitas.

1895 3060 2023 3116 Redi
2064 3078 2194 3133 ergo
2214 3064 2280 3119 ad
2322 3068 2664 3135 apostolicam
2697 3072 3013 3126 sententiam
3057 3092 3071 3129 :
3111 3073 3344 3130 Charitas
3390 3077 3487 3133 Dei

1891 3152 2080 3219 diﬁusa
2099 3166 2172 3209 est
2194 3156 2247 3210 in
2267 3158 2502 3213 cordibus
2526 3161 2712 3215 nostris
2736 3179 2827 3229 per
2858 3163 3110 3232 Spiritum
3137 3178 3366 3221 sanctum
3399 3169 3487 3240 qui

1890 3244 2037 3299 datus
2074 3256 2147 3299 est
2176 3248 2316 3302 nobis
2347 3248 2542 3317 (Rom.
2586 3267 2619 3305 v
2640 3293 2654 3317 ,
2685 3253 2783 3324 5).
2818 3257 2859 3307 Α
2889 3272 3024 3324 quo,
3054 3258 3155 3312 nisi
3180 3260 3246 3313 ah
3276 3260 3369 3313 illo
3393 3262 3485 3330 qui

1890 3336 2130 3391 ascendit
2155 3339 2209 3394 in
2230 3340 2395 3394 altum
2414 3382 2430 3406 ,
2460 3343 2745 3411 captivavit
2763 3346 3126 3414 captivitatem
3144 3392 3158 3416 ,
3183 3350 3483 3406 deditdona

1889 3425 2191 3483 hominibus
2219 3430 2238 3499 (
2259 3429 2449 3500 Ephes.
2476 3448 2559 3499 ιν,
2591 3435 2626 3489 8
2650 3435 2707 3503 )?
2734 3435 2884 3503 Quod
2913 3448 3089 3491 autem
3121 3455 3186 3494 ex
3214 3442 3361 3495 vitiis
3386 3460 3483 3495 na-

1890 3526 2040 3586 turae,
2076 3536 2180 3575 non
2201 3537 2267 3575 ex
2288 3523 2591 3580 conditione
2613 3534 2834 3593 naturae,
2861 3526 2931 3581 sit
2952 3529 3193 3598 qumdam
3224 3534 3481 3602 peccandi

1888 3611 2211 3678 necessitas,
2241 3612 2421 3667 audiat
2446 3613 2639 3680 homo;
2673 3625 2832 3687 atque
2862 3627 2920 3671 ut
2953 3619 3140 3675 eadem
3186 3624 3480 3678 necessitas

1888 3716 1991 3754 non
2015 3700 2083 3755 sit
2102 3743 2117 3767 ,
2140 3703 2311 3759 discnt
2334 3705 2443 3759 Deo
2466 3705 2645 3762 dicere
2662 3747 2678 3773 ,
2710 3707 2787 3762 De
2806 3711 3181 3767 necessitatibus
3206 3715 3328 3769 meis
3353 3716 3481 3770 educ

1887 3796 2005 3866 me(
2034 3794 2175 3852 Psal.
2209 3813 2335 3853 xxrv
2360 3840 2375 3865 ,
2410 3800 2475 3854 l7
2499 3800 2537 3872 ).
2575 3802 2708 3868 Quia
2736 3812 2793 3858 et
2819 3804 2869 3858 in
2898 3804 3200 3875 bujusmodi
3236 3810 3483 3868 oratione

1886 3897 2158 3944 certamen
2182 3900 2263 3945 est
2292 3892 2548 3948 adversus
2580 3902 2896 3952 tentatorcm
2926 3898 2995 3953 de
3028 3900 3140 3969 ipsa
3168 3911 3350 3957 contra
3377 3920 3483 3961 nos

1885 3982 2201 4038 necessitate
2227 3995 2544 4055 pugnantem
2571 4003 2587 4053 ;
2622 4003 2684 4043 ac
2714 4005 2809 4059 per
2840 3992 2942 4046 hoc
2985 3994 3278 4063 opitulante
3306 3999 3480 4067 gratia

1884 4087 1982 4141 per
2009 4072 2189 4128 Jcsum
2214 4075 2481 4131 Christum
2514 4079 2801 4135 Dominum
2833 4092 3074 4137 nostrum
3095 4127 3110 4151 ,
3134 4096 3188 4141 et
3209 4089 3343 4143 mala
3376 4105 3475 4145 ne-

1883 4166 2105 4219 cessitas
2128 4169 2504 4234 removebitur,
2532 4180 2585 4225 et
2614 4171 2832 4227 libertas
2860 4174 3015 4242 plena
3048 4178 3328 4233 tribuetur.

1953 4258 2177 4314 CAPUT
2230 4260 2431 4315 LXVII.
2455 4292 2525 4303 -
2543 4262 2634 4318 80.
2676 4264 2883 4319 Duobus
2904 4268 3067 4323 modis
3089 4280 3143 4321 ut
3173 4273 3331 4325 morbi
3353 4315 3366 4337 ,
3399 4275 3475 4327 ita

1881 4355 1929 4400 et
1965 4358 2168 4415 peccata
2204 4361 2459 4405 caventur.
2504 4353 2792 4409 Veniamus
2848 4357 2913 4410 ad
2968 4374 3067 4413 nos
3109 4378 3123 4413 :
3166 4360 3294 4415 Item
3325 4404 3339 4423 .
3381 4364 3468 4417 in—

1880 4439 2027 4507 quit,
2075 4438 2389 4509 Augustinus
2427 4442 2690 4512 episc0pus
2727 4445 2782 4499 iu
2821 4447 2963 4500 libris
3001 4449 3064 4501 de
3102 4449 3280 4504 Libero
3320 4453 3468 4506 Arbi—

1880 4530 2008 4597 trio,
2041 4530 2376 4604 Quacumque
2416 4535 2513 4588 ista
2537 4548 2787 4591 causaest
2813 4538 3112 4605 voluntatis,
3158 4543 3205 4595 si
3244 4560 3345 4597 non
3374 4562 3467 4614 po-

1880 4632 1971 4677 test
1997 4624 2043 4677 ei
2069 4624 2268 4689 resisti,
2297 4626 2405 4681 sine
2428 4636 2630 4698 peccato
2650 4629 2695 4682 ei
2725 4629 2921 4684 ceditur
2948 4647 2961 4683 :
2991 4632 3036 4685 si
3070 4642 3237 4686 autem
3266 4643 3423 4703 potest
3445 4679 3461 4698 ,

1879 4730 1978 4769 non
2007 4717 2050 4769 ei
2072 4716 2299 4784 cedatur,
2323 4726 2369 4772 et
2392 4736 2493 4773 non
2527 4719 2830 4789 peccabitur.
2856 4721 2937 4775 An
2970 4724 3100 4792 forte
3124 4726 3259 4793 fallit
3289 4728 3466 4781 incau-

1877 4808 2030 4861 tum?
2052 4824 2172 4879 ergo
2193 4820 2391 4874 caveat,
2416 4827 2479 4865 ne
2498 4810 2729 4880 fallatur.
2758 4814 2837 4868 An
2863 4823 3002 4869 tanta
3030 4817 3239 4886 fallacia
3264 4829 3338 4874 est
3359 4863 3373 4887 ,
3407 4830 3464 4876 ut

1877 4900 2041 4953 caveri
2068 4901 2272 4954 omnino
2293 4918 2393 4955 non
2415 4903 2617 4970 possit?
2639 4903 2699 4958 Si
2725 4905 2797 4957 ita
2818 4914 2887 4959 est
2910 4945 2925 4969 ,
2955 4908 3099 4960 nulla
3121 4925 3239 4979 ergo
3256 4920 3463 4978 peccata

1874 5000 2008 5044 sunt.
2036 4990 2160 5056 Quis
2192 4992 2326 5045 enim
2368 5004 2537 5063 peccat
2574 4995 2625 5049 in
2645 5012 2702 5048 eo
2742 4997 2877 5066 quod
2921 4999 3084 5051 caveri
3129 5000 3272 5053 nullo
3312 5002 3463 5057 modo

1873 5082 2068 5151 potest?
2096 5081 2342 5136 Peccatur
2366 5094 2537 5138 autem
2560 5104 2574 5140 :
2602 5088 2763 5141 caveri
2791 5087 2948 5157 igitur
2973 5099 3151 5160 potest.
3188 5094 3455 5162 Agnosco.

1872 5172 2030 5228 verba
2057 5188 2173 5229 mea
2198 5182 2362 5229 sunt:
2392 5176 2485 5231 sed
2524 5177 2681 5232 etiam
2726 5179 2839 5248 ipse
2880 5179 3125 5251 dignetur
3166 5198 3456 5252 agnoscere

1870 5266 2111 5334 superius
2136 5274 2326 5321 cuncta
2354 5283 2473 5337 qua:
2496 5268 2635 5324 dicta
2666 5279 2809 5325 sunt.
2843 5271 2920 5327 De
2943 5273 3110 5342 gratia
3136 5275 3330 5344 quippe
3358 5274 3455 5329 Dei

1868 5356 2060 5424 agitur,
2078 5371 2196 5425 qua:
2211 5356 2362 5411 nobis
2388 5372 2483 5426 per
2503 5357 2843 5415 Mediatorem
2862 5364 3120 5418 medicina
3141 5362 3450 5433 opitulatur,

1867 5464 1974 5503 non
2000 5448 2067 5504 de
2094 5448 2519 5519 impossibilitate
2551 5451 2787 5520 iustitiae.
2812 5452 2994 5510 Potest
3018 5469 3144 5524 ergo
3166 5453 3215 5509 ei
3236 5466 3411 5508 causa:
3430 5492 3447 5519 ,

1867 5557 2215 5613 quacumque
2255 5543 2347 5597 illa
2375 5550 2495 5609 est,
2528 5544 2700 5599 resisti
2746 5554 2966 5615 :potest
2993 5546 3169 5617 plane.
3213 5542 3347 5601 Nam
3390 5543 3448 5599 in

1930 5699 1948 5769 ξ
1985 5699 2113 5761 Apud
2136 5707 2266 5760 hom,
2289 5697 2551 5769 [tacitaque
2573 5710 2592 5748 :
2615 5701 2773 5751 minus
2793 5699 2945 5751 bene.

1928 5763 1949 5793 ἱ
1984 5759 2082 5810 Ain.
2110 5772 2161 5814 ct
2182 5759 2277 5824 Fr,
2300 5766 2368 5812 est
2384 5759 2613 5813 charitas.
3156 5839 3169 5845 ν,
