3996 6488
588 303 694 362 287

592 421 696 477 hoc
733 417 1054 490 adiutorium
1087 416 1446 486 postulamus,
1474 413 1735 475 dicentes.
1768 411 1851 468 Ne
1870 428 1962 467 nos
1987 411 2176 483 inferas

591 526 648 563 ut
683 502 1003 563 tentationem
1033 522 1052 562 .°
1077 505 1218 573 quod
1243 504 1562 574 adiutorium
1591 519 1694 559 non
1721 517 2066 574 posceremus
2087 543 2103 569 ,
2132 504 2178 557 si

591 600 771 656 resisti
795 599 940 654 nullo
965 595 1122 652 modo
1141 611 1295 666 posse
1314 595 1674 651 crederemus.
1700 595 1882 650 Potest
1903 603 2177 663 peccatum

591 690 802 754 caveri,
832 688 926 743 sed
955 687 1253 757 opitulante
1278 687 1400 754 illo,
1431 685 1522 758 qui
1550 702 1654 741 non
1677 693 1858 756 potest
1883 683 2018 739 falli.
2047 683 2177 738 Nam

592 792 653 839 et
679 781 780 836 hoc
807 781 980 851 ipsum
1006 779 1072 834 ad
1095 779 1390 834 cavendum
1417 787 1689 849 peccatum
1713 778 1942 848 pertinet
1966 817 1980 842 ,
2013 776 2057 830 si
2084 790 2180 831 ve-

594 873 789 928 raciter
824 871 1084 938 dicimus,
1132 871 1336 925 Dimitte
1361 872 1503 926 nobis
1541 871 1706 924 debita
1741 879 1913 924 nostra
1933 910 1948 934 ,
1978 869 2106 922 sicut
2134 875 2180 923 et

594 982 686 1020 nos
714 967 1015 1021 dimittimus
1051 966 1353 1021 debitoribus
1386 968 1573 1020 nostris
1603 965 1812 1038 (Matth.
1841 981 1914 1030 vl,
1944 967 2032 1030 15,
2064 964 2176 1034 12).

597 1055 819 1111 Duobus
840 1057 982 1111 enim
1018 1057 1190 1112 modis
1215 1059 1373 1112 etiam
1405 1057 1456 1110 in
1495 1071 1719 1126 corpore
1761 1066 1978 1111 cavetur
2009 1055 2179 1110 morbi

596 1145 832 1212 malum;
879 1156 933 1202 et
977 1155 1031 1202 ut
1071 1164 1174 1201 non
1214 1147 1454 1213 accidat,
1481 1155 1534 1201 et
1580 1147 1707 1201 utsi
1745 1145 2028 1213 acciderit,
2075 1146 2182 1201 cito

594 1247 816 1293 sanetur
851 1248 946 1293 :ut
992 1255 1096 1293 non
1119 1239 1355 1302 accidat,
1381 1252 1663 1293 caveamus
1703 1237 1948 1304 dicendo,
1983 1235 2066 1292 Ne
2092 1254 2183 1292 nos

595 1329 788 1402 inferas
812 1331 864 1384 in
890 1331 1210 1384 tentationcm
1228 1346 1248 1392 ;
1280 1339 1337 1383 ut
1378 1329 1484 1384 cito
1513 1337 1750 1394 sanetur,
1793 1342 2074 1382 caveamus
2102 1327 2184 1382 di-

595 1419 788 1486 cendo,
812 1420 1014 1478 Dimitte
1029 1421 1168 1475 nobis
1183 1418 1348 1473 debita
1369 1427 1563 1473 nostra.
1586 1417 1714 1473 Sive
1728 1432 1857 1489 ergo
1881 1417 2179 1484 immineat,

592 1511 708 1565 sive
737 1510 1060 1576 insit,caveri
1086 1520 1253 1581 potest
1286 1511 1358 1584 (a
1381 1512 1422 1581 ).

665 1601 756 1657 8i.
791 1599 899 1658 Sed
928 1610 985 1657 ut
1009 1616 1114 1657 non
1143 1609 1345 1657 tantum
1390 1601 1498 1668 illi,
1544 1615 1730 1657 verum
1775 1601 1934 1657 etiam
1980 1601 2044 1656 iis
2089 1601 2182 1672 qui

594 1690 815 1746 eosdem
838 1691 1005 1747 libros
1034 1707 1217 1760 meos,
1257 1707 1393 1764 quos
1415 1693 1517 1748 iste
1554 1692 1710 1764 legit,
1757 1692 1824 1748 de
1861 1693 2054 1749 Libero
2083 1695 2185 1748 Ar-

595 1782 760 1838 bitrio
787 1797 892 1837 non
925 1783 1198 1854 legerunt,
1227 1792 1386 1856 atque
1416 1783 1520 1839 illis
1544 1798 1651 1838 non
1681 1783 1830 1838 lectis
1855 1825 1870 1849 ,
1904 1783 2044 1838 hunc
2069 1782 2182 1838 for-

592 1875 734 1930 sitan
765 1875 976 1948 legunt,
1006 1877 1074 1932 de
1097 1876 1196 1933 bac
1221 1892 1280 1934 re
1305 1877 1566 1933 sententia
1595 1892 1714 1931 mea
1740 1876 1870 1932 satis
1897 1884 2178 1946 appareat,

591 1978 661 2020 ex
687 1964 816 2036 ipsis
839 1966 988 2022 libris
1013 1981 1434 2024 commemorare
1460 1983 1552 2024 me
1573 1975 1804 2038 oportet,
1830 1967 1970 2038 quod
2003 1967 2101 2022 iste
2126 1968 2175 2023 si

591 2057 819 2113 sentiret
848 2067 1008 2130 atque
1039 2059 1090 2113 in
1120 2060 1232 2114 suis
1261 2059 1452 2115 litteris
1476 2068 1724 2130 poneret,
1755 2061 1896 2115 nulla
1919 2060 2057 2115 inter
2081 2073 2178 2116 nos

591 2145 664 2202 de
703 2146 804 2203 hac
847 2163 908 2204 re
945 2151 1303 2205 controversia
1335 2159 1652 2206 remaneret.
1699 2149 1962 2207 Continuo
1986 2151 2180 2222 quippe

591 2245 717 2307 post
739 2238 899 2294 verba
929 2254 1044 2294 mea
1068 2254 1186 2311 qua:
1211 2239 1310 2294 iste
1336 2241 1801 2304 commemoravit,
1826 2240 1965 2310 quod
1993 2255 2178 2294 occur~

592 2341 716 2384 rere
759 2337 967 2399 poterat
1003 2331 1117 2400 ipse
1143 2330 1382 2401 subieci,
1411 2339 1464 2386 et
1490 2339 1746 2402 quantum
1777 2329 1923 2401 potui
1965 2338 2174 2400 pertra-

590 2419 732 2475 ctavi
752 2459 767 2485 ,
796 2419 977 2475 dicens
1005 2437 1018 2473 :
1049 2419 1117 2474 Et
1158 2430 1323 2474 tamen
1349 2423 1497 2475 etiam
1545 2438 1634 2491 per
1663 2421 2000 2492 ignorantiam
2039 2424 2178 2492 facta

591 2509 828 2578 quantam
851 2510 1220 2581 improbantur,
1245 2521 1291 2566 et
1311 2512 1608 2582 corrigenda
1623 2511 1948 2582 judicnntur,
1977 2511 2103 2564 sicut
2123 2512 2176 2565 in

589 2598 776 2654 divinis
820 2600 1204 2656 auctoritatibus
1249 2601 1482 2674 legimus.
1545 2604 1718 2672 Atque
1763 2602 1886 2657 hinc
1927 2602 2177 2658 adhibitis

589 2691 882 2762 exemplis,
911 2694 1074 2748 etiam
1102 2693 1171 2748 de
1209 2693 1515 2749 iullrmitate
1540 2695 1746 2750 locutus
1786 2684 1925 2762 sum,
1949 2695 2131 2751 dicens
2157 2714 2172 2751 :

589 2780 727 2837 Sunt
747 2785 894 2837 etiam
922 2786 1211 2840 necessitate
1231 2787 1366 2856 facta
1400 2787 1729 2858 improbanda
1746 2831 1760 2853 ,
1783 2787 1869 2842 ubi
1903 2789 2006 2842 ruit
2026 2788 2176 2844 homo

587 2882 720 2929 recte
735 2878 922 2946 facere,
934 2887 980 2930 et
996 2893 1094 2931 non
1111 2887 1291 2944 potest.
1309 2876 1445 2930 Nam
1459 2879 1591 2931 unde
1604 2889 1718 2932 sunt
1732 2879 1837 2933 illa:
1850 2895 2010 2946 voces,
2021 2897 2040 2930 ‹
2053 2877 2175 2932 Non

587 2965 722 3020 enim
747 2967 882 3038 quod
911 2968 1021 3022 volo
1041 2969 1174 3039 facio
1195 2969 1412 3034 bonum;
1450 2971 1538 3025 sed
1559 2970 1694 3040 quod
1720 2970 1803 3023 odi
1831 2969 2019 3023 malum
2039 3011 2054 3036 ,
2081 2971 2175 3025 hoc

585 3057 724 3128 ago?
744 3075 763 3110 ι
785 3059 960 3128 Atque
979 3060 1096 3114 aliis
1123 3061 1138 3091 ¹
1167 3060 1219 3114 in
1247 3059 1384 3115 hanc
1405 3061 1724 3115 sententiam
1743 3060 2173 3116 commemoratis

585 3149 913 3205 testimoniis
937 3150 1234 3206 divinorum
1262 3152 1594 3223 cloquiorum
1625 3170 1638 3206 :
1676 3171 1694 3205 ι
1728 3153 1832 3209 Sed
1857 3154 1970 3209 lucc
1989 3196 2005 3222 ,
2036 3173 2056 3207 ι
2091 3154 2176 3208 ἰη-

585 3253 786 3310 quam,
825 3258 843 3291 ε
873 3241 1050 3296 omnia
1094 3241 1366 3297 hominum
1406 3251 1706 3299 suutvoces
1745 3259 1811 3300 ex
1851 3244 1940 3298 illa
1988 3245 2174 3300 mortis

589 3347 613 3385 α
649 3331 990 3389 damnatione
1019 3335 1365 3391 venientium.
1396 3336 1528 3391 Nam
1558 3337 1602 3391 si
1630 3351 1736 3391 non
1763 3345 1844 3392 est
1885 3337 1983 3391 ista
2015 3351 2169 3407 pecua

587 3439 612 3475 ι
647 3421 907 3492 hominis,
961 3426 1055 3482 sed
1117 3437 1336 3496 natura,
1380 3429 1521 3483 nulla
1562 3429 1661 3484 ista
1714 3439 1930 3499 peccata
1969 3440 2110 3486 sunt.
2146 3449 2166 3484 ι

581 3513 788 3572 Deinde
815 3518 970 3588 paqu
997 3529 1118 3588 post
1164 3537 1178 3574 :
1230 3539 1249 3572 ‹
1282 3521 1612 3590 Relinquitur
1653 3536 1779 3589 ergo
1804 3563 1816 3584 .
1853 3541 1871 3574 ι
1921 3521 2168 3594 inquam,

587 3626 612 3662 ι
649 3618 707 3664 ιιι
732 3610 847 3664 lure
873 3626 1026 3681 poma
1047 3611 1188 3680 iusta
1228 3612 1295 3665 de
1317 3611 1658 3667 dantnatione
1705 3613 1934 3668 hominis
1975 3614 2168 3669 veniat.

587 3722 610 3758 ι
644 3703 753 3759 Nec
777 3704 1075 3760 mirandum
1105 3713 1187 3760 est
1211 3705 1352 3776 quod
1375 3705 1454 3760 vel
1482 3705 1774 3775 ignorando
1804 3723 1906 3761 non
1931 3707 2171 3764 habetli-

587 3812 610 3849 ι
645 3795 831 3850 berum
891 3795 1168 3849 arbitrium
1231 3795 1516 3850 voluntatis
1576 3797 1640 3850 atl
1705 3797 2000 3867 eligendum
2045 3801 2172 3868 quid

586 3905 611 3953 ,ι
641 3895 788 3940 recte
813 3884 1011 3940 faciat:
1059 3886 1141 3940 vel
1187 3887 1467 3942 resistente
1512 3888 1709 3942 carnali
1754 3889 2168 3957 consuetudine,

589 3996 609 4028 ι
646 3992 766 4047 qua:
794 3976 1043 4030 violentia
1075 3977 1314 4031 mortalis
1351 3978 1706 4032 successionis
1741 3979 1970 4047 quodam
2012 3980 2171 4034 modo

589 4086 612 4121 ι
653 4068 964 4123 naturaliter
983 4068 1234 4134 inolevit,
1252 4069 1428 4123 videat
1446 4068 1569 4139 quid
1591 4080 1735 4126 recte
1757 4070 2052 4124 faciendum
2079 4071 2167 4137 sit,

587 4178 608 4212 ι
645 4169 698 4215 et
735 4161 891 4225 velit,
924 4176 1022 4214 nec
1045 4161 1213 4230 possit
1254 4160 1492 4230 implere.
1539 4161 1628 4215 Illa
1670 4171 1752 4216 est
1788 4163 1930 4216 enim
1970 4165 2170 4232 peccati
2203 4201 2208 4206 ο

588 4267 609 4302 ‹
647 4264 803 4320 paena
827 4251 1155 4320 justissima,
1185 4259 1242 4305 ut
1281 4252 1488 4306 amittat
1512 4253 1734 4323 quisque
1773 4269 1879 4323 quo
1916 4254 2050 4308 bene
2091 4251 2168 4308 uti

587 4361 608 4393 ι
638 4343 838 4409 noluit,
861 4358 981 4398 eum
1007 4342 1122 4397 sine
1158 4345 1261 4398 ulla
1301 4353 1478 4414 posset
1505 4344 1845 4413 difﬁcultate,
1892 4346 1935 4401 si
1968 4347 2124 4402 vellet
2151 4365 2168 4404 :

587 4453 606 4486 ι
646 4433 698 4490 id
724 4442 808 4490 est
834 4442 1011 4490 autem
1031 4474 1048 4501 ,
1078 4444 1132 4488 ut
1160 4435 1250 4506 qui
1277 4436 1451 4491 sciens
1480 4446 1624 4492 recte
1653 4452 1758 4492 non
1777 4437 1935 4506 facit,
1961 4440 2170 4495 amittat

587 4543 607 4577 ι
640 4526 780 4582 scire
804 4525 931 4596 quid
957 4535 1160 4581 rectum
1188 4526 1293 4591 sit;
1324 4536 1379 4581 et
1401 4527 1494 4597 qui
1522 4536 1666 4582 recte
1694 4527 1868 4584 facere
1893 4544 2012 4583 eum
2043 4546 2169 4600 pos-

587 4634 608 4670 s
639 4624 726 4672 set
740 4614 940 4680 noluit,
961 4616 1164 4670 amittat
1189 4631 1346 4687 posse
1370 4631 1490 4672 cum
1512 4617 1660 4672 velit.
1681 4617 1814 4672 Nam
1836 4628 1960 4673 sunt
1985 4636 2166 4676 revera

586 4724 608 4758 ι
645 4705 789 4760 omni
816 4706 1056 4774 peccanti
1097 4707 1288 4761 animae
1312 4707 1418 4761 duo
1452 4708 1550 4761 ista
1575 4708 1801 4777 pmnalia
1823 4750 1840 4776 ,
1871 4711 2166 4776 ignorantia

586 4815 606 4849 ι
641 4807 696 4852 et
731 4795 1036 4852 difﬁcultas.
1087 4800 1163 4852 Ex
1210 4800 1502 4869 ignorantia
1544 4801 1860 4857 dehonestat
1888 4819 2070 4870 error,
2099 4816 2166 4860 ex

586 4905 607 4940 ι
642 4883 958 4941 difﬁcultate
999 4887 1264 4943 cruciatus
1302 4888 1502 4960 afﬂigit.
1544 4890 1648 4945 Sed
1686 4892 1980 4961 approbare
2034 4894 2166 4949 falsa

585 4993 605 5029 s
641 4991 738 5046 pro
767 4977 938 5042 veris,
979 4987 1038 5032 ut
1065 4988 1209 5033 erret
1231 4980 1456 5048 invitus,
1482 4990 1539 5036 et
1561 4981 1842 5038 resistente
1863 4995 2021 5054 atque
2049 4993 2166 5040 tor-

585 5086 618 5126 ι,
642 5075 838 5138 quente
865 5068 1050 5124 dolore
1086 5073 1313 5127 carnalis
1337 5072 1528 5128 vinculi
1556 5089 1660 5128 non
1683 5090 1838 5144 posse
1861 5092 1889 5130 a
1915 5077 2164 5133 libidino-

583 5176 605 5211 s
641 5159 718 5214 sis
735 5158 984 5229 operibus
1010 5168 1305 5233 temperare
1327 5205 1342 5231 ,
1373 5179 1478 5219 non
1505 5174 1588 5220 est
1608 5175 1794 5222 natura
1817 5167 2038 5222 instituti
2063 5168 2162 5222 ho-

583 5268 618 5305 ι.
642 5250 837 5318 minis,
866 5252 959 5306 sed
1002 5268 1157 5323 paena
1201 5256 1456 5310 damnati.
1499 5259 1630 5314 Cum
1673 5269 1847 5316 autem
1892 5261 1958 5315 de
1997 5261 2161 5315 libera

586 5362 628 5414 si,
642 5343 912 5400 voluntate
937 5354 1082 5400 rate
1109 5346 1330 5402 faciendi
1355 5349 1639 5420 loquimur,
1667 5351 1734 5406 de
1760 5353 1847 5406 illa
1876 5353 2080 5407 scilicet
2110 5353 2162 5407 in

586 5455 606 5490 ‹
644 5452 746 5508 qua
771 5436 932 5492 homo
955 5438 1122 5494 factus
1142 5449 1258 5507 est,
1295 5443 1578 5512 loquimur.
1617 5463 1637 5497 ι
1674 5445 1807 5500 llinc
1837 5445 1946 5515 iam
1982 5447 2161 5500 homi-

578 5530 737 5588 nibus
777 5529 844 5585 de
883 5529 1047 5599 ipsius
1092 5531 1401 5602 ignorantiae
1417 5535 1848 5608 difﬁcultatisque
1883 5539 1934 5594 in
1955 5539 2159 5609 prolem

817 5675 835 5703 ν
858 5649 1000 5706 atque
1022 5642 1129 5727 alii?
1341 5648 1511 5710 Abest,
1534 5647 1692 5712 isthic,
1718 5664 1747 5704 a
1777 5652 1953 5704 nostris
1991 5663 2160 5705 manu-

575 5711 862 5829 ἀἱᾞιῖῗωθ
881 5773 1085 5821 Retract.
1106 5766 1189 5820 lib.
1221 5770 1263 5834 I,
1282 5783 1387 5834 cap.
1409 5771 1459 5834 9,
1479 5787 1557 5824 nn.
1582 5775 1632 5836 3,
1653 5774 1702 5826 6.

1265 321 1354 356 νυ
1389 296 1671 356 NATURA
1714 295 1800 350 ET
1840 293 2120 359 GIiA'l’IA,
2163 292 2221 348 S.
2264 291 2634 352 AUGUSTINI
2683 294 2888 352 LIBER
2928 295 3133 354 UNUS.

3790 305 3936 361 288

2289 410 2444 479 primi
2487 411 2716 466 hominis
2742 413 2977 482 trajectis
3009 413 3150 468 vitiis
3186 415 3346 483 atque
3387 415 3670 474 transfusis
3691 461 3711 488 ,
3743 427 3936 476 velut

2283 500 2481 570 justam
2533 501 2805 570 querelam
2853 503 3246 572 deponentibus
3289 505 3358 559 ita
3403 521 3736 578 responsum
3793 521 3929 567 est.

2291 609 2313 644 α
2347 591 2548 660 Quibus
2571 592 2830 661 breviter,
2857 612 2879 646 ι
2903 595 3117 665 inquam
3138 636 3154 663 ,
3189 615 3217 651 ς·
3237 599 3709 668 respondetur,.ut
3735 606 3935 675 quie-

2292 701 2312 736 ι
2348 693 2538 752 scant,
2593 693 2651 740 et
2691 686 2948 742 adversus
2998 688 3164 745 Deum
3211 706 3548 750 murmurare
3591 696 3930 758 desistant.

2292 792 2311 826 ι
2351 775 2514 831 Recte
2531 776 2684 831 enim
2707 777 2935 834 fortasse
2963 789 3336 850 quererentur,
3361 785 3404 840 si
3431 787 3638 843 erroris
3675 799 3739 844 et
3771 791 3932 845 libi-

2291 883 2312 918 s
2347 865 2490 920 diuis
2512 867 2690 922 nullus
2732 867 3020 924 hominum;
3045 872 3216 926 vietor
3242 876 3498 931 existeret
3540 895 3554 932 :
3597 894 3734 934 cum
3765 898 3931 937 vero

2292 973 2316 1007 ε
2350 957 2545 1026 ubique
2563 959 2632 1013 sit
2653 974 2890 1028 prtesens
2907 1003 2923 1028 ,
2945 963 3040 1032 qui
3059 964 3242 1020 multis
3261 966 3431 1023 modis
3456 981 3935 1039 percreaturam-

2292 1065 2312 1100 ι
2346 1047 2447 1102 sibi
2487 1049 2720 1106 Domino
2750 1053 3072 1110 servientem
3095 1097 3110 1122 ,
3157 1071 3401 1113 aversum
3453 1071 3644 1125 vocet,
3692 1063 3930 1119 doceat

2292 1155 2312 1190 ι
2345 1139 2690 1207 credentem,
2708 1143 3018 1198 consoletur
3041 1156 3346 1216 sperantem
3373 1191 3387 1215 ,
3416 1149 3736 1220 diligentem
3790 1155 3914 1208 ων-

2293 1245 2313 1280 (
2352 1228 2612 1296 hortetur,
2634 1241 2915 1287 conantem
2939 1234 3154 1305 adiuvet
3171 1278 3185 1301 ,
3208 1238 3452 1294 exaudiat
3471 1241 3914 1316 deprecantem;

2292 1335 2319 1369 ι.
2352 1333 2458 1373 non
2486 1320 2578 1374 tibi
2598 1319 2975 1391 deputaturad
3003 1327 3211 1396 culpam
3233 1329 3375 1397 quod
3401 1329 3596 1386 invitus
3624 1333 3913 1402 ignoras;

2293 1428 2313 1463 ι
2347 1410 2611 1481 sedquod
2659 1415 2884 1486 negligis
2930 1432 3171 1488 qumrere
3213 1420 3355 1488 quod
3403 1421 3646 1491 ignoras;
3701 1440 3910 1494 neque

2291 1516 2311 1551 ι
2351 1499 2476 1554 illud
2497 1501 2638 1570 quod
2663 1504 2939 1560 vulnerata
2964 1506 3204 1562 membra
3226 1523 3330 1562 non
3351 1511 3548 1580 colligis
3566 1525 3589 1578 ,‘
3603 1512 3700 1566 sed
3731 1514 3904 1583 quod

2292 1607 2313 1643 ι
2349 1591 2612 1647 volentem
2649 1608 2841 1648 sanare
2879 1597 3198 1651 contemnis.
3247 1616 3266 1650 ι
3317 1597 3390 1653 Ita
3449 1607 3504 1654 et
3555 1601 3908 1656 exhortatus

2284 1694 2440 1747 sum,
2487 1692 2743 1752 quantum
2788 1686 2970 1754 potui,
3011 1687 3077 1741 ad
3106 1696 3264 1743 recte
3289 1690 3613 1753 vivendum;
3655 1701 3718 1745 et
3753 1707 3906 1760 gra-

2286 1773 2412 1827 tiam
2438 1773 2536 1830 Dei
2559 1789 2666 1830 non
2697 1777 2978 1844 evacuavi,
3005 1778 3126 1835 sine
3143 1794 3246 1849 qua
3275 1793 3462 1834 natura
3506 1780 3742 1836 humana
3765 1783 3898 1852 jam

2283 1864 2664 1920 contenebmta
2692 1875 2855 1937 atque
2894 1869 3077 1923 vitiata
3122 1871 3406 1926 illuminari
3451 1887 3556 1928 non
3595 1884 3782 1944 potest
3829 1885 3897 1931 et

2283 1955 2504 2009 sanari:
2528 1955 2606 2011 de-
2621 1972 2725 2028 qua
2746 1973 2806 2012 re
2830 1973 2950 2014 cum
2974 1959 3092 2015 istis
3116 1970 3223 2014 tota
3252 1964 3479 2017 vertitur
3517 1966 3780 2033 qumstio,
3812 1981 3900 2020 ne

2283 2045 2503 2114 gratiam
2546 2045 2643 2101 Dei
2667 2062 2788 2117 quae
2812 2058 2898 2104 est
2924 2049 2976 2103 in
3002 2049 3221 2106 Christo
3241 2051 3370 2107 Jesu
3400 2053 3627 2109 Domino
3655 2066 3888 2124 nostro,

2282 2149 2533 2204 perversa
2560 2145 2761 2193 natura:
2780 2137 3092 2197 defensione
3150 2141 3486 2198 frustremus.
3516 2145 3592 2201 De
3623 2162 3728 2216 qua
3776 2164 3890 2201 na-

2283 2237 2402 2282 tura
2423 2228 2550 2285 item
2585 2231 2743 2300 paulo
2767 2241 2887 2302 post
2911 2233 3027 2288 dixi
3067 2233 3182 2304 (De
3200 2233 3381 2290 Libero
3403 2237 3662 2307 Arbitrio,
3699 2239 3792 2294 tib.
3819 2242 3886 2306 5,

2281 2319 2550 2391 n.50o54)
2581 2339 2594 2374 :
2625 2339 2643 2372 ε
2677 2322 3030 2393 Etiamipsam
3057 2334 3298 2380 naturam
3315 2327 3884 2395 aliterdicimus,cum

2281 2413 2494 2482 proprie
2518 2413 2810 2484 loquimur,
2831 2426 3074 2471 naturam
3105 2417 3337 2475 hominis
3357 2420 3409 2473 in
3427 2435 3528 2490 qua
3552 2422 3784 2491 primum
3819 2422 3882 2477 in

2279 2515 2378 2556 suo
2405 2517 2601 2572 genere
2628 2504 2960 2574 inculpabilis
2993 2505 3165 2561 factus
3193 2516 3276 2562 est
3325 2526 3340 2563 :
3386 2509 3541 2564 aliter
3569 2511 3723 2564 istam
3745 2551 3764 2578 ,
3819 2512 3880 2565 in

2277 2606 2381 2661 qua
2410 2608 2474 2647 ex
2495 2593 2635 2648 illius
2655 2593 2887 2650 damnati
2911 2611 3066 2666 ptena
3085 2598 3104 2628 ί
3130 2605 3186 2651 et
3214 2598 3380 2669 ignari
3407 2610 3461 2653 et
3485 2601 3632 2655 carni
3667 2602 3878 2657 subditi

2278 2685 2576 2753 nascimur;
2612 2687 2765 2757 juxta
2794 2705 2951 2759 quem
2977 2691 3191 2745 modum
3229 2692 3356 2746 dicit
3383 2693 3701 2762 Apostolus,
3733 2694 3877 2749 Fui-

2277 2793 2390 2832 mus
2434 2779 2568 2832 enim
2609 2787 2655 2832 et
2693 2796 2784 2834 nos
2809 2782 3106 2835 naturaliter
3137 2780 3236 2851 [iiii
3272 2782 3395 2851 ire,
3439 2784 3566 2838 sicut
3608 2793 3655 2839 ct
3698 2787 3873 2839 atteri

2278 2865 2513 2938 (Ephcs.
2541 2884 2614 2936 ιι,
2641 2869 2676 2924 s
2693 2868 2738 2940 ).

2346 2958 2572 3016 CAPUT
2611 2961 2844 3017 LXVIII.
2869 2993 2939 3004 —
2964 2963 3053 3019 82.
3103 2963 3367 3032 Quomodo
3429 2967 3739 3022 adhortandi
3796 2970 3872 3023 ad

2276 3051 2428 3120 [idem
2451 3093 2467 3119 ,
2514 3053 2583 3107 ad
2626 3055 3002 3125 paenitentiam,
3047 3057 3117 3110 ad
3163 3063 3463 3131 profectum.
3503 3059 3559 3115 Si
3599 3075 3726 3131 ergo
3767 3076 3872 3115 vo-

2276 3142 2449 3198 lumus
2493 3146 2691 3202 animos
2726 3147 2795 3201 ad
2845 3159 2975 3203 recte
3023 3151 3288 3206 vivendum
3331 3153 3546 3224 [rigidos
3596 3162 3643 3207 ct
3687 3154 3891 3224 pigros.

2275 3234 2560 3290 christianis
2585 3238 3014 3294 exhortationibus
3033 3243 3254 3296 excitare
3271 3252 3318 3296 et
3333 3244 3640 3308 accendere;
3662 3246 3855 3315 primi-

2275 3332 2362 3380 tus
2383 3328 2728 3384 eshortemur
2749 3331 2817 3385 ad
2845 3331 3028 3400 ﬁdem,
3055 3349 3157 3404 qua
3183 3334 3458 3390 christiani
3488 3335 3636 3404 ﬁant,
3663 3338 3865 3408 eteius

2275 3418 2478 3473 nomini
2501 3421 2867 3490 subiiciantur,
2893 3423 3010 3480 sine
3028 3440 3136 3496 quo
3158 3426 3288 3481 salvi
3319 3441 3441 3483 esse
3469 3443 3574 3482 non
3607 3441 3852 3498 possunt.

2276 3508 2331 3564 Si
2357 3519 2534 3565 autem
2567 3510 2676 3580 iam
2714 3511 2989 3568 christiani
3027 3525 3185 3582 sunt,
3219 3527 3274 3572 et
3303 3525 3448 3572 recte
3473 3517 3653 3576 vivere
3683 3522 3859 3590 negli-

2273 3614 2431 3671 gunt;
2458 3603 2806 3659 verberentur
2825 3607 3140 3672 terroribus,
3163 3617 3217 3662 et
3246 3609 3581 3678 praemiorum
3611 3609 3864 3665 laudibus

2274 3695 2580 3763 erigantur:
2608 3695 2679 3749 ita
2708 3709 2858 3764 sane,
2885 3706 2944 3752 ut
2971 3712 3074 3753 non
3101 3698 3272 3753 solum
3301 3699 3364 3753 ad
3395 3700 3560 3754 bonas
3589 3702 3844 3768 actiones,

2275 3800 2457 3839 verum
2487 3786 2647 3841 etiam
2673 3787 2737 3841 ad
2763 3788 2875 3857 pias
2897 3790 3163 3844 orationes
3185 3805 3281 3845 eos
3303 3791 3572 3846 exhortari
3599 3794 3859 3849 memine-

2275 3877 2474 3944 rimus,
2512 3891 2672 3948 atque
2713 3879 2812 3934 hac
2854 3879 3118 3936 instruere
3143 3873 3370 3937 sanitate
3395 3883 3650 3938 doctrina:
3670 3927 3685 3951 ,
3714 3894 3771 3939 ut
3800 3895 3868 3940 es

2276 3967 2416 4022 illinc
2432 3969 2628 4038 gratias
2647 3977 2825 4040 agant,
2847 3986 2967 4025 cum
2993 3972 3320 4028 instituerint
3340 3974 3474 4029 bene
3491 3974 3685 4038 vivere,
3708 3977 3866 4044 quod

2273 4060 2470 4127 aliquid
2510 4061 2626 4115 sine
2654 4060 2970 4118 difﬁcultate
3009 4063 3262 4130 fecerint;
3290 4075 3344 4120 et
3373 4065 3460 4119 ubi
3487 4065 3850 4121 difficultatem

2273 4152 2504 4220 aliquam
2551 4153 2821 4217 sentiunt,
2869 4153 3188 4208 ﬁdelissimis
3226 4164 3279 4208 et
3319 4155 3860 4224 perseverantissime

2275 4241 2520 4312 precibus
2544 4252 2597 4297 et
2615 4243 2996 4298 misericordia:
3019 4247 3275 4315 promptis
3290 4247 3541 4315 operibus
3557 4247 3847 4302 facilitatem

2272 4347 2303 4386 a
2334 4333 2558 4390 Domino
2587 4335 2870 4405 impetrare
2898 4339 3201 4406 persistent.
3227 4338 3314 4394 Sic
3350 4349 3528 4394 autem
3568 4339 3846 4409 proﬁcien-

2275 4434 2376 4488 tes,
2395 4425 2485 4480 ubi
2507 4435 2561 4480 et
2577 4426 2789 4496 quando
2814 4428 3116 4496 plenissima
3135 4429 3338 4499 iustitia
3364 4431 3715 4500 perﬁciantur,
3739 4447 3856 4487 non;

2272 4515 2432 4571 nimis
2452 4531 2581 4571 curo
2609 4534 2622 4569 :
2655 4517 2970 4587 ubicumque
2996 4530 3171 4573 autem
3195 4530 3249 4575 et
3267 4521 3697 4592 quandocumque
3721 4539 3848 4593 per-

2271 4608 2396 4662 fecti
2429 4607 2648 4674 fuerint,
2683 4609 2892 4664 nonnisi
2925 4612 3092 4679 gratia
3126 4612 3215 4666 Dei
3243 4627 3342 4681 per
3367 4612 3546 4668 Jesum
3576 4613 3852 4671 Christum-

2271 4699 2552 4754 Dominum
2619 4708 2858 4754 nostrum
2919 4701 3101 4769 perﬁci
3151 4717 3309 4772 posse
3371 4705 3645 4758 conﬁrmo.
3705 4705 3846 4764 Sane

2271 4792 2482 4861 quando
2513 4793 2711 4863 liquido
2741 4794 3086 4864 cognoverint
3127 4796 3330 4849 nullum
3368 4805 3638 4866 peccatum
3666 4813 3719 4852 se
3744 4798 3843 4854 ha-

2271 4882 2399 4938 bere
2420 4926 2435 4950 ,
2469 4899 2574 4938 non
2602 4899 2661 4939 se
2688 4885 2868 4938 dicant
2897 4885 3090 4940 habere
3116 4897 3392 4954 peccatum
3415 4889 3456 4954 ',
3487 4904 3552 4942 ne
3578 4890 3758 4944 veritas
3789 4893 3840 4946 in

2270 4976 2349 5030 eis
2374 4991 2479 5030 non
2508 4977 2615 5030 sit:
2647 4978 2784 5032 sicut
2812 4979 2864 5032 in
2894 4979 2973 5033 eis
3004 4979 3196 5033 veritas
3223 4995 3327 5034 non
3355 4989 3456 5048 est,
3489 4981 3580 5050 qui
3600 4996 3710 5035 cum
3743 4981 3840 5037 ha-

2269 5067 2448 5133 beant,
2477 5084 2580 5122 non
2605 5069 2799 5124 habere
2818 5085 2877 5124 se
2905 5069 3110 5124 dicunt.

2338 5156 2563 5213 CAPUT
2600 5158 2787 5213 LXIX.
2810 5189 2879 5198 —
2900 5160 2990 5215 8'5.
3022 5159 3173 5213 Nihil
3202 5161 3508 5230 impossibile
3546 5162 3677 5217 Deus
3710 5180 3831 5234 prae-

2268 5249 2410 5320 cipit.
2442 5251 2560 5320 quin
2588 5251 2758 5303 omnia
2789 5251 2962 5322 {acilia
3001 5251 3252 5304 charitati.
3301 5252 3462 5306 Valde
3500 5261 3669 5308 autem
3712 5253 3837 5308 bona

2267 5354 2383 5397 sunt
2431 5355 2678 5415 prwcrpta
2697 5384 2713 5409 ,
2755 5345 2799 5398 si
2842 5345 3074 5415 legitime
3101 5344 3182 5400 his
3212 5355 3422 5400 tttamur
3452 5346 3470 5413 (
3495 5347 3506 5398 Ι
3533 5345 3659 5399 Tim.
3683 5363 3716 5413 t,
3739 5348 3832 5418 8).

2269 5434 2349 5489 Eo
2375 5436 2567 5506 quippe
2591 5437 2705 5505 ipso
2735 5451 2838 5506 quo
2867 5437 3171 5490 ﬁrmissime
3192 5439 3448 5503 creditur,
3479 5437 3633 5491 Deum
3651 5438 3834 5508 justum

2331 5590 2347 5621 ί
2382 5589 2722 5654 nic‘przcterit,
2744 5596 2790 5640 et
2813 5588 3067 5654 mortales;
3087 5591 3216 5654 quod
3256 5593 3362 5654 ipse
3385 5591 3518 5641 locus
3538 5590 3741 5640 babettn
3775 5593 3834 5641 li-

2265 5653 2355 5703 bro
2378 5651 2521 5701 tertio
2542 5650 2606 5698 de
2629 5651 2797 5699 Libero
2823 5653 3040 5711 Arbitrio,
3065 5650 3120 5700 οἱ
3138 5654 3216 5702 54.
3276 5650 3290 5654 ’
3551 5704 3554 5705 ,

2331 5714 2351 5744 θ
2368 5721 2465 5780 itm:
2493 5718 2566 5759 Er.
2587 5719 2638 5760 et
2659 5715 2964 5780 recentiores
2983 5713 3204 5780 quietiam
3227 5713 3571 5765 Polemicorum
3595 5715 3836 5780 editiones,

2267 5786 2358 5826 no.1
2382 5772 2555 5827 habere
2580 5779 2822 5825 vaccatum
2846 5787 2862 5826 .'
2886 5772 3138 5826 ιιιίωῐλοδιυ
3157 5788 3344 5830 carere.
