  <div class='ocr_page' id='page_1' title='image "/cluster/home/n/w/nwhite01/storage/ocr_20150623/44/hvd.32044015706336/150.png"; bbox 0 0 3996 6484; ppageno 0'>
   <div class='ocr_carea' id='block_1_1' title="bbox 148 493 1768 569">
    <p class='ocr_par' dir='ltr' id='par_1_1' title="bbox 148 493 1768 569">
     <span class='ocr_line' id='line_1_1' title="bbox 148 493 1768 569; baseline -0.007 -12"><span class='ocrx_word' id='word_1_1' title='bbox 148 512 200 556; x_wconf 71' lang='grc' dir='ltr'><strong><em>α</em></strong></span> <span class='ocrx_word' id='word_1_2' title='bbox 228 504 416 556; x_wconf 75' lang='lat' dir='ltr'><strong>bonum</strong></span> <span class='ocrx_word' id='word_1_3' title='bbox 451 497 806 569; x_wconf 73' lang='lat' dir='ltr'><strong>impossibilia</strong></span> <span class='ocrx_word' id='word_1_4' title='bbox 853 515 954 552; x_wconf 88' lang='lat' dir='ltr'><strong>non</strong></span> <span class='ocrx_word' id='word_1_5' title='bbox 990 497 1208 567; x_wconf 88' lang='lat' dir='ltr'><strong>potuisse</strong></span> <span class='ocrx_word' id='word_1_6' title='bbox 1250 498 1559 568; x_wconf 77' lang='lat' dir='ltr'><strong>prwcipere;</strong></span> <span class='ocrx_word' id='word_1_7' title='bbox 1607 494 1729 547; x_wconf 89' lang='lat' dir='ltr'><strong>hinc</strong></span> <span class='ocrx_word' id='word_1_8' title='bbox 1753 493 1768 523; x_wconf 91' lang='grc'>¹</span> 
     </span>
    </p>
   </div>
   <div class='ocr_carea' id='block_1_2' title="bbox 151 585 1770 658">
    <p class='ocr_par' dir='ltr' id='par_1_2' title="bbox 151 585 1770 658">
     <span class='ocr_line' id='line_1_2' title="bbox 151 585 1770 658; baseline -0.006 -11"><span class='ocrx_word' id='word_1_9' title='bbox 151 593 537 653; x_wconf 72' lang='lat' dir='ltr'><strong>admonemur.</strong></span> <span class='ocrx_word' id='word_1_10' title='bbox 571 599 632 645; x_wconf 92' lang='lat' dir='ltr'><strong>et</strong></span> <span class='ocrx_word' id='word_1_11' title='bbox 660 590 714 643; x_wconf 88' lang='lat' dir='ltr'><strong>in</strong></span> <span class='ocrx_word' id='word_1_12' title='bbox 749 588 997 644; x_wconf 79' lang='lat' dir='ltr'><strong>facilibus</strong></span> <span class='ocrx_word' id='word_1_13' title='bbox 1023 588 1145 658; x_wconf 91' lang='lat' dir='ltr'><strong>quid</strong></span> <span class='ocrx_word' id='word_1_14' title='bbox 1177 601 1431 658; x_wconf 86' lang='lat' dir='ltr'><strong>agamus,</strong></span> <span class='ocrx_word' id='word_1_15' title='bbox 1465 597 1518 640; x_wconf 90' lang='lat' dir='ltr'><strong>et</strong></span> <span class='ocrx_word' id='word_1_16' title='bbox 1546 585 1596 639; x_wconf 91' lang='lat' dir='ltr'><strong>in</strong></span> <span class='ocrx_word' id='word_1_17' title='bbox 1625 585 1770 639; x_wconf 83' lang='lat' dir='ltr'><strong>dim-</strong></span> 
     </span>
    </p>
   </div>
   <div class='ocr_carea' id='block_1_3' title="bbox 152 676 1772 750">
    <p class='ocr_par' dir='ltr' id='par_1_3' title="bbox 152 676 1772 750">
     <span class='ocr_line' id='line_1_3' title="bbox 152 676 1772 750; baseline -0.006 -12"><span class='ocrx_word' id='word_1_18' title='bbox 152 683 345 738; x_wconf 77' lang='lat' dir='ltr'><strong>cilibus</strong></span> <span class='ocrx_word' id='word_1_19' title='bbox 369 679 507 750; x_wconf 88' lang='lat' dir='ltr'><strong>quid</strong></span> <span class='ocrx_word' id='word_1_20' title='bbox 537 690 820 750; x_wconf 85' lang='lat' dir='ltr'><strong>petamus.</strong></span> <span class='ocrx_word' id='word_1_21' title='bbox 847 679 1034 735; x_wconf 83' lang='lat' dir='ltr'><strong>Omnia</strong></span> <span class='ocrx_word' id='word_1_22' title='bbox 1059 679 1254 748; x_wconf 83' lang='lat' dir='ltr'><strong>quippe</strong></span> <span class='ocrx_word' id='word_1_23' title='bbox 1278 679 1411 732; x_wconf 86' lang='lat' dir='ltr'><strong>llunt</strong></span> <span class='ocrx_word' id='word_1_24' title='bbox 1446 676 1615 730; x_wconf 78' lang='lat' dir='ltr'><strong>facilia</strong></span> <span class='ocrx_word' id='word_1_25' title='bbox 1641 676 1772 730; x_wconf 82' lang='lat' dir='ltr'><strong>cha-</strong></span> 
     </span>
    </p>
   </div>
   <div class='ocr_carea' id='block_1_4' title="bbox 151 766 1770 839">
    <p class='ocr_par' dir='ltr' id='par_1_4' title="bbox 151 766 1770 839">
     <span class='ocr_line' id='line_1_4' title="bbox 151 766 1770 839; baseline -0.006 -10"><span class='ocrx_word' id='word_1_26' title='bbox 151 773 300 829; x_wconf 79' lang='lat' dir='ltr'><strong>ritati</strong></span> <span class='ocrx_word' id='word_1_27' title='bbox 329 789 344 824; x_wconf 90' lang='lat'>:</span> <span class='ocrx_word' id='word_1_28' title='bbox 377 773 468 826; x_wconf 90' lang='lat' dir='ltr'><strong>cui</strong></span> <span class='ocrx_word' id='word_1_29' title='bbox 520 772 616 825; x_wconf 87' lang='lat' dir='ltr'><strong>uni</strong></span> <span class='ocrx_word' id='word_1_30' title='bbox 660 769 853 826; x_wconf 86' lang='lat' dir='ltr'><strong>Christi</strong></span> <span class='ocrx_word' id='word_1_31' title='bbox 901 771 1100 824; x_wconf 88' lang='lat' dir='ltr'><strong>sarcina</strong></span> <span class='ocrx_word' id='word_1_32' title='bbox 1143 769 1261 823; x_wconf 79' lang='lat' dir='ltr'><strong>levis</strong></span> <span class='ocrx_word' id='word_1_33' title='bbox 1309 779 1380 822; x_wconf 87' lang='lat' dir='ltr'><strong>est</strong></span> <span class='ocrx_word' id='word_1_34' title='bbox 1412 766 1643 839; x_wconf 81' lang='lat' dir='ltr'><strong>(Matth.</strong></span> <span class='ocrx_word' id='word_1_35' title='bbox 1687 782 1770 830; x_wconf 66' lang='grc' dir='ltr'><strong>ιι,</strong></span> 
     </span>
    </p>
   </div>
   <div class='ocr_carea' id='block_1_5' title="bbox 153 859 1774 935">
    <p class='ocr_par' dir='ltr' id='par_1_5' title="bbox 153 859 1774 935">
     <span class='ocr_line' id='line_1_5' title="bbox 153 859 1774 935; baseline -0.005 -16"><span class='ocrx_word' id='word_1_36' title='bbox 153 863 273 935; x_wconf 76' lang='lat'><strong>30),</strong></span> <span class='ocrx_word' id='word_1_37' title='bbox 296 873 395 918; x_wconf 82' lang='lat' dir='ltr'><strong>aut</strong></span> <span class='ocrx_word' id='word_1_38' title='bbox 423 877 491 918; x_wconf 83' lang='lat' dir='ltr'><strong>ea</strong></span> <span class='ocrx_word' id='word_1_39' title='bbox 523 879 631 918; x_wconf 87' lang='lat' dir='ltr'><strong>una</strong></span> <span class='ocrx_word' id='word_1_40' title='bbox 656 872 743 917; x_wconf 89' lang='lat' dir='ltr'><strong>est</strong></span> <span class='ocrx_word' id='word_1_41' title='bbox 764 864 974 917; x_wconf 82' lang='lat' dir='ltr'><strong>sarcina</strong></span> <span class='ocrx_word' id='word_1_42' title='bbox 1004 864 1113 931; x_wconf 88' lang='lat' dir='ltr'><strong>ipsa</strong></span> <span class='ocrx_word' id='word_1_43' title='bbox 1140 875 1256 932; x_wconf 72' lang='lat' dir='ltr'><strong>qua:</strong></span> <span class='ocrx_word' id='word_1_44' title='bbox 1289 861 1418 916; x_wconf 83' lang='lat' dir='ltr'><strong>levis</strong></span> <span class='ocrx_word' id='word_1_45' title='bbox 1443 869 1545 916; x_wconf 78' lang='lat' dir='ltr'><strong>est.</strong></span> <span class='ocrx_word' id='word_1_46' title='bbox 1571 859 1774 916; x_wconf 82' lang='lat' dir='ltr'><strong>Secun-</strong></span> 
     </span>
    </p>
   </div>
   <div class='ocr_carea' id='block_1_6' title="bbox 153 953 1774 1024">
    <p class='ocr_par' dir='ltr' id='par_1_6' title="bbox 153 953 1774 1024">
     <span class='ocr_line' id='line_1_6' title="bbox 153 953 1774 1024; baseline -0.004 -13"><span class='ocrx_word' id='word_1_47' title='bbox 153 955 283 1012; x_wconf 84' lang='lat' dir='ltr'><strong>d</strong></span> <span class='ocrx_word' id='word_1_48' title='bbox 306 956 420 1010; x_wconf 88' lang='lat' dir='ltr'><strong>hoc</strong></span> <span class='ocrx_word' id='word_1_49' title='bbox 448 955 661 1010; x_wconf 89' lang='lat' dir='ltr'><strong>dictum</strong></span> <span class='ocrx_word' id='word_1_50' title='bbox 689 967 796 1019; x_wconf 86' lang='lat' dir='ltr'><strong>est,</strong></span> <span class='ocrx_word' id='word_1_51' title='bbox 827 953 897 1009; x_wconf 87' lang='lat' dir='ltr'><strong>Et</strong></span> <span class='ocrx_word' id='word_1_52' title='bbox 928 965 1176 1024; x_wconf 67' lang='lat' dir='ltr'><strong>praecepta</strong></span> <span class='ocrx_word' id='word_1_53' title='bbox 1205 955 1312 1024; x_wconf 86' lang='lat' dir='ltr'><strong>ejus</strong></span> <span class='ocrx_word' id='word_1_54' title='bbox 1335 953 1508 1024; x_wconf 85' lang='lat' dir='ltr'><strong>gravia</strong></span> <span class='ocrx_word' id='word_1_55' title='bbox 1533 969 1633 1008; x_wconf 89' lang='lat' dir='ltr'><strong>non</strong></span> <span class='ocrx_word' id='word_1_56' title='bbox 1659 961 1774 1005; x_wconf 83' lang='lat' dir='ltr'><strong>sunt</strong></span> 
     </span>
    </p>
   </div>
   <div class='ocr_carea' id='block_1_7' title="bbox 155 1045 1773 1121">
    <p class='ocr_par' dir='ltr' id='par_1_7' title="bbox 155 1045 1773 1121">
     <span class='ocr_line' id='line_1_7' title="bbox 155 1045 1773 1121; baseline -0.006 -18"><span class='ocrx_word' id='word_1_57' title='bbox 155 1047 383 1121; x_wconf 69' lang='lat' dir='ltr'><strong>aloen.</strong></span> <span class='ocrx_word' id='word_1_58' title='bbox 425 1063 487 1114; x_wconf 65' lang='grc' dir='ltr'><strong>ν,</strong></span> <span class='ocrx_word' id='word_1_59' title='bbox 521 1047 581 1119; x_wconf 73' lang='lat'><strong>3)</strong></span> <span class='ocrx_word' id='word_1_60' title='bbox 607 1065 622 1100; x_wconf 89' lang='lat'><strong>:</strong></span> <span class='ocrx_word' id='word_1_61' title='bbox 649 1059 707 1101; x_wconf 93' lang='lat' dir='ltr'><strong>ut</strong></span> <span class='ocrx_word' id='word_1_62' title='bbox 730 1049 815 1101; x_wconf 89' lang='lat' dir='ltr'><strong>cui</strong></span> <span class='ocrx_word' id='word_1_63' title='bbox 837 1047 1016 1118; x_wconf 83' lang='lat' dir='ltr'><strong>gravia</strong></span> <span class='ocrx_word' id='word_1_64' title='bbox 1042 1056 1186 1108; x_wconf 89' lang='lat' dir='ltr'><strong>sunt,</strong></span> <span class='ocrx_word' id='word_1_65' title='bbox 1214 1045 1517 1100; x_wconf 87' lang='lat' dir='ltr'><strong>consideret</strong></span> <span class='ocrx_word' id='word_1_66' title='bbox 1550 1059 1654 1098; x_wconf 91' lang='lat' dir='ltr'><strong>non</strong></span> <span class='ocrx_word' id='word_1_67' title='bbox 1681 1061 1773 1112; x_wconf 81' lang='lat' dir='ltr'><strong>p0-</strong></span> 
     </span>
    </p>
   </div>
   <div class='ocr_carea' id='block_1_8' title="bbox 154 1135 1771 1209">
    <p class='ocr_par' dir='ltr' id='par_1_8' title="bbox 154 1135 1771 1209">
     <span class='ocr_line' id='line_1_8' title="bbox 154 1135 1771 1209; baseline -0.004 -15"><span class='ocrx_word' id='word_1_68' title='bbox 154 1141 322 1196; x_wconf 79' lang='lat' dir='ltr'><strong>tuisse</strong></span> <span class='ocrx_word' id='word_1_69' title='bbox 351 1138 628 1194; x_wconf 74' lang='lat' dir='ltr'><strong>divinitus</strong></span> <span class='ocrx_word' id='word_1_70' title='bbox 654 1139 760 1192; x_wconf 86' lang='lat' dir='ltr'><strong>diei</strong></span> <span class='ocrx_word' id='word_1_71' title='bbox 777 1179 793 1202; x_wconf 91' lang='lat'><strong>,</strong></span> <span class='ocrx_word' id='word_1_72' title='bbox 817 1137 991 1209; x_wconf 88' lang='lat' dir='ltr'><strong>gravia</strong></span> <span class='ocrx_word' id='word_1_73' title='bbox 1016 1152 1115 1189; x_wconf 85' lang='lat' dir='ltr'><strong>non</strong></span> <span class='ocrx_word' id='word_1_74' title='bbox 1135 1145 1252 1189; x_wconf 76' lang='lat' dir='ltr'><strong>sunt</strong></span> <span class='ocrx_word' id='word_1_75' title='bbox 1269 1176 1285 1201; x_wconf 93' lang='lat'><strong>,</strong></span> <span class='ocrx_word' id='word_1_76' title='bbox 1316 1135 1414 1188; x_wconf 91' lang='lat' dir='ltr'><strong>nisi</strong></span> <span class='ocrx_word' id='word_1_77' title='bbox 1446 1136 1568 1204; x_wconf 90' lang='lat' dir='ltr'><strong>quia</strong></span> <span class='ocrx_word' id='word_1_78' title='bbox 1598 1143 1771 1204; x_wconf 88' lang='lat' dir='ltr'><strong>potest</strong></span> 
     </span>
    </p>
   </div>
   <div class='ocr_carea' id='block_1_9' title="bbox 156 1229 1773 1299">
    <p class='ocr_par' dir='ltr' id='par_1_9' title="bbox 156 1229 1773 1299">
     <span class='ocr_line' id='line_1_9' title="bbox 156 1229 1773 1299; baseline -0.004 -14"><span class='ocrx_word' id='word_1_79' title='bbox 156 1245 274 1285; x_wconf 73' lang='lat' dir='ltr'><strong>esse</strong></span> <span class='ocrx_word' id='word_1_80' title='bbox 301 1229 499 1285; x_wconf 86' lang='lat' dir='ltr'><strong>cordis</strong></span> <span class='ocrx_word' id='word_1_81' title='bbox 525 1229 753 1284; x_wconf 76' lang='lat' dir='ltr'><strong>aﬂ&#39;ectus</strong></span> <span class='ocrx_word' id='word_1_82' title='bbox 775 1230 859 1282; x_wconf 90' lang='lat' dir='ltr'><strong>cui</strong></span> <span class='ocrx_word' id='word_1_83' title='bbox 889 1229 1066 1299; x_wconf 80' lang='lat' dir='ltr'><strong>gravia</strong></span> <span class='ocrx_word' id='word_1_84' title='bbox 1101 1241 1205 1281; x_wconf 91' lang='lat' dir='ltr'><strong>non</strong></span> <span class='ocrx_word' id='word_1_85' title='bbox 1235 1235 1380 1290; x_wconf 88' lang='lat' dir='ltr'><strong>sunt,</strong></span> <span class='ocrx_word' id='word_1_86' title='bbox 1409 1234 1463 1280; x_wconf 89' lang='lat' dir='ltr'><strong>et</strong></span> <span class='ocrx_word' id='word_1_87' title='bbox 1495 1235 1638 1295; x_wconf 86' lang='lat' dir='ltr'><strong>petat</strong></span> <span class='ocrx_word' id='word_1_88' title='bbox 1666 1240 1773 1296; x_wconf 91' lang='lat' dir='ltr'><strong>quo</strong></span> 
     </span>
    </p>
   </div>
   <div class='ocr_carea' id='block_1_10' title="bbox 157 1315 1773 1388">
    <p class='ocr_par' dir='ltr' id='par_1_10' title="bbox 157 1315 1773 1388">
     <span class='ocr_line' id='line_1_10' title="bbox 157 1315 1773 1388; baseline -0.003 -13"><span class='ocrx_word' id='word_1_89' title='bbox 157 1321 498 1384; x_wconf 80' lang='lat' dir='ltr'><strong>destituitur,</strong></span> <span class='ocrx_word' id='word_1_90' title='bbox 535 1329 594 1373; x_wconf 90' lang='lat' dir='ltr'><strong>ut</strong></span> <span class='ocrx_word' id='word_1_91' title='bbox 621 1318 845 1388; x_wconf 74' lang='lat' dir='ltr'><strong>impleat</strong></span> <span class='ocrx_word' id='word_1_92' title='bbox 877 1319 1016 1388; x_wconf 90' lang='lat' dir='ltr'><strong>quod</strong></span> <span class='ocrx_word' id='word_1_93' title='bbox 1053 1317 1290 1386; x_wconf 90' lang='lat' dir='ltr'><strong>jubetur.</strong></span> <span class='ocrx_word' id='word_1_94' title='bbox 1317 1316 1382 1369; x_wconf 85' lang='lat' dir='ltr'><strong>Et</strong></span> <span class='ocrx_word' id='word_1_95' title='bbox 1409 1315 1548 1386; x_wconf 79' lang='lat' dir='ltr'><strong>quod</strong></span> <span class='ocrx_word' id='word_1_96' title='bbox 1577 1316 1773 1370; x_wconf 86' lang='lat' dir='ltr'><strong>dicitur</strong></span> 
     </span>
    </p>
   </div>
   <div class='ocr_carea' id='block_1_11' title="bbox 158 1407 1772 1478">
    <p class='ocr_par' dir='ltr' id='par_1_11' title="bbox 158 1407 1772 1478">
     <span class='ocr_line' id='line_1_11' title="bbox 158 1407 1772 1478; baseline -0.002 -14"><span class='ocrx_word' id='word_1_97' title='bbox 158 1412 218 1466; x_wconf 80' lang='lat' dir='ltr'><strong>ad</strong></span> <span class='ocrx_word' id='word_1_98' title='bbox 242 1409 421 1466; x_wconf 77' lang='lat' dir='ltr'><strong>Israel</strong></span> <span class='ocrx_word' id='word_1_99' title='bbox 453 1411 510 1464; x_wconf 92' lang='lat' dir='ltr'><strong>in</strong></span> <span class='ocrx_word' id='word_1_100' title='bbox 543 1409 992 1474; x_wconf 76' lang='lat' dir='ltr'><strong>Deuteronomio,</strong></span> <span class='ocrx_word' id='word_1_101' title='bbox 1021 1409 1065 1463; x_wconf 90' lang='lat' dir='ltr'><strong>si</strong></span> <span class='ocrx_word' id='word_1_102' title='bbox 1097 1409 1203 1478; x_wconf 91' lang='lat' dir='ltr'><strong>pie,</strong></span> <span class='ocrx_word' id='word_1_103' title='bbox 1231 1407 1276 1461; x_wconf 86' lang='lat' dir='ltr'><strong>si</strong></span> <span class='ocrx_word' id='word_1_104' title='bbox 1311 1417 1512 1470; x_wconf 86' lang='lat' dir='ltr'><strong>sancte,</strong></span> <span class='ocrx_word' id='word_1_105' title='bbox 1540 1407 1583 1461; x_wconf 94' lang='lat' dir='ltr'><strong>si</strong></span> <span class='ocrx_word' id='word_1_106' title='bbox 1614 1407 1772 1476; x_wconf 86' lang='lat' dir='ltr'><strong>spiri-</strong></span> 
     </span>
    </p>
   </div>
   <div class='ocr_carea' id='block_1_12' title="bbox 162 1497 1771 1570">
    <p class='ocr_par' dir='ltr' id='par_1_12' title="bbox 162 1497 1771 1570">
     <span class='ocr_line' id='line_1_12' title="bbox 162 1497 1771 1570; baseline -0.002 -15"><span class='ocrx_word' id='word_1_107' title='bbox 162 1502 373 1555; x_wconf 81' lang='lat' dir='ltr'><strong>tualiter</strong></span> <span class='ocrx_word' id='word_1_108' title='bbox 398 1500 760 1570; x_wconf 67' lang='lat' dir='ltr'><strong>intelligatur,</strong></span> <span class='ocrx_word' id='word_1_109' title='bbox 796 1499 901 1553; x_wconf 65' lang='lat' dir='ltr'><strong>hoc</strong></span> <span class='ocrx_word' id='word_1_110' title='bbox 929 1498 1068 1553; x_wconf 88' lang='lat' dir='ltr'><strong>idem</strong></span> <span class='ocrx_word' id='word_1_111' title='bbox 1103 1497 1403 1567; x_wconf 80' lang='lat' dir='ltr'><strong>signiﬁcat:</strong></span> <span class='ocrx_word' id='word_1_112' title='bbox 1433 1497 1556 1567; x_wconf 84' lang='lat' dir='ltr'><strong>quia</strong></span> <span class='ocrx_word' id='word_1_113' title='bbox 1588 1498 1771 1566; x_wconf 88' lang='lat' dir='ltr'><strong>utique</strong></span> 
     </span>
    </p>
   </div>
   <div class='ocr_carea' id='block_1_13' title="bbox 161 1587 1768 1657">
    <p class='ocr_par' dir='ltr' id='par_1_13' title="bbox 161 1587 1768 1657">
     <span class='ocr_line' id='line_1_13' title="bbox 161 1587 1768 1657; baseline -0.004 -11"><span class='ocrx_word' id='word_1_114' title='bbox 161 1607 276 1646; x_wconf 81' lang='lat' dir='ltr'><strong>cum</strong></span> <span class='ocrx_word' id='word_1_115' title='bbox 323 1590 440 1645; x_wconf 81' lang='lat' dir='ltr'><strong>hoc</strong></span> <span class='ocrx_word' id='word_1_116' title='bbox 496 1589 867 1645; x_wconf 86' lang='lat' dir='ltr'><strong>testimonium</strong></span> <span class='ocrx_word' id='word_1_117' title='bbox 919 1596 1395 1644; x_wconf 68' lang='lat' dir='ltr'><strong>commemorassa</strong></span> <span class='ocrx_word' id='word_1_118' title='bbox 1440 1587 1768 1657; x_wconf 80' lang='lat' dir='ltr'><strong>Apostolus,</strong></span> 
     </span>
    </p>
   </div>
   <div class='ocr_carea' id='block_1_14' title="bbox 165 1679 1770 1752">
    <p class='ocr_par' dir='ltr' id='par_1_14' title="bbox 165 1679 1770 1752">
     <span class='ocr_line' id='line_1_14' title="bbox 165 1679 1770 1752; baseline -0.001 -16"><span class='ocrx_word' id='word_1_119' title='bbox 165 1681 329 1752; x_wconf 81' lang='lat' dir='ltr'><strong>Prope</strong></span> <span class='ocrx_word' id='word_1_120' title='bbox 357 1693 410 1736; x_wconf 84' lang='lat' dir='ltr'><strong>te</strong></span> <span class='ocrx_word' id='word_1_121' title='bbox 437 1694 519 1737; x_wconf 88' lang='lat' dir='ltr'><strong>est</strong></span> <span class='ocrx_word' id='word_1_122' title='bbox 548 1683 754 1736; x_wconf 83' lang='lat' dir='ltr'><strong>verbum</strong></span> <span class='ocrx_word' id='word_1_123' title='bbox 790 1683 844 1736; x_wconf 87' lang='lat' dir='ltr'><strong>in</strong></span> <span class='ocrx_word' id='word_1_124' title='bbox 880 1698 965 1736; x_wconf 89' lang='lat' dir='ltr'><strong>ore</strong></span> <span class='ocrx_word' id='word_1_125' title='bbox 993 1691 1101 1748; x_wconf 88' lang='lat' dir='ltr'><strong>tuo,</strong></span> <span class='ocrx_word' id='word_1_126' title='bbox 1142 1691 1186 1735; x_wconf 88' lang='lat' dir='ltr'><strong>et</strong></span> <span class='ocrx_word' id='word_1_127' title='bbox 1215 1682 1268 1735; x_wconf 89' lang='lat' dir='ltr'><strong>in</strong></span> <span class='ocrx_word' id='word_1_128' title='bbox 1297 1682 1449 1736; x_wconf 87' lang='lat' dir='ltr'><strong>corde</strong></span> <span class='ocrx_word' id='word_1_129' title='bbox 1475 1691 1560 1735; x_wconf 91' lang='lat' dir='ltr'><strong>tuo</strong></span> <span class='ocrx_word' id='word_1_130' title='bbox 1594 1679 1770 1752; x_wconf 86' lang='lat' dir='ltr'><strong>(quod</strong></span> 
     </span>
    </p>
   </div>
   <div class='ocr_carea' id='block_1_15' title="bbox 166 1771 1770 1845">
    <p class='ocr_par' dir='ltr' id='par_1_15' title="bbox 166 1771 1770 1845">
     <span class='ocr_line' id='line_1_15' title="bbox 166 1771 1770 1845; baseline -0.003 -16"><span class='ocrx_word' id='word_1_131' title='bbox 166 1775 246 1829; x_wconf 80' lang='lat' dir='ltr'><strong>hic</strong></span> <span class='ocrx_word' id='word_1_132' title='bbox 271 1773 465 1842; x_wconf 84' lang='lat' dir='ltr'><strong>habet,</strong></span> <span class='ocrx_word' id='word_1_133' title='bbox 490 1774 552 1826; x_wconf 83' lang='lat' dir='ltr'><strong>in</strong></span> <span class='ocrx_word' id='word_1_134' title='bbox 572 1773 806 1828; x_wconf 77' lang='lat' dir='ltr'><strong>manibus</strong></span> <span class='ocrx_word' id='word_1_135' title='bbox 831 1773 929 1826; x_wconf 81' lang='lat' dir='ltr'><strong>tuis</strong></span> <span class='ocrx_word' id='word_1_136' title='bbox 953 1771 1026 1845; x_wconf 91' lang='lat' dir='ltr'><strong>[a]</strong></span> <span class='ocrx_word' id='word_1_137' title='bbox 1047 1789 1063 1834; x_wconf 82' lang='lat'><strong>;</strong></span> <span class='ocrx_word' id='word_1_138' title='bbox 1093 1772 1144 1826; x_wconf 94' lang='lat' dir='ltr'><strong>in</strong></span> <span class='ocrx_word' id='word_1_139' title='bbox 1165 1772 1326 1827; x_wconf 91' lang='lat' dir='ltr'><strong>corde</strong></span> <span class='ocrx_word' id='word_1_140' title='bbox 1344 1773 1486 1827; x_wconf 91' lang='lat' dir='ltr'><strong>enim</strong></span> <span class='ocrx_word' id='word_1_141' title='bbox 1512 1781 1634 1827; x_wconf 88' lang='lat' dir='ltr'><strong>sunt</strong></span> <span class='ocrx_word' id='word_1_142' title='bbox 1656 1773 1770 1841; x_wconf 87' lang='lat' dir='ltr'><strong>spi-</strong></span> 
     </span>
    </p>
   </div>
   <div class='ocr_carea' id='block_1_16' title="bbox 167 1863 1771 1935">
    <p class='ocr_par' dir='ltr' id='par_1_16' title="bbox 167 1863 1771 1935">
     <span class='ocr_line' id='line_1_16' title="bbox 167 1863 1771 1935; baseline -0.002 -15"><span class='ocrx_word' id='word_1_143' title='bbox 167 1866 381 1920; x_wconf 81' lang='lat' dir='ltr'><strong>rituales</strong></span> <span class='ocrx_word' id='word_1_144' title='bbox 414 1863 696 1932; x_wconf 71' lang='lat' dir='ltr'><strong>uiantis);</strong></span> <span class='ocrx_word' id='word_1_145' title='bbox 723 1865 818 1918; x_wconf 81' lang='lat' dir='ltr'><strong>hoc</strong></span> <span class='ocrx_word' id='word_1_146' title='bbox 842 1875 914 1918; x_wconf 83' lang='lat' dir='ltr'><strong>est</strong></span> <span class='ocrx_word' id='word_1_147' title='bbox 935 1905 950 1928; x_wconf 92' lang='lat'><strong>,</strong></span> <span class='ocrx_word' id='word_1_148' title='bbox 984 1864 1189 1934; x_wconf 81' lang='lat' dir='ltr'><strong>inquit,</strong></span> <span class='ocrx_word' id='word_1_149' title='bbox 1230 1864 1431 1918; x_wconf 77' lang='lat' dir='ltr'><strong>verbum</strong></span> <span class='ocrx_word' id='word_1_150' title='bbox 1477 1863 1598 1933; x_wconf 76' lang='lat' dir='ltr'><strong>ﬁdei</strong></span> <span class='ocrx_word' id='word_1_151' title='bbox 1635 1863 1771 1935; x_wconf 85' lang='lat' dir='ltr'><strong>quod</strong></span> 
     </span>
    </p>
   </div>
   <div class='ocr_carea' id='block_1_17' title="bbox 168 1952 1769 2026">
    <p class='ocr_par' dir='ltr' id='par_1_17' title="bbox 168 1952 1769 2026">
     <span class='ocr_line' id='line_1_17' title="bbox 168 1952 1769 2026; baseline 0.002 -19"><span class='ocrx_word' id='word_1_152' title='bbox 168 1956 505 2024; x_wconf 64' lang='lat' dir='ltr'><strong>Mantus</strong></span> <span class='ocrx_word' id='word_1_153' title='bbox 547 1953 737 2024; x_wconf 79' lang='lat' dir='ltr'><strong>(Deut.</strong></span> <span class='ocrx_word' id='word_1_154' title='bbox 776 1970 882 2009; x_wconf 78' lang='lat' dir='ltr'><strong>xxx</strong></span> <span class='ocrx_word' id='word_1_155' title='bbox 901 1995 918 2021; x_wconf 93' lang='lat'><strong>,</strong></span> <span class='ocrx_word' id='word_1_156' title='bbox 958 1955 1058 2019; x_wconf 58' lang='lat' dir='ltr'><strong>id;</strong></span> <span class='ocrx_word' id='word_1_157' title='bbox 1088 1953 1242 2008; x_wconf 83' lang='lat' dir='ltr'><strong>Rom.</strong></span> <span class='ocrx_word' id='word_1_158' title='bbox 1271 1971 1302 2008; x_wconf 73' lang='grc' dir='ltr'><strong>ι</strong></span> <span class='ocrx_word' id='word_1_159' title='bbox 1323 1995 1338 2018; x_wconf 88' lang='grc'>,</span> <span class='ocrx_word' id='word_1_160' title='bbox 1366 1952 1443 2026; x_wconf 87' lang='grc'><strong>8).</strong></span> <span class='ocrx_word' id='word_1_161' title='bbox 1465 1952 1769 2010; x_wconf 86' lang='lat' dir='ltr'><strong>Conversus</strong></span> 
     </span>
    </p>
   </div>
   <div class='ocr_carea' id='block_1_18' title="bbox 165 2044 1772 2114">
    <p class='ocr_par' dir='ltr' id='par_1_18' title="bbox 165 2044 1772 2114">
     <span class='ocr_line' id='line_1_18' title="bbox 165 2044 1772 2114; baseline -0.001 -14"><span class='ocrx_word' id='word_1_162' title='bbox 165 2060 282 2114; x_wconf 77' lang='lat' dir='ltr'><strong>ergo</strong></span> <span class='ocrx_word' id='word_1_163' title='bbox 300 2047 565 2114; x_wconf 85' lang='lat' dir='ltr'><strong>quisque,</strong></span> <span class='ocrx_word' id='word_1_164' title='bbox 588 2045 731 2099; x_wconf 86' lang='lat' dir='ltr'><strong>sicut</strong></span> <span class='ocrx_word' id='word_1_165' title='bbox 749 2045 821 2100; x_wconf 87' lang='lat' dir='ltr'><strong>ibi</strong></span> <span class='ocrx_word' id='word_1_166' title='bbox 844 2045 1172 2114; x_wconf 69' lang='lat' dir='ltr'><strong>praecipitur,</strong></span> <span class='ocrx_word' id='word_1_167' title='bbox 1200 2044 1266 2100; x_wconf 89' lang='lat' dir='ltr'><strong>ad</strong></span> <span class='ocrx_word' id='word_1_168' title='bbox 1291 2045 1570 2100; x_wconf 90' lang='lat' dir='ltr'><strong>Dominum</strong></span> <span class='ocrx_word' id='word_1_169' title='bbox 1599 2045 1772 2100; x_wconf 89' lang='lat' dir='ltr'><strong>Deum-</strong></span> 
     </span>
    </p>
   </div>
   <div class='ocr_carea' id='block_1_19' title="bbox 167 2135 1768 2202">
    <p class='ocr_par' dir='ltr' id='par_1_19' title="bbox 167 2135 1768 2202">
     <span class='ocr_line' id='line_1_19' title="bbox 167 2135 1768 2202; baseline -0.001 -12"><span class='ocrx_word' id='word_1_170' title='bbox 167 2151 310 2190; x_wconf 79' lang='lat' dir='ltr'><strong>suum</strong></span> <span class='ocrx_word' id='word_1_171' title='bbox 338 2152 406 2190; x_wconf 75' lang='lat' dir='ltr'><strong>es</strong></span> <span class='ocrx_word' id='word_1_172' title='bbox 439 2145 562 2190; x_wconf 89' lang='lat' dir='ltr'><strong>toto</strong></span> <span class='ocrx_word' id='word_1_173' title='bbox 586 2135 754 2190; x_wconf 86' lang='lat' dir='ltr'><strong>corde</strong></span> <span class='ocrx_word' id='word_1_174' title='bbox 781 2150 900 2200; x_wconf 86' lang='lat' dir='ltr'><strong>suo,</strong></span> <span class='ocrx_word' id='word_1_175' title='bbox 935 2144 991 2190; x_wconf 90' lang='lat' dir='ltr'><strong>et</strong></span> <span class='ocrx_word' id='word_1_176' title='bbox 1012 2151 1079 2191; x_wconf 80' lang='lat' dir='ltr'><strong>ex</strong></span> <span class='ocrx_word' id='word_1_177' title='bbox 1107 2143 1218 2190; x_wconf 87' lang='lat' dir='ltr'><strong>tota</strong></span> <span class='ocrx_word' id='word_1_178' title='bbox 1245 2136 1421 2190; x_wconf 84' lang='lat' dir='ltr'><strong>anima</strong></span> <span class='ocrx_word' id='word_1_179' title='bbox 1448 2151 1544 2191; x_wconf 89' lang='lat' dir='ltr'><strong>sua</strong></span> <span class='ocrx_word' id='word_1_180' title='bbox 1565 2175 1582 2202; x_wconf 90' lang='lat'><strong>,</strong></span> <span class='ocrx_word' id='word_1_181' title='bbox 1611 2151 1768 2190; x_wconf 82' lang='lat' dir='ltr'><strong>man-</strong></span> 
     </span>
    </p>
   </div>
   <div class='ocr_carea' id='block_1_20' title="bbox 168 2224 1768 2296">
    <p class='ocr_par' dir='ltr' id='par_1_20' title="bbox 168 2224 1768 2296">
     <span class='ocr_line' id='line_1_20' title="bbox 168 2224 1768 2296; baseline 0.002 -19"><span class='ocrx_word' id='word_1_182' title='bbox 168 2224 336 2280; x_wconf 80' lang='lat' dir='ltr'><strong>datum</strong></span> <span class='ocrx_word' id='word_1_183' title='bbox 361 2226 462 2281; x_wconf 86' lang='lat' dir='ltr'><strong>Dei</strong></span> <span class='ocrx_word' id='word_1_184' title='bbox 490 2240 604 2280; x_wconf 90' lang='lat' dir='ltr'><strong>non</strong></span> <span class='ocrx_word' id='word_1_185' title='bbox 630 2224 849 2281; x_wconf 84' lang='lat' dir='ltr'><strong>habebit</strong></span> <span class='ocrx_word' id='word_1_186' title='bbox 873 2241 1052 2296; x_wconf 78' lang='lat' dir='ltr'><strong>grave.</strong></span> <span class='ocrx_word' id='word_1_187' title='bbox 1071 2225 1351 2294; x_wconf 87' lang='lat' dir='ltr'><strong>Quomodo</strong></span> <span class='ocrx_word' id='word_1_188' title='bbox 1377 2235 1460 2281; x_wconf 90' lang='lat' dir='ltr'><strong>est</strong></span> <span class='ocrx_word' id='word_1_189' title='bbox 1484 2227 1627 2280; x_wconf 91' lang='lat' dir='ltr'><strong>enim</strong></span> <span class='ocrx_word' id='word_1_190' title='bbox 1649 2241 1768 2296; x_wconf 74' lang='lat' dir='ltr'><strong>gra-</strong></span> 
     </span>
    </p>
   </div>
   <div class='ocr_carea' id='block_1_21' title="bbox 168 2315 1769 2386">
    <p class='ocr_par' dir='ltr' id='par_1_21' title="bbox 168 2315 1769 2386">
     <span class='ocr_line' id='line_1_21' title="bbox 168 2315 1769 2386; baseline -0.001 -14"><span class='ocrx_word' id='word_1_191' title='bbox 168 2331 245 2383; x_wconf 75' lang='lat' dir='ltr'><strong>re,</strong></span> <span class='ocrx_word' id='word_1_192' title='bbox 273 2331 395 2372; x_wconf 88' lang='lat' dir='ltr'><strong>cum</strong></span> <span class='ocrx_word' id='word_1_193' title='bbox 430 2317 511 2371; x_wconf 85' lang='lat' dir='ltr'><strong>sit</strong></span> <span class='ocrx_word' id='word_1_194' title='bbox 539 2316 844 2372; x_wconf 82' lang='lat' dir='ltr'><strong>dilectionis</strong></span> <span class='ocrx_word' id='word_1_195' title='bbox 873 2316 1214 2371; x_wconf 74' lang='lat' dir='ltr'><strong>Inundalum?</strong></span> <span class='ocrx_word' id='word_1_196' title='bbox 1242 2316 1348 2370; x_wconf 82' lang='lat' dir='ltr'><strong>Aut</strong></span> <span class='ocrx_word' id='word_1_197' title='bbox 1375 2315 1519 2370; x_wconf 91' lang='lat' dir='ltr'><strong>enim</strong></span> <span class='ocrx_word' id='word_1_198' title='bbox 1543 2315 1769 2386; x_wconf 88' lang='lat' dir='ltr'><strong>quisque</strong></span> 
     </span>
    </p>
   </div>
   <div class='ocr_carea' id='block_1_22' title="bbox 167 2407 1768 2479">
    <p class='ocr_par' dir='ltr' id='par_1_22' title="bbox 167 2407 1768 2479">
     <span class='ocr_line' id='line_1_22' title="bbox 167 2407 1768 2479; baseline 0 -15"><span class='ocrx_word' id='word_1_199' title='bbox 167 2423 266 2464; x_wconf 84' lang='lat' dir='ltr'><strong>non</strong></span> <span class='ocrx_word' id='word_1_200' title='bbox 290 2409 490 2479; x_wconf 75' lang='lat' dir='ltr'><strong>diligit,</strong></span> <span class='ocrx_word' id='word_1_201' title='bbox 519 2417 575 2464; x_wconf 89' lang='lat' dir='ltr'><strong>et</strong></span> <span class='ocrx_word' id='word_1_202' title='bbox 598 2407 722 2463; x_wconf 89' lang='lat' dir='ltr'><strong>ideo</strong></span> <span class='ocrx_word' id='word_1_203' title='bbox 740 2423 903 2479; x_wconf 75' lang='lat' dir='ltr'><strong>grave</strong></span> <span class='ocrx_word' id='word_1_204' title='bbox 926 2419 1010 2464; x_wconf 88' lang='lat' dir='ltr'><strong>est</strong></span> <span class='ocrx_word' id='word_1_205' title='bbox 1031 2426 1046 2462; x_wconf 90' lang='lat'>:</span> <span class='ocrx_word' id='word_1_206' title='bbox 1071 2417 1163 2462; x_wconf 87' lang='lat' dir='ltr'><strong>aut</strong></span> <span class='ocrx_word' id='word_1_207' title='bbox 1177 2407 1371 2478; x_wconf 75' lang='lat' dir='ltr'><strong>diligit,</strong></span> <span class='ocrx_word' id='word_1_208' title='bbox 1391 2415 1446 2463; x_wconf 92' lang='lat' dir='ltr'><strong>et</strong></span> <span class='ocrx_word' id='word_1_209' title='bbox 1463 2422 1627 2478; x_wconf 81' lang='lat' dir='ltr'><strong>grave</strong></span> <span class='ocrx_word' id='word_1_210' title='bbox 1646 2423 1768 2464; x_wconf 80' lang='lat' dir='ltr'><strong>esse</strong></span> 
     </span>
    </p>
   </div>
   <div class='ocr_carea' id='block_1_23' title="bbox 165 2497 1769 2570">
    <p class='ocr_par' dir='ltr' id='par_1_23' title="bbox 165 2497 1769 2570">
     <span class='ocr_line' id='line_1_23' title="bbox 165 2497 1769 2570; baseline 0.001 -18"><span class='ocrx_word' id='word_1_211' title='bbox 165 2513 264 2552; x_wconf 82' lang='lat' dir='ltr'><strong>non</strong></span> <span class='ocrx_word' id='word_1_212' title='bbox 305 2508 512 2569; x_wconf 83' lang='lat' dir='ltr'><strong>potest.</strong></span> <span class='ocrx_word' id='word_1_213' title='bbox 555 2498 739 2569; x_wconf 81' lang='lat' dir='ltr'><strong>Diligit</strong></span> <span class='ocrx_word' id='word_1_214' title='bbox 777 2505 990 2565; x_wconf 85' lang='lat' dir='ltr'><strong>autem,</strong></span> <span class='ocrx_word' id='word_1_215' title='bbox 1031 2499 1077 2553; x_wconf 89' lang='lat' dir='ltr'><strong>si</strong></span> <span class='ocrx_word' id='word_1_216' title='bbox 1118 2497 1261 2570; x_wconf 89' lang='lat' dir='ltr'><strong>quod</strong></span> <span class='ocrx_word' id='word_1_217' title='bbox 1304 2499 1414 2555; x_wconf 89' lang='lat' dir='ltr'><strong>illic</strong></span> <span class='ocrx_word' id='word_1_218' title='bbox 1448 2498 1769 2554; x_wconf 84' lang='lat' dir='ltr'><strong>admonetur</strong></span> 
     </span>
    </p>
   </div>
   <div class='ocr_carea' id='block_1_24' title="bbox 165 2587 1765 2660">
    <p class='ocr_par' dir='ltr' id='par_1_24' title="bbox 165 2587 1765 2660">
     <span class='ocr_line' id='line_1_24' title="bbox 165 2587 1765 2660; baseline 0 -14"><span class='ocrx_word' id='word_1_219' title='bbox 165 2587 318 2646; x_wconf 79' lang='lat' dir='ltr'><strong>Israel</strong></span> <span class='ocrx_word' id='word_1_220' title='bbox 335 2633 355 2660; x_wconf 93' lang='lat'><strong>,</strong></span> <span class='ocrx_word' id='word_1_221' title='bbox 383 2606 686 2647; x_wconf 78' lang='lat' dir='ltr'><strong>conversus</strong></span> <span class='ocrx_word' id='word_1_222' title='bbox 713 2589 877 2647; x_wconf 78' lang='lat' dir='ltr'><strong>fuerit</strong></span> <span class='ocrx_word' id='word_1_223' title='bbox 907 2589 976 2645; x_wconf 91' lang='lat' dir='ltr'><strong>ad</strong></span> <span class='ocrx_word' id='word_1_224' title='bbox 1003 2591 1284 2647; x_wconf 87' lang='lat' dir='ltr'><strong>Dominum</strong></span> <span class='ocrx_word' id='word_1_225' title='bbox 1325 2590 1494 2647; x_wconf 88' lang='lat' dir='ltr'><strong>Deum</strong></span> <span class='ocrx_word' id='word_1_226' title='bbox 1519 2606 1672 2646; x_wconf 85' lang='lat' dir='ltr'><strong>suum</strong></span> <span class='ocrx_word' id='word_1_227' title='bbox 1699 2606 1765 2646; x_wconf 81' lang='lat' dir='ltr'><strong>ex</strong></span> 
     </span>
    </p>
   </div>
   <div class='ocr_carea' id='block_1_25' title="bbox 1140 373 2500 444">
    <p class='ocr_par' dir='ltr' id='par_1_25' title="bbox 1140 373 2500 444">
     <span class='ocr_line' id='line_1_25' title="bbox 1140 373 2500 444; baseline -0.005 -7"><span class='ocrx_word' id='word_1_228' title='bbox 1140 378 1511 438; x_wconf 77' lang='lat' dir='ltr'><strong>ADMONH‘IO</strong></span> <span class='ocrx_word' id='word_1_229' title='bbox 1551 377 1613 434; x_wconf 83' lang='lat' dir='ltr'><strong>IN</strong></span> <span class='ocrx_word' id='word_1_230' title='bbox 1652 373 1908 433; x_wconf 72' lang='lat' dir='ltr'><strong>LIBRUM</strong></span> <span class='ocrx_word' id='word_1_231' title='bbox 1945 373 2500 444; x_wconf 69' lang='lat' dir='ltr'><strong>SUBSEQUENTEM.</strong></span> 
     </span>
    </p>
   </div>
   <div class='ocr_carea' id='block_1_26' title="bbox 3353 381 3464 441">
    <p class='ocr_par' dir='ltr' id='par_1_26' title="bbox 3353 381 3464 441">
     <span class='ocr_line' id='line_1_26' title="bbox 3353 381 3464 441; baseline 0.036 -4"><span class='ocrx_word' id='word_1_232' title='bbox 3353 381 3464 441; x_wconf 71' lang='lat'><strong>230</strong></span> 
     </span>
    </p>
   </div>
   <div class='ocr_carea' id='block_1_27' title="bbox 1881 491 3459 566">
    <p class='ocr_par' dir='ltr' id='par_1_27' title="bbox 1881 491 3459 566">
     <span class='ocr_line' id='line_1_27' title="bbox 1881 491 3459 566; baseline 0.003 -23"><span class='ocrx_word' id='word_1_233' title='bbox 1881 499 1989 543; x_wconf 84' lang='lat' dir='ltr'><strong>toto</strong></span> <span class='ocrx_word' id='word_1_234' title='bbox 2005 491 2165 544; x_wconf 68' lang='lat' dir='ltr'><strong>Corde</strong></span> <span class='ocrx_word' id='word_1_235' title='bbox 2181 505 2298 555; x_wconf 87' lang='lat' dir='ltr'><strong>suo,</strong></span> <span class='ocrx_word' id='word_1_236' title='bbox 2313 499 2366 544; x_wconf 87' lang='lat' dir='ltr'><strong>et</strong></span> <span class='ocrx_word' id='word_1_237' title='bbox 2391 508 2455 545; x_wconf 80' lang='lat' dir='ltr'><strong>ex</strong></span> <span class='ocrx_word' id='word_1_238' title='bbox 2476 501 2580 546; x_wconf 87' lang='lat' dir='ltr'><strong>tota</strong></span> <span class='ocrx_word' id='word_1_239' title='bbox 2597 491 2769 546; x_wconf 90' lang='lat' dir='ltr'><strong>anima</strong></span> <span class='ocrx_word' id='word_1_240' title='bbox 2789 509 2902 548; x_wconf 89' lang='lat' dir='ltr'><strong>sua.</strong></span> <span class='ocrx_word' id='word_1_241' title='bbox 2922 493 3242 559; x_wconf 69' lang='lat' dir='ltr'><strong>Mandatum,</strong></span> <span class='ocrx_word' id='word_1_242' title='bbox 3263 497 3459 566; x_wconf 78' lang='lat' dir='ltr'><strong>inquit,</strong></span> 
     </span>
    </p>
   </div>
   <div class='ocr_carea' id='block_1_28' title="bbox 1878 584 3463 661">
    <p class='ocr_par' dir='ltr' id='par_1_28' title="bbox 1878 584 3463 661">
     <span class='ocr_line' id='line_1_28' title="bbox 1878 584 3463 661; baseline 0.005 -25"><span class='ocrx_word' id='word_1_243' title='bbox 1878 600 2059 637; x_wconf 87' lang='lat' dir='ltr'><strong>novum</strong></span> <span class='ocrx_word' id='word_1_244' title='bbox 2080 585 2145 637; x_wconf 90' lang='lat' dir='ltr'><strong>do</strong></span> <span class='ocrx_word' id='word_1_245' title='bbox 2165 584 2320 649; x_wconf 87' lang='lat' dir='ltr'><strong>vobis,</strong></span> <span class='ocrx_word' id='word_1_246' title='bbox 2345 595 2400 638; x_wconf 85' lang='lat' dir='ltr'><strong>ut</strong></span> <span class='ocrx_word' id='word_1_247' title='bbox 2417 601 2502 639; x_wconf 88' lang='lat' dir='ltr'><strong>vos</strong></span> <span class='ocrx_word' id='word_1_248' title='bbox 2522 586 2729 640; x_wconf 78' lang='lat' dir='ltr'><strong>invicem</strong></span> <span class='ocrx_word' id='word_1_249' title='bbox 2751 589 2973 659; x_wconf 79' lang='lat' dir='ltr'><strong>diligatis</strong></span> <span class='ocrx_word' id='word_1_250' title='bbox 2999 587 3174 661; x_wconf 81' lang='lat' dir='ltr'><strong>(Joan.</strong></span> <span class='ocrx_word' id='word_1_251' title='bbox 3202 606 3312 655; x_wconf 80' lang='lat' dir='ltr'><strong>xm,</strong></span> <span class='ocrx_word' id='word_1_252' title='bbox 3338 588 3463 659; x_wconf 64' lang='lat'><strong>34):</strong></span> 
     </span>
    </p>
   </div>
   <div class='ocr_carea' id='block_1_29' title="bbox 1877 675 3464 750">
    <p class='ocr_par' dir='ltr' id='par_1_29' title="bbox 1877 675 3464 750">
     <span class='ocr_line' id='line_1_29' title="bbox 1877 675 3464 750; baseline 0.003 -20"><span class='ocrx_word' id='word_1_253' title='bbox 1877 684 1949 740; x_wconf 92' lang='lat' dir='ltr'><strong>et,</strong></span> <span class='ocrx_word' id='word_1_254' title='bbox 1975 675 2072 742; x_wconf 84' lang='lat' dir='ltr'><strong>Qui</strong></span> <span class='ocrx_word' id='word_1_255' title='bbox 2091 675 2256 746; x_wconf 87' lang='lat' dir='ltr'><strong>diligit</strong></span> <span class='ocrx_word' id='word_1_256' title='bbox 2279 678 2582 744; x_wconf 69' lang='lat' dir='ltr'><strong>proximum,</strong></span> <span class='ocrx_word' id='word_1_257' title='bbox 2608 679 2765 750; x_wconf 88' lang='lat' dir='ltr'><strong>legem</strong></span> <span class='ocrx_word' id='word_1_258' title='bbox 2794 681 3014 750; x_wconf 83' lang='lat' dir='ltr'><strong>implevit</strong></span> <span class='ocrx_word' id='word_1_259' title='bbox 3042 697 3062 735; x_wconf 92' lang='lat'><strong><em>:</em></strong></span> <span class='ocrx_word' id='word_1_260' title='bbox 3090 690 3162 744; x_wconf 87' lang='lat' dir='ltr'><strong>et,</strong></span> <span class='ocrx_word' id='word_1_261' title='bbox 3187 679 3464 736; x_wconf 75' lang='lat' dir='ltr'><strong>Plenitudo</strong></span> 
     </span>
    </p>
   </div>
   <div class='ocr_carea' id='block_1_30' title="bbox 1876 764 3461 840">
    <p class='ocr_par' dir='ltr' id='par_1_30' title="bbox 1876 764 3461 840">
     <span class='ocr_line' id='line_1_30' title="bbox 1876 764 3461 840; baseline 0.008 -22"><span class='ocrx_word' id='word_1_262' title='bbox 1876 764 2020 835; x_wconf 84' lang='lat' dir='ltr'><strong>legis,</strong></span> <span class='ocrx_word' id='word_1_263' title='bbox 2062 765 2282 819; x_wconf 89' lang='lat' dir='ltr'><strong>charitas</strong></span> <span class='ocrx_word' id='word_1_264' title='bbox 2314 765 2488 838; x_wconf 83' lang='lat' dir='ltr'><strong>(Rom.</strong></span> <span class='ocrx_word' id='word_1_265' title='bbox 2522 783 2635 834; x_wconf 77' lang='lat' dir='ltr'><strong>xm,</strong></span> <span class='ocrx_word' id='word_1_266' title='bbox 2661 769 2694 824; x_wconf 92' lang='lat'><strong>8</strong></span> <span class='ocrx_word' id='word_1_267' title='bbox 2723 779 2770 823; x_wconf 86' lang='lat' dir='ltr'><strong>et</strong></span> <span class='ocrx_word' id='word_1_268' title='bbox 2803 769 2915 840; x_wconf 79' lang='grc'><strong>10).</strong></span> <span class='ocrx_word' id='word_1_269' title='bbox 2949 771 3251 826; x_wconf 85' lang='lat' dir='ltr'><strong>Secundum</strong></span> <span class='ocrx_word' id='word_1_270' title='bbox 3281 771 3383 826; x_wconf 85' lang='lat' dir='ltr'><strong>hoc</strong></span> <span class='ocrx_word' id='word_1_271' title='bbox 3411 777 3461 831; x_wconf 74' lang='lat' dir='ltr'><strong>et</strong></span> 
     </span>
    </p>
   </div>
   <div class='ocr_carea' id='block_1_31' title="bbox 1877 856 3458 931">
    <p class='ocr_par' dir='ltr' id='par_1_31' title="bbox 1877 856 3458 931">
     <span class='ocr_line' id='line_1_31' title="bbox 1877 856 3458 931; baseline 0.004 -21"><span class='ocrx_word' id='word_1_272' title='bbox 1877 856 2002 910; x_wconf 89' lang='lat' dir='ltr'><strong>illud</strong></span> <span class='ocrx_word' id='word_1_273' title='bbox 2031 857 2227 911; x_wconf 90' lang='lat' dir='ltr'><strong>dictum</strong></span> <span class='ocrx_word' id='word_1_274' title='bbox 2259 869 2359 924; x_wconf 87' lang='lat' dir='ltr'><strong>est,</strong></span> <span class='ocrx_word' id='word_1_275' title='bbox 2384 857 2446 913; x_wconf 89' lang='lat' dir='ltr'><strong>Si</strong></span> <span class='ocrx_word' id='word_1_276' title='bbox 2473 859 2787 915; x_wconf 83' lang='lat' dir='ltr'><strong>ambularent</strong></span> <span class='ocrx_word' id='word_1_277' title='bbox 2809 864 3011 917; x_wconf 78' lang='lat' dir='ltr'><strong>semitas</strong></span> <span class='ocrx_word' id='word_1_278' title='bbox 3035 863 3212 931; x_wconf 88' lang='lat' dir='ltr'><strong>bonas,</strong></span> <span class='ocrx_word' id='word_1_279' title='bbox 3243 863 3458 918; x_wconf 49' lang='lat' dir='ltr'><strong>invenis:</strong></span> 
     </span>
    </p>
   </div>
   <div class='ocr_carea' id='block_1_32' title="bbox 1873 948 3450 1026">
    <p class='ocr_par' dir='ltr' id='par_1_32' title="bbox 1873 948 3450 1026">
     <span class='ocr_line' id='line_1_32' title="bbox 1873 948 3450 1026; baseline 0.006 -25"><span class='ocrx_word' id='word_1_280' title='bbox 1873 957 1982 1001; x_wconf 88' lang='lat' dir='ltr'><strong>sent</strong></span> <span class='ocrx_word' id='word_1_281' title='bbox 2003 948 2172 1015; x_wconf 85' lang='lat' dir='ltr'><strong>utique</strong></span> <span class='ocrx_word' id='word_1_282' title='bbox 2195 949 2398 1002; x_wconf 86' lang='lat' dir='ltr'><strong>semitas</strong></span> <span class='ocrx_word' id='word_1_283' title='bbox 2403 951 2621 1020; x_wconf 77' lang='lat' dir='ltr'><strong>justitia:</strong></span> <span class='ocrx_word' id='word_1_284' title='bbox 2640 952 2768 1006; x_wconf 87' lang='lat' dir='ltr'><strong>leves</strong></span> <span class='ocrx_word' id='word_1_285' title='bbox 2784 952 2963 1024; x_wconf 86' lang='lat' dir='ltr'><strong>(Prov.</strong></span> <span class='ocrx_word' id='word_1_286' title='bbox 2985 971 3041 1018; x_wconf 90' lang='lat' dir='ltr'><strong>Il,</strong></span> <span class='ocrx_word' id='word_1_287' title='bbox 3055 955 3146 1020; x_wconf 69' lang='lat'><strong>20,</strong></span> <span class='ocrx_word' id='word_1_288' title='bbox 3165 955 3450 1026; x_wconf 80' lang='lat' dir='ltr'><strong>sec.LXX).</strong></span> 
     </span>
    </p>
   </div>
   <div class='ocr_carea' id='block_1_33' title="bbox 1873 1037 3462 1114">
    <p class='ocr_par' dir='ltr' id='par_1_33' title="bbox 1873 1037 3462 1114">
     <span class='ocr_line' id='line_1_33' title="bbox 1873 1037 3462 1114; baseline 0.006 -24"><span class='ocrx_word' id='word_1_289' title='bbox 1873 1037 2151 1106; x_wconf 79' lang='lat' dir='ltr'><strong>Quomodo</strong></span> <span class='ocrx_word' id='word_1_290' title='bbox 2172 1053 2301 1110; x_wconf 79' lang='lat' dir='ltr'><strong>ergo</strong></span> <span class='ocrx_word' id='word_1_291' title='bbox 2325 1039 2536 1106; x_wconf 91' lang='lat' dir='ltr'><strong>dicitur,</strong></span> <span class='ocrx_word' id='word_1_292' title='bbox 2566 1041 2788 1114; x_wconf 83' lang='lat' dir='ltr'><strong>Pmpter</strong></span> <span class='ocrx_word' id='word_1_293' title='bbox 2810 1044 2959 1099; x_wconf 85' lang='lat' dir='ltr'><strong>verba</strong></span> <span class='ocrx_word' id='word_1_294' title='bbox 2992 1045 3237 1099; x_wconf 86' lang='lat' dir='ltr'><strong>labiorum</strong></span> <span class='ocrx_word' id='word_1_295' title='bbox 3261 1056 3462 1100; x_wconf 85' lang='lat' dir='ltr'><strong>tuorum</strong></span> 
     </span>
    </p>
   </div>
   <div class='ocr_carea' id='block_1_34' title="bbox 1875 1129 3465 1206">
    <p class='ocr_par' dir='ltr' id='par_1_34' title="bbox 1875 1129 3465 1206">
     <span class='ocr_line' id='line_1_34' title="bbox 1875 1129 3465 1206; baseline 0.006 -25"><span class='ocrx_word' id='word_1_296' title='bbox 1875 1145 1966 1199; x_wconf 84' lang='lat' dir='ltr'><strong>ego</strong></span> <span class='ocrx_word' id='word_1_297' title='bbox 1986 1129 2232 1183; x_wconf 83' lang='lat' dir='ltr'><strong>custodivt&#39;</strong></span> <span class='ocrx_word' id='word_1_298' title='bbox 2254 1131 2359 1184; x_wconf 83' lang='lat' dir='ltr'><strong>vias</strong></span> <span class='ocrx_word' id='word_1_299' title='bbox 2376 1131 2531 1186; x_wconf 85' lang='lat' dir='ltr'><strong>duras</strong></span> <span class='ocrx_word' id='word_1_300' title='bbox 2556 1131 2726 1206; x_wconf 85' lang='lat' dir='ltr'><strong>(Psal.</strong></span> <span class='ocrx_word' id='word_1_301' title='bbox 2751 1149 2859 1196; x_wconf 79' lang='lat' dir='ltr'><strong>xvi,</strong></span> <span class='ocrx_word' id='word_1_302' title='bbox 2877 1132 2964 1204; x_wconf 67' lang='lat'><strong>4);</strong></span> <span class='ocrx_word' id='word_1_303' title='bbox 2991 1135 3088 1189; x_wconf 92' lang='lat' dir='ltr'><strong>nisi</strong></span> <span class='ocrx_word' id='word_1_304' title='bbox 3115 1136 3236 1206; x_wconf 88' lang='lat' dir='ltr'><strong>quia</strong></span> <span class='ocrx_word' id='word_1_305' title='bbox 3260 1145 3465 1190; x_wconf 82' lang='lat' dir='ltr'><strong>utrum-</strong></span> 
     </span>
    </p>
   </div>
   <div class='ocr_carea' id='block_1_35' title="bbox 1874 1219 3461 1294">
    <p class='ocr_par' dir='ltr' id='par_1_35' title="bbox 1874 1219 3461 1294">
     <span class='ocr_line' id='line_1_35' title="bbox 1874 1219 3461 1294; baseline 0.003 -19"><span class='ocrx_word' id='word_1_306' title='bbox 1874 1238 1978 1294; x_wconf 92' lang='lat' dir='ltr'><strong>que</strong></span> <span class='ocrx_word' id='word_1_307' title='bbox 2003 1239 2184 1278; x_wconf 89' lang='lat' dir='ltr'><strong>verum</strong></span> <span class='ocrx_word' id='word_1_308' title='bbox 2211 1225 2331 1279; x_wconf 73' lang='lat' dir='ltr'><strong>est?</strong></span> <span class='ocrx_word' id='word_1_309' title='bbox 2361 1225 2514 1280; x_wconf 68' lang='lat' dir='ltr'><strong>Durae</strong></span> <span class='ocrx_word' id='word_1_310' title='bbox 2534 1237 2658 1280; x_wconf 90' lang='lat' dir='ltr'><strong>sunt</strong></span> <span class='ocrx_word' id='word_1_311' title='bbox 2689 1227 2885 1289; x_wconf 86' lang='lat' dir='ltr'><strong>timori.</strong></span> <span class='ocrx_word' id='word_1_312' title='bbox 2917 1228 3060 1282; x_wconf 84' lang='lat' dir='ltr'><strong>leves</strong></span> <span class='ocrx_word' id='word_1_313' title='bbox 3086 1228 3278 1282; x_wconf 90' lang='lat' dir='ltr'><strong>amori.</strong></span> <span class='ocrx_word' id='word_1_314' title='bbox 3457 1219 3461 1222; x_wconf 65' lang='grc'><strong>’</strong></span> 
     </span>
    </p>
   </div>
   <div class='ocr_carea' id='block_1_36' title="bbox 1943 1312 3463 1389">
    <p class='ocr_par' dir='ltr' id='par_1_36' title="bbox 1943 1312 3463 1389">
     <span class='ocr_line' id='line_1_36' title="bbox 1943 1312 3463 1389; baseline 0.003 -22"><span class='ocrx_word' id='word_1_315' title='bbox 1943 1312 2170 1370; x_wconf 72' lang='lat' dir='ltr'><strong>CAPUT</strong></span> <span class='ocrx_word' id='word_1_316' title='bbox 2198 1315 2364 1370; x_wconf 79' lang='lat' dir='ltr'><strong>LXX.</strong></span> <span class='ocrx_word' id='word_1_317' title='bbox 2392 1347 2463 1356; x_wconf 92' lang='lat'><em>—</em></span> <span class='ocrx_word' id='word_1_318' title='bbox 2489 1317 2578 1372; x_wconf 76' lang='grc'><strong>84.</strong></span> <span class='ocrx_word' id='word_1_319' title='bbox 2623 1316 2896 1372; x_wconf 85' lang='lat' dir='ltr'><strong>Charitatis</strong></span> <span class='ocrx_word' id='word_1_320' title='bbox 2937 1319 3130 1389; x_wconf 86' lang='lat' dir='ltr'><strong>gradus</strong></span> <span class='ocrx_word' id='word_1_321' title='bbox 3177 1318 3371 1389; x_wconf 77' lang='lat' dir='ltr'><strong>faciunt</strong></span> <span class='ocrx_word' id='word_1_322' title='bbox 3413 1327 3463 1372; x_wconf 76' lang='lat' dir='ltr'><strong>et</strong></span> 
     </span>
    </p>
   </div>
   <div class='ocr_carea' id='block_1_37' title="bbox 1865 1404 3467 1480">
    <p class='ocr_par' dir='ltr' id='par_1_37' title="bbox 1865 1404 3467 1480">
     <span class='ocr_line' id='line_1_37' title="bbox 1865 1404 3467 1480; baseline 0.006 -24"><span class='ocrx_word' id='word_1_323' title='bbox 1865 1404 2082 1474; x_wconf 73' lang='lat' dir='ltr'><strong>justitite</strong></span> <span class='ocrx_word' id='word_1_324' title='bbox 2104 1407 2312 1475; x_wconf 83' lang='lat' dir='ltr'><strong>gradus.</strong></span> <span class='ocrx_word' id='word_1_325' title='bbox 2339 1405 2583 1462; x_wconf 79' lang='lat' dir='ltr'><strong>Charitas</strong></span> <span class='ocrx_word' id='word_1_326' title='bbox 2601 1424 2727 1478; x_wconf 85' lang='lat' dir='ltr'><strong>ergo</strong></span> <span class='ocrx_word' id='word_1_327' title='bbox 2750 1409 3017 1473; x_wconf 88' lang='lat' dir='ltr'><strong>inchoata,</strong></span> <span class='ocrx_word' id='word_1_328' title='bbox 3044 1409 3285 1464; x_wconf 88' lang='lat' dir='ltr'><strong>inchoata</strong></span> <span class='ocrx_word' id='word_1_329' title='bbox 3306 1409 3467 1480; x_wconf 86' lang='lat' dir='ltr'><strong>justi-</strong></span> 
     </span>
    </p>
   </div>
   <div class='ocr_carea' id='block_1_38' title="bbox 1875 1496 3464 1569">
    <p class='ocr_par' dir='ltr' id='par_1_38' title="bbox 1875 1496 3464 1569">
     <span class='ocr_line' id='line_1_38' title="bbox 1875 1496 3464 1569; baseline 0.005 -21"><span class='ocrx_word' id='word_1_330' title='bbox 1875 1496 1944 1548; x_wconf 89' lang='lat' dir='ltr'><strong>tia</strong></span> <span class='ocrx_word' id='word_1_331' title='bbox 1975 1506 2083 1560; x_wconf 90' lang='lat' dir='ltr'><strong>est;</strong></span> <span class='ocrx_word' id='word_1_332' title='bbox 2112 1496 2344 1550; x_wconf 86' lang='lat' dir='ltr'><strong>charitas</strong></span> <span class='ocrx_word' id='word_1_333' title='bbox 2369 1508 2636 1567; x_wconf 85' lang='lat' dir='ltr'><strong>provecta,</strong></span> <span class='ocrx_word' id='word_1_334' title='bbox 2667 1508 2921 1569; x_wconf 83' lang='lat' dir='ltr'><strong>provecta</strong></span> <span class='ocrx_word' id='word_1_335' title='bbox 2947 1499 3148 1568; x_wconf 88' lang='lat' dir='ltr'><strong>justitia</strong></span> <span class='ocrx_word' id='word_1_336' title='bbox 3185 1511 3301 1566; x_wconf 87' lang='lat' dir='ltr'><strong>est;</strong></span> <span class='ocrx_word' id='word_1_337' title='bbox 3329 1501 3464 1557; x_wconf 74' lang='lat' dir='ltr'><strong>cha-</strong></span> 
     </span>
    </p>
   </div>
   <div class='ocr_carea' id='block_1_39' title="bbox 1873 1585 3463 1664">
    <p class='ocr_par' dir='ltr' id='par_1_39' title="bbox 1873 1585 3463 1664">
     <span class='ocr_line' id='line_1_39' title="bbox 1873 1585 3463 1664; baseline 0.005 -26"><span class='ocrx_word' id='word_1_338' title='bbox 1873 1585 2002 1638; x_wconf 86' lang='lat' dir='ltr'><strong>ritas</strong></span> <span class='ocrx_word' id='word_1_339' title='bbox 2024 1601 2231 1655; x_wconf 88' lang='lat' dir='ltr'><strong>magna,</strong></span> <span class='ocrx_word' id='word_1_340' title='bbox 2264 1603 2450 1657; x_wconf 86' lang='lat' dir='ltr'><strong>magna</strong></span> <span class='ocrx_word' id='word_1_341' title='bbox 2473 1588 2674 1658; x_wconf 84' lang='lat' dir='ltr'><strong>jnstitia</strong></span> <span class='ocrx_word' id='word_1_342' title='bbox 2693 1599 2804 1652; x_wconf 75' lang='lat' dir='ltr'><strong>est;</strong></span> <span class='ocrx_word' id='word_1_343' title='bbox 2829 1589 3049 1644; x_wconf 86' lang='lat' dir='ltr'><strong>charitas</strong></span> <span class='ocrx_word' id='word_1_344' title='bbox 3076 1593 3316 1664; x_wconf 83' lang='lat' dir='ltr'><strong>perfecta,</strong></span> <span class='ocrx_word' id='word_1_345' title='bbox 3343 1609 3463 1662; x_wconf 71' lang='lat' dir='ltr'><strong>pero</strong></span> 
     </span>
    </p>
   </div>
   <div class='ocr_carea' id='block_1_40' title="bbox 1874 1677 3460 1750">
    <p class='ocr_par' dir='ltr' id='par_1_40' title="bbox 1874 1677 3460 1750">
     <span class='ocr_line' id='line_1_40' title="bbox 1874 1677 3460 1750; baseline 0.006 -23"><span class='ocrx_word' id='word_1_346' title='bbox 1874 1677 2004 1746; x_wconf 70' lang='grc' dir='ltr'><strong>[θεία</strong></span> <span class='ocrx_word' id='word_1_347' title='bbox 2024 1677 2225 1746; x_wconf 86' lang='lat' dir='ltr'><strong>justitia</strong></span> <span class='ocrx_word' id='word_1_348' title='bbox 2255 1688 2326 1730; x_wconf 90' lang='lat' dir='ltr'><strong>est</strong></span> <span class='ocrx_word' id='word_1_349' title='bbox 2349 1694 2368 1732; x_wconf 89' lang='lat'><em>:</em></span> <span class='ocrx_word' id='word_1_350' title='bbox 2389 1679 2481 1732; x_wconf 90' lang='lat' dir='ltr'><strong>sed</strong></span> <span class='ocrx_word' id='word_1_351' title='bbox 2505 1679 2736 1732; x_wconf 79' lang='lat' dir='ltr'><strong>Charitas</strong></span> <span class='ocrx_word' id='word_1_352' title='bbox 2762 1680 2826 1734; x_wconf 86' lang='lat' dir='ltr'><strong>de</strong></span> <span class='ocrx_word' id='word_1_353' title='bbox 2850 1680 3014 1735; x_wconf 90' lang='lat' dir='ltr'><strong>corde</strong></span> <span class='ocrx_word' id='word_1_354' title='bbox 3054 1697 3187 1750; x_wconf 90' lang='lat' dir='ltr'><strong>puro</strong></span> <span class='ocrx_word' id='word_1_355' title='bbox 3206 1723 3222 1749; x_wconf 92' lang='lat'><strong>,</strong></span> <span class='ocrx_word' id='word_1_356' title='bbox 3246 1691 3298 1736; x_wconf 87' lang='lat' dir='ltr'><strong>et</strong></span> <span class='ocrx_word' id='word_1_357' title='bbox 3327 1698 3460 1736; x_wconf 84' lang='lat' dir='ltr'><strong>con-</strong></span> 
     </span>
    </p>
   </div>
   <div class='ocr_carea' id='block_1_41' title="bbox 1871 1768 3464 1842">
    <p class='ocr_par' dir='ltr' id='par_1_41' title="bbox 1871 1768 3464 1842">
     <span class='ocr_line' id='line_1_41' title="bbox 1871 1768 3464 1842; baseline 0.006 -21"><span class='ocrx_word' id='word_1_358' title='bbox 1871 1768 2090 1822; x_wconf 90' lang='lat' dir='ltr'><strong>scientia</strong></span> <span class='ocrx_word' id='word_1_359' title='bbox 2124 1768 2257 1822; x_wconf 84' lang='lat' dir='ltr'><strong>bona</strong></span> <span class='ocrx_word' id='word_1_360' title='bbox 2279 1811 2293 1834; x_wconf 97' lang='lat'><strong>,</strong></span> <span class='ocrx_word' id='word_1_361' title='bbox 2325 1779 2379 1824; x_wconf 82' lang='lat' dir='ltr'><strong>et</strong></span> <span class='ocrx_word' id='word_1_362' title='bbox 2409 1769 2511 1824; x_wconf 88' lang='lat' dir='ltr'><strong>lide</strong></span> <span class='ocrx_word' id='word_1_363' title='bbox 2537 1786 2645 1825; x_wconf 91' lang='lat' dir='ltr'><strong>non</strong></span> <span class='ocrx_word' id='word_1_364' title='bbox 2678 1770 2797 1826; x_wconf 82' lang='lat' dir='ltr'><strong>ﬁcta</strong></span> <span class='ocrx_word' id='word_1_365' title='bbox 2819 1787 2833 1836; x_wconf 90' lang='lat'><strong>;</strong></span> <span class='ocrx_word' id='word_1_366' title='bbox 2856 1788 2969 1842; x_wconf 82' lang='lat' dir='ltr'><strong>qute</strong></span> <span class='ocrx_word' id='word_1_367' title='bbox 2996 1782 3114 1826; x_wconf 85' lang='lat' dir='ltr'><strong>tunc</strong></span> <span class='ocrx_word' id='word_1_368' title='bbox 3143 1775 3364 1828; x_wconf 75' lang='lat' dir='ltr'><strong>maxima</strong></span> <span class='ocrx_word' id='word_1_369' title='bbox 3389 1784 3464 1830; x_wconf 85' lang='lat' dir='ltr'><strong>est</strong></span> 
     </span>
    </p>
   </div>
   <div class='ocr_carea' id='block_1_42' title="bbox 1871 1859 3464 1932">
    <p class='ocr_par' dir='ltr' id='par_1_42' title="bbox 1871 1859 3464 1932">
     <span class='ocr_line' id='line_1_42' title="bbox 1871 1859 3464 1932; baseline 0.004 -20"><span class='ocrx_word' id='word_1_370' title='bbox 1871 1859 1926 1913; x_wconf 86' lang='lat' dir='ltr'><strong>in</strong></span> <span class='ocrx_word' id='word_1_371' title='bbox 1951 1860 2045 1912; x_wconf 82' lang='lat' dir='ltr'><strong>hnc</strong></span> <span class='ocrx_word' id='word_1_372' title='bbox 2073 1861 2193 1926; x_wconf 91' lang='lat' dir='ltr'><strong>vita,</strong></span> <span class='ocrx_word' id='word_1_373' title='bbox 2216 1861 2418 1930; x_wconf 80' lang='lat' dir='ltr'><strong>quando</strong></span> <span class='ocrx_word' id='word_1_374' title='bbox 2441 1878 2534 1931; x_wconf 87' lang='lat' dir='ltr'><strong>pro</strong></span> <span class='ocrx_word' id='word_1_375' title='bbox 2566 1862 2657 1916; x_wconf 89' lang='lat' dir='ltr'><strong>illa</strong></span> <span class='ocrx_word' id='word_1_376' title='bbox 2691 1863 2804 1932; x_wconf 85' lang='lat' dir='ltr'><strong>ipsa</strong></span> <span class='ocrx_word' id='word_1_377' title='bbox 2839 1865 3172 1918; x_wconf 85' lang='lat' dir='ltr'><strong>contemnitur</strong></span> <span class='ocrx_word' id='word_1_378' title='bbox 3191 1865 3290 1918; x_wconf 87' lang='lat' dir='ltr'><strong>vita</strong></span> <span class='ocrx_word' id='word_1_379' title='bbox 3318 1880 3338 1919; x_wconf 90' lang='lat'><strong><em>:</em></strong></span> <span class='ocrx_word' id='word_1_380' title='bbox 3366 1865 3464 1919; x_wconf 87' lang='lat' dir='ltr'><strong>sed</strong></span> 
     </span>
    </p>
   </div>
   <div class='ocr_carea' id='block_1_43' title="bbox 1873 1949 3467 2024">
    <p class='ocr_par' dir='ltr' id='par_1_43' title="bbox 1873 1949 3467 2024">
     <span class='ocr_line' id='line_1_43' title="bbox 1873 1949 3467 2024; baseline 0.004 -20"><span class='ocrx_word' id='word_1_381' title='bbox 1873 1949 2037 2005; x_wconf 87' lang='lat' dir='ltr'><strong>miror</strong></span> <span class='ocrx_word' id='word_1_382' title='bbox 2061 1951 2103 2005; x_wconf 80' lang='lat' dir='ltr'><strong>si</strong></span> <span class='ocrx_word' id='word_1_383' title='bbox 2132 1967 2235 2005; x_wconf 93' lang='lat' dir='ltr'><strong>non</strong></span> <span class='ocrx_word' id='word_1_384' title='bbox 2268 1952 2426 2007; x_wconf 84' lang='lat' dir='ltr'><strong>habet</strong></span> <span class='ocrx_word' id='word_1_385' title='bbox 2450 1969 2556 2024; x_wconf 90' lang='lat' dir='ltr'><strong>quo</strong></span> <span class='ocrx_word' id='word_1_386' title='bbox 2591 1961 2830 2020; x_wconf 88' lang='lat' dir='ltr'><strong>crescat,</strong></span> <span class='ocrx_word' id='word_1_387' title='bbox 2859 1969 2979 2009; x_wconf 91' lang='lat' dir='ltr'><strong>cum</strong></span> <span class='ocrx_word' id='word_1_388' title='bbox 3009 1954 3077 2010; x_wconf 90' lang='lat' dir='ltr'><strong>de</strong></span> <span class='ocrx_word' id='word_1_389' title='bbox 3114 1956 3322 2010; x_wconf 83' lang='lat' dir='ltr'><strong>mortali</strong></span> <span class='ocrx_word' id='word_1_390' title='bbox 3365 1971 3467 2010; x_wconf 74' lang='lat' dir='ltr'><strong>ex-</strong></span> 
     </span>
    </p>
   </div>
   <div class='ocr_carea' id='block_1_44' title="bbox 1871 2043 3464 2118">
    <p class='ocr_par' dir='ltr' id='par_1_44' title="bbox 1871 2043 3464 2118">
     <span class='ocr_line' id='line_1_44' title="bbox 1871 2043 3464 2118; baseline 0.003 -21"><span class='ocrx_word' id='word_1_391' title='bbox 1871 2044 2094 2098; x_wconf 85' lang='lat' dir='ltr'><strong>cesserit</strong></span> <span class='ocrx_word' id='word_1_392' title='bbox 2119 2043 2245 2097; x_wconf 90' lang='lat' dir='ltr'><strong>vita.</strong></span> <span class='ocrx_word' id='word_1_393' title='bbox 2278 2043 2615 2117; x_wconf 90' lang='lat' dir='ltr'><strong>Ubicumque</strong></span> <span class='ocrx_word' id='word_1_394' title='bbox 2641 2054 2820 2100; x_wconf 88' lang='lat' dir='ltr'><strong>autem</strong></span> <span class='ocrx_word' id='word_1_395' title='bbox 2843 2054 2896 2100; x_wconf 89' lang='lat' dir='ltr'><strong>et</strong></span> <span class='ocrx_word' id='word_1_396' title='bbox 2920 2045 3364 2118; x_wconf 85' lang='lat' dir='ltr'><strong>quandocumque</strong></span> <span class='ocrx_word' id='word_1_397' title='bbox 3393 2043 3464 2102; x_wconf 79' lang='lat' dir='ltr'><strong>ita</strong></span> 
     </span>
    </p>
   </div>
   <div class='ocr_carea' id='block_1_45' title="bbox 1872 2131 3465 2207">
    <p class='ocr_par' dir='ltr' id='par_1_45' title="bbox 1872 2131 3465 2207">
     <span class='ocr_line' id='line_1_45' title="bbox 1872 2131 3465 2207; baseline 0.005 -22"><span class='ocrx_word' id='word_1_398' title='bbox 1872 2131 2026 2202; x_wconf 91' lang='lat' dir='ltr'><strong>plena</strong></span> <span class='ocrx_word' id='word_1_399' title='bbox 2057 2133 2126 2188; x_wconf 87' lang='lat' dir='ltr'><strong>sit</strong></span> <span class='ocrx_word' id='word_1_400' title='bbox 2147 2138 2183 2198; x_wconf 79' lang='grc'>³,</span> <span class='ocrx_word' id='word_1_401' title='bbox 2215 2143 2272 2189; x_wconf 91' lang='lat' dir='ltr'><strong>ut</strong></span> <span class='ocrx_word' id='word_1_402' title='bbox 2296 2135 2344 2189; x_wconf 91' lang='lat' dir='ltr'><strong>ei</strong></span> <span class='ocrx_word' id='word_1_403' title='bbox 2372 2150 2478 2190; x_wconf 92' lang='lat' dir='ltr'><strong>non</strong></span> <span class='ocrx_word' id='word_1_404' title='bbox 2513 2135 2583 2189; x_wconf 86' lang='lat' dir='ltr'><strong>sit</strong></span> <span class='ocrx_word' id='word_1_405' title='bbox 2625 2136 2767 2207; x_wconf 89' lang='lat' dir='ltr'><strong>quod</strong></span> <span class='ocrx_word' id='word_1_406' title='bbox 2805 2135 3113 2206; x_wconf 80' lang='lat' dir='ltr'><strong>adjiciatur;</strong></span> <span class='ocrx_word' id='word_1_407' title='bbox 3146 2153 3250 2191; x_wconf 92' lang='lat' dir='ltr'><strong>non</strong></span> <span class='ocrx_word' id='word_1_408' title='bbox 3281 2144 3465 2193; x_wconf 83' lang='lat' dir='ltr'><strong>tamen</strong></span> 
     </span>
    </p>
   </div>
   <div class='ocr_carea' id='block_1_46' title="bbox 1870 2223 3458 2296">
    <p class='ocr_par' dir='ltr' id='par_1_46' title="bbox 1870 2223 3458 2296">
     <span class='ocr_line' id='line_1_46' title="bbox 1870 2223 3458 2296; baseline 0.004 -18"><span class='ocrx_word' id='word_1_409' title='bbox 1870 2223 2182 2280; x_wconf 79' lang='lat' dir='ltr'><strong>diﬂ&#39;unditur</strong></span> <span class='ocrx_word' id='word_1_410' title='bbox 2207 2227 2262 2280; x_wconf 92' lang='lat' dir='ltr'><strong>in</strong></span> <span class='ocrx_word' id='word_1_411' title='bbox 2287 2227 2538 2283; x_wconf 87' lang='lat' dir='ltr'><strong>cordibus</strong></span> <span class='ocrx_word' id='word_1_412' title='bbox 2561 2227 2780 2292; x_wconf 87' lang='lat' dir='ltr'><strong>nostris,</strong></span> <span class='ocrx_word' id='word_1_413' title='bbox 2807 2229 2888 2284; x_wconf 87' lang='lat' dir='ltr'><strong>vel</strong></span> <span class='ocrx_word' id='word_1_414' title='bbox 2916 2239 3138 2296; x_wconf 75' lang='lat' dir='ltr'><strong>naturte,</strong></span> <span class='ocrx_word' id='word_1_415' title='bbox 3164 2228 3246 2284; x_wconf 89' lang='lat' dir='ltr'><strong>vel</strong></span> <span class='ocrx_word' id='word_1_416' title='bbox 3271 2229 3458 2284; x_wconf 79' lang='lat' dir='ltr'><strong>volun-</strong></span> 
     </span>
    </p>
   </div>
   <div class='ocr_carea' id='block_1_47' title="bbox 1872 2316 3458 2391">
    <p class='ocr_par' dir='ltr' id='par_1_47' title="bbox 1872 2316 3458 2391">
     <span class='ocr_line' id='line_1_47' title="bbox 1872 2316 3458 2391; baseline 0.004 -22"><span class='ocrx_word' id='word_1_417' title='bbox 1872 2316 1995 2370; x_wconf 88' lang='lat' dir='ltr'><strong>tatis</strong></span> <span class='ocrx_word' id='word_1_418' title='bbox 2033 2317 2222 2386; x_wconf 90' lang='lat' dir='ltr'><strong>opibus</strong></span> <span class='ocrx_word' id='word_1_419' title='bbox 2245 2319 2266 2349; x_wconf 86' lang='grc'>¹</span> <span class='ocrx_word' id='word_1_420' title='bbox 2309 2334 2429 2388; x_wconf 71' lang='lat' dir='ltr'><strong>qua:</strong></span> <span class='ocrx_word' id='word_1_421' title='bbox 2473 2328 2597 2373; x_wconf 84' lang='lat' dir='ltr'><strong>sunt</strong></span> <span class='ocrx_word' id='word_1_422' title='bbox 2635 2318 2686 2372; x_wconf 93' lang='lat' dir='ltr'><strong>in</strong></span> <span class='ocrx_word' id='word_1_423' title='bbox 2731 2319 2914 2386; x_wconf 88' lang='lat' dir='ltr'><strong>nobis,</strong></span> <span class='ocrx_word' id='word_1_424' title='bbox 2955 2319 3051 2375; x_wconf 90' lang='lat' dir='ltr'><strong>sed</strong></span> <span class='ocrx_word' id='word_1_425' title='bbox 3079 2335 3174 2391; x_wconf 89' lang='lat' dir='ltr'><strong>per</strong></span> <span class='ocrx_word' id='word_1_426' title='bbox 3198 2319 3458 2390; x_wconf 88' lang='lat' dir='ltr'><strong>Spiritum</strong></span> 
     </span>
    </p>
   </div>
   <div class='ocr_carea' id='block_1_48' title="bbox 1869 2407 3464 2480">
    <p class='ocr_par' dir='ltr' id='par_1_48' title="bbox 1869 2407 3464 2480">
     <span class='ocr_line' id='line_1_48' title="bbox 1869 2407 3464 2480; baseline 0.004 -20"><span class='ocrx_word' id='word_1_427' title='bbox 1869 2415 2112 2462; x_wconf 83' lang='lat' dir='ltr'><strong>sanctum</strong></span> <span class='ocrx_word' id='word_1_428' title='bbox 2132 2407 2224 2478; x_wconf 91' lang='lat' dir='ltr'><strong>qui</strong></span> <span class='ocrx_word' id='word_1_429' title='bbox 2247 2407 2403 2463; x_wconf 90' lang='lat' dir='ltr'><strong>datus</strong></span> <span class='ocrx_word' id='word_1_430' title='bbox 2423 2417 2506 2464; x_wconf 89' lang='lat' dir='ltr'><strong>est</strong></span> <span class='ocrx_word' id='word_1_431' title='bbox 2530 2409 2685 2464; x_wconf 85' lang='lat' dir='ltr'><strong>nobis</strong></span> <span class='ocrx_word' id='word_1_432' title='bbox 2701 2451 2716 2477; x_wconf 92' lang='lat'><strong>,</strong></span> <span class='ocrx_word' id='word_1_433' title='bbox 2737 2413 2826 2480; x_wconf 89' lang='lat' dir='ltr'><strong>qui</strong></span> <span class='ocrx_word' id='word_1_434' title='bbox 2853 2419 2908 2466; x_wconf 90' lang='lat' dir='ltr'><strong>et</strong></span> <span class='ocrx_word' id='word_1_435' title='bbox 2939 2410 3233 2465; x_wconf 77' lang='lat' dir='ltr'><strong>infirmitati</strong></span> <span class='ocrx_word' id='word_1_436' title='bbox 3263 2421 3464 2466; x_wconf 59' lang='lat' dir='ltr'><strong>nostra:</strong></span> 
     </span>
    </p>
   </div>
   <div class='ocr_carea' id='block_1_49' title="bbox 1869 2499 3460 2571">
    <p class='ocr_par' dir='ltr' id='par_1_49' title="bbox 1869 2499 3460 2571">
     <span class='ocr_line' id='line_1_49' title="bbox 1869 2499 3460 2571; baseline 0.003 -19"><span class='ocrx_word' id='word_1_437' title='bbox 1869 2499 2177 2566; x_wconf 89' lang='lat' dir='ltr'><strong>opitulatur,</strong></span> <span class='ocrx_word' id='word_1_438' title='bbox 2207 2509 2261 2554; x_wconf 89' lang='lat' dir='ltr'><strong>ct</strong></span> <span class='ocrx_word' id='word_1_439' title='bbox 2285 2501 2496 2554; x_wconf 88' lang='lat' dir='ltr'><strong>sanitati</strong></span> <span class='ocrx_word' id='word_1_440' title='bbox 2526 2510 2862 2569; x_wconf 77' lang='lat' dir='ltr'><strong>cooperator.</strong></span> <span class='ocrx_word' id='word_1_441' title='bbox 2886 2500 2998 2570; x_wconf 90' lang='lat' dir='ltr'><strong>Ipsa</strong></span> <span class='ocrx_word' id='word_1_442' title='bbox 3023 2510 3106 2556; x_wconf 89' lang='lat' dir='ltr'><strong>est</strong></span> <span class='ocrx_word' id='word_1_443' title='bbox 3126 2502 3267 2556; x_wconf 89' lang='lat' dir='ltr'><strong>enim</strong></span> <span class='ocrx_word' id='word_1_444' title='bbox 3288 2503 3460 2571; x_wconf 83' lang='lat' dir='ltr'><strong>gratia</strong></span> 
     </span>
    </p>
   </div>
   <div class='ocr_carea' id='block_1_50' title="bbox 1871 2589 3460 2659">
    <p class='ocr_par' dir='ltr' id='par_1_50' title="bbox 1871 2589 3460 2659">
     <span class='ocr_line' id='line_1_50' title="bbox 1871 2589 3460 2659; baseline 0.003 -15"><span class='ocrx_word' id='word_1_445' title='bbox 1871 2589 1965 2644; x_wconf 86' lang='lat' dir='ltr'><strong>Dei</strong></span> <span class='ocrx_word' id='word_1_446' title='bbox 1998 2605 2090 2659; x_wconf 88' lang='lat' dir='ltr'><strong>per</strong></span> <span class='ocrx_word' id='word_1_447' title='bbox 2125 2589 2304 2645; x_wconf 82' lang='lat' dir='ltr'><strong>Jesum</strong></span> <span class='ocrx_word' id='word_1_448' title='bbox 2331 2590 2600 2646; x_wconf 89' lang='lat' dir='ltr'><strong>Christum</strong></span> <span class='ocrx_word' id='word_1_449' title='bbox 2632 2592 2911 2646; x_wconf 88' lang='lat' dir='ltr'><strong>Dominum</strong></span> <span class='ocrx_word' id='word_1_450' title='bbox 2944 2601 3218 2658; x_wconf 90' lang='lat' dir='ltr'><strong>nostrum,</strong></span> <span class='ocrx_word' id='word_1_451' title='bbox 3260 2593 3345 2647; x_wconf 91' lang='lat' dir='ltr'><strong>cui</strong></span> <span class='ocrx_word' id='word_1_452' title='bbox 3375 2603 3460 2648; x_wconf 85' lang='lat' dir='ltr'><strong>est</strong></span> 
     </span>
    </p>
   </div>
   <div class='ocr_carea' id='block_1_51' title="bbox 1868 2679 3552 2749">
    <p class='ocr_par' dir='ltr' id='par_1_51' title="bbox 1868 2679 3552 2749">
     <span class='ocr_line' id='line_1_51' title="bbox 1868 2679 3552 2749; baseline 0.003 -16"><span class='ocrx_word' id='word_1_453' title='bbox 1868 2693 1989 2733; x_wconf 88' lang='lat' dir='ltr'><strong>cum</strong></span> <span class='ocrx_word' id='word_1_454' title='bbox 2020 2679 2174 2734; x_wconf 82' lang='lat' dir='ltr'><strong>Patre</strong></span> <span class='ocrx_word' id='word_1_455' title='bbox 2199 2689 2252 2734; x_wconf 87' lang='lat' dir='ltr'><strong>et</strong></span> <span class='ocrx_word' id='word_1_456' title='bbox 2271 2679 2470 2748; x_wconf 84' lang='lat' dir='ltr'><strong>Spiritu</strong></span> <span class='ocrx_word' id='word_1_457' title='bbox 2492 2689 2680 2736; x_wconf 86' lang='lat' dir='ltr'><strong>sancto</strong></span> <span class='ocrx_word' id='word_1_458' title='bbox 2698 2681 2986 2747; x_wconf 78' lang='lat' dir='ltr'><strong>:cternitas,</strong></span> <span class='ocrx_word' id='word_1_459' title='bbox 3021 2681 3254 2749; x_wconf 88' lang='lat' dir='ltr'><strong>bonitas,</strong></span> <span class='ocrx_word' id='word_1_460' title='bbox 3276 2681 3326 2736; x_wconf 87' lang='lat' dir='ltr'><strong>in</strong></span> <span class='ocrx_word' id='word_1_461' title='bbox 3354 2698 3462 2738; x_wconf 59' lang='lat' dir='ltr'><strong>sas-</strong></span> <span class='ocrx_word' id='word_1_462' title='bbox 3549 2741 3552 2746; x_wconf 96' lang='lat'><em>_</em></span> 
     </span>
    </p>
   </div>
   <div class='ocr_carea' id='block_1_52' title="bbox 1869 2772 2580 2828">
    <p class='ocr_par' dir='ltr' id='par_1_52' title="bbox 1869 2772 2580 2828">
     <span class='ocr_line' id='line_1_52' title="bbox 1869 2772 2580 2828; baseline -0.001 0"><span class='ocrx_word' id='word_1_463' title='bbox 1869 2773 1988 2828; x_wconf 88' lang='lat' dir='ltr'><strong>cula</strong></span> <span class='ocrx_word' id='word_1_464' title='bbox 2019 2772 2357 2827; x_wconf 64' lang='lat' dir='ltr'><strong>surculorum.</strong></span> <span class='ocrx_word' id='word_1_465' title='bbox 2386 2775 2580 2828; x_wconf 75' lang='lat' dir='ltr'><strong>Amen.</strong></span> 
     </span>
    </p>
   </div>
   <div class='ocr_carea' id='block_1_53' title="bbox 1934 2884 2532 2950">
    <p class='ocr_par' dir='ltr' id='par_1_53' title="bbox 1934 2884 2532 2950">
     <span class='ocr_line' id='line_1_53' title="bbox 1934 2884 2532 2950; baseline 0.003 -16"><span class='ocrx_word' id='word_1_466' title='bbox 1934 2887 1952 2920; x_wconf 75' lang='grc' dir='ltr'>ί</span> <span class='ocrx_word' id='word_1_467' title='bbox 1991 2886 2119 2949; x_wconf 81' lang='lat' dir='ltr'><strong>Apud</strong></span> <span class='ocrx_word' id='word_1_468' title='bbox 2141 2893 2273 2945; x_wconf 73' lang='grc' dir='ltr'><strong>ιον..</strong></span> <span class='ocrx_word' id='word_1_469' title='bbox 2295 2884 2438 2950; x_wconf 84' lang='lat' dir='ltr'><strong>plena</strong></span> <span class='ocrx_word' id='word_1_470' title='bbox 2459 2885 2532 2950; x_wconf 76' lang='lat' dir='ltr'><strong>ﬁt,</strong></span> 
     </span>
    </p>
   </div>
   <div class='ocr_carea' id='block_1_54' title="bbox 1933 2947 3428 3013">
    <p class='ocr_par' dir='ltr' id='par_1_54' title="bbox 1933 2947 3428 3013">
     <span class='ocr_line' id='line_1_54' title="bbox 1933 2947 3428 3013; baseline 0.003 -16"><span class='ocrx_word' id='word_1_471' title='bbox 1933 2950 1956 2981; x_wconf 78' lang='grc'><em>³</em></span> <span class='ocrx_word' id='word_1_472' title='bbox 1988 2947 2089 2997; x_wconf 75' lang='lat' dir='ltr'><strong>Ain.</strong></span> <span class='ocrx_word' id='word_1_473' title='bbox 2115 2955 2188 2998; x_wconf 83' lang='lat' dir='ltr'><strong>Er.</strong></span> <span class='ocrx_word' id='word_1_474' title='bbox 2215 2957 2267 2999; x_wconf 90' lang='lat' dir='ltr'><strong>et</strong></span> <span class='ocrx_word' id='word_1_475' title='bbox 2287 2947 2506 3013; x_wconf 79' lang='lat' dir='ltr'><strong>quinque</strong></span> <span class='ocrx_word' id='word_1_476' title='bbox 2531 2956 2658 3011; x_wconf 60' lang='lat' dir='ltr'><strong>Mss,</strong></span> <span class='ocrx_word' id='word_1_477' title='bbox 2685 2947 2924 3013; x_wconf 81' lang='lat' dir='ltr'><strong>operibus.</strong></span> <span class='ocrx_word' id='word_1_478' title='bbox 2948 2949 3067 3000; x_wconf 83' lang='lat' dir='ltr'><strong>vtde</strong></span> <span class='ocrx_word' id='word_1_479' title='bbox 3086 2962 3248 3013; x_wconf 82' lang='lat' dir='ltr'><strong>supra,</strong></span> <span class='ocrx_word' id='word_1_480' title='bbox 3273 2963 3323 2999; x_wconf 80' lang='grc' dir='ltr'><strong>ιι.</strong></span> <span class='ocrx_word' id='word_1_481' title='bbox 3346 2949 3428 3001; x_wconf 66' lang='lat'><strong>99.</strong></span> 
     </span>
    </p>
   </div>
   <div class='ocr_carea' id='block_1_55' title="bbox 230 2761 1010 2822">
    <p class='ocr_par' dir='ltr' id='par_1_55' title="bbox 230 2761 1010 2822">
     <span class='ocr_line' id='line_1_55' title="bbox 230 2761 1010 2822; baseline 0.003 -12"><span class='ocrx_word' id='word_1_482' title='bbox 230 2762 248 2822; x_wconf 62' lang='grc' dir='ltr'>ξ</span> <span class='ocrx_word' id='word_1_483' title='bbox 288 2769 422 2810; x_wconf 76' lang='lat' dir='ltr'><strong>Unus</strong></span> <span class='ocrx_word' id='word_1_484' title='bbox 444 2775 475 2810; x_wconf 92' lang='lat' dir='ltr'><strong>e</strong></span> <span class='ocrx_word' id='word_1_485' title='bbox 497 2763 728 2812; x_wconf 67' lang='lat' dir='ltr'><strong>Vaticanis</strong></span> <span class='ocrx_word' id='word_1_486' title='bbox 749 2769 879 2822; x_wconf 61' lang='lat' dir='ltr'><strong>Mss,</strong></span> <span class='ocrx_word' id='word_1_487' title='bbox 904 2761 1010 2812; x_wconf 89' lang='lat' dir='ltr'><strong>hoc.</strong></span> 
     </span>
    </p>
   </div>
   <div class='ocr_carea' id='block_1_56' title="bbox 223 2821 1768 2892">
    <p class='ocr_par' dir='ltr' id='par_1_56' title="bbox 223 2821 1768 2892">
     <span class='ocr_line' id='line_1_56' title="bbox 223 2821 1768 2892; baseline 0.002 -21"><span class='ocrx_word' id='word_1_488' title='bbox 223 2821 305 2892; x_wconf 65' lang='grc' dir='ltr'><strong>[α]</strong></span> <span class='ocrx_word' id='word_1_489' title='bbox 323 2823 459 2892; x_wconf 51' lang='grc' dir='ltr'><strong>(διαὶ</strong></span> <span class='ocrx_word' id='word_1_490' title='bbox 479 2822 555 2892; x_wconf 73' lang='lat' dir='ltr'><strong>hic</strong></span> <span class='ocrx_word' id='word_1_491' title='bbox 576 2823 659 2892; x_wconf 69' lang='lat' dir='ltr'><strong>vel</strong></span> <span class='ocrx_word' id='word_1_492' title='bbox 684 2821 872 2892; x_wconf 78' lang='lat' dir='ltr'><strong>Pelagii</strong></span> <span class='ocrx_word' id='word_1_493' title='bbox 889 2837 1038 2892; x_wconf 83' lang='lat' dir='ltr'><strong>quem</strong></span> <span class='ocrx_word' id='word_1_494' title='bbox 1050 2822 1261 2883; x_wconf 75' lang='lat' dir='ltr'><strong>refellit,</strong></span> <span class='ocrx_word' id='word_1_495' title='bbox 1281 2823 1362 2892; x_wconf 76' lang='lat' dir='ltr'><strong>vel</strong></span> <span class='ocrx_word' id='word_1_496' title='bbox 1379 2832 1518 2892; x_wconf 72' lang='lat' dir='ltr'><strong>certe</strong></span> <span class='ocrx_word' id='word_1_497' title='bbox 1535 2832 1768 2892; x_wconf 76' lang='lat' dir='ltr'><strong>Demere-</strong></span> 
     </span>
    </p>
   </div>
   <div class='ocr_carea' id='block_1_57' title="bbox 161 2882 1768 2952">
    <p class='ocr_par' dir='ltr' id='par_1_57' title="bbox 161 2882 1768 2952">
     <span class='ocr_line' id='line_1_57' title="bbox 161 2882 1768 2952; baseline 0.004 -21"><span class='ocrx_word' id='word_1_498' title='bbox 161 2882 306 2952; x_wconf 59' lang='grc' dir='ltr'><strong>ηυίὶ</strong></span> <span class='ocrx_word' id='word_1_499' title='bbox 328 2882 722 2952; x_wconf 55' lang='lat' dir='ltr'><strong>lita-Imrindicat,</strong></span> <span class='ocrx_word' id='word_1_500' title='bbox 737 2882 829 2952; x_wconf 31' lang='lat' dir='ltr'><strong>qui;</strong></span> <span class='ocrx_word' id='word_1_501' title='bbox 845 2882 1112 2952; x_wconf 82' lang='lat' dir='ltr'><strong>secundum</strong></span> <span class='ocrx_word' id='word_1_502' title='bbox 1130 2893 1237 2934; x_wconf 74' lang='lat' dir='ltr'><strong>Lxx</strong></span> <span class='ocrx_word' id='word_1_503' title='bbox 1249 2882 1399 2946; x_wconf 58' lang='lat' dir='ltr'><strong>aditu,</strong></span> <span class='ocrx_word' id='word_1_504' title='bbox 1411 2893 1457 2936; x_wconf 88' lang='lat' dir='ltr'><strong>et</strong></span> <span class='ocrx_word' id='word_1_505' title='bbox 1477 2885 1529 2936; x_wconf 82' lang='lat' dir='ltr'><strong>in</strong></span> <span class='ocrx_word' id='word_1_506' title='bbox 1551 2885 1768 2952; x_wconf 65' lang='lat' dir='ltr'><strong>nantibus</strong></span> 
     </span>
    </p>
   </div>
   <div class='ocr_carea' id='block_1_58' title="bbox 157 2946 1655 3011">
    <p class='ocr_par' dir='ltr' id='par_1_58' title="bbox 157 2946 1655 3011">
     <span class='ocr_line' id='line_1_58' title="bbox 157 2946 1655 3011; baseline 0.001 -17"><span class='ocrx_word' id='word_1_507' title='bbox 292 2949 469 2995; x_wconf 72' lang='lat' dir='ltr'><strong>Confer</strong></span> <span class='ocrx_word' id='word_1_508' title='bbox 492 2946 577 2996; x_wconf 88' lang='lat' dir='ltr'><strong>lib.</strong></span> <span class='ocrx_word' id='word_1_509' title='bbox 596 2948 633 2996; x_wconf 87' lang='grc'>5</span> <span class='ocrx_word' id='word_1_510' title='bbox 653 2946 984 3007; x_wconf 60' lang='grc' dir='ltr'><strong>ριιώειὶοιιωη</strong></span> <span class='ocrx_word' id='word_1_511' title='bbox 999 2948 1048 2997; x_wconf 83' lang='lat' dir='ltr'><strong>in</strong></span> <span class='ocrx_word' id='word_1_512' title='bbox 1070 2954 1354 3008; x_wconf 82' lang='lat' dir='ltr'><strong>Deuteron.,</strong></span> <span class='ocrx_word' id='word_1_513' title='bbox 1378 2955 1555 3011; x_wconf 60' lang='lat' dir='ltr'><strong>quast.</strong></span> <span class='ocrx_word' id='word_1_514' title='bbox 1575 2948 1655 2999; x_wconf 66' lang='lat' dir='ltr'><strong>5i.</strong></span> 
     </span>
    </p>
   </div>
   <div class='ocr_carea' id='block_1_59' title="bbox 1293 3139 2350 3254">
    <p class='ocr_par' dir='ltr' id='par_1_59' title="bbox 1293 3139 2350 3254">
     <span class='ocr_line' id='line_1_59' title="bbox 1293 3139 2350 3254; baseline -0.001 0"><span class='ocrx_word' id='word_1_515' title='bbox 1293 3139 2350 3254; x_wconf 72' lang='lat' dir='ltr'><strong>ADMONITIO</strong></span> 
     </span>
    </p>
   </div>
   <div class='ocr_carea' id='block_1_60' title="bbox 1003 3324 2638 3414">
    <p class='ocr_par' dir='ltr' id='par_1_60' title="bbox 1003 3324 2638 3414">
     <span class='ocr_line' id='line_1_60' title="bbox 1003 3324 2638 3414; baseline -0.001 -14"><span class='ocrx_word' id='word_1_516' title='bbox 1003 3328 1121 3402; x_wconf 82' lang='lat' dir='ltr'><strong>IN</strong></span> <span class='ocrx_word' id='word_1_517' title='bbox 1179 3329 1636 3401; x_wconf 81' lang='lat' dir='ltr'><strong>LIBRUM</strong></span> <span class='ocrx_word' id='word_1_518' title='bbox 1697 3324 2638 3414; x_wconf 80' lang='lat' dir='ltr'><strong>SUBSEQUENTEM.</strong></span> 
     </span>
    </p>
   </div>
   <div class='ocr_carea' id='block_1_61' title="bbox 1606 3462 2030 3518">
    <p class='ocr_par' dir='ltr' id='par_1_61' title="bbox 1606 3462 2030 3518">
     <span class='ocr_line' id='line_1_61' title="bbox 1606 3462 2030 3518; baseline 0.005 -4"><span class='ocrx_word' id='word_1_519' title='bbox 1606 3462 2030 3518; x_wconf 59' lang='grc' dir='ltr'><strong>-οὒζὶἶὶοοοωεὲο-</strong></span> 
     </span>
    </p>
   </div>
   <div class='ocr_carea' id='block_1_62' title="bbox 225 3564 3462 3642">
    <p class='ocr_par' dir='ltr' id='par_1_62' title="bbox 225 3564 3462 3642">
     <span class='ocr_line' id='line_1_62' title="bbox 225 3564 3462 3642; baseline 0 -17"><span class='ocrx_word' id='word_1_520' title='bbox 225 3569 350 3625; x_wconf 69' lang='lat' dir='ltr'><strong>Hoc</strong></span> <span class='ocrx_word' id='word_1_521' title='bbox 371 3568 695 3642; x_wconf 79' lang='lat' dir='ltr'><strong>opusculum</strong></span> <span class='ocrx_word' id='word_1_522' title='bbox 724 3569 1050 3641; x_wconf 79' lang='lat' dir='ltr'><strong>Augustinus</strong></span> <span class='ocrx_word' id='word_1_523' title='bbox 1079 3569 1133 3624; x_wconf 89' lang='lat' dir='ltr'><strong>in</strong></span> <span class='ocrx_word' id='word_1_524' title='bbox 1157 3569 1408 3624; x_wconf 91' lang='lat' dir='ltr'><strong>librorum</strong></span> <span class='ocrx_word' id='word_1_525' title='bbox 1439 3582 1655 3623; x_wconf 90' lang='lat' dir='ltr'><strong>suorum</strong></span> <span class='ocrx_word' id='word_1_526' title='bbox 1688 3565 2066 3620; x_wconf 87' lang='lat' dir='ltr'><strong>retractatione</strong></span> <span class='ocrx_word' id='word_1_527' title='bbox 2087 3565 2302 3622; x_wconf 89' lang='lat' dir='ltr'><strong>silentio</strong></span> <span class='ocrx_word' id='word_1_528' title='bbox 2328 3564 2601 3636; x_wconf 71' lang='lat' dir='ltr'><strong>prmtcriit,</strong></span> <span class='ocrx_word' id='word_1_529' title='bbox 2623 3579 2690 3622; x_wconf 89' lang='lat' dir='ltr'><strong>eo</strong></span> <span class='ocrx_word' id='word_1_530' title='bbox 2733 3564 2983 3622; x_wconf 89' lang='lat' dir='ltr'><strong>nimirum</strong></span> <span class='ocrx_word' id='word_1_531' title='bbox 3007 3564 3150 3637; x_wconf 91' lang='lat' dir='ltr'><strong>quod</strong></span> <span class='ocrx_word' id='word_1_532' title='bbox 3173 3566 3462 3638; x_wconf 86' lang='lat' dir='ltr'><strong>pertineret</strong></span> 
     </span>
    </p>
   </div>
   <div class='ocr_carea' id='block_1_63' title="bbox 165 3656 3462 3732">
    <p class='ocr_par' dir='ltr' id='par_1_63' title="bbox 165 3656 3462 3732">
     <span class='ocr_line' id='line_1_63' title="bbox 165 3656 3462 3732; baseline 0 -18"><span class='ocrx_word' id='word_1_533' title='bbox 165 3661 226 3714; x_wconf 81' lang='lat' dir='ltr'><strong>ad</strong></span> <span class='ocrx_word' id='word_1_534' title='bbox 249 3661 458 3716; x_wconf 84' lang='lat' dir='ltr'><strong>seriem</strong></span> <span class='ocrx_word' id='word_1_535' title='bbox 504 3660 886 3732; x_wconf 83' lang='lat' dir='ltr'><strong>Epistolarum,</strong></span> <span class='ocrx_word' id='word_1_536' title='bbox 918 3661 987 3716; x_wconf 87' lang='lat' dir='ltr'><strong>de</strong></span> <span class='ocrx_word' id='word_1_537' title='bbox 1013 3661 1207 3732; x_wconf 84' lang='lat' dir='ltr'><strong>quibus</strong></span> <span class='ocrx_word' id='word_1_538' title='bbox 1231 3659 1457 3715; x_wconf 89' lang='lat' dir='ltr'><strong>seorsim</strong></span> <span class='ocrx_word' id='word_1_539' title='bbox 1505 3657 1855 3714; x_wconf 83' lang='lat' dir='ltr'><strong>retractandis</strong></span> <span class='ocrx_word' id='word_1_540' title='bbox 1882 3657 2168 3728; x_wconf 78' lang='lat' dir='ltr'><strong>cogitabat.</strong></span> <span class='ocrx_word' id='word_1_541' title='bbox 2191 3656 2324 3713; x_wconf 81' lang='lat' dir='ltr'><strong>Nam</strong></span> <span class='ocrx_word' id='word_1_542' title='bbox 2352 3657 2629 3712; x_wconf 83' lang='lat' dir='ltr'><strong>exordium</strong></span> <span class='ocrx_word' id='word_1_543' title='bbox 2667 3657 2785 3728; x_wconf 87' lang='lat' dir='ltr'><strong>ejus</strong></span> <span class='ocrx_word' id='word_1_544' title='bbox 2827 3657 2878 3713; x_wconf 91' lang='lat' dir='ltr'><strong>in</strong></span> <span class='ocrx_word' id='word_1_545' title='bbox 2909 3659 3158 3714; x_wconf 89' lang='lat' dir='ltr'><strong>omnibus</strong></span> <span class='ocrx_word' id='word_1_546' title='bbox 3181 3658 3462 3717; x_wconf 86' lang='lat' dir='ltr'><strong>codicibus</strong></span> 
     </span>
    </p>
   </div>
   <div class='ocr_carea' id='block_1_64' title="bbox 167 3733 3461 3823">
    <p class='ocr_par' dir='ltr' id='par_1_64' title="bbox 167 3733 3461 3823">
     <span class='ocr_line' id='line_1_64' title="bbox 167 3733 3461 3823; baseline 0.001 -17"><span class='ocrx_word' id='word_1_547' title='bbox 167 3751 385 3806; x_wconf 79' lang='lat' dir='ltr'><strong>ducitur</strong></span> <span class='ocrx_word' id='word_1_548' title='bbox 411 3752 479 3806; x_wconf 76' lang='lat' dir='ltr'><strong>ab</strong></span> <span class='ocrx_word' id='word_1_549' title='bbox 523 3753 625 3807; x_wconf 80' lang='lat' dir='ltr'><strong>ista</strong></span> <span class='ocrx_word' id='word_1_550' title='bbox 648 3752 1291 3823; x_wconf 87' lang='lat' dir='ltr'><strong>epistolari-salutatione,</strong></span> <span class='ocrx_word' id='word_1_551' title='bbox 1321 3751 1526 3806; x_wconf 86' lang='lat' dir='ltr'><strong>Sanctis</strong></span> <span class='ocrx_word' id='word_1_552' title='bbox 1577 3749 1818 3819; x_wconf 80' lang='lat' dir='ltr'><strong>fratribus</strong></span> <span class='ocrx_word' id='word_1_553' title='bbox 1845 3758 1892 3803; x_wconf 88' lang='lat' dir='ltr'><strong>et</strong></span> <span class='ocrx_word' id='word_1_554' title='bbox 1921 3749 2228 3819; x_wconf 82' lang='lat' dir='ltr'><strong>coepiscopis</strong></span> <span class='ocrx_word' id='word_1_555' title='bbox 2268 3748 2515 3819; x_wconf 83' lang='lat' dir='ltr'><strong>Eutropio</strong></span> <span class='ocrx_word' id='word_1_556' title='bbox 2556 3759 2603 3804; x_wconf 83' lang='lat' dir='ltr'><strong>et</strong></span> <span class='ocrx_word' id='word_1_557' title='bbox 2648 3733 2846 3815; x_wconf 81' lang='lat' dir='ltr'><strong>Paulo,</strong></span> <span class='ocrx_word' id='word_1_558' title='bbox 2873 3749 3181 3821; x_wconf 78' lang='lat' dir='ltr'><strong>Augustinus</strong></span> <span class='ocrx_word' id='word_1_559' title='bbox 3202 3766 3222 3806; x_wconf 91' lang='lat'><strong><em>:</em></strong></span> <span class='ocrx_word' id='word_1_560' title='bbox 3252 3751 3461 3808; x_wconf 88' lang='lat' dir='ltr'><strong>tametsi</strong></span> 
     </span>
    </p>
   </div>
   <div class='ocr_carea' id='block_1_65' title="bbox 161 3841 3461 3916">
    <p class='ocr_par' dir='ltr' id='par_1_65' title="bbox 161 3841 3461 3916">
     <span class='ocr_line' id='line_1_65' title="bbox 161 3841 3461 3916; baseline 0 -16"><span class='ocrx_word' id='word_1_561' title='bbox 161 3861 280 3900; x_wconf 81' lang='lat' dir='ltr'><strong>eum</strong></span> <span class='ocrx_word' id='word_1_562' title='bbox 310 3845 441 3900; x_wconf 66' lang='lat' dir='ltr'><strong>haec</strong></span> <span class='ocrx_word' id='word_1_563' title='bbox 462 3845 688 3916; x_wconf 87' lang='lat' dir='ltr'><strong>epistola</strong></span> <span class='ocrx_word' id='word_1_564' title='bbox 712 3846 886 3901; x_wconf 90' lang='lat' dir='ltr'><strong>locum</strong></span> <span class='ocrx_word' id='word_1_565' title='bbox 915 3844 1055 3914; x_wconf 89' lang='lat' dir='ltr'><strong>apud</strong></span> <span class='ocrx_word' id='word_1_566' title='bbox 1098 3859 1285 3900; x_wconf 90' lang='lat' dir='ltr'><strong>omnes</strong></span> <span class='ocrx_word' id='word_1_567' title='bbox 1323 3843 1574 3909; x_wconf 89' lang='lat' dir='ltr'><strong>obtinuit,</strong></span> <span class='ocrx_word' id='word_1_568' title='bbox 1603 3851 1659 3896; x_wconf 92' lang='lat' dir='ltr'><strong>ut</strong></span> <span class='ocrx_word' id='word_1_569' title='bbox 1689 3843 1822 3898; x_wconf 88' lang='lat' dir='ltr'><strong>liber</strong></span> <span class='ocrx_word' id='word_1_570' title='bbox 1867 3857 2100 3912; x_wconf 90' lang='lat' dir='ltr'><strong>semper,</strong></span> <span class='ocrx_word' id='word_1_571' title='bbox 2132 3856 2240 3896; x_wconf 91' lang='lat' dir='ltr'><strong>non</strong></span> <span class='ocrx_word' id='word_1_572' title='bbox 2283 3841 2442 3896; x_wconf 89' lang='lat' dir='ltr'><strong>modo</strong></span> <span class='ocrx_word' id='word_1_573' title='bbox 2469 3841 2521 3896; x_wconf 93' lang='lat' dir='ltr'><strong>in</strong></span> <span class='ocrx_word' id='word_1_574' title='bbox 2570 3841 2634 3896; x_wconf 90' lang='lat' dir='ltr'><strong>iis</strong></span> <span class='ocrx_word' id='word_1_575' title='bbox 2659 3841 3017 3898; x_wconf 88' lang='lat' dir='ltr'><strong>voluminibus</strong></span> <span class='ocrx_word' id='word_1_576' title='bbox 3039 3859 3158 3914; x_wconf 77' lang='lat' dir='ltr'><strong>qua:</strong></span> <span class='ocrx_word' id='word_1_577' title='bbox 3184 3845 3461 3916; x_wconf 80' lang='lat' dir='ltr'><strong>exemplar</strong></span> 
     </span>
    </p>
   </div>
   <div class='ocr_carea' id='block_1_66' title="bbox 165 3923 3463 4007">
    <p class='ocr_par' dir='ltr' id='par_1_66' title="bbox 165 3923 3463 4007">
     <span class='ocr_line' id='line_1_66' title="bbox 165 3923 3463 4007; baseline -0 -12"><span class='ocrx_word' id='word_1_578' title='bbox 165 3941 308 3996; x_wconf 84' lang='lat' dir='ltr'><strong>illius</strong></span> <span class='ocrx_word' id='word_1_579' title='bbox 338 3941 646 4003; x_wconf 89' lang='lat' dir='ltr'><strong>continent,</strong></span> <span class='ocrx_word' id='word_1_580' title='bbox 679 3938 772 3994; x_wconf 90' lang='lat' dir='ltr'><strong>sed</strong></span> <span class='ocrx_word' id='word_1_581' title='bbox 791 3939 842 3992; x_wconf 92' lang='lat' dir='ltr'><strong>in</strong></span> <span class='ocrx_word' id='word_1_582' title='bbox 873 3945 1108 3994; x_wconf 81' lang='lat' dir='ltr'><strong>veterum</strong></span> <span class='ocrx_word' id='word_1_583' title='bbox 1140 3937 1300 3993; x_wconf 90' lang='lat' dir='ltr'><strong>etiam</strong></span> <span class='ocrx_word' id='word_1_584' title='bbox 1328 3936 1416 4006; x_wconf 90' lang='lat' dir='ltr'><strong>qui</strong></span> <span class='ocrx_word' id='word_1_585' title='bbox 1448 3935 1592 3991; x_wconf 89' lang='lat' dir='ltr'><strong>illam</strong></span> <span class='ocrx_word' id='word_1_586' title='bbox 1621 3934 1786 3990; x_wconf 90' lang='lat' dir='ltr'><strong>citant</strong></span> <span class='ocrx_word' id='word_1_587' title='bbox 1812 3934 2046 4004; x_wconf 86' lang='lat' dir='ltr'><strong>scriptis,</strong></span> <span class='ocrx_word' id='word_1_588' title='bbox 2073 3933 2389 4004; x_wconf 88' lang='lat' dir='ltr'><strong>appelletur.</strong></span> <span class='ocrx_word' id='word_1_589' title='bbox 2443 3933 2586 3989; x_wconf 88' lang='lat' dir='ltr'><strong>Inter</strong></span> <span class='ocrx_word' id='word_1_590' title='bbox 2636 3933 2734 3987; x_wconf 89' lang='lat' dir='ltr'><strong>hos</strong></span> <span class='ocrx_word' id='word_1_591' title='bbox 2776 3923 3088 3990; x_wconf 85' lang='lat' dir='ltr'><strong>illustriores</strong></span> <span class='ocrx_word' id='word_1_592' title='bbox 3113 3937 3384 4007; x_wconf 76' lang='lat' dir='ltr'><strong>magisque</strong></span> <span class='ocrx_word' id='word_1_593' title='bbox 3406 3937 3463 3994; x_wconf 89' lang='lat' dir='ltr'><strong>in</strong></span> 
     </span>
    </p>
   </div>
   <div class='ocr_carea' id='block_1_67' title="bbox 162 4022 3465 4101">
    <p class='ocr_par' dir='ltr' id='par_1_67' title="bbox 162 4022 3465 4101">
     <span class='ocr_line' id='line_1_67' title="bbox 162 4022 3465 4101; baseline -0.001 -14"><span class='ocrx_word' id='word_1_594' title='bbox 162 4032 460 4101; x_wconf 76' lang='lat' dir='ltr'><strong>Augustini</strong></span> <span class='ocrx_word' id='word_1_595' title='bbox 506 4032 742 4086; x_wconf 79' lang='lat' dir='ltr'><strong>lectione</strong></span> <span class='ocrx_word' id='word_1_596' title='bbox 771 4030 989 4095; x_wconf 89' lang='lat' dir='ltr'><strong>versati,</strong></span> <span class='ocrx_word' id='word_1_597' title='bbox 1039 4028 1310 4084; x_wconf 83' lang='lat' dir='ltr'><strong>Possidius</strong></span> <span class='ocrx_word' id='word_1_598' title='bbox 1356 4028 1408 4081; x_wconf 93' lang='lat' dir='ltr'><strong>in</strong></span> <span class='ocrx_word' id='word_1_599' title='bbox 1439 4025 1698 4091; x_wconf 88' lang='lat' dir='ltr'><strong>lndiculo,</strong></span> <span class='ocrx_word' id='word_1_600' title='bbox 1731 4041 1851 4098; x_wconf 90' lang='lat' dir='ltr'><strong>cap.</strong></span> <span class='ocrx_word' id='word_1_601' title='bbox 1882 4026 1936 4090; x_wconf 72' lang='grc'><strong>4,</strong></span> <span class='ocrx_word' id='word_1_602' title='bbox 1961 4032 2015 4080; x_wconf 91' lang='lat' dir='ltr'><strong>et</strong></span> <span class='ocrx_word' id='word_1_603' title='bbox 2043 4023 2349 4094; x_wconf 85' lang='lat' dir='ltr'><strong>Fulgentius</strong></span> <span class='ocrx_word' id='word_1_604' title='bbox 2372 4022 2424 4077; x_wconf 94' lang='lat' dir='ltr'><strong>in</strong></span> <span class='ocrx_word' id='word_1_605' title='bbox 2447 4023 2628 4079; x_wconf 67' lang='lat' dir='ltr'><strong>libro!</strong></span> <span class='ocrx_word' id='word_1_606' title='bbox 2680 4023 2746 4078; x_wconf 87' lang='lat' dir='ltr'><strong>ad</strong></span> <span class='ocrx_word' id='word_1_607' title='bbox 2777 4023 3084 4092; x_wconf 82' lang='lat' dir='ltr'><strong>Monimum,</strong></span> <span class='ocrx_word' id='word_1_608' title='bbox 3107 4040 3225 4095; x_wconf 89' lang='lat' dir='ltr'><strong>cap.</strong></span> <span class='ocrx_word' id='word_1_609' title='bbox 3264 4027 3321 4092; x_wconf 73' lang='lat'><strong>5,</strong></span> <span class='ocrx_word' id='word_1_610' title='bbox 3359 4027 3465 4083; x_wconf 87' lang='lat' dir='ltr'><strong>hoc</strong></span> 
     </span>
    </p>
   </div>
   <div class='ocr_carea' id='block_1_68' title="bbox 161 4114 3459 4194">
    <p class='ocr_par' dir='ltr' id='par_1_68' title="bbox 161 4114 3459 4194">
     <span class='ocr_line' id='line_1_68' title="bbox 161 4114 3459 4194; baseline -0.001 -18"><span class='ocrx_word' id='word_1_611' title='bbox 161 4139 296 4193; x_wconf 81' lang='lat' dir='ltr'><strong>opus</strong></span> <span class='ocrx_word' id='word_1_612' title='bbox 315 4132 522 4177; x_wconf 72' lang='lat' dir='ltr'><strong>vocant</strong></span> <span class='ocrx_word' id='word_1_613' title='bbox 551 4123 757 4176; x_wconf 88' lang='lat' dir='ltr'><strong>Librum</strong></span> <span class='ocrx_word' id='word_1_614' title='bbox 783 4122 846 4175; x_wconf 89' lang='lat' dir='ltr'><strong>de</strong></span> <span class='ocrx_word' id='word_1_615' title='bbox 867 4120 1181 4194; x_wconf 78' lang='lat' dir='ltr'><strong>Perfectione</strong></span> <span class='ocrx_word' id='word_1_616' title='bbox 1201 4118 1417 4190; x_wconf 77' lang='lat' dir='ltr'><strong>justitia.’</strong></span> <span class='ocrx_word' id='word_1_617' title='bbox 1435 4117 1671 4170; x_wconf 86' lang='lat' dir='ltr'><strong>hominis.</strong></span> <span class='ocrx_word' id='word_1_618' title='bbox 1699 4116 2052 4172; x_wconf 89' lang='lat' dir='ltr'><strong>Consentiunt</strong></span> <span class='ocrx_word' id='word_1_619' title='bbox 2079 4115 2254 4170; x_wconf 90' lang='lat' dir='ltr'><strong>omnia</strong></span> <span class='ocrx_word' id='word_1_620' title='bbox 2279 4114 2388 4169; x_wconf 83' lang='lat' dir='ltr'><strong>fere</strong></span> <span class='ocrx_word' id='word_1_621' title='bbox 2417 4114 2738 4184; x_wconf 79' lang='lat' dir='ltr'><strong>exemplaria</strong></span> <span class='ocrx_word' id='word_1_622' title='bbox 2764 4115 2970 4169; x_wconf 84' lang='lat' dir='ltr'><strong>calamo</strong></span> <span class='ocrx_word' id='word_1_623' title='bbox 2999 4115 3193 4185; x_wconf 82' lang='lat' dir='ltr'><strong>scripta</strong></span> <span class='ocrx_word' id='word_1_624' title='bbox 3227 4134 3241 4170; x_wconf 90' lang='lat'><strong>:</strong></span> <span class='ocrx_word' id='word_1_625' title='bbox 3268 4117 3360 4172; x_wconf 87' lang='lat' dir='ltr'><strong>sed</strong></span> <span class='ocrx_word' id='word_1_626' title='bbox 3389 4133 3459 4172; x_wconf 75' lang='lat' dir='ltr'><strong>ex</strong></span> 
     </span>
    </p>
   </div>
   <div class='ocr_carea' id='block_1_69' title="bbox 161 4205 3464 4282">
    <p class='ocr_par' dir='ltr' id='par_1_69' title="bbox 161 4205 3464 4282">
     <span class='ocr_line' id='line_1_69' title="bbox 161 4205 3464 4282; baseline -0.002 -12"><span class='ocrx_word' id='word_1_627' title='bbox 161 4216 222 4270; x_wconf 81' lang='lat' dir='ltr'><strong>iis</strong></span> <span class='ocrx_word' id='word_1_628' title='bbox 242 4217 636 4279; x_wconf 67' lang='lat' dir='ltr'><strong>Audoenense,</strong></span> <span class='ocrx_word' id='word_1_629' title='bbox 667 4214 1080 4279; x_wconf 83' lang='lat' dir='ltr'><strong>Pratellense,et</strong></span> <span class='ocrx_word' id='word_1_630' title='bbox 1101 4211 1342 4282; x_wconf 81' lang='lat' dir='ltr'><strong>qu;r.dam</strong></span> <span class='ocrx_word' id='word_1_631' title='bbox 1365 4209 1465 4264; x_wconf 87' lang='lat' dir='ltr'><strong>alia</strong></span> <span class='ocrx_word' id='word_1_632' title='bbox 1496 4209 1670 4264; x_wconf 89' lang='lat' dir='ltr'><strong>eidem</strong></span> <span class='ocrx_word' id='word_1_633' title='bbox 1699 4209 1854 4264; x_wconf 84' lang='lat' dir='ltr'><strong>titulo</strong></span> <span class='ocrx_word' id='word_1_634' title='bbox 1878 4207 2079 4262; x_wconf 88' lang='lat' dir='ltr'><strong>addunt</strong></span> <span class='ocrx_word' id='word_1_635' title='bbox 2109 4207 2224 4262; x_wconf 59' lang='lat' dir='ltr'><strong>haec</strong></span> <span class='ocrx_word' id='word_1_636' title='bbox 2253 4206 2434 4273; x_wconf 86' lang='lat' dir='ltr'><strong>verba,</strong></span> <span class='ocrx_word' id='word_1_637' title='bbox 2457 4205 2710 4262; x_wconf 78' lang='lat' dir='ltr'><strong>Adversus</strong></span> <span class='ocrx_word' id='word_1_638' title='bbox 2735 4224 2819 4262; x_wconf 88' lang='lat' dir='ltr'><strong>eos</strong></span> <span class='ocrx_word' id='word_1_639' title='bbox 2852 4209 2939 4278; x_wconf 87' lang='lat' dir='ltr'><strong>qui</strong></span> <span class='ocrx_word' id='word_1_640' title='bbox 2964 4219 3190 4262; x_wconf 86' lang='lat' dir='ltr'><strong>asserunt</strong></span> <span class='ocrx_word' id='word_1_641' title='bbox 3212 4210 3464 4264; x_wconf 86' lang='lat' dir='ltr'><strong>hominem</strong></span> 
     </span>
    </p>
   </div>
   <div class='ocr_carea' id='block_1_70' title="bbox 161 4299 3465 4381">
    <p class='ocr_par' dir='ltr' id='par_1_70' title="bbox 161 4299 3465 4381">
     <span class='ocr_line' id='line_1_70' title="bbox 161 4299 3465 4381; baseline -0.001 -21"><span class='ocrx_word' id='word_1_642' title='bbox 161 4328 309 4380; x_wconf 71' lang='lat' dir='ltr'><strong>posse</strong></span> <span class='ocrx_word' id='word_1_643' title='bbox 337 4311 460 4380; x_wconf 80' lang='lat' dir='ltr'><strong>ﬁeri</strong></span> <span class='ocrx_word' id='word_1_644' title='bbox 479 4312 678 4381; x_wconf 84' lang='lat' dir='ltr'><strong>justum</strong></span> <span class='ocrx_word' id='word_1_645' title='bbox 703 4309 824 4363; x_wconf 89' lang='lat' dir='ltr'><strong>solis</strong></span> <span class='ocrx_word' id='word_1_646' title='bbox 855 4308 960 4363; x_wconf 90' lang='lat' dir='ltr'><strong>suis</strong></span> <span class='ocrx_word' id='word_1_647' title='bbox 996 4307 1198 4361; x_wconf 79' lang='lat' dir='ltr'><strong>viribus.</strong></span> <span class='ocrx_word' id='word_1_648' title='bbox 1228 4303 1280 4358; x_wconf 91' lang='lat' dir='ltr'><strong>ln</strong></span> <span class='ocrx_word' id='word_1_649' title='bbox 1307 4303 1587 4358; x_wconf 79' lang='lat' dir='ltr'><strong>Remensis</strong></span> <span class='ocrx_word' id='word_1_650' title='bbox 1607 4303 1860 4358; x_wconf 76' lang='lat' dir='ltr'><strong>Ecclesiae</strong></span> <span class='ocrx_word' id='word_1_651' title='bbox 1879 4301 2062 4356; x_wconf 90' lang='lat' dir='ltr'><strong>codice</strong></span> <span class='ocrx_word' id='word_1_652' title='bbox 2107 4301 2379 4370; x_wconf 91' lang='lat' dir='ltr'><strong>inscriptio</strong></span> <span class='ocrx_word' id='word_1_653' title='bbox 2410 4299 2524 4354; x_wconf 74' lang='lat' dir='ltr'><strong>lucc</strong></span> <span class='ocrx_word' id='word_1_654' title='bbox 2555 4300 2746 4370; x_wconf 79' lang='lat' dir='ltr'><strong>legitur</strong></span> <span class='ocrx_word' id='word_1_655' title='bbox 2773 4318 2786 4354; x_wconf 88' lang='lat'><strong>:</strong></span> <span class='ocrx_word' id='word_1_656' title='bbox 2815 4299 2965 4354; x_wconf 82' lang='lat' dir='ltr'><strong>Liber</strong></span> <span class='ocrx_word' id='word_1_657' title='bbox 2988 4301 3050 4354; x_wconf 87' lang='lat' dir='ltr'><strong>de</strong></span> <span class='ocrx_word' id='word_1_658' title='bbox 3077 4299 3465 4369; x_wconf 83' lang='lat' dir='ltr'><strong>Deﬁnitionibus</strong></span> 
     </span>
    </p>
   </div>
   <div class='ocr_carea' id='block_1_71' title="bbox 157 4390 3466 4472">
    <p class='ocr_par' dir='ltr' id='par_1_71' title="bbox 157 4390 3466 4472">
     <span class='ocr_line' id='line_1_71' title="bbox 157 4390 3466 4472; baseline -0.002 -18"><span class='ocrx_word' id='word_1_659' title='bbox 157 4421 271 4472; x_wconf 67' lang='lat' dir='ltr'><strong>qur</strong></span> <span class='ocrx_word' id='word_1_660' title='bbox 316 4404 570 4455; x_wconf 79' lang='lat' dir='ltr'><strong>dicuntur</strong></span> <span class='ocrx_word' id='word_1_661' title='bbox 618 4399 858 4456; x_wconf 71' lang='lat' dir='ltr'><strong>Celestii.</strong></span> <span class='ocrx_word' id='word_1_662' title='bbox 912 4400 1142 4469; x_wconf 83' lang='lat' dir='ltr'><strong>Prosper</strong></span> <span class='ocrx_word' id='word_1_663' title='bbox 1192 4398 1244 4452; x_wconf 92' lang='lat' dir='ltr'><strong>in</strong></span> <span class='ocrx_word' id='word_1_664' title='bbox 1304 4396 1439 4450; x_wconf 89' lang='lat' dir='ltr'><strong>libro</strong></span> <span class='ocrx_word' id='word_1_665' title='bbox 1497 4393 1750 4449; x_wconf 84' lang='lat' dir='ltr'><strong>adversus</strong></span> <span class='ocrx_word' id='word_1_666' title='bbox 1801 4391 2159 4456; x_wconf 85' lang='lat' dir='ltr'><strong>Collatorem,</strong></span> <span class='ocrx_word' id='word_1_667' title='bbox 2201 4406 2318 4461; x_wconf 89' lang='lat' dir='ltr'><strong>cap.</strong></span> <span class='ocrx_word' id='word_1_668' title='bbox 2368 4391 2437 4445; x_wconf 69' lang='grc'><strong>45</strong></span> <span class='ocrx_word' id='word_1_669' title='bbox 2467 4431 2483 4456; x_wconf 86' lang='grc'><strong><em>,</em></strong></span> <span class='ocrx_word' id='word_1_670' title='bbox 2537 4390 2780 4446; x_wconf 78' lang='lat' dir='ltr'><strong>hortatur</strong></span> <span class='ocrx_word' id='word_1_671' title='bbox 2827 4392 2892 4445; x_wconf 89' lang='lat' dir='ltr'><strong>ad</strong></span> <span class='ocrx_word' id='word_1_672' title='bbox 2947 4391 3224 4463; x_wconf 78' lang='lat' dir='ltr'><strong>legendum</strong></span> <span class='ocrx_word' id='word_1_673' title='bbox 3252 4403 3284 4458; x_wconf 87' lang='lat'><strong>,&#39;</strong></span> <span class='ocrx_word' id='word_1_674' title='bbox 3326 4394 3466 4447; x_wconf 86' lang='lat' dir='ltr'><strong>inter</strong></span> 
     </span>
    </p>
   </div>
   <div class='ocr_carea' id='block_1_72' title="bbox 158 4483 3466 4566">
    <p class='ocr_par' dir='ltr' id='par_1_72' title="bbox 158 4483 3466 4566">
     <span class='ocr_line' id='line_1_72' title="bbox 158 4483 3466 4566; baseline -0.003 -18"><span class='ocrx_word' id='word_1_675' title='bbox 158 4499 295 4550; x_wconf 79' lang='lat' dir='ltr'><strong>alios</strong></span> <span class='ocrx_word' id='word_1_676' title='bbox 321 4495 615 4566; x_wconf 74' lang='lat' dir='ltr'><strong>Augustini</strong></span> <span class='ocrx_word' id='word_1_677' title='bbox 647 4495 832 4561; x_wconf 87' lang='lat' dir='ltr'><strong>libros,</strong></span> <span class='ocrx_word' id='word_1_678' title='bbox 864 4507 984 4548; x_wconf 91' lang='lat' dir='ltr'><strong>eum</strong></span> <span class='ocrx_word' id='word_1_679' title='bbox 1009 4507 1164 4560; x_wconf 85' lang='lat' dir='ltr'><strong>quem</strong></span> <span class='ocrx_word' id='word_1_680' title='bbox 1191 4489 1447 4560; x_wconf 89' lang='lat' dir='ltr'><strong>scriptum</strong></span> <span class='ocrx_word' id='word_1_681' title='bbox 1474 4487 1602 4542; x_wconf 89' lang='lat' dir='ltr'><strong>dicit</strong></span> <span class='ocrx_word' id='word_1_682' title='bbox 1645 4486 1714 4539; x_wconf 86' lang='lat' dir='ltr'><strong>ad</strong></span> <span class='ocrx_word' id='word_1_683' title='bbox 1755 4485 1978 4540; x_wconf 87' lang='lat' dir='ltr'><strong>Paulum</strong></span> <span class='ocrx_word' id='word_1_684' title='bbox 2005 4492 2054 4538; x_wconf 83' lang='lat' dir='ltr'><strong>et</strong></span> <span class='ocrx_word' id='word_1_685' title='bbox 2103 4483 2407 4554; x_wconf 83' lang='lat' dir='ltr'><strong>Eutropium</strong></span> <span class='ocrx_word' id='word_1_686' title='bbox 2437 4485 2718 4537; x_wconf 85' lang='lat' dir='ltr'><strong>sacerdotes</strong></span> <span class='ocrx_word' id='word_1_687' title='bbox 2754 4493 2931 4538; x_wconf 88' lang='lat' dir='ltr'><strong>contra</strong></span> <span class='ocrx_word' id='word_1_688' title='bbox 2963 4483 3162 4554; x_wconf 80' lang='lat' dir='ltr'><strong>Pelagii</strong></span> <span class='ocrx_word' id='word_1_689' title='bbox 3195 4493 3240 4538; x_wconf 87' lang='lat' dir='ltr'><strong>et</strong></span> <span class='ocrx_word' id='word_1_690' title='bbox 3267 4483 3466 4538; x_wconf 63' lang='grc' dir='ltr'><strong>(ἰριοειὶ</strong></span> 
     </span>
    </p>
   </div>
   <div class='ocr_carea' id='block_1_73' title="bbox 157 4591 493 4659">
    <p class='ocr_par' dir='ltr' id='par_1_73' title="bbox 157 4591 493 4659">
     <span class='ocr_line' id='line_1_73' title="bbox 157 4591 493 4659; baseline -0.012 -15"><span class='ocrx_word' id='word_1_691' title='bbox 157 4591 384 4659; x_wconf 67' lang='grc' dir='ltr'><strong>ᾳκαεδιίο</strong></span> <span class='ocrx_word' id='word_1_692' title='bbox 391 4605 474 4643; x_wconf 78' lang='lat' dir='ltr'><strong>nes</strong></span> <span class='ocrx_word' id='word_1_693' title='bbox 483 4628 493 4640; x_wconf 92' lang='lat'><strong>.</strong></span> 
     </span>
    </p>
   </div>
   <div class='ocr_carea' id='block_1_74' title="bbox 229 4668 3467 4750">
    <p class='ocr_par' dir='ltr' id='par_1_74' title="bbox 229 4668 3467 4750">
     <span class='ocr_line' id='line_1_74' title="bbox 229 4668 3467 4750; baseline -0.004 -11"><span class='ocrx_word' id='word_1_694' title='bbox 229 4686 312 4739; x_wconf 74' lang='lat' dir='ltr'><strong>Ex</strong></span> <span class='ocrx_word' id='word_1_695' title='bbox 352 4685 460 4737; x_wconf 75' lang='lat' dir='ltr'><strong>hoc</strong></span> <span class='ocrx_word' id='word_1_696' title='bbox 489 4695 666 4738; x_wconf 88' lang='lat' dir='ltr'><strong>autem</strong></span> <span class='ocrx_word' id='word_1_697' title='bbox 692 4683 810 4737; x_wconf 86' lang='lat' dir='ltr'><strong>loco</strong></span> <span class='ocrx_word' id='word_1_698' title='bbox 841 4678 1107 4750; x_wconf 79' lang='lat' dir='ltr'><strong>ProSperi,</strong></span> <span class='ocrx_word' id='word_1_699' title='bbox 1159 4677 1244 4732; x_wconf 91' lang='lat' dir='ltr'><strong>ubi</strong></span> <span class='ocrx_word' id='word_1_700' title='bbox 1275 4673 1516 4746; x_wconf 79' lang='lat' dir='ltr'><strong>qtnedam</strong></span> <span class='ocrx_word' id='word_1_701' title='bbox 1543 4689 1608 4728; x_wconf 81' lang='lat' dir='ltr'><strong>ex</strong></span> <span class='ocrx_word' id='word_1_702' title='bbox 1635 4672 1906 4743; x_wconf 78' lang='lat' dir='ltr'><strong>opusculis</strong></span> <span class='ocrx_word' id='word_1_703' title='bbox 1956 4669 2234 4741; x_wconf 84' lang='lat' dir='ltr'><strong>Augustini</strong></span> <span class='ocrx_word' id='word_1_704' title='bbox 2266 4678 2451 4724; x_wconf 89' lang='lat' dir='ltr'><strong>contra</strong></span> <span class='ocrx_word' id='word_1_705' title='bbox 2478 4668 2815 4739; x_wconf 85' lang='lat' dir='ltr'><strong>Pelagianos,</strong></span> <span class='ocrx_word' id='word_1_706' title='bbox 2847 4687 3030 4740; x_wconf 86' lang='lat' dir='ltr'><strong>parum</strong></span> <span class='ocrx_word' id='word_1_707' title='bbox 3059 4669 3237 4724; x_wconf 86' lang='lat' dir='ltr'><strong>habita</strong></span> <span class='ocrx_word' id='word_1_708' title='bbox 3262 4669 3467 4725; x_wconf 83' lang='lat' dir='ltr'><strong>ordinis</strong></span> 
     </span>
    </p>
   </div>
   <div class='ocr_carea' id='block_1_75' title="bbox 157 4763 3468 4842">
    <p class='ocr_par' dir='ltr' id='par_1_75' title="bbox 157 4763 3468 4842">
     <span class='ocr_line' id='line_1_75' title="bbox 157 4763 3468 4842; baseline -0.004 -10"><span class='ocrx_word' id='word_1_709' title='bbox 157 4787 384 4832; x_wconf 73' lang='lat' dir='ltr'><strong>ratione</strong></span> <span class='ocrx_word' id='word_1_710' title='bbox 439 4777 743 4839; x_wconf 88' lang='lat' dir='ltr'><strong>recensuit,</strong></span> <span class='ocrx_word' id='word_1_711' title='bbox 775 4790 932 4829; x_wconf 89' lang='lat' dir='ltr'><strong>nemo</strong></span> <span class='ocrx_word' id='word_1_712' title='bbox 960 4783 1102 4828; x_wconf 91' lang='lat' dir='ltr'><strong>recte</strong></span> <span class='ocrx_word' id='word_1_713' title='bbox 1151 4769 1492 4842; x_wconf 81' lang='lat' dir='ltr'><strong>probaverit,</strong></span> <span class='ocrx_word' id='word_1_714' title='bbox 1521 4767 1710 4822; x_wconf 89' lang='lat' dir='ltr'><strong>librum</strong></span> <span class='ocrx_word' id='word_1_715' title='bbox 1742 4766 1808 4820; x_wconf 90' lang='lat' dir='ltr'><strong>de</strong></span> <span class='ocrx_word' id='word_1_716' title='bbox 1835 4763 2167 4820; x_wconf 83' lang='lat' dir='ltr'><strong>Perlectione</strong></span> <span class='ocrx_word' id='word_1_717' title='bbox 2199 4764 2420 4834; x_wconf 71' lang='lat' dir='ltr'><strong>iustitia:</strong></span> <span class='ocrx_word' id='word_1_718' title='bbox 2464 4763 2716 4830; x_wconf 87' lang='lat' dir='ltr'><strong>hominis,</strong></span> <span class='ocrx_word' id='word_1_719' title='bbox 2757 4774 2846 4818; x_wconf 89' lang='lat' dir='ltr'><strong>aut</strong></span> <span class='ocrx_word' id='word_1_720' title='bbox 2877 4764 3024 4819; x_wconf 85' lang='lat' dir='ltr'><strong>libris</strong></span> <span class='ocrx_word' id='word_1_721' title='bbox 3056 4765 3124 4820; x_wconf 91' lang='lat' dir='ltr'><strong>de</strong></span> <span class='ocrx_word' id='word_1_722' title='bbox 3166 4764 3370 4834; x_wconf 86' lang='lat' dir='ltr'><strong>Nuptiis</strong></span> <span class='ocrx_word' id='word_1_723' title='bbox 3412 4774 3468 4820; x_wconf 90' lang='lat' dir='ltr'><strong>et</strong></span> 
     </span>
    </p>
   </div>
   <div class='ocr_carea' id='block_1_76' title="bbox 153 4856 3466 4940">
    <p class='ocr_par' dir='ltr' id='par_1_76' title="bbox 153 4856 3466 4940">
     <span class='ocr_line' id='line_1_76' title="bbox 153 4856 3466 4940; baseline -0.004 -13"><span class='ocrx_word' id='word_1_724' title='bbox 153 4870 643 4940; x_wconf 79' lang='lat' dir='ltr'><strong>Concupisccntia,</strong></span> <span class='ocrx_word' id='word_1_725' title='bbox 678 4878 770 4923; x_wconf 89' lang='lat' dir='ltr'><strong>aut</strong></span> <span class='ocrx_word' id='word_1_726' title='bbox 797 4883 887 4923; x_wconf 85' lang='lat' dir='ltr'><strong>sex</strong></span> <span class='ocrx_word' id='word_1_727' title='bbox 918 4865 1100 4938; x_wconf 89' lang='lat' dir='ltr'><strong>primis</strong></span> <span class='ocrx_word' id='word_1_728' title='bbox 1137 4873 1320 4919; x_wconf 89' lang='lat' dir='ltr'><strong>contra</strong></span> <span class='ocrx_word' id='word_1_729' title='bbox 1345 4862 1610 4917; x_wconf 77' lang='lat' dir='ltr'><strong>lulianum</strong></span> <span class='ocrx_word' id='word_1_730' title='bbox 1655 4858 1821 4924; x_wconf 89' lang='lat' dir='ltr'><strong>libris,</strong></span> <span class='ocrx_word' id='word_1_731' title='bbox 1857 4858 1977 4929; x_wconf 89' lang='lat' dir='ltr'><strong>quia</strong></span> <span class='ocrx_word' id='word_1_732' title='bbox 2026 4857 2220 4912; x_wconf 85' lang='lat' dir='ltr'><strong>ibidem</strong></span> <span class='ocrx_word' id='word_1_733' title='bbox 2254 4856 2398 4928; x_wconf 89' lang='lat' dir='ltr'><strong>prius</strong></span> <span class='ocrx_word' id='word_1_734' title='bbox 2439 4857 2798 4924; x_wconf 88' lang='lat' dir='ltr'><strong>nominantur,</strong></span> <span class='ocrx_word' id='word_1_735' title='bbox 2834 4867 3071 4928; x_wconf 88' lang='lat' dir='ltr'><strong>tempore</strong></span> <span class='ocrx_word' id='word_1_736' title='bbox 3115 4859 3466 4930; x_wconf 89' lang='lat' dir='ltr'><strong>posteriorem</strong></span> 
     </span>
    </p>
   </div>
   <div class='ocr_carea' id='block_1_77' title="bbox 151 4951 3467 5024">
    <p class='ocr_par' dir='ltr' id='par_1_77' title="bbox 151 4951 3467 5024">
     <span class='ocr_line' id='line_1_77' title="bbox 151 4951 3467 5024; baseline -0.005 -3"><span class='ocrx_word' id='word_1_737' title='bbox 151 4983 302 5021; x_wconf 81' lang='lat' dir='ltr'><strong>esse.</strong></span> <span class='ocrx_word' id='word_1_738' title='bbox 330 4963 632 5018; x_wconf 77' lang='lat' dir='ltr'><strong>Enimvero</strong></span> <span class='ocrx_word' id='word_1_739' title='bbox 657 4965 706 5016; x_wconf 89' lang='lat' dir='ltr'><strong>in</strong></span> <span class='ocrx_word' id='word_1_740' title='bbox 737 4961 840 5015; x_wconf 74' lang='grc' dir='ltr'><strong>Ωιιο</strong></span> <span class='ocrx_word' id='word_1_741' title='bbox 868 4960 986 5015; x_wconf 88' lang='lat' dir='ltr'><strong>libri</strong></span> <span class='ocrx_word' id='word_1_742' title='bbox 1018 4957 1249 5014; x_wconf 87' lang='lat' dir='ltr'><strong>nondum</strong></span> <span class='ocrx_word' id='word_1_743' title='bbox 1281 4971 1376 5010; x_wconf 85' lang='lat' dir='ltr'><strong>eos</strong></span> <span class='ocrx_word' id='word_1_744' title='bbox 1432 4953 1826 5024; x_wconf 86' lang='lat' dir='ltr'><strong>reprehendere</strong></span> <span class='ocrx_word' id='word_1_745' title='bbox 1850 4951 2033 5017; x_wconf 84' lang='lat' dir='ltr'><strong>audet,</strong></span> <span class='ocrx_word' id='word_1_746' title='bbox 2061 4952 2150 5022; x_wconf 92' lang='lat' dir='ltr'><strong>qui</strong></span> <span class='ocrx_word' id='word_1_747' title='bbox 2168 4951 2342 5019; x_wconf 86' lang='lat' dir='ltr'><strong>justas</strong></span> <span class='ocrx_word' id='word_1_748' title='bbox 2365 4951 2484 5006; x_wconf 89' lang='lat' dir='ltr'><strong>sine</strong></span> <span class='ocrx_word' id='word_1_749' title='bbox 2509 4951 2616 5005; x_wconf 92' lang='lat' dir='ltr'><strong>ullo</strong></span> <span class='ocrx_word' id='word_1_750' title='bbox 2643 4965 2860 5020; x_wconf 88' lang='lat' dir='ltr'><strong>prorsus</strong></span> <span class='ocrx_word' id='word_1_751' title='bbox 2890 4962 3116 5020; x_wconf 90' lang='lat' dir='ltr'><strong>peccato</strong></span> <span class='ocrx_word' id='word_1_752' title='bbox 3138 4951 3371 5006; x_wconf 80' lang='lat' dir='ltr'><strong>existere</strong></span> <span class='ocrx_word' id='word_1_753' title='bbox 3412 4952 3467 5005; x_wconf 88' lang='lat' dir='ltr'><strong>in</strong></span> 
     </span>
    </p>
   </div>
   <div class='ocr_carea' id='block_1_78' title="bbox 151 5040 3466 5121">
    <p class='ocr_par' dir='ltr' id='par_1_78' title="bbox 151 5040 3466 5121">
     <span class='ocr_line' id='line_1_78' title="bbox 151 5040 3466 5121; baseline -0.004 -14"><span class='ocrx_word' id='word_1_754' title='bbox 151 5053 255 5111; x_wconf 84' lang='lat' dir='ltr'><strong>hac</strong></span> <span class='ocrx_word' id='word_1_755' title='bbox 285 5056 411 5108; x_wconf 80' lang='lat' dir='ltr'><strong>vita</strong></span> <span class='ocrx_word' id='word_1_756' title='bbox 437 5054 524 5107; x_wconf 82' lang='lat' dir='ltr'><strong>vel</strong></span> <span class='ocrx_word' id='word_1_757' title='bbox 572 5054 838 5108; x_wconf 71' lang='lat' dir='ltr'><strong>exstitisse</strong></span> <span class='ocrx_word' id='word_1_758' title='bbox 877 5051 1082 5121; x_wconf 81' lang='lat' dir='ltr'><strong>aliquos</strong></span> <span class='ocrx_word' id='word_1_759' title='bbox 1129 5047 1476 5107; x_wconf 77' lang='lat' dir='ltr'><strong>afﬁrmarent,</strong></span> <span class='ocrx_word' id='word_1_760' title='bbox 1517 5058 1740 5114; x_wconf 87' lang='lat' dir='ltr'><strong>quorum</strong></span> <span class='ocrx_word' id='word_1_761' title='bbox 1781 5041 2036 5112; x_wconf 88' lang='lat' dir='ltr'><strong>opinioni,</strong></span> <span class='ocrx_word' id='word_1_762' title='bbox 2071 5040 2518 5112; x_wconf 84' lang='lat' dir='ltr'><strong>quemadmodum</strong></span> <span class='ocrx_word' id='word_1_763' title='bbox 2569 5041 2621 5095; x_wconf 94' lang='lat' dir='ltr'><strong>in</strong></span> <span class='ocrx_word' id='word_1_764' title='bbox 2647 5041 2782 5096; x_wconf 90' lang='lat' dir='ltr'><strong>libro</strong></span> <span class='ocrx_word' id='word_1_765' title='bbox 2808 5040 2874 5096; x_wconf 90' lang='lat' dir='ltr'><strong>de</strong></span> <span class='ocrx_word' id='word_1_766' title='bbox 2915 5040 3114 5110; x_wconf 88' lang='lat' dir='ltr'><strong>Spiritu</strong></span> <span class='ocrx_word' id='word_1_767' title='bbox 3151 5051 3205 5096; x_wconf 92' lang='lat' dir='ltr'><strong>et</strong></span> <span class='ocrx_word' id='word_1_768' title='bbox 3233 5041 3466 5110; x_wconf 86' lang='lat' dir='ltr'><strong>Littera,</strong></span> 
     </span>
    </p>
   </div>
   <div class='ocr_carea' id='block_1_79' title="bbox 147 5133 3464 5213">
    <p class='ocr_par' dir='ltr' id='par_1_79' title="bbox 147 5133 3464 5213">
     <span class='ocr_line' id='line_1_79' title="bbox 147 5133 3464 5213; baseline -0.004 -13"><span class='ocrx_word' id='word_1_769' title='bbox 147 5162 206 5200; x_wconf 80' lang='grc' dir='ltr'><strong>η.</strong></span> <span class='ocrx_word' id='word_1_770' title='bbox 233 5147 298 5213; x_wconf 78' lang='lat'><strong>3,</strong></span> <span class='ocrx_word' id='word_1_771' title='bbox 334 5155 402 5201; x_wconf 83' lang='lat' dir='ltr'><strong>et</strong></span> <span class='ocrx_word' id='word_1_772' title='bbox 431 5144 486 5199; x_wconf 85' lang='lat' dir='ltr'><strong>in</strong></span> <span class='ocrx_word' id='word_1_773' title='bbox 511 5145 642 5201; x_wconf 86' lang='lat' dir='ltr'><strong>libro</strong></span> <span class='ocrx_word' id='word_1_774' title='bbox 660 5145 728 5200; x_wconf 86' lang='lat' dir='ltr'><strong>de</strong></span> <span class='ocrx_word' id='word_1_775' title='bbox 761 5143 955 5198; x_wconf 88' lang='lat' dir='ltr'><strong>Natura</strong></span> <span class='ocrx_word' id='word_1_776' title='bbox 981 5151 1037 5197; x_wconf 84' lang='lat' dir='ltr'><strong>et</strong></span> <span class='ocrx_word' id='word_1_777' title='bbox 1062 5139 1264 5203; x_wconf 84' lang='lat' dir='ltr'><strong>Gratia,</strong></span> <span class='ocrx_word' id='word_1_778' title='bbox 1286 5155 1376 5191; x_wconf 91' lang='lat' dir='ltr'><strong>nn.</strong></span> <span class='ocrx_word' id='word_1_779' title='bbox 1401 5136 1492 5201; x_wconf 71' lang='grc'><strong>49,</strong></span> <span class='ocrx_word' id='word_1_780' title='bbox 1521 5136 1610 5200; x_wconf 83' lang='grc'><strong>70,</strong></span> <span class='ocrx_word' id='word_1_781' title='bbox 1635 5135 1708 5190; x_wconf 88' lang='lat' dir='ltr'><strong>ita</strong></span> <span class='ocrx_word' id='word_1_782' title='bbox 1741 5135 1826 5190; x_wconf 91' lang='lat' dir='ltr'><strong>hic</strong></span> <span class='ocrx_word' id='word_1_783' title='bbox 1852 5135 2180 5201; x_wconf 83' lang='lat' dir='ltr'><strong>Augustinus</strong></span> <span class='ocrx_word' id='word_1_784' title='bbox 2207 5134 2381 5188; x_wconf 86' lang='lat' dir='ltr'><strong>adhuc</strong></span> <span class='ocrx_word' id='word_1_785' title='bbox 2409 5133 2677 5188; x_wconf 70' lang='lat' dir='ltr'><strong>existimat</strong></span> <span class='ocrx_word' id='word_1_786' title='bbox 2725 5149 2828 5188; x_wconf 89' lang='lat' dir='ltr'><strong>non</strong></span> <span class='ocrx_word' id='word_1_787' title='bbox 2873 5135 3030 5187; x_wconf 87' lang='lat' dir='ltr'><strong>nimis</strong></span> <span class='ocrx_word' id='word_1_788' title='bbox 3073 5135 3464 5190; x_wconf 81' lang='lat' dir='ltr'><strong>relttctantltnn.</strong></span> 
     </span>
    </p>
   </div>
   <div class='ocr_carea' id='block_1_80' title="bbox 145 5223 3461 5308">
    <p class='ocr_par' dir='ltr' id='par_1_80' title="bbox 145 5223 3461 5308">
     <span class='ocr_line' id='line_1_80' title="bbox 145 5223 3461 5308; baseline -0.008 -5"><span class='ocrx_word' id='word_1_789' title='bbox 145 5246 297 5302; x_wconf 66' lang='lat' dir='ltr'><strong>Nihil</strong></span> <span class='ocrx_word' id='word_1_790' title='bbox 334 5254 474 5308; x_wconf 77' lang='lat' dir='ltr'><strong>ergo</strong></span> <span class='ocrx_word' id='word_1_791' title='bbox 501 5253 660 5307; x_wconf 89' lang='lat' dir='ltr'><strong>super</strong></span> <span class='ocrx_word' id='word_1_792' title='bbox 682 5253 744 5292; x_wconf 89' lang='lat' dir='ltr'><strong>ea</strong></span> <span class='ocrx_word' id='word_1_793' title='bbox 773 5252 830 5290; x_wconf 94' lang='lat' dir='ltr'><strong>rc</strong></span> <span class='ocrx_word' id='word_1_794' title='bbox 869 5234 1145 5288; x_wconf 81' lang='lat' dir='ltr'><strong>deﬁnitum</strong></span> <span class='ocrx_word' id='word_1_795' title='bbox 1187 5231 1440 5283; x_wconf 89' lang='lat' dir='ltr'><strong>hactenus</strong></span> <span class='ocrx_word' id='word_1_796' title='bbox 1465 5236 1599 5293; x_wconf 90' lang='lat' dir='ltr'><strong>erat,</strong></span> <span class='ocrx_word' id='word_1_797' title='bbox 1633 5242 1804 5298; x_wconf 91' lang='lat' dir='ltr'><strong>neque</strong></span> <span class='ocrx_word' id='word_1_798' title='bbox 1825 5224 2025 5282; x_wconf 87' lang='lat' dir='ltr'><strong>conditi</strong></span> <span class='ocrx_word' id='word_1_799' title='bbox 2055 5224 2311 5278; x_wconf 88' lang='lat' dir='ltr'><strong>adversus</strong></span> <span class='ocrx_word' id='word_1_800' title='bbox 2340 5225 2482 5277; x_wconf 89' lang='lat' dir='ltr'><strong>illam</strong></span> <span class='ocrx_word' id='word_1_801' title='bbox 2529 5223 2835 5292; x_wconf 83' lang='lat' dir='ltr'><strong>opinionem</strong></span> <span class='ocrx_word' id='word_1_802' title='bbox 2870 5232 2978 5278; x_wconf 83' lang='lat' dir='ltr'><strong>tres</strong></span> <span class='ocrx_word' id='word_1_803' title='bbox 3025 5223 3461 5293; x_wconf 84' lang='lat' dir='ltr'><strong>Carthaginensis</strong></span> 
     </span>
    </p>
   </div>
   <div class='ocr_carea' id='block_1_81' title="bbox 143 5314 3465 5406">
    <p class='ocr_par' dir='ltr' id='par_1_81' title="bbox 143 5314 3465 5406">
     <span class='ocr_line' id='line_1_81' title="bbox 143 5314 3465 5406; baseline -0.009 -9"><span class='ocrx_word' id='word_1_804' title='bbox 143 5338 410 5402; x_wconf 86' lang='lat' dir='ltr'><strong>concilii,</strong></span> <span class='ocrx_word' id='word_1_805' title='bbox 435 5334 576 5406; x_wconf 84' lang='lat' dir='ltr'><strong>qttud</strong></span> <span class='ocrx_word' id='word_1_806' title='bbox 597 5348 737 5385; x_wconf 89' lang='lat' dir='ltr'><strong>anno</strong></span> <span class='ocrx_word' id='word_1_807' title='bbox 761 5328 867 5384; x_wconf 76' lang='grc'><strong>418</strong></span> <span class='ocrx_word' id='word_1_808' title='bbox 894 5326 1126 5380; x_wconf 85' lang='lat' dir='ltr'><strong>habitum</strong></span> <span class='ocrx_word' id='word_1_809' title='bbox 1155 5331 1256 5389; x_wconf 90' lang='lat' dir='ltr'><strong>est,</strong></span> <span class='ocrx_word' id='word_1_810' title='bbox 1288 5319 1550 5375; x_wconf 89' lang='lat' dir='ltr'><strong>notissimi</strong></span> <span class='ocrx_word' id='word_1_811' title='bbox 1577 5324 2048 5383; x_wconf 75' lang='lat' dir='ltr'><strong>eanoncs,sestus,</strong></span> <span class='ocrx_word' id='word_1_812' title='bbox 2081 5317 2342 5384; x_wconf 90' lang='lat' dir='ltr'><strong>septimus</strong></span> <span class='ocrx_word' id='word_1_813' title='bbox 2368 5323 2422 5406; x_wconf 89' lang='lat' dir='ltr'><strong>et</strong></span> <span class='ocrx_word' id='word_1_814' title='bbox 2447 5324 2701 5406; x_wconf 84' lang='lat' dir='ltr'><strong>octavus,</strong></span> <span class='ocrx_word' id='word_1_815' title='bbox 2730 5329 2958 5384; x_wconf 81' lang='lat' dir='ltr'><strong>quorum</strong></span> <span class='ocrx_word' id='word_1_816' title='bbox 2980 5314 3296 5406; x_wconf 85' lang='lat' dir='ltr'><strong>auctoritate</strong></span> <span class='ocrx_word' id='word_1_817' title='bbox 3324 5315 3465 5406; x_wconf 82' lang='lat' dir='ltr'><strong>illam</strong></span> 
     </span>
    </p>
   </div>
   <div class='ocr_carea' id='block_1_82' title="bbox 143 5403 3470 5498">
    <p class='ocr_par' dir='ltr' id='par_1_82' title="bbox 143 5403 3470 5498">
     <span class='ocr_line' id='line_1_82' title="bbox 143 5403 3470 5498; baseline -0.008 -18"><span class='ocrx_word' id='word_1_818' title='bbox 143 5433 425 5498; x_wconf 64' lang='lat' dir='ltr'><strong>deinceps</strong></span> <span class='ocrx_word' id='word_1_819' title='bbox 453 5403 514 5481; x_wconf 74' lang='lat' dir='ltr'><strong>ut</strong></span> <span class='ocrx_word' id='word_1_820' title='bbox 543 5424 900 5497; x_wconf 86' lang='lat' dir='ltr'><strong>perniciosum</strong></span> <span class='ocrx_word' id='word_1_821' title='bbox 931 5430 1164 5474; x_wconf 88' lang='lat' dir='ltr'><strong>errorem</strong></span> <span class='ocrx_word' id='word_1_822' title='bbox 1195 5412 1370 5470; x_wconf 86' lang='lat' dir='ltr'><strong>caveri</strong></span> <span class='ocrx_word' id='word_1_823' title='bbox 1421 5411 1593 5481; x_wconf 83' lang='lat' dir='ltr'><strong>jubet,</strong></span> <span class='ocrx_word' id='word_1_824' title='bbox 1640 5409 1795 5464; x_wconf 92' lang='lat' dir='ltr'><strong>sicuti</strong></span> <span class='ocrx_word' id='word_1_825' title='bbox 1846 5407 2030 5463; x_wconf 88' lang='lat' dir='ltr'><strong>videre</strong></span> <span class='ocrx_word' id='word_1_826' title='bbox 2086 5407 2208 5460; x_wconf 89' lang='lat' dir='ltr'><strong>licet</strong></span> <span class='ocrx_word' id='word_1_827' title='bbox 2259 5405 2454 5476; x_wconf 87' lang='lat' dir='ltr'><strong>passim</strong></span> <span class='ocrx_word' id='word_1_828' title='bbox 2505 5406 2557 5460; x_wconf 84' lang='lat' dir='ltr'><strong>in</strong></span> <span class='ocrx_word' id='word_1_829' title='bbox 2597 5405 2745 5460; x_wconf 90' lang='lat' dir='ltr'><strong>libris</strong></span> <span class='ocrx_word' id='word_1_830' title='bbox 2786 5415 2970 5460; x_wconf 89' lang='lat' dir='ltr'><strong>contra</strong></span> <span class='ocrx_word' id='word_1_831' title='bbox 3023 5405 3157 5460; x_wconf 88' lang='lat' dir='ltr'><strong>duas</strong></span> <span class='ocrx_word' id='word_1_832' title='bbox 3199 5403 3470 5498; x_wconf 69' lang='lat' dir='ltr'><strong>Epistolas</strong></span> 
     </span>
    </p>
   </div>
   <div class='ocr_carea' id='block_1_83' title="bbox 143 5495 3463 5589">
    <p class='ocr_par' dir='ltr' id='par_1_83' title="bbox 143 5495 3463 5589">
     <span class='ocr_line' id='line_1_83' title="bbox 143 5495 3463 5589; baseline -0.011 -6"><span class='ocrx_word' id='word_1_833' title='bbox 143 5495 601 5589; x_wconf 66' lang='lat' dir='ltr'><strong>Pelagianorum,</strong></span> <span class='ocrx_word' id='word_1_834' title='bbox 632 5511 1084 5589; x_wconf 72' lang='lat' dir='ltr'><strong>prmsertimlibro</strong></span> <span class='ocrx_word' id='word_1_835' title='bbox 1106 5510 1158 5576; x_wconf 63' lang='grc' dir='ltr'><strong>ὁ,</strong></span> <span class='ocrx_word' id='word_1_836' title='bbox 1187 5524 1239 5563; x_wconf 94' lang='lat' dir='ltr'><strong>n.</strong></span> <span class='ocrx_word' id='word_1_837' title='bbox 1260 5507 1353 5574; x_wconf 76' lang='grc'><strong>27,</strong></span> <span class='ocrx_word' id='word_1_838' title='bbox 1384 5505 1471 5560; x_wconf 88' lang='lat' dir='ltr'><strong>ubi</strong></span> <span class='ocrx_word' id='word_1_839' title='bbox 1503 5504 1576 5559; x_wconf 85' lang='lat' dir='ltr'><strong>ait</strong></span> <span class='ocrx_word' id='word_1_840' title='bbox 1600 5521 1613 5556; x_wconf 91' lang='lat'><strong>:</strong></span> <span class='ocrx_word' id='word_1_841' title='bbox 1648 5501 1794 5557; x_wconf 82' lang='lat' dir='ltr'><strong>Illud</strong></span> <span class='ocrx_word' id='word_1_842' title='bbox 1808 5505 1923 5576; x_wconf 86' lang='lat' dir='ltr'><strong>jam</strong></span> <span class='ocrx_word' id='word_1_843' title='bbox 1952 5501 2156 5554; x_wconf 87' lang='lat' dir='ltr'><strong>tertium</strong></span> <span class='ocrx_word' id='word_1_844' title='bbox 2178 5500 2456 5565; x_wconf 81' lang='lat' dir='ltr'><strong>videamus,</strong></span> <span class='ocrx_word' id='word_1_845' title='bbox 2481 5500 2615 5570; x_wconf 83' lang='lat' dir='ltr'><strong>quod</strong></span> <span class='ocrx_word' id='word_1_846' title='bbox 2635 5516 2735 5552; x_wconf 88' lang='lat' dir='ltr'><strong>non</strong></span> <span class='ocrx_word' id='word_1_847' title='bbox 2761 5500 2927 5554; x_wconf 87' lang='lat' dir='ltr'><strong>minus</strong></span> <span class='ocrx_word' id='word_1_848' title='bbox 2951 5501 3002 5552; x_wconf 89' lang='lat' dir='ltr'><strong>in</strong></span> <span class='ocrx_word' id='word_1_849' title='bbox 3024 5495 3463 5589; x_wconf 70' lang='lat' dir='ltr'><strong>istisomneChri-</strong></span> 
     </span>
    </p>
   </div>
   <div class='ocr_carea' id='block_1_84' title="bbox 141 5568 3464 5674">
    <p class='ocr_par' dir='ltr' id='par_1_84' title="bbox 141 5568 3464 5674">
     <span class='ocr_line' id='line_1_84' title="bbox 141 5568 3464 5674; baseline -0.01 -2"><span class='ocrx_word' id='word_1_850' title='bbox 876 5603 989 5674; x_wconf 81' lang='lat' dir='ltr'><strong>ejus</strong></span> <span class='ocrx_word' id='word_1_851' title='bbox 1017 5568 1200 5670; x_wconf 71' lang='lat' dir='ltr'><strong>corpus</strong></span> <span class='ocrx_word' id='word_1_852' title='bbox 1229 5568 1479 5662; x_wconf 77' lang='lat' dir='ltr'><strong>exhorret,</strong></span> <span class='ocrx_word' id='word_1_853' title='bbox 1510 5595 1631 5667; x_wconf 87' lang='lat' dir='ltr'><strong>quia</strong></span> <span class='ocrx_word' id='word_1_854' title='bbox 1667 5568 1974 5648; x_wconf 66' lang='lat' dir='ltr'><strong>contendunt</strong></span> <span class='ocrx_word' id='word_1_855' title='bbox 1997 5609 2103 5647; x_wconf 88' lang='lat' dir='ltr'><strong>esse</strong></span> <span class='ocrx_word' id='word_1_856' title='bbox 2127 5592 2178 5644; x_wconf 89' lang='lat' dir='ltr'><strong>in</strong></span> <span class='ocrx_word' id='word_1_857' title='bbox 2227 5591 2323 5644; x_wconf 83' lang='lat' dir='ltr'><strong>hac</strong></span> <span class='ocrx_word' id='word_1_858' title='bbox 2353 5591 2452 5644; x_wconf 90' lang='lat' dir='ltr'><strong>vita</strong></span> <span class='ocrx_word' id='word_1_859' title='bbox 2482 5568 2558 5644; x_wconf 80' lang='lat' dir='ltr'><strong>vel</strong></span> <span class='ocrx_word' id='word_1_860' title='bbox 2597 5590 2940 5660; x_wconf 82' lang='lat' dir='ltr'><strong>[uissejustos</strong></span> <span class='ocrx_word' id='word_1_861' title='bbox 2983 5589 3179 5642; x_wconf 87' lang='lat' dir='ltr'><strong>nullum</strong></span> <span class='ocrx_word' id='word_1_862' title='bbox 3223 5587 3464 5640; x_wconf 83' lang='lat' dir='ltr'><strong>habentes</strong></span> 
     </span>
    </p>
   </div>
   <div class='ocr_carea' id='block_1_85' title="bbox 143 5678 3453 5776">
    <p class='ocr_par' dir='ltr' id='par_1_85' title="bbox 143 5678 3453 5776">
     <span class='ocr_line' id='line_1_85' title="bbox 143 5678 3453 5776; baseline -0.008 -15"><span class='ocrx_word' id='word_1_863' title='bbox 143 5709 376 5762; x_wconf 80' lang='lat' dir='ltr'><strong>omnino</strong></span> <span class='ocrx_word' id='word_1_864' title='bbox 394 5715 672 5776; x_wconf 81' lang='lat' dir='ltr'><strong>peccatum.</strong></span> <span class='ocrx_word' id='word_1_865' title='bbox 703 5696 868 5754; x_wconf 88' lang='lat' dir='ltr'><strong>Certe</strong></span> <span class='ocrx_word' id='word_1_866' title='bbox 897 5707 1038 5746; x_wconf 86' lang='lat' dir='ltr'><strong>anno</strong></span> <span class='ocrx_word' id='word_1_867' title='bbox 1063 5691 1254 5746; x_wconf 86' lang='lat' dir='ltr'><strong>Christi</strong></span> <span class='ocrx_word' id='word_1_868' title='bbox 1280 5690 1402 5752; x_wconf 74' lang='lat' dir='ltr'><strong>4H,</strong></span> <span class='ocrx_word' id='word_1_869' title='bbox 1427 5702 1547 5742; x_wconf 92' lang='lat' dir='ltr'><strong>cum</strong></span> <span class='ocrx_word' id='word_1_870' title='bbox 1574 5684 1852 5766; x_wconf 80' lang='lat' dir='ltr'><strong>epistolam</strong></span> <span class='ocrx_word' id='word_1_871' title='bbox 1885 5684 1984 5739; x_wconf 82' lang='grc'><strong>157</strong></span> <span class='ocrx_word' id='word_1_872' title='bbox 2005 5683 2268 5738; x_wconf 88' lang='lat' dir='ltr'><strong>scriberet</strong></span> <span class='ocrx_word' id='word_1_873' title='bbox 2292 5682 2509 5746; x_wconf 84' lang='lat' dir='ltr'><strong>Hilario,</strong></span> <span class='ocrx_word' id='word_1_874' title='bbox 2538 5682 2868 5747; x_wconf 83' lang='lat' dir='ltr'><strong>respondens</strong></span> <span class='ocrx_word' id='word_1_875' title='bbox 2897 5679 2963 5733; x_wconf 86' lang='lat' dir='ltr'><strong>ad</strong></span> <span class='ocrx_word' id='word_1_876' title='bbox 2984 5678 3307 5776; x_wconf 60' lang='lat' dir='ltr'><strong>quaestiones</strong></span> <span class='ocrx_word' id='word_1_877' title='bbox 3329 5693 3453 5776; x_wconf 75' lang='lat' dir='ltr'><strong>qua:</strong></span> 
     </span>
    </p>
   </div>
   <div class='ocr_carea' id='block_1_86' title="bbox 146 5773 3480 5858">
    <p class='ocr_par' dir='ltr' id='par_1_86' title="bbox 146 5773 3480 5858">
     <span class='ocr_line' id='line_1_86' title="bbox 146 5773 3480 5858; baseline -0.008 0"><span class='ocrx_word' id='word_1_878' title='bbox 146 5773 412 5858; x_wconf 71' lang='lat' dir='ltr'><strong>inSieilia</strong></span> <span class='ocrx_word' id='word_1_879' title='bbox 443 5796 820 5857; x_wconf 80' lang='lat' dir='ltr'><strong>movebantur,</strong></span> <span class='ocrx_word' id='word_1_880' title='bbox 849 5785 1037 5845; x_wconf 82' lang='lat' dir='ltr'><strong>eodem</strong></span> <span class='ocrx_word' id='word_1_881' title='bbox 1068 5786 1218 5856; x_wconf 87' lang='lat' dir='ltr'><strong>plane</strong></span> <span class='ocrx_word' id='word_1_882' title='bbox 1267 5781 1425 5838; x_wconf 79' lang='lat' dir='ltr'><strong>niodu</strong></span> <span class='ocrx_word' id='word_1_883' title='bbox 1449 5795 1510 5836; x_wconf 89' lang='lat' dir='ltr'><strong>ac</strong></span> <span class='ocrx_word' id='word_1_884' title='bbox 1539 5779 1726 5835; x_wconf 84' lang='lat' dir='ltr'><strong>iisdem</strong></span> <span class='ocrx_word' id='word_1_885' title='bbox 1754 5776 1866 5833; x_wconf 79' lang='lat' dir='ltr'><strong>fere</strong></span> <span class='ocrx_word' id='word_1_886' title='bbox 1896 5777 2070 5836; x_wconf 85' lang='lat' dir='ltr'><strong>verbis</strong></span> <span class='ocrx_word' id='word_1_887' title='bbox 2111 5776 2177 5833; x_wconf 84' lang='lat' dir='ltr'><strong>de</strong></span> <span class='ocrx_word' id='word_1_888' title='bbox 2205 5779 2540 5849; x_wconf 67' lang='grc' dir='ltr'><strong>ἀναμπρτησίᾳ</strong></span> <span class='ocrx_word' id='word_1_889' title='bbox 2569 5777 2821 5846; x_wconf 82' lang='lat' dir='ltr'><strong>louuitur,</strong></span> <span class='ocrx_word' id='word_1_890' title='bbox 2852 5775 3040 5846; x_wconf 82' lang='lat' dir='ltr'><strong>quibus</strong></span> <span class='ocrx_word' id='word_1_891' title='bbox 3062 5774 3116 5830; x_wconf 84' lang='lat' dir='ltr'><strong>in</strong></span> <span class='ocrx_word' id='word_1_892' title='bbox 3145 5774 3264 5832; x_wconf 85' lang='lat' dir='ltr'><strong>libri</strong></span> <span class='ocrx_word' id='word_1_893' title='bbox 3294 5773 3480 5845; x_wconf 67' lang='lat' dir='ltr'><strong>huius</strong></span> 
     </span>
    </p>
   </div>
  </div>
