3996 6478
159 375 274 433 293

162 484 410 544 chartula
441 499 610 555 quam
641 483 870 541 dedistis
889 526 906 553 ,
942 483 1269 554 Deﬁnitiones
1289 527 1303 550 ,
1329 493 1386 539 ut
1411 483 1626 546 dicitur,
1657 479 1774 536 Cae-

164 580 299 634 testii
320 594 338 631 :
377 592 505 646 qua:
551 575 880 646 pra-notatio
919 575 1109 640 credo,
1144 575 1286 646 quod
1330 589 1436 630 non
1477 572 1648 636 illius,
1679 569 1774 624 sed

164 685 349 724 eorum
380 668 454 722 sit
485 667 580 737 qui
610 666 716 721 hoc.
736 667 1026 722 attulerunt
1051 665 1119 720 de
1143 665 1344 732 Sicilia,
1373 663 1460 718 ubi
1492 660 1775 731 Caelestius

164 777 270 816 non
299 775 423 816 esse
451 759 811 829 perhibetur,
843 758 938 814 sed
964 758 1113 812 multi
1137 759 1152 789 ¹
1187 757 1307 811 talia
1332 755 1627 827 garrientcs
1647 794 1661 817 ,
1690 761 1772 816 et,

166 856 301 908 sicut
325 854 404 907 ait
432 852 772 922 Apostolus,
803 852 902 922 ipsi
942 861 1162 906 errantes
1182 891 1196 915 ,
1227 859 1274 904 et
1315 849 1444 903 alios
1479 849 1528 901 in
1557 862 1776 901 errorem

169 945 421 999 mittentes
465 942 538 1012 (ll
584 941 724 997 Tim.
752 957 844 1008 ut,
877 942 990 1011 15).
1029 941 1106 996 Ex
1139 940 1279 996 illius
1304 949 1478 994 tamen
1508 937 1624 994 hare
1657 951 1776 992 esse

168 1034 446 1100 doctrina,
481 1034 572 1090 vel
599 1034 764 1090 etiam
802 1032 1154 1105 quorumdam
1198 1031 1461 1087 sociorum
1491 1029 1607 1099 ejus
1633 1029 1656 1060 ¹
1676 1069 1690 1090 ,
1721 1035 1776 1081 ει

168 1141 262 1180 nos
293 1139 600 1194 possumus
625 1123 894 1178 arbitrari.
922 1122 1052 1178 Nam
1084 1137 1255 1192 neque
1283 1121 1398 1177 istae
1425 1121 1617 1176 breves
1645 1116 1777 1173 deli-

165 1216 442 1282 nitioues,
483 1214 574 1271 vel
600 1215 780 1286 potius
806 1214 1267 1280 ratiocinationes,
1305 1213 1375 1268 ab
1408 1213 1551 1268 illius
1575 1211 1776 1266 abhor-

171 1315 284 1362 rent
300 1307 535 1377 ingenio
552 1321 568 1372 ;
587 1304 732 1376 quod
749 1305 801 1360 in
820 1319 979 1376 opere
995 1304 1097 1359 alio
1115 1305 1227 1375 ejus
1243 1290 1471 1374 inspein
1485 1304 1639 1373 cujus
1654 1317 1775 1357 eum

175 1404 531 1455 esseconstat
549 1404 826 1452 auctorem
852 1413 867 1451 :
899 1405 952 1451 et
978 1410 1081 1450 non
1105 1396 1298 1450 frustm
1321 1395 1450 1450 istos
1470 1393 1660 1449 fratres
1686 1392 1775 1462 qui

175 1487 286 1546 haec
310 1488 644 1552 attulerunt,
675 1489 729 1542 in
755 1486 930 1543 Sicilia
960 1486 1207 1542 existimo
1231 1486 1464 1552 audisse,
1493 1485 1632 1556 quod
1662 1485 1776 1554 ipse

175 1579 416 1637 docuerit
444 1580 554 1634 ista
572 1579 658 1634 vel
680 1578 972 1649 scripserit.
1005 1578 1205 1632 Vellem
1231 1586 1431 1642 autem,
1464 1577 1508 1632 si
1537 1591 1773 1646 possem,

177 1672 245 1726 ita
286 1672 684 1740 obtemperare
729 1678 921 1724 vesti-te
964 1668 1210 1724 fraterna:
1253 1668 1668 1730 benevolentize,
1721 1675 1779 1722 ut

181 1763 327 1818 etiam
357 1776 468 1832 ego
496 1769 610 1816 tam
640 1760 874 1816 breviter
900 1760 1297 1831 responderem.
1323 1759 1429 1815 Sed
1468 1759 1569 1814 nisi
1612 1770 1666 1814 et
1689 1759 1776 1814 illa

183 1868 604 1911 commemorem
628 1852 820 1922 quibus
840 1851 1158 1920 reSpondeo,
1178 1851 1297 1921 quis
1318 1849 1512 1922 poterit
1531 1851 1778 1922 quemad-

185 1945 388 1999 modum
416 1943 802 2014 responderim
826 1941 1100 2013 judicare?
1122 1941 1369 1998 Conabor
1392 1951 1586 2007 tamen,
1611 1959 1780 2014 quau-

186 2044 286 2089 tum
313 2035 574 2099 valuero,
618 2035 989 2105 adjuvantibus
1017 2049 1103 2090 me
1141 2034 1281 2104 apud
1326 2034 1535 2090 Domini
1564 2036 1777 2090 miseri-

183 2124 412 2180 cordiam
444 2125 619 2182 etiam
645 2125 973 2180 orationibus
1000 2125 1210 2191 vestris,
1242 2134 1300 2181 ut
1329 2141 1433 2182 non
1464 2127 1598 2182 ultra
1619 2144 1776 2199 quam

189 2231 398 2272 necesse
426 2227 518 2272 εει
546 2232 706 2273 meus
731 2233 909 2273 sermo
938 2226 1236 2288 procurrat.

248 2307 480 2366 CAPUT
504 2308 570 2362 ll.
590 2307 1020 2364 -—-Ratiocinatio
1037 2310 1222 2381 prima.
1236 2311 1364 2364 Ante
1378 2311 1566 2379 omnia,
1588 2312 1776 2384 inquit,

186 2400 585 2472 interrogandus
614 2408 686 2455 est
715 2401 800 2472 qui
836 2411 984 2474 negat
1021 2403 1272 2456 hominem
1300 2403 1408 2458 sine
1436 2414 1636 2474 peccato
1677 2423 1782 2461 esse

187 2508 346 2558 posse,
360 2491 494 2562 quid
514 2492 582 2545 sit
599 2493 947 2563 quodcumque
970 2501 1249 2563 peccatum,
1270 2493 1404 2563 quod
1427 2494 1575 2549 vitari
1594 2507 1777 2564 potest,

185 2598 244 2632 an
264 2582 408 2652 quod
432 2582 586 2636 vitari
605 2599 706 2636 non
730 2591 909 2654 potest.
926 2583 986 2638 Si
1004 2583 1140 2653 quod
1162 2584 1313 2638 vitari
1333 2602 1431 2639 non
1457 2595 1637 2657 potest,
1663 2605 1780 2658 pec-

182 2683 369 2725 catum
392 2691 495 2727 non
517 2684 585 2728 est
615 2690 636 2729 :
661 2674 708 2728 si
731 2674 865 2745 quod
890 2675 1034 2728 vitari
1071 2685 1266 2746 potest,
1300 2687 1462 2748 potest
1499 2678 1648 2731 homo
1675 2680 1784 2733 sine

183 2774 409 2833 peccato
431 2780 549 2833 esse,
567 2765 700 2836 quod
723 2766 868 2820 vitari
890 2775 1068 2837 potest.
1096 2765 1258 2821 Nulla
1283 2769 1416 2822 enim
1442 2769 1572 2823 ratio
1601 2770 1677 2824 vel
1689 2772 1785 2841 ju-

180 2854 328 2908 stitia
349 2855 544 2924 patitur
559 2855 736 2910 saltent
752 2857 856 2910 dici
873 2866 1148 2928 peccatum,
1163 2859 1296 2929 quod
1315 2860 1460 2914 vitari
1478 2862 1618 2916 nullo
1634 2864 1782 2918 modo

186 2955 373 3015 potest.
401 2946 808 3019 Respondemus
827 2949 984 3005 vitari
1012 2966 1168 3020 posse
1192 2962 1487 3021 peceatum,
1519 2955 1563 3009 si
1593 2966 1779 3010 natura

184 3036 374 3091 vitiata
390 3045 610 3092 sanetur
622 3039 790 3110 gratia
805 3039 896 3095 Dei
914 3055 1007 3110 per
1018 3039 1199 3098 Iesum
1212 3039 1478 3097 Christum
1496 3043 1780 3101 Dominum

184 3135 458 3182 nostrum.
488 3126 548 3183 ln
579 3137 780 3184 tantum
803 3131 945 3186 enim
971 3146 1099 3187 sana
1121 3149 1225 3188 non
1248 3142 1349 3202 est,
1373 3135 1424 3190 in
1450 3146 1703 3207 quantum
1730 3139 1781 3194 id

185 3219 328 3288 quod
355 3217 660 3276 faciendum
682 3231 786 3288 est,
808 3234 898 3278 aut
924 3224 1161 3280 excitate
1182 3240 1287 3280 non
1317 3226 1480 3294 videt,
1509 3237 1600 3283 aut
1625 3229 1780 3284 infir-

186 3310 378 3365 mitate
420 3326 530 3366 non
569 3310 790 3382 implet;
833 3312 959 3370 dum
998 3330 1124 3370 caro
1162 3317 1490 3388 concupiscit
1528 3320 1783 3376 adversus

183 3400 464 3469 spiritum,
497 3411 552 3457 et
578 3403 794 3473 spiritus
814 3403 1069 3461 adversus
1089 3423 1302 3463 carnem
1327 3426 1342 3476 ;
1375 3419 1432 3466 ut
1453 3425 1561 3466 non
1581 3427 1643 3466 ea
1664 3429 1783 3483 qua:

185 3495 289 3548 vult
325 3493 500 3548 homo
530 3493 683 3550 faciat
712 3494 908 3569 (Galat.
940 3512 1011 3564 γ,
1046 3498 1156 3570 17).

250 3583 613 3638 Ratiocinatio
640 3584 694 3639 2.
718 3583 915 3641 lterum
933 3588 1255 3658 quarendum
1276 3601 1366 3655 est,
1393 3591 1581 3664 inquit,
1600 3611 1781 3665 pecca-

184 3685 288 3727 mst
325 3675 623 3741 voluntatis,
657 3692 724 3730 an
766 3678 1073 3733 necessitatis
1098 3688 1189 3734 est.
1237 3681 1299 3736 Si
1327 3684 1630 3739 necessitatis
1671 3697 1743 3740 est
1764 3727 1781 3752 ,

185 3774 459 3832 peccatum
485 3781 585 3818 non
609 3774 681 3819 est
722 3781 741 3820 :
779 3767 824 3820 si
861 3767 1128 3822 voluntatis
1156 3781 1256 3837 est,
1286 3771 1435 3825 vitari
1459 3782 1639 3842 potest.
1675 3775 1785 3830 Rc-

184 3853 528 3924 spondemus
564 3854 703 3925 quod
742 3870 900 3927 supra
936 3875 949 3911 :
980 3865 1032 3912 et
1059 3866 1116 3913 ut
1146 3873 1433 3928 sanemur,
1477 3861 1784 3921 invocamus

181 3959 309 3998 eum
333 3986 357 4010 ,
412 3944 500 3998 cui
541 3944 733 4000 dicitur
759 3935 811 4001 in
855 3947 1066 4004 Psalmo
1090 3991 1104 4016 ,
1138 3948 1215 4004 De
1243 3953 1614 4009 necessitatibus
1662 3957 1785 4013 meis

184 4036 313 4088 sine
344 4049 433 4088 me
459 4031 630 4107 (Psal.
663 4051 791 4090 XXIV
812 4078 827 4104 ,
863 4037 976 4110 l7).

255 4125 618 4180 Ratiocinutio
645 4129 698 4182 '5.
728 4127 940 4195 Iterum,
970 4129 1158 4200 inquit,
1191 4135 1514 4200 quwrendum
1541 4146 1633 4206 est,
1662 4140 1785 4209 quid

184 4229 253 4274 est
277 4221 842 4290 peccatum,naturale,
872 4238 938 4276 an
965 4223 1216 4278 accidens.
1243 4223 1307 4280 Si
1331 4228 1582 4295 naturale,
1600 4247 1782 4300 pecca-

185 4321 296 4365 tum
321 4327 435 4364 non
461 4317 537 4363 est
555 4326 579 4365 :
602 4311 646 4365 si
671 4321 838 4366 autem
864 4312 1092 4368 accidens
1119 4323 1226 4381 est,
1257 4325 1306 4370 et
1333 4318 1561 4372 recedere
1585 4329 1784 4391 potest;

183 4412 227 4455 et
240 4401 396 4472 quod
411 4400 637 4455 recedere
657 4409 835 4473 potest,
851 4403 998 4457 vitari
1018 4413 1179 4474 potest
1193 4417 1269 4470 ;et
1285 4407 1419 4476 quod
1435 4409 1581 4462 vitari
1599 4421 1780 4481 potest,

183 4503 360 4565 potest
391 4493 542 4547 homo
570 4493 676 4547 sine
703 4510 760 4548 eo
787 4510 894 4549 esse
919 4495 1052 4566 quod
1082 4496 1226 4551 vitari
1255 4507 1433 4569 potest.
1470 4499 1783 4571 Responde-

244 4630 265 4662 ι
294 4635 441 4687 mm,
479 4631 594 4690 sunt
615 4627 741 4678 attint
775 4626 916 4679 nndti
937 4640 956 4679 :
977 4629 1214 4680 mendose
1235 4641 1292 4680 ac
1311 4632 1666 4687 reluctantibus
1687 4639 1788 4690 edi-

439 4689 793 4756 a‘ptiguioribus
809 4697 861 4740 et
881 4691 1104 4756 omnibus
1133 4695 1484 4756 manuscriptis.
1511 4701 1559 4744 In
1584 4689 1784 4756 epistola

185 4754 299 4818 151,
321 4749 394 4800 ad
417 4749 660 4810 Hilarium,
685 4750 828 4818 paulo
850 4759 964 4802 ante
999 4751 1089 4818 hoc
1109 4765 1232 4815 apus
1252 4749 1390 4818 data;
1404 4769 1452 4804 n.
1477 4756 1556 4818 22,
1576 4749 1657 4809 ubi
1681 4749 1786 4813 Cas:

183 4813 402 4863 testium
419 4824 478 4861 ac
493 4823 711 4860 errorum
735 4813 888 4877 ipsius
909 4826 937 4863 a
957 4813 1317 4877 carthaginensi
1341 4813 1787 4873 concilio'oondem.

183 4878 759 4949 ωὲίοιιςηινωεωοηξη
772 4876 956 4924 veritus
971 4889 1060 4949 ne
1079 4876 1201 4926 torte
1238 4878 1287 4927 in
1319 4879 1473 4949 sicilia
1497 4881 1600 4944 ipse
1632 4895 1782 4949 esset,

183 4940 270 5000 qui
297 4933 655 5000 catholicontm
698 4933 844 5000 tidem
873 4936 1165 5000 perturbare
1197 4946 1487 4989 conaretur:
1513 4933 1545 4987 ἰ
1566 4945 1656 4993 Sed
1679 4933 1784 4996 sive

190 4997 215 5045 ἑ
237 5001 363 5068 ipse
383 4997 463 5056 sit,
498 5011 522 5068 ξ
550 4997 633 5057 ait,
665 5015 689 5043 ι
709 4997 818 5047 sive
839 4997 920 5047 alii
951 5007 1202 5049 consortes
1240 5002 1353 5068 ejus
1381 5004 1593 5064 erroris;
1618 5006 1787 5068 plures

191 5078 213 5106 ι
239 5061 392 5109 enim
411 5067 526 5130 sunt
542 5071 687 5130 quam
708 5070 909 5130 sperare
922 5073 1191 5130 possumus,
1209 5069 1259 5130 et
1274 5061 1354 5111 ubi
1379 5076 1474 5112 non
1491 5061 1785 5130 redarguun-

188 5139 214 5167 ι
238 5129 349 5181 tur,
379 5121 523 5168 etiam
545 5118 667 5183 alios
683 5118 747 5168 ad
781 5118 1121 5171 suam'sectam
1143 5118 1403 5183 seducunt,
1423 5133 1476 5174 et
1498 5125 1567 5176 sic
1583 5118 1784 5180 cr'ébre-

180 5189 360 5246 seum,
387 5189 441 5231 ut
461 5182 676 5232 nesciam
690 5194 791 5246 quo
807 5183 904 5246 sint
925 5185 1158 5246 erupturi,
1183 5199 1207 5230 ι
1233 5193 1328 5236 etc.

251 5247 274 5276 ί
400 5256 572 5293 «nues
593 5244 924 5312 manuscripti.
968 5244 1029 5312 _At
1063 5245 1200 5305 editi,
1222 5252 1509 5312 sectatorum
1528 5249 1651 5312 ejus.
1685 5259 1784 5304 non

182 5304 538 5374 uulgariter,
565 5305 760 5368 quando
773 5304 1044 5374 .Cdalestius
1073 5304 1311 5374 evaSerat
1327 5325 1349 5353 ι
1359 5310 1459 5371 jam
1481 5304 1711 5374 magister
1733 5320 1784 5364 et

189 5387 214 5413 ι
239 5369 406 5438 totius
423 5366 602 5438 ductor
617 5367 884 5438 exemita.
907 5383 930 5412 ι
958 5366 1587 5438 litjoqulturttiet‘onymus’
1598 5375 1646 5423 in
1670 5376 1777 5438 epi-

181 5431 318 5479 stola
347 5428 408 5477 ad
429 5427 793 5492 Ctesiphontem
815 5440 942 5478 anno
957 5428 1048 5478 413
1066 5427 1150 5479 aut
1165 5430 1256 5479 414
1277 5427 1470 5494 scripta.

1044 373 1133 430 DE
1173 367 1646 429 PERFECTIONE
1684 366 2013 425 JUSTITIE
2053 363 2328 426 ιιοωΝιε
2364 369 2587 428 LIBER.

3364 380 3470 438 ΞΜ

1882 487 2000 544 tur,
2046 482 2287 538 naturale
2331 497 2439 539 non
2485 499 2605 541 esse
2652 495 2962 557 peccatum:
3009 491 3104 549 sed
3154 495 3172 528 ⁸
3225 507 3466 572 natura},

1883 573 2176 640 prscsertim
2220 574 2446 643 vitiata),
2477 579 2616 635 unde
2648 572 2767 636 facti
2801 599 2985 642 sumus
3022 599 3209 649 natura
3237 595 3331 651 filii
3373 599 3467 655 ira:

1883 660 2094 730 (Ephes.
2125 679 2192 728 ιι,
2222 663 2307 736 5),
2340 682 2524 737 parum
2555 685 2674 727 esse
2702 673 2766 728 ad
2797 691 2898 732 non
2927 683 3251 748 peccandum
3281 691 3469 746 volun-

1881 751 2006 852 t-atis
2047 754 2353 821 arbitrium,
2402 758 2502 813 nisi
2545 761 2720 832 adjuta
2761 779 2978 825 sanetur
3021 773 3187 844 gratia
3233 777 3325 835 Dei
3373 797 3470 852 per

1881 840 2060 897 Jesum
2091 844 2357 902 Christum
2389 851 2668 910 Dominum
2704 870 2966 917 nostrum.

1954 929 2296 990 Ratiocinatio
2325 938 2376 993 4.
2413 937 2621 1009 lterum,
2649 945 2742 1014 ait,
2773 953 3097 1018 quwrendum
3124 969 3215 1026 est,
3241 963 3365 1030 quid
3390 976 3464 1022 est

1880 1033 2162 1090 peccatum;
2185 1037 2344 1094 actus,
2374 1046 2441 1084 att
2461 1049 2556 1087 res.
2586 1033 2647 1090 Si
2674 1054 2752 1092 res
2778 1050 2864 1106 est,
2896 1055 3148 1102 auctorem
3179 1051 3357 1108 habeat
3383 1073 3463 1112 ne-

1881 1129 2015 1217 cesse
2036 1126 2146 1181 est;
2172 1127 2218 1217 et
2237 1121 2282 1173 si
2299 1133 2554 1179 auctorem
2575 1129 2755 1186 habere
2774 1133 2976 1200 dicitur,
2999 1139 3112 1209 jam
3135 1143 3264 1198 alter
3283 1160 3464 1217 pra'ter

1881 1202 2043 1258 Deum
2064 1209 2137 1260 rei
2153 1209 2368 1282 alicujus
2392 1225 2569 1270 auctor
2586 1218 2760 1275 induci
2778 1202 3021 1281 videbitur
3043 1247 3062 1282 :
3089 1241 3140 1284 at
3168 1235 3212 1287 si
3240 1202 3334 1290 [the
3362 1239 3465 1294 dici

1880 1294 2090 1365 impium
2120 1311 2210 1368 est,
2243 1306 2469 1373 conﬁteri
2492 1325 2689 1367 necesse
2713 1325 2783 1368 est
2809 1332 3066 1386 peccatum
3107 1342 3254 1382 omne
3290 1341 3460 1386 aetum

1879 1403 2017 1455 esse,
2050 1407 2151 1445 non
2177 1410 2300 1449 rem.
2335 1397 2397 1452 Si
2419 1399 2575 1471 igitur
2601 1415 2743 1460 actus
2769 1420 2874 1477 est,
2907 1412 3008 1466 imo
3032 1418 3150 1486 quia
3186 1436 3297 1476 vere
3323 1434 3464 1480 actus

1881 1487 1986 1545 est,
2024 1482 2169 1584 vitari
2207 1493 2388 1555 potest.
2435 1491 2872 1567 Respondemus,
2922 1482 3197 1574 peccatum
3247 1515 3462 1584 quidem

1880 1579 2056 1678 actum
2095 1575 2198 1631 dici
2229 1588 2282 1633 et
2309 1596 2428 1637 esse
2448 1624 2462 1650 ,
2493 1600 2596 1640 non
2628 1605 2760 1644 rem.
2794 1592 2898 1650 Sed
2924 1599 3082 1655 etiam
3109 1603 3130 1633 ³
3157 1604 3210 1658 in
3238 1575 3464 1678 corpore

1881 1659 2194 1720 claudicatio
2216 1670 2400 1726 eadem
2425 1677 2626 1732 ratione
2646 1690 2795 1737 actus
2812 1693 2914 1752 est,
2934 1704 3039 1744 non
3061 1707 3146 1747 res
3168 1711 3180 1748 :
3210 1659 3463 1766 quoriiam

1881 1765 2002 1854 res,
2031 1769 2122 1822 pes
2152 1757 2265 1827 ipse
2296 1763 2379 1817 vel
2422 1781 2616 1836 corpus
2657 1772 2740 1825 vel
2772 1773 2932 1830 homo
2957 1789 3065 1847 est,
3094 1784 3183 1852 qui
3221 1757 3358 1854 pede
3383 1793 3466 1846 vi-

1883 1843 2011 1938 tiato
2034 1847 2331 1919 claudicat;
2362 1871 2458 1911 nec
2487 1867 2659 1916 tamen
2687 1864 2853 1922 vitare
2879 1843 3061 1938 potest:
3081 1843 3240 1930 homd
3265 1843 3468 1937 claudi-

1882 1937 2165 2034 cntionem,
2195 1945 2294 2000 nisi
2325 1947 2516 2005 habeat
2540 1963 2780 2011 sanatum
2811 1937 3019 2029 pedem.
3052 1965 3204 2034 Quod
3231 1971 3389 2028 etiam
3413 1975 3466 2030 in

1884 2025 2136 2130 interiore
2159 2032 2372 2093 homine
2398 2039 2510 2094 fieri
2532 2054 2727 2114 potest,
2748 2025 2841 2104 sed
2862 2047 3027 2122 gratia
3051 2025 3141 2113 Dei
3163 2025 3467 2130 per

1881 2117 2150 2228 Christum
2181 2127 2458 2186 Dominum
2491 2147 2750 2194 nostrum.
2797 2117 2970 2213 Ipsum
3001 2163 3129 2206 sane
3150 2117 3339 2212 vitium
3358 2175 3468 2228 quo

1883 2209 2142 2270 claudicat
2172 2216 2350 2287 homo,
2379 2239 2478 2279 nec
2506 2242 2602 2297 pes
2627 2239 2708 2284 est
2727 2273 2742 2296 ,
2772 2249 2870 2289 nec
2898 2251 3089 2309 corpus
3110 2283 3125 2310 ,
3157 2260 3255 2300 nec
3284 2209 3466 2317 homo,

1885 2316 1990 2404 nec
2015 2305 2124 2374 ipsa
2152 2308 2502 2382 claudicatio;
2530 2333 2646 2388 qua:
2673 2323 2854 2394 utique
2883 2305 3089 2386 nonvest
3110 2305 3333 2404 quando
3359 2305 3469 2396 non

1885 2393 2118 2488 ambulat
2142 2440 2157 2460 .
2190 2417 2310 2456 cum
2343 2412 2517 2462 tamen
2549 2410 2674 2465 insit
2707 2393 2888 2470 vitium
2919 2434 3026 2488 quo
3057 2393 3472 2487 fit-claudicatio

1885 2487 2098 2555 quando
2124 2491 2377 2549 ambulat.
2413 2498 2626 2565 Quzrerat
2659 2520 2785 2575 ergo
2817 2487 2956 2578 quod
2987 2514 3162 2572 eidem
3205 2520 3336 2578 vitio
3369 2538 3470 2579 no-

1886 2589 2008 2680 men
2037 2579 2300 2653 imponat,
2328 2595 2503 2644 utrum
2531 2607 2645 2646 rem
2675 2595 2800 2650 velit
2823 2598 3037 2672 dicere,
3068 2621 3136 2660 an
3162 2619 3370 2680 actum,
3401 2629 3470 2670 an

1887 2669 1966 2724 rei
2012 2673 2190 2743 potius
2233 2678 2537 2747 qualitatem
2588 2685 2814 2753 malam,
2865 2706 2967 2762 qua
3015 2669 3269 2754 deformis
3309 2669 3472 2762 Iactus

1886 2762 2085 2817 existit.
2115 2763 2203 2820 Sic
2229 2778 2280 2821 et
2310 2768 2363 2822 in
2389 2767 2604 2828 homine
2630 2774 2882 2834 interiore
2907 2783 3114 2841 animus
3139 2803 3224 2844 res
3250 2801 3330 2858 est
3347 2835 3362 2858 ,
3387 2810 3472 2850 ra-

1888 2851 2009 2922 pina
2051 2865 2199 2909 actus
2228 2866 2342 2924 est,
2380 2863 2599 2918 avaritia
2627 2865 2812 2924 vitium
2859 2882 2976 2939 est;
3012 2874 3063 2929 id
3103 2887 3216 2947 est,
3241 2851 3473 2952 qualitas

1887 2945 2176 3000 secundum
2213 2963 2371 3020 quam
2417 2953 2590 3010 malus
2631 2966 2712 3012 est
2757 2960 3002 3030 animus,
3048 2945 3208 3024 etiam
3257 2945 3472 3042 quando

1887 3035 2017 3135 nihil
2057 3037 2163 3108 agit
2201 3040 2336 3096 unde
2368 3045 2604 3101 avaritia:
2642 3063 2755 3104 sua:
2793 3043 3017 3124 serviat,
3058 3059 3218 3116 etiam
3257 3035 3472 3135 quando

1886 3125 2071 3195 audit,
2103 3127 2224 3184 Non
2265 3136 2586 3203 concupisces
2624 3138 2814 3211 (Exod.
2847 3161 2954 3212 xx,
2991 3149 3102 3220 l7),
3135 3125 3300 3225 seque
3337 3158 3476 3216 vitu.

1887 3233 2075 3292 perat,
2109 3236 2161 3280 et
2193 3235 2367 3284 tamen
2395 3244 2587 3288 avarus
2614 3247 2794 3293 manet
2819 3256 2833 3293 :
2873 3241 2966 3296 sed
2995 3259 3089 3312 per
3113 3245 3272 3304 fidem
3310 3267 3474 3308 reno-

1888 3325 2060 3383 vatur,
2089 3317 2138 3370 id
2167 3326 2248 3372 est
2271 3329 2508 3389 sanatur,
2537 3323 2602 3378 de
2627 3325 2711 3382 die
2742 3327 2792 3381 in
2821 3329 2961 3384 diem
2994 3333 3058 3404 (ll
3090 3333 3209 3390 Cor.
3235 3355 3306 3404 tv,
3340 3343 3433 3414 16)
3453 3385 3471 3411 ,

1888 3419 1987 3460 nec
2018 3416 2194 3463 tamen
2224 3409 2322 3465 nisi
2347 3414 2512 3483 gratia
2544 3414 2636 3470 Dei
2661 3432 2758 3488 per
2779 3417 2960 3476 Jesum
2988 3422 3258 3484 Christum
3287 3409 3472 3490 Domi;

1888 3511 2016 3551 num
2045 3509 2307 3556 nostrum.

1957 3587 2184 3680 CAPUT
2212 3589 2299 3646 lll.
2329 3623 2392 3632 —
2418 3593 2756 3653 Ratiocinatio
2783 3601 2837 3656 5.
2869 3600 3086 3672 lterum,
3115 3607 3303 3680 inquit,
3333 3629 3473 3679 qut:-

1887 3678 2098 3732 rendum
2111 3689 2441 3748 est,utrumne
2452 3683 2623 3740 debeat
2636 3688 2784 3743 homo
2799 3691 2904 3747 sine
2919 3705 3124 3764 peccato
3140 3678 3264 3754 esse.
3282 3678 3473 3760 Procul

1889 3766 2042 3824 dubio
2057 3769 2218 3825 debet.
2241 3771 2478 3842 Sidebct,
2507 3781 2764 3847 potest:si
2791 3799 2892 3838 non
2921 3796 3098 3856 potest,
3129 3807 3248 3863 ergo
3273 3810 3364 3864 nec
3378 3795 3473 3852 dc-

1889 3857 1984 3913 bet.
2019 3859 2084 3944 Et
2111 3861 2156 3914 si
2184 3879 2284 3916 non
2310 3863 2449 3919 debet
2475 3867 2622 3923 homo
2649 3886 2755 3925 esse
2780 3873 2890 3929 sine
2920 3889 3126 3949 peccato
3145 3921 3160 3949 ,
3183 3857 3331 3954 debel
3351 3901 3472 3957 ergo

1889 3966 2000 4003 cum
2017 3961 2218 4022 peccato
2241 3969 2368 4020 esse;
2384 3966 2428 4010 et
2443 3956 2556 4026 jam
2576 3971 2834 4032 peccatum
2848 3967 2949 4021 non
2967 3969 3079 4038 erit,
3098 3971 3141 4040 si
3157 3971 3285 4036 illud
3307 3956 3475 4042 deberi

1889 4042 2160 4096 constiterit
2187 4042 2228 4097 ⁸.
2256 4043 2358 4099 Aut
2381 4045 2426 4100 si
2453 4047 2547 4102 Itoc
2570 4055 2718 4106 etiam
2746 4055 2845 4108 dici
2864 4057 3135 4115 absurdum
3173 4074 3246 4118 est
3264 4104 3280 4134 ,
3308 4068 3474 4137 conﬁ-

1891 4133 1983 4186 teri
2011 4151 2207 4188 nccesse
2244 4147 2351 4203 est,
2383 4137 2560 4194 debere
2597 4141 2850 4200 hominem
2885 4148 2992 4204 sine
3030 4153 3233 4223 peccato
3259 4133 3475 4236 esse,“

1889 4235 2082 4280 constat
2106 4245 2218 4281 eum
2245 4246 2343 4282 non
2367 4231 2509 4285 aliud
2529 4233 2704 4291 debere
2725 4255 2875 4308 quam
2896 4252 3076 4311 potest.
3104 4231 3476 4318 Respondetur

1889 4318 2076 4374 eadem
2111 4319 2475 4391 similitudine,
2521 4343 2626 4397 qua
2652 4331 2895 4399 superius
2926 4334 3038 4406 jam
3079 4342 3471 4410 respondimus.

1888 4410 2021 4468 Cum
2047 4412 2188 4467 enim
2218 4414 2456 4470 videmus
2482 4418 2749 4488 claudum,
2778 4424 2865 4493 qui
2893 4427 3070 4482 sanari
3092 4439 3296 4499 potest,
3328 4445 3474 4492 recte

1890 4505 2072 4576 utique
2101 4504 2353 4572 dicimus,
2388 4507 2551 4564 Debet
2579 4510 2737 4565 homo
2761 4512 2863 4568 iste
2890 4531 3011 4572 esse
3052 4518 3167 4575 sine
3202 4521 3473 4580 claudica-

1891 4596 2068 4662 tione;
2101 4605 2154 4651 ct
2173 4596 2216 4650 si
2241 4596 2418 4663 debet,
2448 4608 2637 4668 potest.
2667 4601 2771 4656 Nec
2801 4613 2975 4662 tamen
3002 4623 3120 4664 eum
3144 4612 3273 4677 vult,
3300 4616 3472 4670 conti-

1890 4703 1996 4743 nuo
2017 4695 2222 4758 potest;
2252 4688 2342 4742 sed
2365 4705 2483 4742 eum
2506 4689 2662 4746 fuerit
2687 4693 2914 4750 adhibita
2942 4701 3212 4758 curatione
3234 4713 3470 4772 sanatus,

1890 4784 1944 4831 et
1970 4775 2226 4831 medicina
2253 4778 2515 4848 adjuverit
2542 4781 2884 4840 voluntatem.
2913 4787 3023 4844 lloe
3059 4791 3186 4848 lititt
3216 4793 3471 4862 interiore

1891 4866 2126 4935 homine,
2153 4869 2292 4939 quod
2317 4868 2381 4925 ad
2408 4883 2683 4941 peccatum
2712 4875 2904 4934 attinet
2924 4888 3172 4952 tanquam
3191 4885 3309 4955 ejus
3328 4890 3475 4946 clau-

1953 5067 2248 5151 ‘uaditiones
2280 5071 2576 5151 posteriores
2610 5071 2981 5151 hicnaddebant,
3006 5080 3272 5151 accidens:
3303 5088 3472 5151 sicque

1887 5129 2604 5205 genhrmato”alio’superiorum
2639 5135 2904 5205 editionum
2944 5129 3273 5205 εἰτείόξῦὧι,
3300 5129 3474 5202 ἶπεῖῖιίἶῆ

1887 5189 2130 5280 filiini'rﬁj
2151 5185 2689 5280 (fere-liapn'tzpar‘nmque
2709 5209 2815 5249 esse
2834 5198 2900 5249 ad
2922 5185 3377 5267 nominatus:
3385 5185 3473 5262 21.3.?

1887 5259 2124 5316 stigantur
2150 5266 2214 5302 ex
2237 5259 2522 5316 auctoritate
2545 5261 2650 5305 Mss.

1952 5317 1972 5346 ³
2005 5312 2180 5376 Belgici
2194 5321 2339 5376 Mss,
2356 5313 2478 5365 sicut
2502 5315 2662 5366 etiam.

1951 5376 1974 5409 ³
2006 5373 2136 5444 Iovi,
2159 5373 2344 5444 siillncl
2365 5377 2528 5444 haberi
2551 5377 2727 5444 debere
2763 5381 3043 5435 constiterit.
3082 5394 3136 5436 At
3173 5396 3272 5438 Am.
3297 5397 3370 5440 Er.
3416 5401 3469 5444 ct

1887 5443 1971 5488 Its.
1993 5437 2295 5487 Colbertinus
2315 5437 2514 5504 habent,
2540 5439 2738 5504 deberi;
2763 5446 2956 5508 οωὶεδο,
2977 5445 3165 5517 haberi.

180 5545 234 5622 ἓξ
257 5535 3092 5622 9.91%mimi}2225:“‘2.2?.E'1E92“93£?991Wﬁllnsitngﬁesssltsémr.t‘ir’edimmnGistmiensis
3106 5554 3309 5622 eum
3329 5558 3470 5622 duos.

182 5607 242 5650 et
261 5599 633 5648 Corbeiensem.
653 5595 959 5648 'coutulimus
979 5597 1123 5648 etiam
1155 5599 1397 5649 variantes
1429 5595 1666 5652 lectiones
1689 5603 1984 5666 Bolgicorum
2005 5595 2210 5668 quatuor
2232 5595 2688 5670 manusu'iptorum;
2707 5595 3470 5684 a'ntiquas—re—r-o'c—(‘liwtihiits‘

194 5671 274 5684 ..-
321 5666 384 5684 ι·-
427 5667 471 5684 ...
498 5668 511 5684 .
529 5673 589 5684 η..

187 5671 293 5710 sm.
321 5666 400 5709 Et.
425 5667 475 5710 et
497 5668 607 5710 ως.

235 5744 766 5825 Comparavimtts
790 5748 1093 5822 praeterea
1123 5762 1222 5806 eas
1255 5763 1454 5807 omnes
1477 5743 1774 5808 editiones
1805 5747 1991 5811 initio
2025 5747 2608 5828 Retractatiouum,
2641 5761 2784 5816 tom.
2813 5755 2868 5830 1,
2900 5767 3287 5826 memoratas.
3338 5763 3405 5825 M
