  <div class='ocr_page' id='page_1' title='image "/cluster/home/n/w/nwhite01/storage/ocr_20150623/44/hvd.32044015706336/153.png"; bbox 0 0 3996 6466; ppageno 0'>
   <div class='ocr_carea' id='block_1_1' title="bbox 592 425 2170 499">
    <p class='ocr_par' dir='ltr' id='par_1_1' title="bbox 592 425 2170 499">
     <span class='ocr_line' id='line_1_1' title="bbox 592 425 2170 499; baseline -0.001 -16"><span class='ocrx_word' id='word_1_1' title='bbox 592 427 913 490; x_wconf 82' lang='lat' dir='ltr'><strong>dicationem</strong></span> <span class='ocrx_word' id='word_1_2' title='bbox 940 427 980 496; x_wconf 75' lang='grc' dir='ltr'><strong>ί,</strong></span> <span class='ocrx_word' id='word_1_3' title='bbox 1006 442 1102 498; x_wconf 84' lang='lat' dir='ltr'><strong>per</strong></span> <span class='ocrx_word' id='word_1_4' title='bbox 1135 425 1250 497; x_wconf 82' lang='lat' dir='ltr'><strong>ejus</strong></span> <span class='ocrx_word' id='word_1_5' title='bbox 1283 426 1508 499; x_wconf 78' lang='lat' dir='ltr'><strong>gratiam</strong></span> <span class='ocrx_word' id='word_1_6' title='bbox 1543 425 1633 497; x_wconf 87' lang='lat' dir='ltr'><strong>qui</strong></span> <span class='ocrx_word' id='word_1_7' title='bbox 1662 427 1807 482; x_wconf 88' lang='lat' dir='ltr'><strong>venit</strong></span> <span class='ocrx_word' id='word_1_8' title='bbox 1831 442 1936 482; x_wconf 88' lang='lat' dir='ltr'><strong>non</strong></span> <span class='ocrx_word' id='word_1_9' title='bbox 1976 442 2170 482; x_wconf 85' lang='lat' dir='ltr'><strong>vocare</strong></span> 
     </span>
    </p>
   </div>
   <div class='ocr_carea' id='block_1_2' title="bbox 590 516 2170 591">
    <p class='ocr_par' dir='ltr' id='par_1_2' title="bbox 590 516 2170 591">
     <span class='ocr_line' id='line_1_2' title="bbox 590 516 2170 591; baseline 0.001 -20"><span class='ocrx_word' id='word_1_10' title='bbox 590 517 782 591; x_wconf 73' lang='lat' dir='ltr'><strong>iustos,</strong></span> <span class='ocrx_word' id='word_1_11' title='bbox 810 517 902 573; x_wconf 86' lang='lat' dir='ltr'><strong>sed</strong></span> <span class='ocrx_word' id='word_1_12' title='bbox 931 527 1266 587; x_wconf 85' lang='lat' dir='ltr'><strong>peccatores;</strong></span> <span class='ocrx_word' id='word_1_13' title='bbox 1294 516 1415 588; x_wconf 89' lang='lat' dir='ltr'><strong>quia</strong></span> <span class='ocrx_word' id='word_1_14' title='bbox 1441 531 1548 572; x_wconf 90' lang='lat' dir='ltr'><strong>non</strong></span> <span class='ocrx_word' id='word_1_15' title='bbox 1571 525 1654 572; x_wconf 83' lang='lat' dir='ltr'><strong>est</strong></span> <span class='ocrx_word' id='word_1_16' title='bbox 1675 531 1810 587; x_wconf 87' lang='lat' dir='ltr'><strong>opus</strong></span> <span class='ocrx_word' id='word_1_17' title='bbox 1832 517 1975 572; x_wconf 87' lang='lat' dir='ltr'><strong>sanis</strong></span> <span class='ocrx_word' id='word_1_18' title='bbox 1998 516 2170 573; x_wconf 87' lang='lat' dir='ltr'><strong>medi-</strong></span> 
     </span>
    </p>
   </div>
   <div class='ocr_carea' id='block_1_3' title="bbox 592 605 1988 679">
    <p class='ocr_par' dir='ltr' id='par_1_3' title="bbox 592 605 1988 679">
     <span class='ocr_line' id='line_1_3' title="bbox 592 605 1988 679; baseline -0.002 -17"><span class='ocrx_word' id='word_1_19' title='bbox 592 622 718 672; x_wconf 87' lang='lat' dir='ltr'><strong>cus,</strong></span> <span class='ocrx_word' id='word_1_20' title='bbox 748 607 838 662; x_wconf 90' lang='lat' dir='ltr'><strong>sed</strong></span> <span class='ocrx_word' id='word_1_21' title='bbox 869 607 1005 662; x_wconf 85' lang='lat' dir='ltr'><strong>male</strong></span> <span class='ocrx_word' id='word_1_22' title='bbox 1031 605 1368 662; x_wconf 75' lang='lat' dir='ltr'><strong>habentibus.</strong></span> <span class='ocrx_word' id='word_1_23' title='bbox 1393 605 1604 678; x_wconf 71' lang='lat' dir='ltr'><strong>(Matth.</strong></span> <span class='ocrx_word' id='word_1_24' title='bbox 1634 622 1723 675; x_wconf 79' lang='lat' dir='ltr'><strong>1x,</strong></span> <span class='ocrx_word' id='word_1_25' title='bbox 1754 608 1838 671; x_wconf 73' lang='lat' dir='ltr'><strong>l5,</strong></span> <span class='ocrx_word' id='word_1_26' title='bbox 1876 605 1988 679; x_wconf 72' lang='lat' dir='ltr'><strong>i2).</strong></span> 
     </span>
    </p>
   </div>
   <div class='ocr_carea' id='block_1_4' title="bbox 668 694 2168 768">
    <p class='ocr_par' dir='ltr' id='par_1_4' title="bbox 668 694 2168 768">
     <span class='ocr_line' id='line_1_4' title="bbox 668 694 2168 768; baseline -0.001 -18"><span class='ocrx_word' id='word_1_27' title='bbox 668 696 1003 752; x_wconf 81' lang='lat' dir='ltr'><strong>llatiocinatio</strong></span> <span class='ocrx_word' id='word_1_28' title='bbox 1029 696 1083 751; x_wconf 88' lang='lat'><strong>6.</strong></span> <span class='ocrx_word' id='word_1_29' title='bbox 1112 694 1139 749; x_wconf 91' lang='grc'><em>1</em></span> <span class='ocrx_word' id='word_1_30' title='bbox 1146 705 1325 764; x_wconf 89' lang='lat' dir='ltr'><strong>terum,</strong></span> <span class='ocrx_word' id='word_1_31' title='bbox 1345 696 1440 762; x_wconf 86' lang='lat' dir='ltr'><strong>ait,</strong></span> <span class='ocrx_word' id='word_1_32' title='bbox 1462 695 1782 768; x_wconf 63' lang='lat' dir='ltr'><strong>quamdam</strong></span> <span class='ocrx_word' id='word_1_33' title='bbox 1807 706 1882 750; x_wconf 89' lang='lat' dir='ltr'><strong>est</strong></span> <span class='ocrx_word' id='word_1_34' title='bbox 1899 735 1915 762; x_wconf 94' lang='lat'><strong>,</strong></span> <span class='ocrx_word' id='word_1_35' title='bbox 1937 705 2168 750; x_wconf 83' lang='lat' dir='ltr'><strong>utrumne</strong></span> 
     </span>
    </p>
   </div>
   <div class='ocr_carea' id='block_1_5' title="bbox 595 787 2166 858">
    <p class='ocr_par' dir='ltr' id='par_1_5' title="bbox 595 787 2166 858">
     <span class='ocr_line' id='line_1_5' title="bbox 595 787 2166 858; baseline 0 -18"><span class='ocrx_word' id='word_1_36' title='bbox 595 798 895 858; x_wconf 65' lang='lat' dir='ltr'><strong>praceptum</strong></span> <span class='ocrx_word' id='word_1_37' title='bbox 933 787 998 842; x_wconf 89' lang='lat' dir='ltr'><strong>sit</strong></span> <span class='ocrx_word' id='word_1_38' title='bbox 1037 787 1228 841; x_wconf 81' lang='lat' dir='ltr'><strong>homini</strong></span> <span class='ocrx_word' id='word_1_39' title='bbox 1260 788 1370 842; x_wconf 89' lang='lat' dir='ltr'><strong>sine</strong></span> <span class='ocrx_word' id='word_1_40' title='bbox 1399 797 1600 858; x_wconf 85' lang='lat' dir='ltr'><strong>peccato</strong></span> <span class='ocrx_word' id='word_1_41' title='bbox 1624 804 1750 842; x_wconf 88' lang='lat' dir='ltr'><strong>esse.</strong></span> <span class='ocrx_word' id='word_1_42' title='bbox 1781 791 1880 841; x_wconf 84' lang='lat' dir='ltr'><strong>Aut</strong></span> <span class='ocrx_word' id='word_1_43' title='bbox 1905 788 2037 841; x_wconf 87' lang='lat' dir='ltr'><strong>enim</strong></span> <span class='ocrx_word' id='word_1_44' title='bbox 2065 803 2166 841; x_wconf 87' lang='lat' dir='ltr'><strong>non</strong></span> 
     </span>
    </p>
   </div>
   <div class='ocr_carea' id='block_1_6' title="bbox 591 878 2162 949">
    <p class='ocr_par' dir='ltr' id='par_1_6' title="bbox 591 878 2162 949">
     <span class='ocr_line' id='line_1_6' title="bbox 591 878 2162 949; baseline 0 -19"><span class='ocrx_word' id='word_1_45' title='bbox 591 886 778 948; x_wconf 89' lang='lat' dir='ltr'><strong>potest,</strong></span> <span class='ocrx_word' id='word_1_46' title='bbox 804 885 852 930; x_wconf 89' lang='lat' dir='ltr'><strong>et</strong></span> <span class='ocrx_word' id='word_1_47' title='bbox 879 886 1185 949; x_wconf 78' lang='lat' dir='ltr'><strong>prtvceptunt</strong></span> <span class='ocrx_word' id='word_1_48' title='bbox 1204 895 1307 931; x_wconf 85' lang='lat' dir='ltr'><strong>non</strong></span> <span class='ocrx_word' id='word_1_49' title='bbox 1324 888 1396 932; x_wconf 86' lang='lat' dir='ltr'><strong>est</strong></span> <span class='ocrx_word' id='word_1_50' title='bbox 1422 893 1442 932; x_wconf 89' lang='lat'><strong><em>:</em></strong></span> <span class='ocrx_word' id='word_1_51' title='bbox 1469 887 1559 932; x_wconf 86' lang='lat' dir='ltr'><strong>aut</strong></span> <span class='ocrx_word' id='word_1_52' title='bbox 1583 878 1701 948; x_wconf 84' lang='lat' dir='ltr'><strong>quia</strong></span> <span class='ocrx_word' id='word_1_53' title='bbox 1730 889 2034 948; x_wconf 79' lang='lat' dir='ltr'><strong>prwceptunt</strong></span> <span class='ocrx_word' id='word_1_54' title='bbox 2057 886 2162 944; x_wconf 87' lang='lat' dir='ltr'><strong>est,</strong></span> 
     </span>
    </p>
   </div>
   <div class='ocr_carea' id='block_1_7' title="bbox 589 967 2164 1040">
    <p class='ocr_par' dir='ltr' id='par_1_7' title="bbox 589 967 2164 1040">
     <span class='ocr_line' id='line_1_7' title="bbox 589 967 2164 1040; baseline 0.001 -20"><span class='ocrx_word' id='word_1_55' title='bbox 589 976 767 1040; x_wconf 79' lang='lat' dir='ltr'><strong>potest.</strong></span> <span class='ocrx_word' id='word_1_56' title='bbox 802 967 940 1021; x_wconf 86' lang='lat' dir='ltr'><strong>Nam</strong></span> <span class='ocrx_word' id='word_1_57' title='bbox 967 968 1087 1039; x_wconf 84' lang='lat' dir='ltr'><strong>quid</strong></span> <span class='ocrx_word' id='word_1_58' title='bbox 1109 970 1467 1039; x_wconf 72' lang='lat' dir='ltr'><strong>prwciperetur</strong></span> <span class='ocrx_word' id='word_1_59' title='bbox 1487 1011 1503 1036; x_wconf 94' lang='lat'><strong>,</strong></span> <span class='ocrx_word' id='word_1_60' title='bbox 1541 969 1674 1040; x_wconf 83' lang='lat' dir='ltr'><strong>quod</strong></span> <span class='ocrx_word' id='word_1_61' title='bbox 1697 970 1808 1038; x_wconf 77' lang='lat' dir='ltr'><strong>ﬁeri</strong></span> <span class='ocrx_word' id='word_1_62' title='bbox 1833 968 2036 1022; x_wconf 81' lang='lat' dir='ltr'><strong><em>omnino</em></strong></span> <span class='ocrx_word' id='word_1_63' title='bbox 2063 985 2164 1022; x_wconf 87' lang='lat' dir='ltr'><strong>non</strong></span> 
     </span>
    </p>
   </div>
   <div class='ocr_carea' id='block_1_8' title="bbox 590 1057 2165 1128">
    <p class='ocr_par' dir='ltr' id='par_1_8' title="bbox 590 1057 2165 1128">
     <span class='ocr_line' id='line_1_8' title="bbox 590 1057 2165 1128; baseline 0.001 -20"><span class='ocrx_word' id='word_1_64' title='bbox 590 1058 795 1125; x_wconf 81' lang='lat' dir='ltr'><strong>posset?</strong></span> <span class='ocrx_word' id='word_1_65' title='bbox 825 1057 1211 1128; x_wconf 79' lang='lat' dir='ltr'><strong>Respondetur,</strong></span> <span class='ocrx_word' id='word_1_66' title='bbox 1233 1058 1623 1113; x_wconf 88' lang='lat' dir='ltr'><strong>consultissime</strong></span> <span class='ocrx_word' id='word_1_67' title='bbox 1647 1057 1845 1112; x_wconf 84' lang='lat' dir='ltr'><strong>homini</strong></span> <span class='ocrx_word' id='word_1_68' title='bbox 1871 1057 2084 1128; x_wconf 65' lang='lat' dir='ltr'><strong>praecipi</strong></span> <span class='ocrx_word' id='word_1_69' title='bbox 2107 1063 2165 1110; x_wconf 88' lang='lat' dir='ltr'><strong>ut</strong></span> 
     </span>
    </p>
   </div>
   <div class='ocr_carea' id='block_1_9' title="bbox 586 1147 2164 1219">
    <p class='ocr_par' dir='ltr' id='par_1_9' title="bbox 586 1147 2164 1219">
     <span class='ocr_line' id='line_1_9' title="bbox 586 1147 2164 1219; baseline 0.001 -18"><span class='ocrx_word' id='word_1_70' title='bbox 586 1149 747 1202; x_wconf 89' lang='lat' dir='ltr'><strong>rectis</strong></span> <span class='ocrx_word' id='word_1_71' title='bbox 766 1149 1005 1217; x_wconf 74' lang='lat' dir='ltr'><strong>passibus</strong></span> <span class='ocrx_word' id='word_1_72' title='bbox 1019 1147 1276 1214; x_wconf 86' lang='lat' dir='ltr'><strong>ambulet,</strong></span> <span class='ocrx_word' id='word_1_73' title='bbox 1290 1159 1344 1202; x_wconf 91' lang='lat' dir='ltr'><strong>ut</strong></span> <span class='ocrx_word' id='word_1_74' title='bbox 1361 1163 1479 1202; x_wconf 90' lang='lat' dir='ltr'><strong>cum</strong></span> <span class='ocrx_word' id='word_1_75' title='bbox 1502 1163 1560 1202; x_wconf 88' lang='lat' dir='ltr'><strong>se</strong></span> <span class='ocrx_word' id='word_1_76' title='bbox 1583 1163 1685 1202; x_wconf 91' lang='lat' dir='ltr'><strong>non</strong></span> <span class='ocrx_word' id='word_1_77' title='bbox 1708 1163 1866 1219; x_wconf 89' lang='lat' dir='ltr'><strong>posse</strong></span> <span class='ocrx_word' id='word_1_78' title='bbox 1886 1162 2164 1218; x_wconf 82' lang='lat' dir='ltr'><strong>perspexe-</strong></span> 
     </span>
    </p>
   </div>
   <div class='ocr_carea' id='block_1_10' title="bbox 583 1237 2160 1309">
    <p class='ocr_par' dir='ltr' id='par_1_10' title="bbox 583 1237 2160 1309">
     <span class='ocr_line' id='line_1_10' title="bbox 583 1237 2160 1309; baseline 0.001 -18"><span class='ocrx_word' id='word_1_79' title='bbox 583 1239 684 1304; x_wconf 88' lang='lat' dir='ltr'><strong>rit,</strong></span> <span class='ocrx_word' id='word_1_80' title='bbox 717 1237 1030 1293; x_wconf 85' lang='lat' dir='ltr'><strong>medicinam</strong></span> <span class='ocrx_word' id='word_1_81' title='bbox 1070 1239 1332 1308; x_wconf 85' lang='lat' dir='ltr'><strong>requirat,</strong></span> <span class='ocrx_word' id='word_1_82' title='bbox 1362 1255 1478 1309; x_wconf 70' lang='lat' dir='ltr'><strong>qua:</strong></span> <span class='ocrx_word' id='word_1_83' title='bbox 1523 1239 1790 1294; x_wconf 87' lang='lat' dir='ltr'><strong>interioris</strong></span> <span class='ocrx_word' id='word_1_84' title='bbox 1828 1238 2060 1294; x_wconf 87' lang='lat' dir='ltr'><strong>hominis</strong></span> <span class='ocrx_word' id='word_1_85' title='bbox 2094 1238 2160 1292; x_wconf 90' lang='lat' dir='ltr'><strong>ad</strong></span> 
     </span>
    </p>
   </div>
   <div class='ocr_carea' id='block_1_11' title="bbox 584 1330 2161 1401">
    <p class='ocr_par' dir='ltr' id='par_1_11' title="bbox 584 1330 2161 1401">
     <span class='ocr_line' id='line_1_11' title="bbox 584 1330 2161 1401; baseline 0 -17"><span class='ocrx_word' id='word_1_86' title='bbox 584 1330 874 1384; x_wconf 80' lang='lat' dir='ltr'><strong>sanandam</strong></span> <span class='ocrx_word' id='word_1_87' title='bbox 914 1330 1113 1401; x_wconf 87' lang='lat' dir='ltr'><strong>peccati</strong></span> <span class='ocrx_word' id='word_1_88' title='bbox 1138 1330 1574 1384; x_wconf 89' lang='lat' dir='ltr'><strong>claudicationem</strong></span> <span class='ocrx_word' id='word_1_89' title='bbox 1599 1371 1616 1396; x_wconf 92' lang='lat'><strong>,</strong></span> <span class='ocrx_word' id='word_1_90' title='bbox 1642 1330 1810 1401; x_wconf 82' lang='lat' dir='ltr'><strong>gratia</strong></span> <span class='ocrx_word' id='word_1_91' title='bbox 1837 1330 1930 1386; x_wconf 88' lang='lat' dir='ltr'><strong>Dei</strong></span> <span class='ocrx_word' id='word_1_92' title='bbox 1954 1338 2038 1386; x_wconf 87' lang='lat' dir='ltr'><strong>est</strong></span> <span class='ocrx_word' id='word_1_93' title='bbox 2066 1344 2161 1400; x_wconf 89' lang='lat' dir='ltr'><strong>per</strong></span> 
     </span>
    </p>
   </div>
   <div class='ocr_carea' id='block_1_12' title="bbox 583 1419 1666 1474">
    <p class='ocr_par' dir='ltr' id='par_1_12' title="bbox 583 1419 1666 1474">
     <span class='ocr_line' id='line_1_12' title="bbox 583 1419 1666 1474; baseline 0 0"><span class='ocrx_word' id='word_1_94' title='bbox 583 1419 764 1474; x_wconf 85' lang='lat' dir='ltr'><strong>Jesum</strong></span> <span class='ocrx_word' id='word_1_95' title='bbox 795 1420 1062 1474; x_wconf 91' lang='lat' dir='ltr'><strong>Christum</strong></span> <span class='ocrx_word' id='word_1_96' title='bbox 1094 1420 1374 1473; x_wconf 85' lang='lat' dir='ltr'><strong>Dominum</strong></span> <span class='ocrx_word' id='word_1_97' title='bbox 1406 1428 1666 1474; x_wconf 89' lang='lat' dir='ltr'><strong>nostrum.</strong></span> 
     </span>
    </p>
   </div>
   <div class='ocr_carea' id='block_1_13' title="bbox 660 1507 2159 1582">
    <p class='ocr_par' dir='ltr' id='par_1_13' title="bbox 660 1507 2159 1582">
     <span class='ocr_line' id='line_1_13' title="bbox 660 1507 2159 1582; baseline 0.003 -20"><span class='ocrx_word' id='word_1_98' title='bbox 660 1507 994 1562; x_wconf 81' lang='lat' dir='ltr'><strong>Ratiacinatio</strong></span> <span class='ocrx_word' id='word_1_99' title='bbox 1027 1510 1077 1564; x_wconf 87' lang='lat'><strong>7.</strong></span> <span class='ocrx_word' id='word_1_100' title='bbox 1109 1507 1322 1576; x_wconf 79' lang='lat' dir='ltr'><strong>Iterum,</strong></span> <span class='ocrx_word' id='word_1_101' title='bbox 1347 1511 1439 1577; x_wconf 88' lang='lat' dir='ltr'><strong>ait,</strong></span> <span class='ocrx_word' id='word_1_102' title='bbox 1465 1511 1788 1582; x_wconf 71' lang='lat' dir='ltr'><strong>quarrendunt</strong></span> <span class='ocrx_word' id='word_1_103' title='bbox 1811 1520 1919 1579; x_wconf 90' lang='lat' dir='ltr'><strong>est,</strong></span> <span class='ocrx_word' id='word_1_104' title='bbox 1947 1528 2013 1566; x_wconf 92' lang='lat' dir='ltr'><strong>an</strong></span> <span class='ocrx_word' id='word_1_105' title='bbox 2043 1512 2159 1566; x_wconf 87' lang='lat' dir='ltr'><strong>velit</strong></span> 
     </span>
    </p>
   </div>
   <div class='ocr_carea' id='block_1_14' title="bbox 582 1597 2159 1672">
    <p class='ocr_par' dir='ltr' id='par_1_14' title="bbox 582 1597 2159 1672">
     <span class='ocr_line' id='line_1_14' title="bbox 582 1597 2159 1672; baseline 0.004 -19"><span class='ocrx_word' id='word_1_106' title='bbox 582 1597 722 1653; x_wconf 89' lang='lat' dir='ltr'><strong>Deus</strong></span> <span class='ocrx_word' id='word_1_107' title='bbox 751 1599 998 1654; x_wconf 83' lang='lat' dir='ltr'><strong>hominem</strong></span> <span class='ocrx_word' id='word_1_108' title='bbox 1027 1602 1134 1655; x_wconf 83' lang='lat' dir='ltr'><strong>sine</strong></span> <span class='ocrx_word' id='word_1_109' title='bbox 1160 1612 1360 1672; x_wconf 83' lang='lat' dir='ltr'><strong>peccato</strong></span> <span class='ocrx_word' id='word_1_110' title='bbox 1389 1619 1511 1657; x_wconf 85' lang='lat' dir='ltr'><strong>esse.</strong></span> <span class='ocrx_word' id='word_1_111' title='bbox 1551 1602 1743 1657; x_wconf 82' lang='lat' dir='ltr'><strong>Procul</strong></span> <span class='ocrx_word' id='word_1_112' title='bbox 1765 1603 1916 1657; x_wconf 85' lang='lat' dir='ltr'><strong>dubio</strong></span> <span class='ocrx_word' id='word_1_113' title='bbox 1942 1603 2076 1668; x_wconf 84' lang='lat' dir='ltr'><strong>vult,</strong></span> <span class='ocrx_word' id='word_1_114' title='bbox 2108 1613 2159 1659; x_wconf 90' lang='lat' dir='ltr'><strong>et</strong></span> 
     </span>
    </p>
   </div>
   <div class='ocr_carea' id='block_1_15' title="bbox 582 1691 2159 1761">
    <p class='ocr_par' dir='ltr' id='par_1_15' title="bbox 582 1691 2159 1761">
     <span class='ocr_line' id='line_1_15' title="bbox 582 1691 2159 1761; baseline 0.003 -17"><span class='ocrx_word' id='word_1_115' title='bbox 582 1691 924 1759; x_wconf 88' lang='lat' dir='ltr'><strong>proculdubio</strong></span> <span class='ocrx_word' id='word_1_116' title='bbox 946 1701 1123 1760; x_wconf 87' lang='lat' dir='ltr'><strong>potest.</strong></span> <span class='ocrx_word' id='word_1_117' title='bbox 1152 1692 1275 1760; x_wconf 79' lang='lat' dir='ltr'><strong>Quis</strong></span> <span class='ocrx_word' id='word_1_118' title='bbox 1295 1693 1426 1745; x_wconf 86' lang='lat' dir='ltr'><strong>enim</strong></span> <span class='ocrx_word' id='word_1_119' title='bbox 1447 1702 1548 1746; x_wconf 86' lang='lat' dir='ltr'><strong>tant</strong></span> <span class='ocrx_word' id='word_1_120' title='bbox 1570 1693 1772 1747; x_wconf 79' lang='lat' dir='ltr'><strong>dentem</strong></span> <span class='ocrx_word' id='word_1_121' title='bbox 1794 1703 1886 1761; x_wconf 88' lang='lat' dir='ltr'><strong>est,</strong></span> <span class='ocrx_word' id='word_1_122' title='bbox 1903 1704 1956 1747; x_wconf 90' lang='lat' dir='ltr'><strong>ut</strong></span> <span class='ocrx_word' id='word_1_123' title='bbox 1978 1694 2056 1748; x_wconf 89' lang='lat' dir='ltr'><strong>vel</strong></span> <span class='ocrx_word' id='word_1_124' title='bbox 2071 1695 2159 1748; x_wconf 86' lang='lat' dir='ltr'><strong>du-</strong></span> 
     </span>
    </p>
   </div>
   <div class='ocr_carea' id='block_1_16' title="bbox 582 1780 2158 1855">
    <p class='ocr_par' dir='ltr' id='par_1_16' title="bbox 582 1780 2158 1855">
     <span class='ocr_line' id='line_1_16' title="bbox 582 1780 2158 1855; baseline 0.004 -22"><span class='ocrx_word' id='word_1_125' title='bbox 582 1781 697 1834; x_wconf 88' lang='lat' dir='ltr'><strong>bitet</strong></span> <span class='ocrx_word' id='word_1_126' title='bbox 713 1782 822 1844; x_wconf 77' lang='lat' dir='ltr'><strong>fieri</strong></span> <span class='ocrx_word' id='word_1_127' title='bbox 839 1798 1000 1851; x_wconf 87' lang='lat' dir='ltr'><strong>posse,</strong></span> <span class='ocrx_word' id='word_1_128' title='bbox 1016 1782 1149 1849; x_wconf 82' lang='lat' dir='ltr'><strong>quod</strong></span> <span class='ocrx_word' id='word_1_129' title='bbox 1162 1780 1322 1836; x_wconf 89' lang='lat' dir='ltr'><strong>Deum</strong></span> <span class='ocrx_word' id='word_1_130' title='bbox 1344 1784 1467 1836; x_wconf 85' lang='lat' dir='ltr'><strong>velle</strong></span> <span class='ocrx_word' id='word_1_131' title='bbox 1487 1800 1584 1837; x_wconf 90' lang='lat' dir='ltr'><strong>non</strong></span> <span class='ocrx_word' id='word_1_132' title='bbox 1606 1784 1834 1840; x_wconf 79' lang='lat' dir='ltr'><strong>dubitat?</strong></span> <span class='ocrx_word' id='word_1_133' title='bbox 1852 1784 2158 1855; x_wconf 80' lang='lat' dir='ltr'><strong>Responde-</strong></span> 
     </span>
    </p>
   </div>
   <div class='ocr_carea' id='block_1_17' title="bbox 583 1871 2191 1946">
    <p class='ocr_par' dir='ltr' id='par_1_17' title="bbox 583 1871 2191 1946">
     <span class='ocr_line' id='line_1_17' title="bbox 583 1871 2191 1946; baseline 0.002 -21"><span class='ocrx_word' id='word_1_134' title='bbox 583 1881 699 1926; x_wconf 90' lang='lat' dir='ltr'><strong>tur:</strong></span> <span class='ocrx_word' id='word_1_135' title='bbox 729 1871 784 1927; x_wconf 92' lang='lat' dir='ltr'><strong>Si</strong></span> <span class='ocrx_word' id='word_1_136' title='bbox 816 1873 982 1927; x_wconf 87' lang='lat' dir='ltr'><strong>nollet</strong></span> <span class='ocrx_word' id='word_1_137' title='bbox 1009 1873 1151 1927; x_wconf 91' lang='lat' dir='ltr'><strong>Deus</strong></span> <span class='ocrx_word' id='word_1_138' title='bbox 1177 1872 1443 1928; x_wconf 88' lang='lat' dir='ltr'><strong>hominem</strong></span> <span class='ocrx_word' id='word_1_139' title='bbox 1471 1874 1585 1929; x_wconf 89' lang='lat' dir='ltr'><strong>sine</strong></span> <span class='ocrx_word' id='word_1_140' title='bbox 1612 1883 1831 1946; x_wconf 88' lang='lat' dir='ltr'><strong>peccato</strong></span> <span class='ocrx_word' id='word_1_141' title='bbox 1859 1890 1978 1930; x_wconf 90' lang='lat' dir='ltr'><strong>esse</strong></span> <span class='ocrx_word' id='word_1_142' title='bbox 2000 1917 2015 1941; x_wconf 90' lang='lat'><strong>,</strong></span> <span class='ocrx_word' id='word_1_143' title='bbox 2049 1891 2154 1929; x_wconf 87' lang='lat' dir='ltr'><strong>non</strong></span> <span class='ocrx_word' id='word_1_144' title='bbox 2184 1937 2191 1944; x_wconf 25' lang='lat'><strong><em>1</em></strong></span> 
     </span>
    </p>
   </div>
   <div class='ocr_carea' id='block_1_18' title="bbox 581 1961 2154 2037">
    <p class='ocr_par' dir='ltr' id='par_1_18' title="bbox 581 1961 2154 2037">
     <span class='ocr_line' id='line_1_18' title="bbox 581 1961 2154 2037; baseline 0.005 -23"><span class='ocrx_word' id='word_1_145' title='bbox 581 1963 808 2017; x_wconf 89' lang='lat' dir='ltr'><strong>mitteret</strong></span> <span class='ocrx_word' id='word_1_146' title='bbox 823 1961 1014 2018; x_wconf 84' lang='lat' dir='ltr'><strong>Filium</strong></span> <span class='ocrx_word' id='word_1_147' title='bbox 1031 1979 1184 2018; x_wconf 91' lang='lat' dir='ltr'><strong>suum</strong></span> <span class='ocrx_word' id='word_1_148' title='bbox 1201 1965 1314 2019; x_wconf 87' lang='lat' dir='ltr'><strong>sine</strong></span> <span class='ocrx_word' id='word_1_149' title='bbox 1327 1975 1562 2035; x_wconf 89' lang='lat' dir='ltr'><strong>peccato,</strong></span> <span class='ocrx_word' id='word_1_150' title='bbox 1577 1965 1664 2037; x_wconf 91' lang='lat' dir='ltr'><strong>qui</strong></span> <span class='ocrx_word' id='word_1_151' title='bbox 1685 1975 1893 2020; x_wconf 89' lang='lat' dir='ltr'><strong>sanaret</strong></span> <span class='ocrx_word' id='word_1_152' title='bbox 1912 1965 2154 2022; x_wconf 88' lang='lat' dir='ltr'><strong>homines</strong></span> 
     </span>
    </p>
   </div>
   <div class='ocr_carea' id='block_1_19' title="bbox 576 2053 2154 2126">
    <p class='ocr_par' dir='ltr' id='par_1_19' title="bbox 576 2053 2154 2126">
     <span class='ocr_line' id='line_1_19' title="bbox 576 2053 2154 2126; baseline 0.005 -20"><span class='ocrx_word' id='word_1_153' title='bbox 576 2067 606 2106; x_wconf 91' lang='lat' dir='ltr'><strong>a</strong></span> <span class='ocrx_word' id='word_1_154' title='bbox 639 2055 884 2122; x_wconf 85' lang='lat' dir='ltr'><strong>peccatis.</strong></span> <span class='ocrx_word' id='word_1_155' title='bbox 912 2053 1023 2108; x_wconf 85' lang='lat' dir='ltr'><strong>Hoc</strong></span> <span class='ocrx_word' id='word_1_156' title='bbox 1047 2055 1105 2108; x_wconf 86' lang='lat' dir='ltr'><strong>lit</strong></span> <span class='ocrx_word' id='word_1_157' title='bbox 1129 2055 1179 2108; x_wconf 90' lang='lat' dir='ltr'><strong>in</strong></span> <span class='ocrx_word' id='word_1_158' title='bbox 1205 2055 1542 2111; x_wconf 90' lang='lat' dir='ltr'><strong>credentibus</strong></span> <span class='ocrx_word' id='word_1_159' title='bbox 1570 2066 1622 2112; x_wconf 90' lang='lat' dir='ltr'><strong>et</strong></span> <span class='ocrx_word' id='word_1_160' title='bbox 1649 2056 2045 2126; x_wconf 78' lang='lat' dir='ltr'><strong>proficientibus</strong></span> <span class='ocrx_word' id='word_1_161' title='bbox 2070 2074 2154 2114; x_wconf 86' lang='lat' dir='ltr'><strong>re-</strong></span> 
     </span>
    </p>
   </div>
   <div class='ocr_carea' id='block_1_20' title="bbox 577 2145 2154 2218">
    <p class='ocr_par' dir='ltr' id='par_1_20' title="bbox 577 2145 2154 2218">
     <span class='ocr_line' id='line_1_20' title="bbox 577 2145 2154 2218; baseline 0.005 -19"><span class='ocrx_word' id='word_1_162' title='bbox 577 2146 858 2199; x_wconf 89' lang='lat' dir='ltr'><strong>novatione</strong></span> <span class='ocrx_word' id='word_1_163' title='bbox 897 2145 1163 2200; x_wconf 89' lang='lat' dir='ltr'><strong>interioris</strong></span> <span class='ocrx_word' id='word_1_164' title='bbox 1199 2145 1431 2201; x_wconf 88' lang='lat' dir='ltr'><strong>hominis</strong></span> <span class='ocrx_word' id='word_1_165' title='bbox 1465 2147 1531 2202; x_wconf 88' lang='lat' dir='ltr'><strong>de</strong></span> <span class='ocrx_word' id='word_1_166' title='bbox 1561 2147 1645 2202; x_wconf 90' lang='lat' dir='ltr'><strong>die</strong></span> <span class='ocrx_word' id='word_1_167' title='bbox 1693 2149 1742 2202; x_wconf 90' lang='lat' dir='ltr'><strong>in</strong></span> <span class='ocrx_word' id='word_1_168' title='bbox 1782 2149 1952 2218; x_wconf 88' lang='lat' dir='ltr'><strong>diem,</strong></span> <span class='ocrx_word' id='word_1_169' title='bbox 1981 2148 2154 2207; x_wconf 88' lang='lat' dir='ltr'><strong>donec</strong></span> 
     </span>
    </p>
   </div>
   <div class='ocr_carea' id='block_1_21' title="bbox 577 2236 1866 2310">
    <p class='ocr_par' dir='ltr' id='par_1_21' title="bbox 577 2236 1866 2310">
     <span class='ocr_line' id='line_1_21' title="bbox 577 2236 1866 2310; baseline 0.002 -19"><span class='ocrx_word' id='word_1_170' title='bbox 577 2238 668 2291; x_wconf 87' lang='lat' dir='ltr'><strong>liat</strong></span> <span class='ocrx_word' id='word_1_171' title='bbox 699 2236 928 2307; x_wconf 82' lang='lat' dir='ltr'><strong>perfecta</strong></span> <span class='ocrx_word' id='word_1_172' title='bbox 953 2238 1156 2307; x_wconf 87' lang='lat' dir='ltr'><strong>justitia</strong></span> <span class='ocrx_word' id='word_1_173' title='bbox 1187 2246 1437 2310; x_wconf 86' lang='lat' dir='ltr'><strong>tanquam</strong></span> <span class='ocrx_word' id='word_1_174' title='bbox 1467 2239 1664 2293; x_wconf 89' lang='lat' dir='ltr'><strong>sanitas</strong></span> <span class='ocrx_word' id='word_1_175' title='bbox 1692 2240 1866 2310; x_wconf 86' lang='lat' dir='ltr'><strong>plena.</strong></span> 
     </span>
    </p>
   </div>
   <div class='ocr_carea' id='block_1_22' title="bbox 651 2328 2151 2404">
    <p class='ocr_par' dir='ltr' id='par_1_22' title="bbox 651 2328 2151 2404">
     <span class='ocr_line' id='line_1_22' title="bbox 651 2328 2151 2404; baseline 0.005 -23"><span class='ocrx_word' id='word_1_176' title='bbox 651 2328 990 2383; x_wconf 76' lang='lat' dir='ltr'><strong>Ratioeinatio</strong></span> <span class='ocrx_word' id='word_1_177' title='bbox 1010 2330 1062 2384; x_wconf 93' lang='lat'><strong>8.</strong></span> <span class='ocrx_word' id='word_1_178' title='bbox 1083 2328 1295 2396; x_wconf 84' lang='lat' dir='ltr'><strong>Iterum,</strong></span> <span class='ocrx_word' id='word_1_179' title='bbox 1327 2332 1420 2397; x_wconf 88' lang='lat' dir='ltr'><strong>ait,</strong></span> <span class='ocrx_word' id='word_1_180' title='bbox 1439 2333 1760 2401; x_wconf 74' lang='lat' dir='ltr'><strong>quazrendum</strong></span> <span class='ocrx_word' id='word_1_181' title='bbox 1789 2341 1881 2396; x_wconf 85' lang='lat' dir='ltr'><strong>est,</strong></span> <span class='ocrx_word' id='word_1_182' title='bbox 1902 2333 2151 2404; x_wconf 87' lang='lat' dir='ltr'><strong>quomodo</strong></span> 
     </span>
    </p>
   </div>
   <div class='ocr_carea' id='block_1_23' title="bbox 577 2417 2149 2494">
    <p class='ocr_par' dir='ltr' id='par_1_23' title="bbox 577 2417 2149 2494">
     <span class='ocr_line' id='line_1_23' title="bbox 577 2417 2149 2494; baseline 0.005 -23"><span class='ocrx_word' id='word_1_183' title='bbox 577 2419 682 2472; x_wconf 73' lang='lat' dir='ltr'><strong>vult</strong></span> <span class='ocrx_word' id='word_1_184' title='bbox 710 2417 846 2473; x_wconf 90' lang='lat' dir='ltr'><strong>Deus</strong></span> <span class='ocrx_word' id='word_1_185' title='bbox 871 2419 1120 2473; x_wconf 85' lang='lat' dir='ltr'><strong>hominem</strong></span> <span class='ocrx_word' id='word_1_186' title='bbox 1148 2436 1274 2488; x_wconf 89' lang='lat' dir='ltr'><strong>esse,</strong></span> <span class='ocrx_word' id='word_1_187' title='bbox 1303 2437 1414 2474; x_wconf 87' lang='lat' dir='ltr'><strong>cum</strong></span> <span class='ocrx_word' id='word_1_188' title='bbox 1441 2432 1664 2492; x_wconf 85' lang='lat' dir='ltr'><strong>peccato,</strong></span> <span class='ocrx_word' id='word_1_189' title='bbox 1697 2439 1764 2475; x_wconf 90' lang='lat' dir='ltr'><strong>an</strong></span> <span class='ocrx_word' id='word_1_190' title='bbox 1791 2422 1899 2477; x_wconf 83' lang='lat' dir='ltr'><strong>sine</strong></span> <span class='ocrx_word' id='word_1_191' title='bbox 1925 2436 2149 2494; x_wconf 85' lang='lat' dir='ltr'><strong>peccato.</strong></span> 
     </span>
    </p>
   </div>
   <div class='ocr_carea' id='block_1_24' title="bbox 580 2505 2150 2579">
    <p class='ocr_par' dir='ltr' id='par_1_24' title="bbox 580 2505 2150 2579">
     <span class='ocr_line' id='line_1_24' title="bbox 580 2505 2150 2579; baseline 0.006 -20"><span class='ocrx_word' id='word_1_192' title='bbox 580 2505 773 2561; x_wconf 82' lang='lat' dir='ltr'><strong>Procul</strong></span> <span class='ocrx_word' id='word_1_193' title='bbox 801 2509 950 2562; x_wconf 90' lang='lat' dir='ltr'><strong>dubio</strong></span> <span class='ocrx_word' id='word_1_194' title='bbox 989 2525 1091 2563; x_wconf 91' lang='lat' dir='ltr'><strong>non</strong></span> <span class='ocrx_word' id='word_1_195' title='bbox 1125 2511 1227 2563; x_wconf 89' lang='lat' dir='ltr'><strong>vult</strong></span> <span class='ocrx_word' id='word_1_196' title='bbox 1263 2519 1368 2564; x_wconf 85' lang='lat' dir='ltr'><strong>esse</strong></span> <span class='ocrx_word' id='word_1_197' title='bbox 1403 2527 1516 2564; x_wconf 87' lang='lat' dir='ltr'><strong>cum</strong></span> <span class='ocrx_word' id='word_1_198' title='bbox 1553 2521 1773 2579; x_wconf 82' lang='lat' dir='ltr'><strong>peccato.</strong></span> <span class='ocrx_word' id='word_1_199' title='bbox 1812 2512 2013 2578; x_wconf 84' lang='lat' dir='ltr'><strong>Quanta</strong></span> <span class='ocrx_word' id='word_1_200' title='bbox 2042 2514 2150 2568; x_wconf 81' lang='lat' dir='ltr'><strong>htec</strong></span> 
     </span>
    </p>
   </div>
   <div class='ocr_carea' id='block_1_25' title="bbox 574 2596 2151 2672">
    <p class='ocr_par' dir='ltr' id='par_1_25' title="bbox 574 2596 2151 2672">
     <span class='ocr_line' id='line_1_25' title="bbox 574 2596 2151 2672; baseline 0.006 -23"><span class='ocrx_word' id='word_1_201' title='bbox 574 2596 843 2666; x_wconf 82' lang='lat' dir='ltr'><strong>intpietatis</strong></span> <span class='ocrx_word' id='word_1_202' title='bbox 869 2597 1181 2670; x_wconf 82' lang='lat' dir='ltr'><strong>blasphemia</strong></span> <span class='ocrx_word' id='word_1_203' title='bbox 1217 2600 1316 2668; x_wconf 91' lang='lat' dir='ltr'><strong>sit,</strong></span> <span class='ocrx_word' id='word_1_204' title='bbox 1351 2601 1671 2672; x_wconf 87' lang='lat' dir='ltr'><strong>cogitandum</strong></span> <span class='ocrx_word' id='word_1_205' title='bbox 1716 2612 1818 2668; x_wconf 90' lang='lat' dir='ltr'><strong>est,</strong></span> <span class='ocrx_word' id='word_1_206' title='bbox 1855 2614 1908 2658; x_wconf 90' lang='lat' dir='ltr'><strong>ut</strong></span> <span class='ocrx_word' id='word_1_207' title='bbox 1951 2605 2151 2660; x_wconf 84' lang='lat' dir='ltr'><strong>dicatur</strong></span> 
     </span>
    </p>
   </div>
   <div class='ocr_carea' id='block_1_26' title="bbox 578 2687 2149 2763">
    <p class='ocr_par' dir='ltr' id='par_1_26' title="bbox 578 2687 2149 2763">
     <span class='ocr_line' id='line_1_26' title="bbox 578 2687 2149 2763; baseline 0.007 -24"><span class='ocrx_word' id='word_1_208' title='bbox 578 2687 826 2742; x_wconf 81' lang='lat' dir='ltr'><strong>hominem</strong></span> <span class='ocrx_word' id='word_1_209' title='bbox 848 2704 994 2759; x_wconf 84' lang='lat' dir='ltr'><strong>posse</strong></span> <span class='ocrx_word' id='word_1_210' title='bbox 1011 2705 1116 2743; x_wconf 87' lang='lat' dir='ltr'><strong>esse</strong></span> <span class='ocrx_word' id='word_1_211' title='bbox 1136 2705 1248 2742; x_wconf 89' lang='lat' dir='ltr'><strong>cum</strong></span> <span class='ocrx_word' id='word_1_212' title='bbox 1269 2701 1489 2760; x_wconf 84' lang='lat' dir='ltr'><strong>peccato,</strong></span> <span class='ocrx_word' id='word_1_213' title='bbox 1508 2693 1642 2763; x_wconf 89' lang='lat' dir='ltr'><strong>quod</strong></span> <span class='ocrx_word' id='word_1_214' title='bbox 1663 2691 1796 2747; x_wconf 85' lang='lat' dir='ltr'><strong>Deus</strong></span> <span class='ocrx_word' id='word_1_215' title='bbox 1817 2711 1915 2749; x_wconf 91' lang='lat' dir='ltr'><strong>non</strong></span> <span class='ocrx_word' id='word_1_216' title='bbox 1941 2697 2074 2761; x_wconf 80' lang='lat' dir='ltr'><strong>vult;</strong></span> <span class='ocrx_word' id='word_1_217' title='bbox 2102 2706 2149 2750; x_wconf 90' lang='lat' dir='ltr'><strong>et</strong></span> 
     </span>
    </p>
   </div>
   <div class='ocr_carea' id='block_1_27' title="bbox 575 2781 2148 2856">
    <p class='ocr_par' dir='ltr' id='par_1_27' title="bbox 575 2781 2148 2856">
     <span class='ocr_line' id='line_1_27' title="bbox 575 2781 2148 2856; baseline 0.007 -25"><span class='ocrx_word' id='word_1_218' title='bbox 575 2789 782 2851; x_wconf 77' lang='lat' dir='ltr'><strong>negetur</strong></span> <span class='ocrx_word' id='word_1_219' title='bbox 810 2795 954 2850; x_wconf 86' lang='lat' dir='ltr'><strong>posse</strong></span> <span class='ocrx_word' id='word_1_220' title='bbox 979 2797 1084 2835; x_wconf 89' lang='lat' dir='ltr'><strong>esse</strong></span> <span class='ocrx_word' id='word_1_221' title='bbox 1113 2781 1220 2835; x_wconf 87' lang='lat' dir='ltr'><strong>sine</strong></span> <span class='ocrx_word' id='word_1_222' title='bbox 1248 2792 1477 2851; x_wconf 83' lang='lat' dir='ltr'><strong>peccato,</strong></span> <span class='ocrx_word' id='word_1_223' title='bbox 1509 2785 1643 2855; x_wconf 85' lang='lat' dir='ltr'><strong>quod</strong></span> <span class='ocrx_word' id='word_1_224' title='bbox 1677 2785 1811 2840; x_wconf 87' lang='lat' dir='ltr'><strong>Deus</strong></span> <span class='ocrx_word' id='word_1_225' title='bbox 1835 2787 1974 2854; x_wconf 85' lang='lat' dir='ltr'><strong>vult;</strong></span> <span class='ocrx_word' id='word_1_226' title='bbox 2005 2790 2148 2856; x_wconf 83' lang='lat' dir='ltr'><strong>quasi</strong></span> 
     </span>
    </p>
   </div>
   <div class='ocr_carea' id='block_1_28' title="bbox 573 2869 2144 2949">
    <p class='ocr_par' dir='ltr' id='par_1_28' title="bbox 573 2869 2144 2949">
     <span class='ocr_line' id='line_1_28' title="bbox 573 2869 2144 2949; baseline 0.006 -26"><span class='ocrx_word' id='word_1_227' title='bbox 573 2871 792 2941; x_wconf 73' lang='lat' dir='ltr'><strong>aliquem</strong></span> <span class='ocrx_word' id='word_1_228' title='bbox 819 2870 888 2923; x_wconf 92' lang='lat' dir='ltr'><strong>ad</strong></span> <span class='ocrx_word' id='word_1_229' title='bbox 909 2870 1004 2924; x_wconf 92' lang='lat' dir='ltr'><strong>hoc</strong></span> <span class='ocrx_word' id='word_1_230' title='bbox 1023 2869 1159 2926; x_wconf 87' lang='lat' dir='ltr'><strong>Deus</strong></span> <span class='ocrx_word' id='word_1_231' title='bbox 1178 2874 1431 2939; x_wconf 83' lang='lat' dir='ltr'><strong>creaverit,</strong></span> <span class='ocrx_word' id='word_1_232' title='bbox 1452 2882 1505 2927; x_wconf 90' lang='lat' dir='ltr'><strong>ut</strong></span> <span class='ocrx_word' id='word_1_233' title='bbox 1525 2885 1688 2945; x_wconf 84' lang='lat' dir='ltr'><strong>posset</strong></span> <span class='ocrx_word' id='word_1_234' title='bbox 1713 2893 1818 2930; x_wconf 84' lang='lat' dir='ltr'><strong>esse</strong></span> <span class='ocrx_word' id='word_1_235' title='bbox 1839 2878 1975 2949; x_wconf 86' lang='lat' dir='ltr'><strong>quod</strong></span> <span class='ocrx_word' id='word_1_236' title='bbox 1998 2881 2144 2949; x_wconf 87' lang='lat' dir='ltr'><strong>nolit,</strong></span> 
     </span>
    </p>
   </div>
   <div class='ocr_carea' id='block_1_29' title="bbox 575 2963 2147 3041">
    <p class='ocr_par' dir='ltr' id='par_1_29' title="bbox 575 2963 2147 3041">
     <span class='ocr_line' id='line_1_29' title="bbox 575 2963 2147 3041; baseline 0.009 -29"><span class='ocrx_word' id='word_1_237' title='bbox 575 2970 623 3012; x_wconf 89' lang='lat' dir='ltr'><strong>et</strong></span> <span class='ocrx_word' id='word_1_238' title='bbox 661 2977 760 3013; x_wconf 90' lang='lat' dir='ltr'><strong>non</strong></span> <span class='ocrx_word' id='word_1_239' title='bbox 800 2966 965 3029; x_wconf 79' lang='lat' dir='ltr'><strong>posset</strong></span> <span class='ocrx_word' id='word_1_240' title='bbox 1002 2976 1108 3016; x_wconf 86' lang='lat' dir='ltr'><strong>esse</strong></span> <span class='ocrx_word' id='word_1_241' title='bbox 1141 2965 1274 3030; x_wconf 82' lang='lat' dir='ltr'><strong>quod</strong></span> <span class='ocrx_word' id='word_1_242' title='bbox 1298 2963 1437 3028; x_wconf 87' lang='lat' dir='ltr'><strong>velit,</strong></span> <span class='ocrx_word' id='word_1_243' title='bbox 1467 2973 1513 3018; x_wconf 90' lang='lat' dir='ltr'><strong>et</strong></span> <span class='ocrx_word' id='word_1_244' title='bbox 1544 2975 1597 3018; x_wconf 89' lang='lat' dir='ltr'><strong>ut</strong></span> <span class='ocrx_word' id='word_1_245' title='bbox 1622 2975 1792 3020; x_wconf 81' lang='lat' dir='ltr'><strong>contra</strong></span> <span class='ocrx_word' id='word_1_246' title='bbox 1817 2984 1958 3022; x_wconf 85' lang='lat' dir='ltr'><strong>suam</strong></span> <span class='ocrx_word' id='word_1_247' title='bbox 1989 2973 2147 3041; x_wconf 87' lang='lat' dir='ltr'><strong>magis</strong></span> 
     </span>
    </p>
   </div>
   <div class='ocr_carea' id='block_1_30' title="bbox 573 3053 2150 3131">
    <p class='ocr_par' dir='ltr' id='par_1_30' title="bbox 573 3053 2150 3131">
     <span class='ocr_line' id='line_1_30' title="bbox 573 3053 2150 3131; baseline 0.01 -30"><span class='ocrx_word' id='word_1_248' title='bbox 573 3066 722 3120; x_wconf 84' lang='lat' dir='ltr'><strong>quam</strong></span> <span class='ocrx_word' id='word_1_249' title='bbox 742 3060 795 3104; x_wconf 91' lang='lat' dir='ltr'><strong>ut</strong></span> <span class='ocrx_word' id='word_1_250' title='bbox 816 3053 1087 3106; x_wconf 87' lang='lat' dir='ltr'><strong>secundum</strong></span> <span class='ocrx_word' id='word_1_251' title='bbox 1107 3069 1252 3108; x_wconf 88' lang='lat' dir='ltr'><strong>suam</strong></span> <span class='ocrx_word' id='word_1_252' title='bbox 1267 3055 1496 3110; x_wconf 73' lang='lat' dir='ltr'><strong>existeret</strong></span> <span class='ocrx_word' id='word_1_253' title='bbox 1515 3057 1832 3110; x_wconf 84' lang='lat' dir='ltr'><strong>voluntatem.</strong></span> <span class='ocrx_word' id='word_1_254' title='bbox 1853 3057 1968 3114; x_wconf 84' lang='lat' dir='ltr'><strong>Jam</strong></span> <span class='ocrx_word' id='word_1_255' title='bbox 1990 3075 2050 3114; x_wconf 92' lang='lat' dir='ltr'><strong>su</strong></span> <span class='ocrx_word' id='word_1_256' title='bbox 2059 3077 2150 3131; x_wconf 89' lang='lat' dir='ltr'><strong>pe-</strong></span> 
     </span>
    </p>
   </div>
   <div class='ocr_carea' id='block_1_31' title="bbox 573 3143 2149 3222">
    <p class='ocr_par' dir='ltr' id='par_1_31' title="bbox 573 3143 2149 3222">
     <span class='ocr_line' id='line_1_31' title="bbox 573 3143 2149 3222; baseline 0.006 -24"><span class='ocrx_word' id='word_1_257' title='bbox 573 3143 684 3198; x_wconf 88' lang='lat' dir='ltr'><strong>rius</strong></span> <span class='ocrx_word' id='word_1_258' title='bbox 722 3159 1034 3214; x_wconf 88' lang='lat' dir='ltr'><strong>responsum</strong></span> <span class='ocrx_word' id='word_1_259' title='bbox 1065 3155 1146 3202; x_wconf 90' lang='lat' dir='ltr'><strong>est</strong></span> <span class='ocrx_word' id='word_1_260' title='bbox 1177 3164 1190 3201; x_wconf 92' lang='lat'><strong>:</strong></span> <span class='ocrx_word' id='word_1_261' title='bbox 1218 3147 1310 3203; x_wconf 91' lang='lat' dir='ltr'><strong>sed</strong></span> <span class='ocrx_word' id='word_1_262' title='bbox 1351 3148 1650 3204; x_wconf 88' lang='lat' dir='ltr'><strong>addendum</strong></span> <span class='ocrx_word' id='word_1_263' title='bbox 1678 3150 1862 3215; x_wconf 87' lang='lat' dir='ltr'><strong>video,</strong></span> <span class='ocrx_word' id='word_1_264' title='bbox 1890 3151 2033 3222; x_wconf 91' lang='lat' dir='ltr'><strong>quod</strong></span> <span class='ocrx_word' id='word_1_265' title='bbox 2059 3170 2149 3221; x_wconf 97' lang='lat' dir='ltr'><strong>spe</strong></span> 
     </span>
    </p>
   </div>
   <div class='ocr_carea' id='block_1_32' title="bbox 572 3233 2182 3312">
    <p class='ocr_par' dir='ltr' id='par_1_32' title="bbox 572 3233 2182 3312">
     <span class='ocr_line' id='line_1_32' title="bbox 572 3233 2182 3312; baseline 0.006 -26"><span class='ocrx_word' id='word_1_266' title='bbox 572 3233 700 3287; x_wconf 76' lang='lat' dir='ltr'><strong>salvi</strong></span> <span class='ocrx_word' id='word_1_267' title='bbox 719 3233 841 3304; x_wconf 79' lang='lat' dir='ltr'><strong>[acti</strong></span> <span class='ocrx_word' id='word_1_268' title='bbox 857 3250 1047 3290; x_wconf 85' lang='lat' dir='ltr'><strong>sumus.</strong></span> <span class='ocrx_word' id='word_1_269' title='bbox 1077 3235 1208 3306; x_wconf 85' lang='lat' dir='ltr'><strong>Spes</strong></span> <span class='ocrx_word' id='word_1_270' title='bbox 1227 3246 1392 3291; x_wconf 88' lang='lat' dir='ltr'><strong>autem</strong></span> <span class='ocrx_word' id='word_1_271' title='bbox 1415 3255 1526 3308; x_wconf 78' lang='lat' dir='ltr'><strong>qua:</strong></span> <span class='ocrx_word' id='word_1_272' title='bbox 1544 3239 1758 3305; x_wconf 88' lang='lat' dir='ltr'><strong>videtur,</strong></span> <span class='ocrx_word' id='word_1_273' title='bbox 1783 3258 1882 3296; x_wconf 89' lang='lat' dir='ltr'><strong>non</strong></span> <span class='ocrx_word' id='word_1_274' title='bbox 1903 3250 1972 3296; x_wconf 88' lang='lat' dir='ltr'><strong>est</strong></span> <span class='ocrx_word' id='word_1_275' title='bbox 1991 3259 2104 3312; x_wconf 86' lang='lat' dir='ltr'><strong>spes</strong></span> <span class='ocrx_word' id='word_1_276' title='bbox 2125 3259 2145 3298; x_wconf 90' lang='lat'><strong><em>:</em></strong></span> <span class='ocrx_word' id='word_1_277' title='bbox 2175 3283 2182 3296; x_wconf 79' lang='grc'><strong>.</strong></span> 
     </span>
    </p>
   </div>
   <div class='ocr_carea' id='block_1_33' title="bbox 566 3323 2146 3402">
    <p class='ocr_par' dir='ltr' id='par_1_33' title="bbox 566 3323 2146 3402">
     <span class='ocr_line' id='line_1_33' title="bbox 566 3323 2146 3402; baseline 0.007 -26"><span class='ocrx_word' id='word_1_278' title='bbox 566 3323 703 3394; x_wconf 81' lang='lat' dir='ltr'><strong>quod</strong></span> <span class='ocrx_word' id='word_1_279' title='bbox 739 3324 870 3378; x_wconf 90' lang='lat' dir='ltr'><strong>enim</strong></span> <span class='ocrx_word' id='word_1_280' title='bbox 915 3324 1045 3379; x_wconf 81' lang='lat' dir='ltr'><strong>videt</strong></span> <span class='ocrx_word' id='word_1_281' title='bbox 1081 3327 1192 3397; x_wconf 87' lang='lat' dir='ltr'><strong>quis</strong></span> <span class='ocrx_word' id='word_1_282' title='bbox 1217 3366 1232 3392; x_wconf 97' lang='lat'><strong>,</strong></span> <span class='ocrx_word' id='word_1_283' title='bbox 1296 3328 1419 3397; x_wconf 91' lang='lat' dir='ltr'><strong>quid</strong></span> <span class='ocrx_word' id='word_1_284' title='bbox 1461 3331 1672 3399; x_wconf 78' lang='lat' dir='ltr'><strong>sperat?</strong></span> <span class='ocrx_word' id='word_1_285' title='bbox 1717 3329 1777 3385; x_wconf 91' lang='lat' dir='ltr'><strong>Si</strong></span> <span class='ocrx_word' id='word_1_286' title='bbox 1813 3341 1977 3385; x_wconf 86' lang='lat' dir='ltr'><strong>autem</strong></span> <span class='ocrx_word' id='word_1_287' title='bbox 2010 3334 2146 3402; x_wconf 78' lang='lat' dir='ltr'><strong>quod</strong></span> 
     </span>
    </p>
   </div>
   <div class='ocr_carea' id='block_1_34' title="bbox 569 3414 2146 3491">
    <p class='ocr_par' dir='ltr' id='par_1_34' title="bbox 569 3414 2146 3491">
     <span class='ocr_line' id='line_1_34' title="bbox 569 3414 2146 3491; baseline 0.007 -24"><span class='ocrx_word' id='word_1_288' title='bbox 569 3429 671 3468; x_wconf 84' lang='lat' dir='ltr'><strong>non</strong></span> <span class='ocrx_word' id='word_1_289' title='bbox 723 3414 947 3471; x_wconf 83' lang='lat' dir='ltr'><strong>videmus</strong></span> <span class='ocrx_word' id='word_1_290' title='bbox 988 3433 1282 3485; x_wconf 86' lang='lat' dir='ltr'><strong>speramus,</strong></span> <span class='ocrx_word' id='word_1_291' title='bbox 1328 3435 1418 3489; x_wconf 83' lang='lat' dir='ltr'><strong>per</strong></span> <span class='ocrx_word' id='word_1_292' title='bbox 1459 3421 1752 3488; x_wconf 87' lang='lat' dir='ltr'><strong>patientiam</strong></span> <span class='ocrx_word' id='word_1_293' title='bbox 1801 3432 2146 3491; x_wconf 70' lang='lat' dir='ltr'><strong>exspectamus</strong></span> 
     </span>
    </p>
   </div>
   <div class='ocr_carea' id='block_1_35' title="bbox 570 3504 2140 3584">
    <p class='ocr_par' dir='ltr' id='par_1_35' title="bbox 570 3504 2140 3584">
     <span class='ocr_line' id='line_1_35' title="bbox 570 3504 2140 3584; baseline 0.006 -24"><span class='ocrx_word' id='word_1_294' title='bbox 570 3504 758 3578; x_wconf 80' lang='lat' dir='ltr'><strong>(Rom.</strong></span> <span class='ocrx_word' id='word_1_295' title='bbox 789 3523 915 3572; x_wconf 89' lang='lat' dir='ltr'><strong>v111,</strong></span> <span class='ocrx_word' id='word_1_296' title='bbox 941 3509 1011 3564; x_wconf 73' lang='grc'><strong>24</strong></span> <span class='ocrx_word' id='word_1_297' title='bbox 1031 3550 1044 3573; x_wconf 84' lang='grc'><strong>.</strong></span> <span class='ocrx_word' id='word_1_298' title='bbox 1075 3508 1198 3581; x_wconf 77' lang='lat'><strong>25).</strong></span> <span class='ocrx_word' id='word_1_299' title='bbox 1230 3510 1381 3565; x_wconf 80' lang='lat' dir='ltr'><strong>Tune</strong></span> <span class='ocrx_word' id='word_1_300' title='bbox 1409 3526 1536 3581; x_wconf 78' lang='lat' dir='ltr'><strong>ergo</strong></span> <span class='ocrx_word' id='word_1_301' title='bbox 1565 3512 1668 3567; x_wconf 89' lang='lat' dir='ltr'><strong>erit</strong></span> <span class='ocrx_word' id='word_1_302' title='bbox 1707 3513 1860 3582; x_wconf 86' lang='lat' dir='ltr'><strong>plena</strong></span> <span class='ocrx_word' id='word_1_303' title='bbox 1902 3514 2103 3584; x_wconf 86' lang='lat' dir='ltr'><strong>justitia</strong></span> <span class='ocrx_word' id='word_1_304' title='bbox 2123 3558 2140 3584; x_wconf 92' lang='lat'><strong>,</strong></span> 
     </span>
    </p>
   </div>
   <div class='ocr_carea' id='block_1_36' title="bbox 567 3598 2143 3676">
    <p class='ocr_par' dir='ltr' id='par_1_36' title="bbox 567 3598 2143 3676">
     <span class='ocr_line' id='line_1_36' title="bbox 567 3598 2143 3676; baseline 0.009 -28"><span class='ocrx_word' id='word_1_305' title='bbox 567 3598 779 3665; x_wconf 81' lang='lat' dir='ltr'><strong>quando</strong></span> <span class='ocrx_word' id='word_1_306' title='bbox 809 3598 962 3666; x_wconf 91' lang='lat' dir='ltr'><strong>plena</strong></span> <span class='ocrx_word' id='word_1_307' title='bbox 1006 3601 1206 3654; x_wconf 82' lang='lat' dir='ltr'><strong>sanitas</strong></span> <span class='ocrx_word' id='word_1_308' title='bbox 1248 3617 1262 3654; x_wconf 90' lang='lat'><strong>:</strong></span> <span class='ocrx_word' id='word_1_309' title='bbox 1300 3608 1425 3656; x_wconf 92' lang='lat' dir='ltr'><strong>tunc</strong></span> <span class='ocrx_word' id='word_1_310' title='bbox 1467 3602 1618 3671; x_wconf 84' lang='lat' dir='ltr'><strong>plena</strong></span> <span class='ocrx_word' id='word_1_311' title='bbox 1654 3603 1884 3668; x_wconf 87' lang='lat' dir='ltr'><strong>sanitas,</strong></span> <span class='ocrx_word' id='word_1_312' title='bbox 1934 3607 2143 3676; x_wconf 88' lang='lat' dir='ltr'><strong>quando</strong></span> 
     </span>
    </p>
   </div>
   <div class='ocr_carea' id='block_1_37' title="bbox 572 3685 2138 3768">
    <p class='ocr_par' dir='ltr' id='par_1_37' title="bbox 572 3685 2138 3768">
     <span class='ocr_line' id='line_1_37' title="bbox 572 3685 2138 3768; baseline 0.009 -30"><span class='ocrx_word' id='word_1_313' title='bbox 572 3687 725 3755; x_wconf 89' lang='lat' dir='ltr'><strong>plena</strong></span> <span class='ocrx_word' id='word_1_314' title='bbox 748 3685 1014 3752; x_wconf 89' lang='lat' dir='ltr'><strong>charitas;</strong></span> <span class='ocrx_word' id='word_1_315' title='bbox 1039 3689 1309 3757; x_wconf 89' lang='lat' dir='ltr'><strong>plenitudo</strong></span> <span class='ocrx_word' id='word_1_316' title='bbox 1329 3690 1468 3744; x_wconf 91' lang='lat' dir='ltr'><strong>enim</strong></span> <span class='ocrx_word' id='word_1_317' title='bbox 1492 3691 1622 3761; x_wconf 79' lang='lat' dir='ltr'><strong>legis</strong></span> <span class='ocrx_word' id='word_1_318' title='bbox 1641 3691 1870 3748; x_wconf 89' lang='lat' dir='ltr'><strong>charitas</strong></span> <span class='ocrx_word' id='word_1_319' title='bbox 1892 3692 2000 3768; x_wconf 86' lang='lat' dir='ltr'><strong>(Id.</strong></span> <span class='ocrx_word' id='word_1_320' title='bbox 2023 3712 2138 3766; x_wconf 80' lang='lat' dir='ltr'><strong>x111,</strong></span> 
     </span>
    </p>
   </div>
   <div class='ocr_carea' id='block_1_38' title="bbox 575 3775 2140 3853">
    <p class='ocr_par' dir='ltr' id='par_1_38' title="bbox 575 3775 2140 3853">
     <span class='ocr_line' id='line_1_38' title="bbox 575 3775 2140 3853; baseline 0.008 -21"><span class='ocrx_word' id='word_1_321' title='bbox 575 3775 664 3846; x_wconf 66' lang='lat'><strong>10)</strong></span> <span class='ocrx_word' id='word_1_322' title='bbox 683 3793 696 3829; x_wconf 94' lang='lat'><strong>:</strong></span> <span class='ocrx_word' id='word_1_323' title='bbox 717 3785 843 3832; x_wconf 89' lang='lat' dir='ltr'><strong>tunc</strong></span> <span class='ocrx_word' id='word_1_324' title='bbox 858 3786 1034 3832; x_wconf 86' lang='lat' dir='ltr'><strong>autem</strong></span> <span class='ocrx_word' id='word_1_325' title='bbox 1054 3779 1206 3848; x_wconf 90' lang='lat' dir='ltr'><strong>plena</strong></span> <span class='ocrx_word' id='word_1_326' title='bbox 1221 3779 1470 3846; x_wconf 88' lang='lat' dir='ltr'><strong>charitas,</strong></span> <span class='ocrx_word' id='word_1_327' title='bbox 1485 3783 1694 3853; x_wconf 86' lang='lat' dir='ltr'><strong>quando</strong></span> <span class='ocrx_word' id='word_1_328' title='bbox 1710 3784 2004 3843; x_wconf 86' lang='lat' dir='ltr'><strong>videbimus</strong></span> <span class='ocrx_word' id='word_1_329' title='bbox 2020 3803 2140 3845; x_wconf 91' lang='lat' dir='ltr'><strong>cum</strong></span> 
     </span>
    </p>
   </div>
   <div class='ocr_carea' id='block_1_39' title="bbox 570 3867 2139 3949">
    <p class='ocr_par' dir='ltr' id='par_1_39' title="bbox 570 3867 2139 3949">
     <span class='ocr_line' id='line_1_39' title="bbox 570 3867 2139 3949; baseline 0.008 -27"><span class='ocrx_word' id='word_1_330' title='bbox 570 3867 726 3922; x_wconf 86' lang='lat' dir='ltr'><strong>sicuti</strong></span> <span class='ocrx_word' id='word_1_331' title='bbox 755 3877 838 3922; x_wconf 86' lang='lat' dir='ltr'><strong>est</strong></span> <span class='ocrx_word' id='word_1_332' title='bbox 864 3868 1086 3940; x_wconf 82' lang='lat' dir='ltr'><strong>(lJoan.</strong></span> <span class='ocrx_word' id='word_1_333' title='bbox 1113 3871 1285 3941; x_wconf 73' lang='lat'><strong>111,2).</strong></span> <span class='ocrx_word' id='word_1_334' title='bbox 1316 3871 1498 3943; x_wconf 86' lang='lat' dir='ltr'><strong>Neque</strong></span> <span class='ocrx_word' id='word_1_335' title='bbox 1531 3874 1674 3930; x_wconf 91' lang='lat' dir='ltr'><strong>enim</strong></span> <span class='ocrx_word' id='word_1_336' title='bbox 1705 3878 1805 3931; x_wconf 92' lang='lat' dir='ltr'><strong>erit</strong></span> <span class='ocrx_word' id='word_1_337' title='bbox 1827 3879 1849 3910; x_wconf 75' lang='grc'><strong>⁸</strong></span> <span class='ocrx_word' id='word_1_338' title='bbox 1874 3879 2015 3949; x_wconf 88' lang='lat' dir='ltr'><strong>quod</strong></span> <span class='ocrx_word' id='word_1_339' title='bbox 2043 3880 2139 3934; x_wconf 84' lang='lat' dir='ltr'><strong>ad-</strong></span> 
     </span>
    </p>
   </div>
   <div class='ocr_carea' id='block_1_40' title="bbox 567 3959 2137 4033">
    <p class='ocr_par' dir='ltr' id='par_1_40' title="bbox 567 3959 2137 4033">
     <span class='ocr_line' id='line_1_40' title="bbox 567 3959 2137 4033; baseline 0.006 -19"><span class='ocrx_word' id='word_1_340' title='bbox 567 3959 724 4014; x_wconf 90' lang='lat' dir='ltr'><strong>datur</strong></span> <span class='ocrx_word' id='word_1_341' title='bbox 737 3959 802 4014; x_wconf 88' lang='lat' dir='ltr'><strong>ad</strong></span> <span class='ocrx_word' id='word_1_342' title='bbox 817 3959 1302 4022; x_wconf 88' lang='lat' dir='ltr'><strong>dilectionem.cum</strong></span> <span class='ocrx_word' id='word_1_343' title='bbox 1316 3961 1446 4018; x_wconf 88' lang='lat' dir='ltr'><strong>lides</strong></span> <span class='ocrx_word' id='word_1_344' title='bbox 1464 3967 1764 4033; x_wconf 84' lang='lat' dir='ltr'><strong>pervenerit</strong></span> <span class='ocrx_word' id='word_1_345' title='bbox 1779 3967 1844 4022; x_wconf 89' lang='lat' dir='ltr'><strong>ad</strong></span> <span class='ocrx_word' id='word_1_346' title='bbox 1863 3968 2137 4023; x_wconf 81' lang='lat' dir='ltr'><strong>visionem.</strong></span> 
     </span>
    </p>
   </div>
   <div class='ocr_carea' id='block_1_41' title="bbox 642 4049 2136 4128">
    <p class='ocr_par' dir='ltr' id='par_1_41' title="bbox 642 4049 2136 4128">
     <span class='ocr_line' id='line_1_41' title="bbox 642 4049 2136 4128; baseline 0.005 -23"><span class='ocrx_word' id='word_1_347' title='bbox 642 4049 865 4107; x_wconf 83' lang='lat' dir='ltr'><strong>CAPUT</strong></span> <span class='ocrx_word' id='word_1_348' title='bbox 894 4050 986 4104; x_wconf 51' lang='grc' dir='ltr'><strong>λιν.</strong></span> <span class='ocrx_word' id='word_1_349' title='bbox 997 4081 1071 4091; x_wconf 91' lang='grc'><strong><em>-</em></strong></span> <span class='ocrx_word' id='word_1_350' title='bbox 1085 4050 1421 4107; x_wconf 82' lang='lat' dir='ltr'><strong>Ratiocinatio</strong></span> <span class='ocrx_word' id='word_1_351' title='bbox 1437 4054 1488 4109; x_wconf 87' lang='lat'><strong>9.</strong></span> <span class='ocrx_word' id='word_1_352' title='bbox 1504 4052 1694 4109; x_wconf 89' lang='lat' dir='ltr'><strong>lterum</strong></span> <span class='ocrx_word' id='word_1_353' title='bbox 1707 4059 2029 4128; x_wconf 78' lang='lat' dir='ltr'><strong>quwrendum</strong></span> <span class='ocrx_word' id='word_1_354' title='bbox 2045 4073 2136 4128; x_wconf 73' lang='lat' dir='ltr'><strong>cst,</strong></span> 
     </span>
    </p>
   </div>
   <div class='ocr_carea' id='block_1_42' title="bbox 570 4143 2142 4222">
    <p class='ocr_par' dir='ltr' id='par_1_42' title="bbox 570 4143 2142 4222">
     <span class='ocr_line' id='line_1_42' title="bbox 570 4143 2142 4222; baseline 0.006 -24"><span class='ocrx_word' id='word_1_355' title='bbox 570 4143 761 4214; x_wconf 86' lang='lat' dir='ltr'><strong>inquit,</strong></span> <span class='ocrx_word' id='word_1_356' title='bbox 789 4161 875 4212; x_wconf 85' lang='lat' dir='ltr'><strong>per</strong></span> <span class='ocrx_word' id='word_1_357' title='bbox 892 4146 1015 4216; x_wconf 86' lang='lat' dir='ltr'><strong>quid</strong></span> <span class='ocrx_word' id='word_1_358' title='bbox 1033 4145 1241 4217; x_wconf 64' lang='lat' dir='ltr'><strong>efﬁcitur</strong></span> <span class='ocrx_word' id='word_1_359' title='bbox 1267 4147 1416 4200; x_wconf 90' lang='lat' dir='ltr'><strong>homo</strong></span> <span class='ocrx_word' id='word_1_360' title='bbox 1441 4164 1556 4201; x_wconf 87' lang='lat' dir='ltr'><strong>cum</strong></span> <span class='ocrx_word' id='word_1_361' title='bbox 1582 4160 1798 4219; x_wconf 89' lang='lat' dir='ltr'><strong>peccato,</strong></span> <span class='ocrx_word' id='word_1_362' title='bbox 1833 4169 1922 4222; x_wconf 87' lang='lat' dir='ltr'><strong>per</strong></span> <span class='ocrx_word' id='word_1_363' title='bbox 1946 4164 2142 4209; x_wconf 70' lang='lat' dir='ltr'><strong>natura:</strong></span> 
     </span>
    </p>
   </div>
   <div class='ocr_carea' id='block_1_43' title="bbox 569 4235 2142 4313">
    <p class='ocr_par' dir='ltr' id='par_1_43' title="bbox 569 4235 2142 4313">
     <span class='ocr_line' id='line_1_43' title="bbox 569 4235 2142 4313; baseline 0.008 -27"><span class='ocrx_word' id='word_1_364' title='bbox 569 4235 908 4289; x_wconf 84' lang='lat' dir='ltr'><strong>necessitatem</strong></span> <span class='ocrx_word' id='word_1_365' title='bbox 928 4275 944 4300; x_wconf 89' lang='lat'><strong>,</strong></span> <span class='ocrx_word' id='word_1_366' title='bbox 975 4251 1043 4290; x_wconf 90' lang='lat' dir='ltr'><strong>an</strong></span> <span class='ocrx_word' id='word_1_367' title='bbox 1073 4253 1162 4290; x_wconf 81' lang='lat' dir='ltr'><strong>uer</strong></span> <span class='ocrx_word' id='word_1_368' title='bbox 1189 4237 1382 4291; x_wconf 79' lang='lat' dir='ltr'><strong>arbitrii</strong></span> <span class='ocrx_word' id='word_1_369' title='bbox 1408 4239 1697 4293; x_wconf 88' lang='lat' dir='ltr'><strong>libertatem.</strong></span> <span class='ocrx_word' id='word_1_370' title='bbox 1747 4242 1807 4296; x_wconf 88' lang='lat' dir='ltr'><strong>Si</strong></span> <span class='ocrx_word' id='word_1_371' title='bbox 1832 4259 1921 4313; x_wconf 89' lang='lat' dir='ltr'><strong>per</strong></span> <span class='ocrx_word' id='word_1_372' title='bbox 1947 4255 2142 4300; x_wconf 70' lang='lat' dir='ltr'><strong>natura:</strong></span> 
     </span>
    </p>
   </div>
   <div class='ocr_carea' id='block_1_44' title="bbox 571 4324 2134 4403">
    <p class='ocr_par' dir='ltr' id='par_1_44' title="bbox 571 4324 2134 4403">
     <span class='ocr_line' id='line_1_44' title="bbox 571 4324 2134 4403; baseline 0.008 -26"><span class='ocrx_word' id='word_1_373' title='bbox 571 4324 943 4393; x_wconf 83' lang='lat' dir='ltr'><strong>necessitatem,</strong></span> <span class='ocrx_word' id='word_1_374' title='bbox 992 4325 1142 4398; x_wconf 86' lang='lat' dir='ltr'><strong>culpa</strong></span> <span class='ocrx_word' id='word_1_375' title='bbox 1181 4337 1357 4384; x_wconf 88' lang='lat' dir='ltr'><strong>caret:</strong></span> <span class='ocrx_word' id='word_1_376' title='bbox 1375 4328 1420 4382; x_wconf 87' lang='lat' dir='ltr'><strong>si</strong></span> <span class='ocrx_word' id='word_1_377' title='bbox 1466 4345 1554 4398; x_wconf 86' lang='lat' dir='ltr'><strong>per</strong></span> <span class='ocrx_word' id='word_1_378' title='bbox 1597 4329 1790 4384; x_wconf 85' lang='lat' dir='ltr'><strong>arbitrii</strong></span> <span class='ocrx_word' id='word_1_379' title='bbox 1831 4333 2134 4403; x_wconf 88' lang='lat' dir='ltr'><strong>libertatem,</strong></span> 
     </span>
    </p>
   </div>
   <div class='ocr_carea' id='block_1_45' title="bbox 565 4415 2138 4494">
    <p class='ocr_par' dir='ltr' id='par_1_45' title="bbox 565 4415 2138 4494">
     <span class='ocr_line' id='line_1_45' title="bbox 565 4415 2138 4494; baseline 0.01 -27"><span class='ocrx_word' id='word_1_380' title='bbox 565 4415 889 4484; x_wconf 65' lang='lat' dir='ltr'><strong>querendum</strong></span> <span class='ocrx_word' id='word_1_381' title='bbox 917 4425 991 4470; x_wconf 90' lang='lat' dir='ltr'><strong>est</strong></span> <span class='ocrx_word' id='word_1_382' title='bbox 1014 4433 1046 4470; x_wconf 90' lang='lat' dir='ltr'><strong>a</strong></span> <span class='ocrx_word' id='word_1_383' title='bbox 1069 4432 1168 4487; x_wconf 83' lang='lat' dir='ltr'><strong>quo</strong></span> <span class='ocrx_word' id='word_1_384' title='bbox 1208 4419 1370 4488; x_wconf 88' lang='lat' dir='ltr'><strong>ipsam</strong></span> <span class='ocrx_word' id='word_1_385' title='bbox 1397 4419 1590 4474; x_wconf 89' lang='lat' dir='ltr'><strong>arbitrii</strong></span> <span class='ocrx_word' id='word_1_386' title='bbox 1619 4421 1892 4478; x_wconf 88' lang='lat' dir='ltr'><strong>libertatem</strong></span> <span class='ocrx_word' id='word_1_387' title='bbox 1930 4442 2138 4494; x_wconf 85' lang='lat' dir='ltr'><strong>accepe-</strong></span> 
     </span>
    </p>
   </div>
   <div class='ocr_carea' id='block_1_46' title="bbox 566 4508 2140 4585">
    <p class='ocr_par' dir='ltr' id='par_1_46' title="bbox 566 4508 2140 4585">
     <span class='ocr_line' id='line_1_46' title="bbox 566 4508 2140 4585; baseline 0.011 -27"><span class='ocrx_word' id='word_1_388' title='bbox 566 4508 666 4572; x_wconf 85' lang='lat' dir='ltr'><strong>rit;</strong></span> <span class='ocrx_word' id='word_1_389' title='bbox 696 4508 873 4575; x_wconf 87' lang='lat' dir='ltr'><strong>procul</strong></span> <span class='ocrx_word' id='word_1_390' title='bbox 895 4508 1045 4562; x_wconf 86' lang='lat' dir='ltr'><strong>dubio</strong></span> <span class='ocrx_word' id='word_1_391' title='bbox 1073 4526 1105 4562; x_wconf 88' lang='lat' dir='ltr'><strong>a</strong></span> <span class='ocrx_word' id='word_1_392' title='bbox 1137 4509 1260 4564; x_wconf 89' lang='lat' dir='ltr'><strong>Deo.</strong></span> <span class='ocrx_word' id='word_1_393' title='bbox 1289 4511 1428 4566; x_wconf 87' lang='lat' dir='ltr'><strong>Deus</strong></span> <span class='ocrx_word' id='word_1_394' title='bbox 1455 4523 1620 4568; x_wconf 89' lang='lat' dir='ltr'><strong>autem</strong></span> <span class='ocrx_word' id='word_1_395' title='bbox 1647 4517 1780 4585; x_wconf 88' lang='lat' dir='ltr'><strong>quod</strong></span> <span class='ocrx_word' id='word_1_396' title='bbox 1807 4518 1978 4585; x_wconf 86' lang='lat' dir='ltr'><strong>dedit,</strong></span> <span class='ocrx_word' id='word_1_397' title='bbox 2009 4530 2140 4576; x_wconf 87' lang='lat' dir='ltr'><strong>certe</strong></span> 
     </span>
    </p>
   </div>
   <div class='ocr_carea' id='block_1_47' title="bbox 565 4596 2139 4677">
    <p class='ocr_par' dir='ltr' id='par_1_47' title="bbox 565 4596 2139 4677">
     <span class='ocr_line' id='line_1_47' title="bbox 565 4596 2139 4677; baseline 0.009 -27"><span class='ocrx_word' id='word_1_398' title='bbox 565 4596 747 4650; x_wconf 87' lang='lat' dir='ltr'><strong>bonum</strong></span> <span class='ocrx_word' id='word_1_399' title='bbox 772 4608 867 4662; x_wconf 85' lang='lat' dir='ltr'><strong>est,</strong></span> <span class='ocrx_word' id='word_1_400' title='bbox 896 4602 1067 4668; x_wconf 85' lang='lat' dir='ltr'><strong>negari</strong></span> <span class='ocrx_word' id='word_1_401' title='bbox 1091 4600 1222 4653; x_wconf 85' lang='lat' dir='ltr'><strong>enim</strong></span> <span class='ocrx_word' id='word_1_402' title='bbox 1261 4619 1361 4655; x_wconf 89' lang='lat' dir='ltr'><strong>non</strong></span> <span class='ocrx_word' id='word_1_403' title='bbox 1387 4613 1566 4672; x_wconf 89' lang='lat' dir='ltr'><strong>potest.</strong></span> <span class='ocrx_word' id='word_1_404' title='bbox 1600 4603 1712 4670; x_wconf 81' lang='lat' dir='ltr'><strong>Qua</strong></span> <span class='ocrx_word' id='word_1_405' title='bbox 1753 4607 1910 4677; x_wconf 85' lang='lat' dir='ltr'><strong>igitur</strong></span> <span class='ocrx_word' id='word_1_406' title='bbox 1947 4613 2139 4665; x_wconf 88' lang='lat' dir='ltr'><strong>ratione</strong></span> 
     </span>
    </p>
   </div>
   <div class='ocr_carea' id='block_1_48' title="bbox 565 4685 2135 4765">
    <p class='ocr_par' dir='ltr' id='par_1_48' title="bbox 565 4685 2135 4765">
     <span class='ocr_line' id='line_1_48' title="bbox 565 4685 2135 4765; baseline 0.011 -28"><span class='ocrx_word' id='word_1_407' title='bbox 565 4685 749 4738; x_wconf 88' lang='lat' dir='ltr'><strong>bonum</strong></span> <span class='ocrx_word' id='word_1_408' title='bbox 778 4687 1038 4756; x_wconf 85' lang='lat' dir='ltr'><strong>probatur,</strong></span> <span class='ocrx_word' id='word_1_409' title='bbox 1071 4690 1115 4742; x_wconf 88' lang='lat' dir='ltr'><strong>si</strong></span> <span class='ocrx_word' id='word_1_410' title='bbox 1141 4691 1300 4760; x_wconf 85' lang='lat' dir='ltr'><strong>magis</strong></span> <span class='ocrx_word' id='word_1_411' title='bbox 1326 4693 1395 4745; x_wconf 87' lang='lat' dir='ltr'><strong>ad</strong></span> <span class='ocrx_word' id='word_1_412' title='bbox 1434 4695 1623 4748; x_wconf 87' lang='lat' dir='ltr'><strong>malum</strong></span> <span class='ocrx_word' id='word_1_413' title='bbox 1656 4713 1807 4765; x_wconf 85' lang='lat' dir='ltr'><strong>quam</strong></span> <span class='ocrx_word' id='word_1_414' title='bbox 1847 4699 1916 4751; x_wconf 87' lang='lat' dir='ltr'><strong>ad</strong></span> <span class='ocrx_word' id='word_1_415' title='bbox 1951 4699 2135 4755; x_wconf 86' lang='lat' dir='ltr'><strong>bonum</strong></span> 
     </span>
    </p>
   </div>
   <div class='ocr_carea' id='block_1_49' title="bbox 566 4779 2136 4856">
    <p class='ocr_par' dir='ltr' id='par_1_49' title="bbox 566 4779 2136 4856">
     <span class='ocr_line' id='line_1_49' title="bbox 566 4779 2136 4856; baseline 0.013 -30"><span class='ocrx_word' id='word_1_416' title='bbox 566 4793 778 4845; x_wconf 89' lang='lat' dir='ltr'><strong>pronum</strong></span> <span class='ocrx_word' id='word_1_417' title='bbox 809 4779 918 4832; x_wconf 82' lang='lat' dir='ltr'><strong>est?</strong></span> <span class='ocrx_word' id='word_1_418' title='bbox 961 4779 1127 4850; x_wconf 78' lang='lat' dir='ltr'><strong>Magis</strong></span> <span class='ocrx_word' id='word_1_419' title='bbox 1167 4783 1298 4835; x_wconf 88' lang='lat' dir='ltr'><strong>enim</strong></span> <span class='ocrx_word' id='word_1_420' title='bbox 1340 4784 1408 4836; x_wconf 90' lang='lat' dir='ltr'><strong>ad</strong></span> <span class='ocrx_word' id='word_1_421' title='bbox 1446 4786 1635 4839; x_wconf 87' lang='lat' dir='ltr'><strong>malum</strong></span> <span class='ocrx_word' id='word_1_422' title='bbox 1663 4803 1812 4856; x_wconf 85' lang='lat' dir='ltr'><strong>quam</strong></span> <span class='ocrx_word' id='word_1_423' title='bbox 1847 4790 1915 4842; x_wconf 89' lang='lat' dir='ltr'><strong>ad</strong></span> <span class='ocrx_word' id='word_1_424' title='bbox 1953 4791 2136 4846; x_wconf 84' lang='lat' dir='ltr'><strong>bonum</strong></span> 
     </span>
    </p>
   </div>
   <div class='ocr_carea' id='block_1_50' title="bbox 566 4870 2132 4950">
    <p class='ocr_par' dir='ltr' id='par_1_50' title="bbox 566 4870 2132 4950">
     <span class='ocr_line' id='line_1_50' title="bbox 566 4870 2132 4950; baseline 0.011 -31"><span class='ocrx_word' id='word_1_425' title='bbox 566 4882 777 4936; x_wconf 81' lang='lat' dir='ltr'><strong>pronum</strong></span> <span class='ocrx_word' id='word_1_426' title='bbox 805 4878 914 4932; x_wconf 88' lang='lat' dir='ltr'><strong>est,</strong></span> <span class='ocrx_word' id='word_1_427' title='bbox 946 4870 990 4923; x_wconf 88' lang='lat' dir='ltr'><strong>si</strong></span> <span class='ocrx_word' id='word_1_428' title='bbox 1016 4871 1159 4926; x_wconf 88' lang='lat' dir='ltr'><strong>homo</strong></span> <span class='ocrx_word' id='word_1_429' title='bbox 1185 4890 1274 4943; x_wconf 87' lang='lat' dir='ltr'><strong>per</strong></span> <span class='ocrx_word' id='word_1_430' title='bbox 1301 4875 1428 4927; x_wconf 86' lang='lat' dir='ltr'><strong>illud</strong></span> <span class='ocrx_word' id='word_1_431' title='bbox 1455 4885 1612 4945; x_wconf 86' lang='lat' dir='ltr'><strong>potest</strong></span> <span class='ocrx_word' id='word_1_432' title='bbox 1640 4893 1746 4930; x_wconf 86' lang='lat' dir='ltr'><strong>esse</strong></span> <span class='ocrx_word' id='word_1_433' title='bbox 1774 4894 1886 4933; x_wconf 88' lang='lat' dir='ltr'><strong>cum</strong></span> <span class='ocrx_word' id='word_1_434' title='bbox 1911 4893 2132 4950; x_wconf 86' lang='lat' dir='ltr'><strong>peccato,</strong></span> 
     </span>
    </p>
   </div>
   <div class='ocr_carea' id='block_1_51' title="bbox 565 4964 2134 5043">
    <p class='ocr_par' dir='ltr' id='par_1_51' title="bbox 565 4964 2134 5043">
     <span class='ocr_line' id='line_1_51' title="bbox 565 4964 2134 5043; baseline 0.013 -34"><span class='ocrx_word' id='word_1_435' title='bbox 565 4965 731 5011; x_wconf 86' lang='lat' dir='ltr'><strong>etnon</strong></span> <span class='ocrx_word' id='word_1_436' title='bbox 760 4970 919 5029; x_wconf 85' lang='lat' dir='ltr'><strong>potest</strong></span> <span class='ocrx_word' id='word_1_437' title='bbox 947 4977 1054 5016; x_wconf 85' lang='lat' dir='ltr'><strong>esse</strong></span> <span class='ocrx_word' id='word_1_438' title='bbox 1075 4964 1184 5018; x_wconf 87' lang='lat' dir='ltr'><strong>sine</strong></span> <span class='ocrx_word' id='word_1_439' title='bbox 1211 4977 1431 5033; x_wconf 85' lang='lat' dir='ltr'><strong>peccato.</strong></span> <span class='ocrx_word' id='word_1_440' title='bbox 1465 4966 1854 5038; x_wconf 80' lang='lat' dir='ltr'><strong>Respondetur,</strong></span> <span class='ocrx_word' id='word_1_441' title='bbox 1875 4987 1972 5043; x_wconf 88' lang='lat' dir='ltr'><strong>per</strong></span> <span class='ocrx_word' id='word_1_442' title='bbox 1991 4974 2134 5030; x_wconf 83' lang='lat' dir='ltr'><strong>arbi-</strong></span> 
     </span>
    </p>
   </div>
   <div class='ocr_carea' id='block_1_52' title="bbox 565 5049 2131 5132">
    <p class='ocr_par' dir='ltr' id='par_1_52' title="bbox 565 5049 2131 5132">
     <span class='ocr_line' id='line_1_52' title="bbox 565 5049 2131 5132; baseline 0.012 -31"><span class='ocrx_word' id='word_1_443' title='bbox 565 5049 650 5102; x_wconf 91' lang='lat' dir='ltr'><strong>trii</strong></span> <span class='ocrx_word' id='word_1_444' title='bbox 680 5049 973 5106; x_wconf 87' lang='lat' dir='ltr'><strong>libertatem</strong></span> <span class='ocrx_word' id='word_1_445' title='bbox 1018 5053 1214 5109; x_wconf 78' lang='lat' dir='ltr'><strong>factum</strong></span> <span class='ocrx_word' id='word_1_446' title='bbox 1261 5066 1317 5110; x_wconf 91' lang='lat' dir='ltr'><strong>ut</strong></span> <span class='ocrx_word' id='word_1_447' title='bbox 1344 5067 1485 5119; x_wconf 88' lang='lat' dir='ltr'><strong>esset</strong></span> <span class='ocrx_word' id='word_1_448' title='bbox 1525 5057 1683 5114; x_wconf 91' lang='lat' dir='ltr'><strong>homo</strong></span> <span class='ocrx_word' id='word_1_449' title='bbox 1711 5076 1831 5115; x_wconf 92' lang='lat' dir='ltr'><strong>eum</strong></span> <span class='ocrx_word' id='word_1_450' title='bbox 1877 5076 2131 5132; x_wconf 86' lang='lat' dir='ltr'><strong>peccato;</strong></span> 
     </span>
    </p>
   </div>
   <div class='ocr_carea' id='block_1_53' title="bbox 546 5141 2136 5218">
    <p class='ocr_par' dir='ltr' id='par_1_53' title="bbox 546 5141 2136 5218">
     <span class='ocr_line' id='line_1_53' title="bbox 546 5141 2136 5218; baseline 0.011 -24"><span class='ocrx_word' id='word_1_451' title='bbox 546 5141 655 5195; x_wconf 78' lang='lat' dir='ltr'><strong>sed</strong></span> <span class='ocrx_word' id='word_1_452' title='bbox 675 5142 784 5212; x_wconf 88' lang='lat' dir='ltr'><strong>jam</strong></span> <span class='ocrx_word' id='word_1_453' title='bbox 811 5146 1034 5215; x_wconf 70' lang='lat' dir='ltr'><strong>prenalis</strong></span> <span class='ocrx_word' id='word_1_454' title='bbox 1055 5147 1310 5203; x_wconf 85' lang='lat' dir='ltr'><strong>vitiositas</strong></span> <span class='ocrx_word' id='word_1_455' title='bbox 1329 5149 1630 5218; x_wconf 79' lang='lat' dir='ltr'><strong>subsecma,</strong></span> <span class='ocrx_word' id='word_1_456' title='bbox 1657 5169 1719 5208; x_wconf 83' lang='lat' dir='ltr'><strong>ex</strong></span> <span class='ocrx_word' id='word_1_457' title='bbox 1750 5153 1988 5211; x_wconf 84' lang='lat' dir='ltr'><strong>libertate</strong></span> <span class='ocrx_word' id='word_1_458' title='bbox 2011 5156 2136 5212; x_wconf 79' lang='lat' dir='ltr'><strong>fecit</strong></span> 
     </span>
    </p>
   </div>
   <div class='ocr_carea' id='block_1_54' title="bbox 565 5237 2133 5320">
    <p class='ocr_par' dir='ltr' id='par_1_54' title="bbox 565 5237 2133 5320">
     <span class='ocr_line' id='line_1_54' title="bbox 565 5237 2133 5320; baseline 0.009 -31"><span class='ocrx_word' id='word_1_459' title='bbox 565 5237 948 5292; x_wconf 84' lang='lat' dir='ltr'><strong>necessitatem.</strong></span> <span class='ocrx_word' id='word_1_460' title='bbox 981 5238 1135 5295; x_wconf 86' lang='lat' dir='ltr'><strong>Unde</strong></span> <span class='ocrx_word' id='word_1_461' title='bbox 1162 5240 1230 5295; x_wconf 90' lang='lat' dir='ltr'><strong>ad</strong></span> <span class='ocrx_word' id='word_1_462' title='bbox 1264 5243 1426 5297; x_wconf 88' lang='lat' dir='ltr'><strong>Deum</strong></span> <span class='ocrx_word' id='word_1_463' title='bbox 1455 5243 1588 5300; x_wconf 84' lang='lat' dir='ltr'><strong>lides</strong></span> <span class='ocrx_word' id='word_1_464' title='bbox 1615 5247 1828 5312; x_wconf 89' lang='lat' dir='ltr'><strong>clamat,</strong></span> <span class='ocrx_word' id='word_1_465' title='bbox 1860 5247 1937 5320; x_wconf 84' lang='lat' dir='ltr'><strong>De</strong></span> <span class='ocrx_word' id='word_1_466' title='bbox 1965 5265 2133 5303; x_wconf 88' lang='lat' dir='ltr'><strong>neces-</strong></span> 
     </span>
    </p>
   </div>
   <div class='ocr_carea' id='block_1_55' title="bbox 561 5327 2133 5408">
    <p class='ocr_par' dir='ltr' id='par_1_55' title="bbox 561 5327 2133 5408">
     <span class='ocr_line' id='line_1_55' title="bbox 561 5327 2133 5408; baseline 0.008 -27"><span class='ocrx_word' id='word_1_467' title='bbox 561 5327 790 5382; x_wconf 89' lang='lat' dir='ltr'><strong>sitatibus</strong></span> <span class='ocrx_word' id='word_1_468' title='bbox 828 5329 950 5383; x_wconf 88' lang='lat' dir='ltr'><strong>meis</strong></span> <span class='ocrx_word' id='word_1_469' title='bbox 987 5331 1116 5383; x_wconf 82' lang='lat' dir='ltr'><strong>educ</strong></span> <span class='ocrx_word' id='word_1_470' title='bbox 1163 5347 1240 5386; x_wconf 85' lang='lat' dir='ltr'><strong>me</strong></span> <span class='ocrx_word' id='word_1_471' title='bbox 1274 5330 1442 5402; x_wconf 85' lang='lat' dir='ltr'><strong>(Psal.</strong></span> <span class='ocrx_word' id='word_1_472' title='bbox 1478 5349 1631 5402; x_wconf 76' lang='lat' dir='ltr'><strong>xxtv,</strong></span> <span class='ocrx_word' id='word_1_473' title='bbox 1666 5337 1776 5405; x_wconf 80' lang='lat' dir='ltr'><strong>l7).</strong></span> <span class='ocrx_word' id='word_1_474' title='bbox 1805 5329 1915 5392; x_wconf 83' lang='lat' dir='ltr'><strong>Sub</strong></span> <span class='ocrx_word' id='word_1_475' title='bbox 1940 5338 2133 5408; x_wconf 87' lang='lat' dir='ltr'><strong>quibus</strong></span> 
     </span>
    </p>
   </div>
   <div class='ocr_carea' id='block_1_56' title="bbox 568 5415 2131 5500">
    <p class='ocr_par' dir='ltr' id='par_1_56' title="bbox 568 5415 2131 5500">
     <span class='ocr_line' id='line_1_56' title="bbox 568 5415 2131 5500; baseline 0.012 -32"><span class='ocrx_word' id='word_1_476' title='bbox 568 5419 752 5490; x_wconf 85' lang='lat' dir='ltr'><strong>positi,</strong></span> <span class='ocrx_word' id='word_1_477' title='bbox 784 5421 864 5475; x_wconf 85' lang='lat' dir='ltr'><strong>vel</strong></span> <span class='ocrx_word' id='word_1_478' title='bbox 908 5435 1013 5476; x_wconf 93' lang='lat' dir='ltr'><strong>non</strong></span> <span class='ocrx_word' id='word_1_479' title='bbox 1058 5415 1338 5492; x_wconf 84' lang='lat' dir='ltr'><strong>possumus</strong></span> <span class='ocrx_word' id='word_1_480' title='bbox 1379 5425 1516 5494; x_wconf 91' lang='lat' dir='ltr'><strong>quod</strong></span> <span class='ocrx_word' id='word_1_481' title='bbox 1570 5427 1812 5483; x_wconf 90' lang='lat' dir='ltr'><strong>volumus</strong></span> <span class='ocrx_word' id='word_1_482' title='bbox 1868 5428 2131 5500; x_wconf 83' lang='lat' dir='ltr'><strong>intellige-</strong></span> 
     </span>
    </p>
   </div>
   <div class='ocr_carea' id='block_1_57' title="bbox 626 5548 2133 5660">
    <p class='ocr_par' dir='ltr' id='par_1_57' title="bbox 626 5548 2133 5660">
     <span class='ocr_line' id='line_1_57' title="bbox 626 5548 2133 5660; baseline 0.009 -64"><span class='ocrx_word' id='word_1_483' title='bbox 626 5549 642 5580; x_wconf 78' lang='grc' dir='ltr'>ί</span> <span class='ocrx_word' id='word_1_484' title='bbox 677 5548 813 5623; x_wconf 77' lang='lat' dir='ltr'><strong>Editi,</strong></span> <span class='ocrx_word' id='word_1_485' title='bbox 829 5557 1058 5660; x_wconf 62' lang='lat' dir='ltr'><strong>t{utiquam</strong></span> <span class='ocrx_word' id='word_1_486' title='bbox 1078 5553 1144 5604; x_wconf 89' lang='lat' dir='ltr'><strong>ad</strong></span> <span class='ocrx_word' id='word_1_487' title='bbox 1177 5551 1283 5618; x_wconf 86' lang='lat' dir='ltr'><strong>ejus</strong></span> <span class='ocrx_word' id='word_1_488' title='bbox 1303 5554 1714 5607; x_wconf 82' lang='lat' dir='ltr'><strong>claudicationem.</strong></span> <span class='ocrx_word' id='word_1_489' title='bbox 1739 5565 1836 5606; x_wconf 65' lang='lat' dir='ltr'><strong>Non</strong></span> <span class='ocrx_word' id='word_1_490' title='bbox 1860 5563 1952 5617; x_wconf 84' lang='lat' dir='ltr'><strong>est,</strong></span> <span class='ocrx_word' id='word_1_491' title='bbox 1975 5559 2056 5619; x_wconf 82' lang='lat' dir='ltr'><strong>ad,</strong></span> <span class='ocrx_word' id='word_1_492' title='bbox 2085 5561 2133 5610; x_wconf 88' lang='lat' dir='ltr'><strong>in</strong></span> 
     </span>
     <span class='ocr_line' id='line_1_58' title="bbox 626 5623 906 5660; baseline 0.011 -3"><span class='ocrx_word' id='word_1_493' title='bbox 626 5623 822 5660; x_wconf 83' lang='lat' dir='ltr'><strong>muscrn.</strong></span> <span class='ocrx_word' id='word_1_494' title='bbox 851 5626 906 5660; x_wconf 85' lang='lat' dir='ltr'><strong>IS.</strong></span> 
     </span>
    </p>
   </div>
   <div class='ocr_carea' id='block_1_58' title="bbox 557 5622 906 5674">
    <p class='ocr_par' dir='ltr' id='par_1_58' title="bbox 557 5622 906 5674">
     <span class='ocr_line' id='line_1_59' title="bbox 557 5622 906 5674; baseline 0.011 -17"><span class='ocrx_word' id='word_1_495' title='bbox 557 5622 906 5674; x_wconf 73' lang='lat' dir='ltr'><strong>mnuscrntis.</strong></span> 
     </span>
    </p>
   </div>
   <div class='ocr_carea' id='block_1_59' title="bbox 621 5674 2130 5749">
    <p class='ocr_par' dir='ltr' id='par_1_59' title="bbox 621 5674 2130 5749">
     <span class='ocr_line' id='line_1_60' title="bbox 621 5674 2130 5749; baseline 0.011 -30"><span class='ocrx_word' id='word_1_496' title='bbox 621 5674 640 5746; x_wconf 67' lang='grc' dir='ltr'><strong>ξ</strong></span> <span class='ocrx_word' id='word_1_497' title='bbox 676 5683 772 5720; x_wconf 74' lang='grc' dir='ltr'><strong>Αιιι.</strong></span> <span class='ocrx_word' id='word_1_498' title='bbox 809 5681 888 5749; x_wconf 52' lang='lat' dir='ltr'><strong>Er.</strong></span> <span class='ocrx_word' id='word_1_499' title='bbox 929 5682 982 5727; x_wconf 85' lang='lat' dir='ltr'><strong>ct</strong></span> <span class='ocrx_word' id='word_1_500' title='bbox 1019 5679 1324 5742; x_wconf 83' lang='lat' dir='ltr'><strong>manuscripti</strong></span> <span class='ocrx_word' id='word_1_501' title='bbox 1359 5679 1560 5730; x_wconf 69' lang='lat' dir='ltr'><strong>Vaticani</strong></span> <span class='ocrx_word' id='word_1_502' title='bbox 1609 5687 1659 5730; x_wconf 83' lang='lat' dir='ltr'><strong>et</strong></span> <span class='ocrx_word' id='word_1_503' title='bbox 1699 5679 1946 5744; x_wconf 73' lang='lat' dir='ltr'><strong>Gallicani,</strong></span> <span class='ocrx_word' id='word_1_504' title='bbox 1979 5694 2130 5746; x_wconf 73' lang='lat' dir='ltr'><strong>neque</strong></span> 
     </span>
    </p>
   </div>
   <div class='ocr_carea' id='block_1_60' title="bbox 557 5747 923 5790">
    <p class='ocr_par' dir='ltr' id='par_1_60' title="bbox 557 5747 923 5790">
     <span class='ocr_line' id='line_1_61' title="bbox 557 5747 923 5790; baseline 0.008 -3"><span class='ocrx_word' id='word_1_505' title='bbox 557 5747 681 5788; x_wconf 63' lang='grc' dir='ltr'><strong>σωκ</strong></span> <span class='ocrx_word' id='word_1_506' title='bbox 703 5749 794 5789; x_wconf 87' lang='lat' dir='ltr'><strong>non</strong></span> <span class='ocrx_word' id='word_1_507' title='bbox 815 5747 923 5790; x_wconf 77' lang='lat' dir='ltr'><strong>erit.</strong></span> 
     </span>
    </p>
   </div>
   <div class='ocr_carea' id='block_1_61' title="bbox 1787 313 3440 373">
    <p class='ocr_par' dir='ltr' id='par_1_61' title="bbox 1787 313 3440 373">
     <span class='ocr_line' id='line_1_62' title="bbox 1787 313 3440 373; baseline -0.013 0"><span class='ocrx_word' id='word_1_508' title='bbox 1787 314 1847 372; x_wconf 89' lang='lat' dir='ltr'><strong>S.</strong></span> <span class='ocrx_word' id='word_1_509' title='bbox 1887 313 2247 373; x_wconf 73' lang='lat' dir='ltr'><strong>AUCUSTINI</strong></span> <span class='ocrx_word' id='word_1_510' title='bbox 2287 313 2596 371; x_wconf 75' lang='lat' dir='ltr'><strong>EPISCOPI</strong></span> <span class='ocrx_word' id='word_1_511' title='bbox 2975 357 2980 360; x_wconf 96' lang='lat'><strong>.</strong></span> <span class='ocrx_word' id='word_1_512' title='bbox 3284 319 3350 343; x_wconf 56' lang='grc' dir='ltr'><em>αδ</em></span> <span class='ocrx_word' id='word_1_513' title='bbox 3423 320 3440 325; x_wconf 52' lang='grc'>&lt;</span> 
     </span>
    </p>
   </div>
   <div class='ocr_carea' id='block_1_62' title="bbox 3741 327 3863 386">
    <p class='ocr_par' dir='ltr' id='par_1_62' title="bbox 3741 327 3863 386">
     <span class='ocr_line' id='line_1_63' title="bbox 3741 327 3863 386; baseline 0.016 -1"><span class='ocrx_word' id='word_1_514' title='bbox 3741 327 3863 386; x_wconf 59' lang='grc' dir='ltr'><strong>πω</strong></span> 
     </span>
    </p>
   </div>
   <div class='ocr_carea' id='block_1_63' title="bbox 2277 426 3862 503">
    <p class='ocr_par' dir='ltr' id='par_1_63' title="bbox 2277 426 3862 503">
     <span class='ocr_line' id='line_1_64' title="bbox 2277 426 3862 503; baseline 0.013 -24"><span class='ocrx_word' id='word_1_515' title='bbox 2277 441 2356 491; x_wconf 87' lang='lat' dir='ltr'><strong>re,</strong></span> <span class='ocrx_word' id='word_1_516' title='bbox 2401 427 2483 481; x_wconf 91' lang='lat' dir='ltr'><strong>vel</strong></span> <span class='ocrx_word' id='word_1_517' title='bbox 2517 426 2657 498; x_wconf 90' lang='lat' dir='ltr'><strong>quod</strong></span> <span class='ocrx_word' id='word_1_518' title='bbox 2705 427 3125 486; x_wconf 72' lang='lat' dir='ltr'><strong>intellexerimus</strong></span> <span class='ocrx_word' id='word_1_519' title='bbox 3145 473 3160 499; x_wconf 88' lang='lat'><strong>,</strong></span> <span class='ocrx_word' id='word_1_520' title='bbox 3213 433 3454 492; x_wconf 90' lang='lat' dir='ltr'><strong>volumus</strong></span> <span class='ocrx_word' id='word_1_521' title='bbox 3474 478 3490 503; x_wconf 91' lang='lat'><strong>,</strong></span> <span class='ocrx_word' id='word_1_522' title='bbox 3547 454 3648 496; x_wconf 88' lang='lat' dir='ltr'><strong>11cc</strong></span> <span class='ocrx_word' id='word_1_523' title='bbox 3697 444 3862 500; x_wconf 88' lang='lat' dir='ltr'><strong>vale-</strong></span> 
     </span>
    </p>
   </div>
   <div class='ocr_carea' id='block_1_64' title="bbox 2273 517 3862 591">
    <p class='ocr_par' dir='ltr' id='par_1_64' title="bbox 2273 517 3862 591">
     <span class='ocr_line' id='line_1_65' title="bbox 2273 517 3862 591; baseline 0.013 -22"><span class='ocrx_word' id='word_1_524' title='bbox 2273 531 2392 570; x_wconf 87' lang='lat' dir='ltr'><strong>mus</strong></span> <span class='ocrx_word' id='word_1_525' title='bbox 2420 517 2661 587; x_wconf 88' lang='lat' dir='ltr'><strong>implere.</strong></span> <span class='ocrx_word' id='word_1_526' title='bbox 2690 518 2826 574; x_wconf 87' lang='lat' dir='ltr'><strong>Nam</strong></span> <span class='ocrx_word' id='word_1_527' title='bbox 2864 531 2918 576; x_wconf 83' lang='lat' dir='ltr'><strong>et</strong></span> <span class='ocrx_word' id='word_1_528' title='bbox 2946 522 3058 591; x_wconf 90' lang='lat' dir='ltr'><strong>ipsa</strong></span> <span class='ocrx_word' id='word_1_529' title='bbox 3098 523 3313 581; x_wconf 87' lang='lat' dir='ltr'><strong>libertas</strong></span> <span class='ocrx_word' id='word_1_530' title='bbox 3353 527 3696 587; x_wconf 87' lang='lat' dir='ltr'><strong>credentibus</strong></span> <span class='ocrx_word' id='word_1_531' title='bbox 3721 548 3752 587; x_wconf 89' lang='lat' dir='ltr'><strong>a</strong></span> <span class='ocrx_word' id='word_1_532' title='bbox 3781 535 3862 590; x_wconf 84' lang='lat' dir='ltr'><strong>li-</strong></span> 
     </span>
    </p>
   </div>
   <div class='ocr_carea' id='block_1_65' title="bbox 2271 607 3856 689">
    <p class='ocr_par' dir='ltr' id='par_1_65' title="bbox 2271 607 3856 689">
     <span class='ocr_line' id='line_1_66' title="bbox 2271 607 3856 689; baseline 0.01 -27"><span class='ocrx_word' id='word_1_533' title='bbox 2271 607 2520 662; x_wconf 85' lang='lat' dir='ltr'><strong>beratore</strong></span> <span class='ocrx_word' id='word_1_534' title='bbox 2547 610 2890 678; x_wconf 90' lang='lat' dir='ltr'><strong>promittitur.</strong></span> <span class='ocrx_word' id='word_1_535' title='bbox 2923 611 2984 666; x_wconf 88' lang='lat' dir='ltr'><strong>Si</strong></span> <span class='ocrx_word' id='word_1_536' title='bbox 3005 628 3109 682; x_wconf 88' lang='lat' dir='ltr'><strong>vos,</strong></span> <span class='ocrx_word' id='word_1_537' title='bbox 3136 615 3323 686; x_wconf 90' lang='lat' dir='ltr'><strong>inquit,</strong></span> <span class='ocrx_word' id='word_1_538' title='bbox 3347 616 3515 674; x_wconf 86' lang='lat' dir='ltr'><strong>Filius</strong></span> <span class='ocrx_word' id='word_1_539' title='bbox 3541 621 3856 689; x_wconf 77' lang='lat' dir='ltr'><strong>liberaverit.</strong></span> 
     </span>
    </p>
   </div>
   <div class='ocr_carea' id='block_1_66' title="bbox 2273 697 3860 776">
    <p class='ocr_par' dir='ltr' id='par_1_66' title="bbox 2273 697 3860 776">
     <span class='ocr_line' id='line_1_67' title="bbox 2273 697 3860 776; baseline 0.014 -27"><span class='ocrx_word' id='word_1_540' title='bbox 2273 706 2390 750; x_wconf 84' lang='lat' dir='ltr'><strong>tunc</strong></span> <span class='ocrx_word' id='word_1_541' title='bbox 2418 714 2529 752; x_wconf 84' lang='lat' dir='ltr'><strong>vere</strong></span> <span class='ocrx_word' id='word_1_542' title='bbox 2555 697 2698 752; x_wconf 83' lang='lat' dir='ltr'><strong>iiberi</strong></span> <span class='ocrx_word' id='word_1_543' title='bbox 2721 701 2857 754; x_wconf 85' lang='lat' dir='ltr'><strong>eritis</strong></span> <span class='ocrx_word' id='word_1_544' title='bbox 2881 701 3058 772; x_wconf 85' lang='lat' dir='ltr'><strong>(Joan.</strong></span> <span class='ocrx_word' id='word_1_545' title='bbox 3091 720 3203 772; x_wconf 83' lang='lat' dir='ltr'><strong>Vill,</strong></span> <span class='ocrx_word' id='word_1_546' title='bbox 3231 706 3345 776; x_wconf 79' lang='grc'><strong>56).</strong></span> <span class='ocrx_word' id='word_1_547' title='bbox 3382 707 3527 764; x_wconf 87' lang='lat' dir='ltr'><strong>Victa</strong></span> <span class='ocrx_word' id='word_1_548' title='bbox 3553 712 3693 767; x_wconf 90' lang='lat' dir='ltr'><strong>enim</strong></span> <span class='ocrx_word' id='word_1_549' title='bbox 3719 715 3860 771; x_wconf 89' lang='lat' dir='ltr'><strong>vitio</strong></span> 
     </span>
    </p>
   </div>
   <div class='ocr_carea' id='block_1_67' title="bbox 2271 786 3858 862">
    <p class='ocr_par' dir='ltr' id='par_1_67' title="bbox 2271 786 3858 862">
     <span class='ocr_line' id='line_1_68' title="bbox 2271 786 3858 862; baseline 0.013 -22"><span class='ocrx_word' id='word_1_550' title='bbox 2271 786 2324 840; x_wconf 93' lang='lat' dir='ltr'><strong>in</strong></span> <span class='ocrx_word' id='word_1_551' title='bbox 2343 789 2481 857; x_wconf 88' lang='lat' dir='ltr'><strong>quod</strong></span> <span class='ocrx_word' id='word_1_552' title='bbox 2505 790 2695 844; x_wconf 87' lang='lat' dir='ltr'><strong>cecidit</strong></span> <span class='ocrx_word' id='word_1_553' title='bbox 2715 791 3004 861; x_wconf 89' lang='lat' dir='ltr'><strong>voluntate,</strong></span> <span class='ocrx_word' id='word_1_554' title='bbox 3026 796 3194 850; x_wconf 84' lang='lat' dir='ltr'><strong>caruit</strong></span> <span class='ocrx_word' id='word_1_555' title='bbox 3217 796 3457 854; x_wconf 85' lang='lat' dir='ltr'><strong>libertate</strong></span> <span class='ocrx_word' id='word_1_556' title='bbox 3479 809 3686 857; x_wconf 88' lang='lat' dir='ltr'><strong>natura.</strong></span> <span class='ocrx_word' id='word_1_557' title='bbox 3710 805 3858 862; x_wconf 85' lang='lat' dir='ltr'><strong>Hinc</strong></span> 
     </span>
    </p>
   </div>
   <div class='ocr_carea' id='block_1_68' title="bbox 2268 877 3858 962">
    <p class='ocr_par' dir='ltr' id='par_1_68' title="bbox 2268 877 3858 962">
     <span class='ocr_line' id='line_1_69' title="bbox 2268 877 3858 962; baseline 0.014 -32"><span class='ocrx_word' id='word_1_558' title='bbox 2268 877 2368 931; x_wconf 90' lang='lat' dir='ltr'><strong>alia</strong></span> <span class='ocrx_word' id='word_1_559' title='bbox 2387 880 2658 950; x_wconf 89' lang='lat' dir='ltr'><strong>Scriptura</strong></span> <span class='ocrx_word' id='word_1_560' title='bbox 2677 881 2823 949; x_wconf 88' lang='lat' dir='ltr'><strong>dicit,</strong></span> <span class='ocrx_word' id='word_1_561' title='bbox 2845 886 2886 937; x_wconf 83' lang='grc' dir='ltr'><em>Α</em></span> <span class='ocrx_word' id='word_1_562' title='bbox 2903 901 3000 954; x_wconf 85' lang='lat' dir='ltr'><strong>quo</strong></span> <span class='ocrx_word' id='word_1_563' title='bbox 3016 887 3147 940; x_wconf 83' lang='lat' dir='ltr'><strong>enim</strong></span> <span class='ocrx_word' id='word_1_564' title='bbox 3175 889 3285 957; x_wconf 89' lang='lat' dir='ltr'><strong>quis</strong></span> <span class='ocrx_word' id='word_1_565' title='bbox 3311 890 3534 946; x_wconf 88' lang='lat' dir='ltr'><strong>devictus</strong></span> <span class='ocrx_word' id='word_1_566' title='bbox 3550 903 3642 962; x_wconf 86' lang='lat' dir='ltr'><strong>est,</strong></span> <span class='ocrx_word' id='word_1_567' title='bbox 3665 896 3783 950; x_wconf 85' lang='lat' dir='ltr'><strong>huic</strong></span> <span class='ocrx_word' id='word_1_568' title='bbox 3799 908 3858 952; x_wconf 91' lang='lat' dir='ltr'><strong>et</strong></span> 
     </span>
    </p>
   </div>
   <div class='ocr_carea' id='block_1_69' title="bbox 2267 971 3858 1053">
    <p class='ocr_par' dir='ltr' id='par_1_69' title="bbox 2267 971 3858 1053">
     <span class='ocr_line' id='line_1_70' title="bbox 2267 971 3858 1053; baseline 0.014 -32"><span class='ocrx_word' id='word_1_569' title='bbox 2267 984 2435 1023; x_wconf 85' lang='lat' dir='ltr'><strong>servus</strong></span> <span class='ocrx_word' id='word_1_570' title='bbox 2464 971 2694 1026; x_wconf 87' lang='lat' dir='ltr'><strong>addictus</strong></span> <span class='ocrx_word' id='word_1_571' title='bbox 2722 983 2793 1026; x_wconf 88' lang='lat' dir='ltr'><strong>est</strong></span> <span class='ocrx_word' id='word_1_572' title='bbox 2823 973 2888 1045; x_wconf 84' lang='lat' dir='ltr'><strong>(ll</strong></span> <span class='ocrx_word' id='word_1_573' title='bbox 2913 974 3054 1030; x_wconf 87' lang='lat' dir='ltr'><strong>Petr.</strong></span> <span class='ocrx_word' id='word_1_574' title='bbox 3084 993 3140 1041; x_wconf 92' lang='lat'><strong>11,</strong></span> <span class='ocrx_word' id='word_1_575' title='bbox 3173 976 3281 1051; x_wconf 77' lang='grc'><strong>19).</strong></span> <span class='ocrx_word' id='word_1_576' title='bbox 3310 979 3458 1036; x_wconf 86' lang='lat' dir='ltr'><strong>Sicut</strong></span> <span class='ocrx_word' id='word_1_577' title='bbox 3482 999 3608 1053; x_wconf 85' lang='lat' dir='ltr'><strong>ergo</strong></span> <span class='ocrx_word' id='word_1_578' title='bbox 3635 1001 3740 1041; x_wconf 90' lang='lat' dir='ltr'><strong>non</strong></span> <span class='ocrx_word' id='word_1_579' title='bbox 3762 997 3858 1044; x_wconf 86' lang='lat' dir='ltr'><strong>cst</strong></span> 
     </span>
    </p>
   </div>
   <div class='ocr_carea' id='block_1_70' title="bbox 2267 1061 3847 1144">
    <p class='ocr_par' dir='ltr' id='par_1_70' title="bbox 2267 1061 3847 1144">
     <span class='ocr_line' id='line_1_71' title="bbox 2267 1061 3847 1144; baseline 0.013 -33"><span class='ocrx_word' id='word_1_580' title='bbox 2267 1072 2400 1127; x_wconf 89' lang='lat' dir='ltr'><strong>epus</strong></span> <span class='ocrx_word' id='word_1_581' title='bbox 2430 1061 2577 1116; x_wconf 89' lang='lat' dir='ltr'><strong>sanis</strong></span> <span class='ocrx_word' id='word_1_582' title='bbox 2608 1063 2866 1132; x_wconf 88' lang='lat' dir='ltr'><strong>medicus,</strong></span> <span class='ocrx_word' id='word_1_583' title='bbox 2896 1065 2991 1120; x_wconf 91' lang='lat' dir='ltr'><strong>sed</strong></span> <span class='ocrx_word' id='word_1_584' title='bbox 3020 1068 3158 1122; x_wconf 89' lang='lat' dir='ltr'><strong>male</strong></span> <span class='ocrx_word' id='word_1_585' title='bbox 3189 1068 3503 1128; x_wconf 86' lang='lat' dir='ltr'><strong>habentibus</strong></span> <span class='ocrx_word' id='word_1_586' title='bbox 3526 1075 3735 1144; x_wconf 84' lang='lat' dir='ltr'><strong>(Matth.</strong></span> <span class='ocrx_word' id='word_1_587' title='bbox 3760 1096 3847 1144; x_wconf 69' lang='grc' dir='ltr'><strong>ιι,</strong></span> 
     </span>
    </p>
   </div>
   <div class='ocr_carea' id='block_1_71' title="bbox 2268 1149 3854 1235">
    <p class='ocr_par' dir='ltr' id='par_1_71' title="bbox 2268 1149 3854 1235">
     <span class='ocr_line' id='line_1_72' title="bbox 2268 1149 3854 1235; baseline 0.014 -32"><span class='ocrx_word' id='word_1_588' title='bbox 2268 1149 2356 1222; x_wconf 76' lang='grc'><strong>12)</strong></span> <span class='ocrx_word' id='word_1_589' title='bbox 2387 1168 2400 1204; x_wconf 93' lang='lat'>:</span> <span class='ocrx_word' id='word_1_590' title='bbox 2426 1151 2495 1205; x_wconf 91' lang='lat' dir='ltr'><strong>ita</strong></span> <span class='ocrx_word' id='word_1_591' title='bbox 2528 1168 2632 1206; x_wconf 89' lang='lat' dir='ltr'><strong>non</strong></span> <span class='ocrx_word' id='word_1_592' title='bbox 2664 1163 2745 1208; x_wconf 88' lang='lat' dir='ltr'><strong>est</strong></span> <span class='ocrx_word' id='word_1_593' title='bbox 2771 1171 2902 1224; x_wconf 88' lang='lat' dir='ltr'><strong>opus</strong></span> <span class='ocrx_word' id='word_1_594' title='bbox 2926 1157 3105 1212; x_wconf 91' lang='lat' dir='ltr'><strong>liberis</strong></span> <span class='ocrx_word' id='word_1_595' title='bbox 3132 1160 3404 1228; x_wconf 89' lang='lat' dir='ltr'><strong>liberator,</strong></span> <span class='ocrx_word' id='word_1_596' title='bbox 3433 1165 3526 1220; x_wconf 87' lang='lat' dir='ltr'><strong>sed</strong></span> <span class='ocrx_word' id='word_1_597' title='bbox 3551 1169 3750 1235; x_wconf 85' lang='lat' dir='ltr'><strong>servis;</strong></span> <span class='ocrx_word' id='word_1_598' title='bbox 3786 1181 3854 1225; x_wconf 89' lang='lat' dir='ltr'><strong>ut</strong></span> 
     </span>
    </p>
   </div>
   <div class='ocr_carea' id='block_1_72' title="bbox 2265 1239 3853 1323">
    <p class='ocr_par' dir='ltr' id='par_1_72' title="bbox 2265 1239 3853 1323">
     <span class='ocr_line' id='line_1_73' title="bbox 2265 1239 3853 1323; baseline 0.014 -31"><span class='ocrx_word' id='word_1_599' title='bbox 2265 1239 2314 1293; x_wconf 90' lang='lat' dir='ltr'><strong>ei</strong></span> <span class='ocrx_word' id='word_1_600' title='bbox 2348 1239 2489 1295; x_wconf 89' lang='lat' dir='ltr'><strong>dicat</strong></span> <span class='ocrx_word' id='word_1_601' title='bbox 2513 1245 2790 1312; x_wconf 80' lang='lat' dir='ltr'><strong>gratulatio</strong></span> <span class='ocrx_word' id='word_1_602' title='bbox 2820 1247 3098 1315; x_wconf 85' lang='lat' dir='ltr'><strong>libertatis,</strong></span> <span class='ocrx_word' id='word_1_603' title='bbox 3131 1249 3342 1305; x_wconf 84' lang='lat' dir='ltr'><strong>Salvam</strong></span> <span class='ocrx_word' id='word_1_604' title='bbox 3380 1255 3544 1323; x_wconf 73' lang='lat' dir='ltr'><strong>fecisti</strong></span> <span class='ocrx_word' id='word_1_605' title='bbox 3581 1259 3642 1310; x_wconf 89' lang='lat' dir='ltr'><strong>de</strong></span> <span class='ocrx_word' id='word_1_606' title='bbox 3669 1276 3853 1314; x_wconf 87' lang='lat' dir='ltr'><strong>neces-</strong></span> 
     </span>
    </p>
   </div>
   <div class='ocr_carea' id='block_1_73' title="bbox 2263 1330 3854 1418">
    <p class='ocr_par' dir='ltr' id='par_1_73' title="bbox 2263 1330 3854 1418">
     <span class='ocr_line' id='line_1_74' title="bbox 2263 1330 3854 1418; baseline 0.018 -37"><span class='ocrx_word' id='word_1_607' title='bbox 2263 1330 2492 1386; x_wconf 82' lang='lat' dir='ltr'><strong>sitatibus</strong></span> <span class='ocrx_word' id='word_1_608' title='bbox 2521 1336 2744 1388; x_wconf 84' lang='lat' dir='ltr'><strong>animant</strong></span> <span class='ocrx_word' id='word_1_609' title='bbox 2775 1355 2934 1392; x_wconf 82' lang='lat' dir='ltr'><strong>meant</strong></span> <span class='ocrx_word' id='word_1_610' title='bbox 2963 1338 3133 1410; x_wconf 83' lang='lat' dir='ltr'><strong>(Psal.</strong></span> <span class='ocrx_word' id='word_1_611' title='bbox 3168 1357 3307 1411; x_wconf 79' lang='lat' dir='ltr'><strong>xxx,</strong></span> <span class='ocrx_word' id='word_1_612' title='bbox 3339 1345 3418 1418; x_wconf 88' lang='lat'><strong>8).</strong></span> <span class='ocrx_word' id='word_1_613' title='bbox 3448 1347 3562 1417; x_wconf 83' lang='lat' dir='ltr'><strong>Ipsa</strong></span> <span class='ocrx_word' id='word_1_614' title='bbox 3587 1351 3725 1405; x_wconf 89' lang='lat' dir='ltr'><strong>enim</strong></span> <span class='ocrx_word' id='word_1_615' title='bbox 3755 1368 3854 1408; x_wconf 83' lang='lat' dir='ltr'><strong>sa-</strong></span> 
     </span>
    </p>
   </div>
   <div class='ocr_carea' id='block_1_74' title="bbox 2264 1420 3844 1504">
    <p class='ocr_par' dir='ltr' id='par_1_74' title="bbox 2264 1420 3844 1504">
     <span class='ocr_line' id='line_1_75' title="bbox 2264 1420 3844 1504; baseline 0.015 -31"><span class='ocrx_word' id='word_1_616' title='bbox 2264 1420 2401 1475; x_wconf 88' lang='lat' dir='ltr'><strong>nitas</strong></span> <span class='ocrx_word' id='word_1_617' title='bbox 2430 1432 2510 1477; x_wconf 91' lang='lat' dir='ltr'><strong>cst</strong></span> <span class='ocrx_word' id='word_1_618' title='bbox 2554 1440 2676 1478; x_wconf 87' lang='lat' dir='ltr'><strong>vera</strong></span> <span class='ocrx_word' id='word_1_619' title='bbox 2724 1427 2936 1482; x_wconf 89' lang='lat' dir='ltr'><strong>libertas</strong></span> <span class='ocrx_word' id='word_1_620' title='bbox 2961 1469 2975 1490; x_wconf 91' lang='lat'><strong>,</strong></span> <span class='ocrx_word' id='word_1_621' title='bbox 3005 1445 3123 1499; x_wconf 71' lang='lat' dir='ltr'><strong>qua:</strong></span> <span class='ocrx_word' id='word_1_622' title='bbox 3169 1446 3275 1486; x_wconf 91' lang='lat' dir='ltr'><strong>non</strong></span> <span class='ocrx_word' id='word_1_623' title='bbox 3326 1431 3582 1504; x_wconf 79' lang='lat' dir='ltr'><strong>perisset,</strong></span> <span class='ocrx_word' id='word_1_624' title='bbox 3610 1439 3654 1492; x_wconf 90' lang='lat' dir='ltr'><strong>si</strong></span> <span class='ocrx_word' id='word_1_625' title='bbox 3694 1439 3844 1494; x_wconf 64' lang='lat' dir='ltr'><strong>bona</strong></span> 
     </span>
    </p>
   </div>
   <div class='ocr_carea' id='block_1_75' title="bbox 2264 1515 3845 1601">
    <p class='ocr_par' dir='ltr' id='par_1_75' title="bbox 2264 1515 3845 1601">
     <span class='ocr_line' id='line_1_76' title="bbox 2264 1515 3845 1601; baseline 0.015 -36"><span class='ocrx_word' id='word_1_626' title='bbox 2264 1515 2646 1580; x_wconf 85' lang='lat' dir='ltr'><strong>permansisset</strong></span> <span class='ocrx_word' id='word_1_627' title='bbox 2673 1519 2938 1574; x_wconf 78' lang='lat' dir='ltr'><strong>voluntas.</strong></span> <span class='ocrx_word' id='word_1_628' title='bbox 2982 1521 3110 1587; x_wconf 80' lang='lat' dir='ltr'><strong>Quia</strong></span> <span class='ocrx_word' id='word_1_629' title='bbox 3140 1539 3268 1580; x_wconf 92' lang='lat' dir='ltr'><strong>vero</strong></span> <span class='ocrx_word' id='word_1_630' title='bbox 3295 1531 3530 1596; x_wconf 80' lang='lat' dir='ltr'><strong>peccavit</strong></span> <span class='ocrx_word' id='word_1_631' title='bbox 3554 1531 3797 1587; x_wconf 91' lang='lat' dir='ltr'><strong>voluntas</strong></span> <span class='ocrx_word' id='word_1_632' title='bbox 3823 1573 3845 1601; x_wconf 87' lang='lat'><strong>,</strong></span> 
     </span>
    </p>
   </div>
   <div class='ocr_carea' id='block_1_76' title="bbox 2261 1612 3850 1679">
    <p class='ocr_par' dir='ltr' id='par_1_76' title="bbox 2261 1612 3850 1679">
     <span class='ocr_line' id='line_1_77' title="bbox 2261 1612 3850 1679; baseline 0.014 -25"><span class='ocrx_word' id='word_1_633' title='bbox 2261 1612 2438 1656; x_wconf 90' lang='lat' dir='ltr'><strong>secuta</strong></span> <span class='ocrx_word' id='word_1_634' title='bbox 2470 1614 2552 1659; x_wconf 88' lang='lat' dir='ltr'><strong>est</strong></span> <span class='ocrx_word' id='word_1_635' title='bbox 2593 1617 2900 1676; x_wconf 85' lang='lat' dir='ltr'><strong>peccantem</strong></span> <span class='ocrx_word' id='word_1_636' title='bbox 2941 1621 3215 1679; x_wconf 85' lang='lat' dir='ltr'><strong>peccatum</strong></span> <span class='ocrx_word' id='word_1_637' title='bbox 3243 1613 3466 1672; x_wconf 90' lang='lat' dir='ltr'><strong>habendi</strong></span> <span class='ocrx_word' id='word_1_638' title='bbox 3493 1619 3622 1674; x_wconf 89' lang='lat' dir='ltr'><strong>dura</strong></span> <span class='ocrx_word' id='word_1_639' title='bbox 3651 1637 3850 1678; x_wconf 82' lang='lat' dir='ltr'><strong>neces-</strong></span> 
     </span>
    </p>
   </div>
   <div class='ocr_carea' id='block_1_77' title="bbox 2259 1690 3850 1782">
    <p class='ocr_par' dir='ltr' id='par_1_77' title="bbox 2259 1690 3850 1782">
     <span class='ocr_line' id='line_1_78' title="bbox 2259 1690 3850 1782; baseline 0.016 -39"><span class='ocrx_word' id='word_1_640' title='bbox 2259 1690 2428 1760; x_wconf 88' lang='lat' dir='ltr'><strong>sitas,</strong></span> <span class='ocrx_word' id='word_1_641' title='bbox 2467 1693 2638 1751; x_wconf 89' lang='lat' dir='ltr'><strong>donec</strong></span> <span class='ocrx_word' id='word_1_642' title='bbox 2681 1706 2790 1754; x_wconf 90' lang='lat' dir='ltr'><strong>tota</strong></span> <span class='ocrx_word' id='word_1_643' title='bbox 2834 1713 3050 1756; x_wconf 82' lang='lat' dir='ltr'><strong>sanetur</strong></span> <span class='ocrx_word' id='word_1_644' title='bbox 3090 1703 3408 1775; x_wconf 76' lang='lat' dir='ltr'><strong>infirmitas,</strong></span> <span class='ocrx_word' id='word_1_645' title='bbox 3454 1719 3508 1764; x_wconf 91' lang='lat' dir='ltr'><strong>et</strong></span> <span class='ocrx_word' id='word_1_646' title='bbox 3550 1713 3850 1782; x_wconf 84' lang='lat' dir='ltr'><strong>accipiatur</strong></span> 
     </span>
    </p>
   </div>
   <div class='ocr_carea' id='block_1_78' title="bbox 2261 1785 3846 1871">
    <p class='ocr_par' dir='ltr' id='par_1_78' title="bbox 2261 1785 3846 1871">
     <span class='ocr_line' id='line_1_79' title="bbox 2261 1785 3846 1871; baseline 0.015 -35"><span class='ocrx_word' id='word_1_647' title='bbox 2261 1790 2403 1838; x_wconf 89' lang='lat' dir='ltr'><strong>tanta</strong></span> <span class='ocrx_word' id='word_1_648' title='bbox 2434 1785 2450 1818; x_wconf 86' lang='grc'>¹</span> <span class='ocrx_word' id='word_1_649' title='bbox 2481 1785 2726 1856; x_wconf 86' lang='lat' dir='ltr'><strong>libertas,</strong></span> <span class='ocrx_word' id='word_1_650' title='bbox 2757 1790 2807 1844; x_wconf 93' lang='lat' dir='ltr'><strong>in</strong></span> <span class='ocrx_word' id='word_1_651' title='bbox 2847 1807 2948 1862; x_wconf 88' lang='lat' dir='ltr'><strong>qua</strong></span> <span class='ocrx_word' id='word_1_652' title='bbox 2985 1793 3125 1848; x_wconf 85' lang='lat' dir='ltr'><strong>sicut</strong></span> <span class='ocrx_word' id='word_1_653' title='bbox 3161 1811 3380 1853; x_wconf 89' lang='lat' dir='ltr'><strong>necesse</strong></span> <span class='ocrx_word' id='word_1_654' title='bbox 3407 1809 3491 1855; x_wconf 92' lang='lat' dir='ltr'><strong>est</strong></span> <span class='ocrx_word' id='word_1_655' title='bbox 3531 1814 3846 1871; x_wconf 87' lang='lat' dir='ltr'><strong>permaneat</strong></span> 
     </span>
    </p>
   </div>
   <div class='ocr_carea' id='block_1_79' title="bbox 2259 1873 3841 1950">
    <p class='ocr_par' dir='ltr' id='par_1_79' title="bbox 2259 1873 3841 1950">
     <span class='ocr_line' id='line_1_80' title="bbox 2259 1873 3841 1950; baseline 0.015 -23"><span class='ocrx_word' id='word_1_656' title='bbox 2259 1873 2412 1931; x_wconf 86' lang='lat' dir='ltr'><strong>beate</strong></span> <span class='ocrx_word' id='word_1_657' title='bbox 2443 1877 2649 1933; x_wconf 89' lang='lat' dir='ltr'><strong>vivendi</strong></span> <span class='ocrx_word' id='word_1_658' title='bbox 2678 1881 2923 1936; x_wconf 88' lang='lat' dir='ltr'><strong>voluntas</strong></span> <span class='ocrx_word' id='word_1_659' title='bbox 2943 1925 2956 1950; x_wconf 90' lang='lat'><strong>,</strong></span> <span class='ocrx_word' id='word_1_660' title='bbox 2989 1884 3059 1939; x_wconf 90' lang='lat' dir='ltr'><strong>ita</strong></span> <span class='ocrx_word' id='word_1_661' title='bbox 3091 1896 3145 1940; x_wconf 91' lang='lat' dir='ltr'><strong>ut</strong></span> <span class='ocrx_word' id='word_1_662' title='bbox 3173 1888 3243 1942; x_wconf 89' lang='lat' dir='ltr'><strong>sit</strong></span> <span class='ocrx_word' id='word_1_663' title='bbox 3269 1890 3430 1945; x_wconf 83' lang='lat' dir='ltr'><strong>etiam</strong></span> <span class='ocrx_word' id='word_1_664' title='bbox 3468 1891 3604 1948; x_wconf 88' lang='lat' dir='ltr'><strong>bene</strong></span> <span class='ocrx_word' id='word_1_665' title='bbox 3627 1895 3841 1950; x_wconf 86' lang='lat' dir='ltr'><strong>vivendi</strong></span> 
     </span>
    </p>
   </div>
   <div class='ocr_carea' id='block_1_80' title="bbox 2256 1972 3839 2050">
    <p class='ocr_par' dir='ltr' id='par_1_80' title="bbox 2256 1972 3839 2050">
     <span class='ocr_line' id='line_1_81' title="bbox 2256 1972 3839 2050; baseline 0.013 -31"><span class='ocrx_word' id='word_1_666' title='bbox 2256 1976 2309 2019; x_wconf 92' lang='lat' dir='ltr'><strong>ct</strong></span> <span class='ocrx_word' id='word_1_667' title='bbox 2341 1982 2608 2038; x_wconf 83' lang='lat' dir='ltr'><strong>nunquam</strong></span> <span class='ocrx_word' id='word_1_668' title='bbox 2636 1972 2891 2040; x_wconf 90' lang='lat' dir='ltr'><strong>peccandi</strong></span> <span class='ocrx_word' id='word_1_669' title='bbox 2935 1975 3228 2030; x_wconf 85' lang='lat' dir='ltr'><strong>voluntaria</strong></span> <span class='ocrx_word' id='word_1_670' title='bbox 3260 1977 3492 2050; x_wconf 82' lang='lat' dir='ltr'><strong>felixque</strong></span> <span class='ocrx_word' id='word_1_671' title='bbox 3524 1985 3839 2039; x_wconf 89' lang='lat' dir='ltr'><strong>necessitas.</strong></span> 
     </span>
    </p>
   </div>
   <div class='ocr_carea' id='block_1_81' title="bbox 2329 2050 3841 2140">
    <p class='ocr_par' dir='ltr' id='par_1_81' title="bbox 2329 2050 3841 2140">
     <span class='ocr_line' id='line_1_82' title="bbox 2329 2050 3841 2140; baseline 0.013 -31"><span class='ocrx_word' id='word_1_672' title='bbox 2329 2050 2664 2114; x_wconf 84' lang='lat' dir='ltr'><strong>Ratiocinatio</strong></span> <span class='ocrx_word' id='word_1_673' title='bbox 2687 2061 2772 2117; x_wconf 83' lang='grc'><strong>10.</strong></span> <span class='ocrx_word' id='word_1_674' title='bbox 2802 2082 2820 2115; x_wconf 82' lang='lat' dir='ltr'><strong>t</strong></span> <span class='ocrx_word' id='word_1_675' title='bbox 2853 2063 3099 2132; x_wconf 85' lang='lat' dir='ltr'><strong>Proinde,</strong></span> <span class='ocrx_word' id='word_1_676' title='bbox 3131 2085 3150 2120; x_wconf 92' lang='lat'><strong>1</strong></span> <span class='ocrx_word' id='word_1_677' title='bbox 3181 2070 3373 2140; x_wconf 89' lang='lat' dir='ltr'><strong>inquit,</strong></span> <span class='ocrx_word' id='word_1_678' title='bbox 3405 2089 3425 2123; x_wconf 72' lang='grc' dir='ltr'>ί</span> <span class='ocrx_word' id='word_1_679' title='bbox 3458 2072 3596 2127; x_wconf 88' lang='lat' dir='ltr'><strong>Deus</strong></span> <span class='ocrx_word' id='word_1_680' title='bbox 3638 2073 3841 2129; x_wconf 84' lang='lat' dir='ltr'><strong>bonum</strong></span> 
     </span>
    </p>
   </div>
   <div class='ocr_carea' id='block_1_82' title="bbox 2255 2146 3840 2236">
    <p class='ocr_par' dir='ltr' id='par_1_82' title="bbox 2255 2146 3840 2236">
     <span class='ocr_line' id='line_1_83' title="bbox 2255 2146 3840 2236; baseline 0.013 -35"><span class='ocrx_word' id='word_1_681' title='bbox 2255 2146 2524 2204; x_wconf 88' lang='lat' dir='ltr'><strong>hominem</strong></span> <span class='ocrx_word' id='word_1_682' title='bbox 2558 2150 2680 2206; x_wconf 80' lang='lat' dir='ltr'><strong>fecit</strong></span> <span class='ocrx_word' id='word_1_683' title='bbox 2706 2195 2722 2220; x_wconf 98' lang='lat'><strong>,</strong></span> <span class='ocrx_word' id='word_1_684' title='bbox 2751 2163 2803 2208; x_wconf 90' lang='lat' dir='ltr'><strong>et</strong></span> <span class='ocrx_word' id='word_1_685' title='bbox 2829 2165 3179 2229; x_wconf 67' lang='lat' dir='ltr'><strong>praeterquam</strong></span> <span class='ocrx_word' id='word_1_686' title='bbox 3202 2162 3222 2191; x_wconf 79' lang='grc'>³</span> <span class='ocrx_word' id='word_1_687' title='bbox 3253 2161 3396 2216; x_wconf 90' lang='lat' dir='ltr'><strong>illum</strong></span> <span class='ocrx_word' id='word_1_688' title='bbox 3439 2162 3634 2218; x_wconf 91' lang='lat' dir='ltr'><strong>bonum</strong></span> <span class='ocrx_word' id='word_1_689' title='bbox 3670 2165 3795 2221; x_wconf 76' lang='lat' dir='ltr'><strong>fecit</strong></span> <span class='ocrx_word' id='word_1_690' title='bbox 3816 2208 3840 2236; x_wconf 86' lang='lat'><strong>,</strong></span> 
     </span>
    </p>
   </div>
   <div class='ocr_carea' id='block_1_83' title="bbox 2252 2237 3840 2327">
    <p class='ocr_par' dir='ltr' id='par_1_83' title="bbox 2252 2237 3840 2327">
     <span class='ocr_line' id='line_1_84' title="bbox 2252 2237 3840 2327; baseline 0.011 -34"><span class='ocrx_word' id='word_1_691' title='bbox 2252 2237 2449 2293; x_wconf 90' lang='lat' dir='ltr'><strong>bonum</strong></span> <span class='ocrx_word' id='word_1_692' title='bbox 2470 2240 2518 2295; x_wconf 84' lang='lat' dir='ltr'><strong>ei</strong></span> <span class='ocrx_word' id='word_1_693' title='bbox 2545 2241 2761 2313; x_wconf 90' lang='lat' dir='ltr'><strong>insuper</strong></span> <span class='ocrx_word' id='word_1_694' title='bbox 2780 2254 2836 2299; x_wconf 91' lang='lat' dir='ltr'><strong>ut</strong></span> <span class='ocrx_word' id='word_1_695' title='bbox 2858 2245 3055 2304; x_wconf 82' lang='lat' dir='ltr'><strong>faceret</strong></span> <span class='ocrx_word' id='word_1_696' title='bbox 3081 2248 3373 2320; x_wconf 89' lang='lat' dir='ltr'><strong>imperavit.</strong></span> <span class='ocrx_word' id='word_1_697' title='bbox 3396 2254 3566 2320; x_wconf 85' lang='lat' dir='ltr'><strong>Quam</strong></span> <span class='ocrx_word' id='word_1_698' title='bbox 3591 2256 3840 2327; x_wconf 89' lang='lat' dir='ltr'><strong>impium,</strong></span> 
     </span>
    </p>
   </div>
   <div class='ocr_carea' id='block_1_84' title="bbox 2251 2331 3843 2414">
    <p class='ocr_par' dir='ltr' id='par_1_84' title="bbox 2251 2331 3843 2414">
     <span class='ocr_line' id='line_1_85' title="bbox 2251 2331 3843 2414; baseline 0.014 -33"><span class='ocrx_word' id='word_1_699' title='bbox 2251 2337 2310 2383; x_wconf 90' lang='lat' dir='ltr'><strong>ut</strong></span> <span class='ocrx_word' id='word_1_700' title='bbox 2335 2331 2681 2386; x_wconf 83' lang='lat' dir='ltr'><strong>eonﬁteamur</strong></span> <span class='ocrx_word' id='word_1_701' title='bbox 2706 2333 2975 2392; x_wconf 86' lang='lat' dir='ltr'><strong>hominem</strong></span> <span class='ocrx_word' id='word_1_702' title='bbox 3007 2339 3204 2395; x_wconf 87' lang='lat' dir='ltr'><strong>malum</strong></span> <span class='ocrx_word' id='word_1_703' title='bbox 3231 2357 3369 2407; x_wconf 90' lang='lat' dir='ltr'><strong>esse,</strong></span> <span class='ocrx_word' id='word_1_704' title='bbox 3393 2344 3532 2414; x_wconf 91' lang='lat' dir='ltr'><strong>quod</strong></span> <span class='ocrx_word' id='word_1_705' title='bbox 3550 2347 3843 2405; x_wconf 74' lang='lat' dir='ltr'><strong>neclectus</strong></span> 
     </span>
    </p>
   </div>
   <div class='ocr_carea' id='block_1_85' title="bbox 2251 2424 3839 2503">
    <p class='ocr_par' dir='ltr' id='par_1_85' title="bbox 2251 2424 3839 2503">
     <span class='ocr_line' id='line_1_86' title="bbox 2251 2424 3839 2503; baseline 0.013 -29"><span class='ocrx_word' id='word_1_706' title='bbox 2251 2429 2354 2485; x_wconf 88' lang='lat' dir='ltr'><strong>est,</strong></span> <span class='ocrx_word' id='word_1_707' title='bbox 2387 2437 2491 2478; x_wconf 92' lang='lat' dir='ltr'><strong>nec</strong></span> <span class='ocrx_word' id='word_1_708' title='bbox 2519 2424 2567 2478; x_wconf 89' lang='lat' dir='ltr'><strong>ei</strong></span> <span class='ocrx_word' id='word_1_709' title='bbox 2596 2437 2916 2497; x_wconf 72' lang='lat' dir='ltr'><strong>prmeeptum</strong></span> <span class='ocrx_word' id='word_1_710' title='bbox 2938 2425 3050 2498; x_wconf 84' lang='lat' dir='ltr'><strong>est;</strong></span> <span class='ocrx_word' id='word_1_711' title='bbox 3079 2440 3133 2487; x_wconf 90' lang='lat' dir='ltr'><strong>et</strong></span> <span class='ocrx_word' id='word_1_712' title='bbox 3161 2447 3413 2503; x_wconf 76' lang='lat' dir='ltr'><strong>negemus</strong></span> <span class='ocrx_word' id='word_1_713' title='bbox 3442 2435 3464 2467; x_wconf 88' lang='grc'>³</span> <span class='ocrx_word' id='word_1_714' title='bbox 3490 2452 3612 2492; x_wconf 91' lang='lat' dir='ltr'><strong>eum</strong></span> <span class='ocrx_word' id='word_1_715' title='bbox 3637 2437 3839 2494; x_wconf 88' lang='lat' dir='ltr'><strong>bonum</strong></span> 
     </span>
    </p>
   </div>
   <div class='ocr_carea' id='block_1_86' title="bbox 2249 2515 3843 2593">
    <p class='ocr_par' dir='ltr' id='par_1_86' title="bbox 2249 2515 3843 2593">
     <span class='ocr_line' id='line_1_87' title="bbox 2249 2515 3843 2593; baseline 0.013 -30"><span class='ocrx_word' id='word_1_716' title='bbox 2249 2523 2409 2582; x_wconf 87' lang='lat' dir='ltr'><strong>posse</strong></span> <span class='ocrx_word' id='word_1_717' title='bbox 2446 2527 2583 2580; x_wconf 87' lang='lat' dir='ltr'><strong>esse,</strong></span> <span class='ocrx_word' id='word_1_718' title='bbox 2615 2515 2753 2584; x_wconf 91' lang='lat' dir='ltr'><strong>quod</strong></span> <span class='ocrx_word' id='word_1_719' title='bbox 2783 2517 2949 2573; x_wconf 82' lang='lat' dir='ltr'><strong>factus</strong></span> <span class='ocrx_word' id='word_1_720' title='bbox 2976 2529 3078 2587; x_wconf 90' lang='lat' dir='ltr'><strong>est,</strong></span> <span class='ocrx_word' id='word_1_721' title='bbox 3106 2530 3159 2576; x_wconf 91' lang='lat' dir='ltr'><strong>et</strong></span> <span class='ocrx_word' id='word_1_722' title='bbox 3185 2522 3327 2593; x_wconf 91' lang='lat' dir='ltr'><strong>quod</strong></span> <span class='ocrx_word' id='word_1_723' title='bbox 3350 2525 3398 2580; x_wconf 84' lang='lat' dir='ltr'><strong>ei</strong></span> <span class='ocrx_word' id='word_1_724' title='bbox 3431 2535 3487 2580; x_wconf 93' lang='lat' dir='ltr'><strong>ut</strong></span> <span class='ocrx_word' id='word_1_725' title='bbox 3513 2525 3708 2583; x_wconf 80' lang='lat' dir='ltr'><strong>laceret</strong></span> <span class='ocrx_word' id='word_1_726' title='bbox 3736 2528 3843 2583; x_wconf 84' lang='lat' dir='ltr'><strong>im-</strong></span> 
     </span>
    </p>
   </div>
   <div class='ocr_carea' id='block_1_87' title="bbox 2252 2606 3840 2692">
    <p class='ocr_par' dir='ltr' id='par_1_87' title="bbox 2252 2606 3840 2692">
     <span class='ocr_line' id='line_1_88' title="bbox 2252 2606 3840 2692; baseline 0.014 -39"><span class='ocrx_word' id='word_1_727' title='bbox 2252 2611 2492 2670; x_wconf 89' lang='lat' dir='ltr'><strong>peratum</strong></span> <span class='ocrx_word' id='word_1_728' title='bbox 2521 2606 2634 2660; x_wconf 89' lang='lat' dir='ltr'><strong>est!</strong></span> <span class='ocrx_word' id='word_1_729' title='bbox 2665 2623 2686 2658; x_wconf 98' lang='lat'><strong>1</strong></span> <span class='ocrx_word' id='word_1_730' title='bbox 2713 2606 3116 2678; x_wconf 58' lang='lat' dir='ltr'><strong>Resiiondemus</strong></span> <span class='ocrx_word' id='word_1_731' title='bbox 3147 2630 3162 2670; x_wconf 90' lang='lat'><strong>:</strong></span> <span class='ocrx_word' id='word_1_732' title='bbox 3193 2614 3324 2681; x_wconf 88' lang='lat' dir='ltr'><strong>Quia</strong></span> <span class='ocrx_word' id='word_1_733' title='bbox 3356 2631 3482 2688; x_wconf 78' lang='lat' dir='ltr'><strong>ergo</strong></span> <span class='ocrx_word' id='word_1_734' title='bbox 3512 2633 3615 2672; x_wconf 88' lang='lat'><strong>11011</strong></span> <span class='ocrx_word' id='word_1_735' title='bbox 3638 2635 3696 2676; x_wconf 92' lang='lat' dir='ltr'><strong>se</strong></span> <span class='ocrx_word' id='word_1_736' title='bbox 3720 2620 3840 2692; x_wconf 86' lang='lat' dir='ltr'><strong>ipse</strong></span> 
     </span>
    </p>
   </div>
   <div class='ocr_carea' id='block_1_88' title="bbox 2253 2692 3834 2780">
    <p class='ocr_par' dir='ltr' id='par_1_88' title="bbox 2253 2692 3834 2780">
     <span class='ocr_line' id='line_1_89' title="bbox 2253 2692 3834 2780; baseline 0.013 -33"><span class='ocrx_word' id='word_1_737' title='bbox 2253 2692 2444 2762; x_wconf 92' lang='lat' dir='ltr'><strong>homo,</strong></span> <span class='ocrx_word' id='word_1_738' title='bbox 2477 2695 2570 2752; x_wconf 91' lang='lat' dir='ltr'><strong>sed</strong></span> <span class='ocrx_word' id='word_1_739' title='bbox 2601 2697 2742 2753; x_wconf 90' lang='lat' dir='ltr'><strong>Deus</strong></span> <span class='ocrx_word' id='word_1_740' title='bbox 2773 2701 2968 2756; x_wconf 91' lang='lat' dir='ltr'><strong>bonum</strong></span> <span class='ocrx_word' id='word_1_741' title='bbox 3013 2703 3284 2762; x_wconf 89' lang='lat' dir='ltr'><strong>hominem</strong></span> <span class='ocrx_word' id='word_1_742' title='bbox 3309 2706 3472 2775; x_wconf 81' lang='lat' dir='ltr'><strong>fecit;</strong></span> <span class='ocrx_word' id='word_1_743' title='bbox 3506 2710 3643 2766; x_wconf 91' lang='lat' dir='ltr'><strong>Deus</strong></span> <span class='ocrx_word' id='word_1_744' title='bbox 3678 2728 3834 2780; x_wconf 91' lang='lat' dir='ltr'><strong>eum,</strong></span> 
     </span>
    </p>
   </div>
   <div class='ocr_carea' id='block_1_89' title="bbox 2251 2787 3838 2870">
    <p class='ocr_par' dir='ltr' id='par_1_89' title="bbox 2251 2787 3838 2870">
     <span class='ocr_line' id='line_1_90' title="bbox 2251 2787 3838 2870; baseline 0.014 -32"><span class='ocrx_word' id='word_1_745' title='bbox 2251 2799 2354 2840; x_wconf 90' lang='lat' dir='ltr'><strong>non</strong></span> <span class='ocrx_word' id='word_1_746' title='bbox 2385 2801 2443 2841; x_wconf 93' lang='lat' dir='ltr'><strong>se</strong></span> <span class='ocrx_word' id='word_1_747' title='bbox 2472 2787 2603 2858; x_wconf 88' lang='lat' dir='ltr'><strong>ipse,</strong></span> <span class='ocrx_word' id='word_1_748' title='bbox 2635 2799 2688 2843; x_wconf 93' lang='lat' dir='ltr'><strong>ut</strong></span> <span class='ocrx_word' id='word_1_749' title='bbox 2713 2791 2782 2845; x_wconf 86' lang='lat' dir='ltr'><strong>sit</strong></span> <span class='ocrx_word' id='word_1_750' title='bbox 2811 2792 2982 2848; x_wconf 86' lang='lat' dir='ltr'><strong>bonus</strong></span> <span class='ocrx_word' id='word_1_751' title='bbox 3008 2797 3198 2863; x_wconf 79' lang='lat' dir='ltr'><strong>reiicit,</strong></span> <span class='ocrx_word' id='word_1_752' title='bbox 3227 2797 3354 2854; x_wconf 89' lang='lat' dir='ltr'><strong>dum</strong></span> <span class='ocrx_word' id='word_1_753' title='bbox 3379 2800 3646 2858; x_wconf 91' lang='lat' dir='ltr'><strong>volentem</strong></span> <span class='ocrx_word' id='word_1_754' title='bbox 3668 2845 3684 2870; x_wconf 98' lang='lat'><strong>,</strong></span> <span class='ocrx_word' id='word_1_755' title='bbox 3715 2818 3838 2860; x_wconf 82' lang='lat' dir='ltr'><strong>cre-</strong></span> 
     </span>
    </p>
   </div>
   <div class='ocr_carea' id='block_1_90' title="bbox 2249 2867 3838 2956">
    <p class='ocr_par' dir='ltr' id='par_1_90' title="bbox 2249 2867 3838 2956">
     <span class='ocr_line' id='line_1_91' title="bbox 2249 2867 3838 2956; baseline 0.014 -35"><span class='ocrx_word' id='word_1_756' title='bbox 2249 2867 2497 2934; x_wconf 90' lang='lat' dir='ltr'><strong>dentem,</strong></span> <span class='ocrx_word' id='word_1_757' title='bbox 2538 2871 2869 2929; x_wconf 88' lang='lat' dir='ltr'><strong>invocantem</strong></span> <span class='ocrx_word' id='word_1_758' title='bbox 2915 2877 3159 2933; x_wconf 89' lang='lat' dir='ltr'><strong>liberata</strong></span> <span class='ocrx_word' id='word_1_759' title='bbox 3188 2881 3364 2950; x_wconf 90' lang='lat' dir='ltr'><strong>malo,</strong></span> <span class='ocrx_word' id='word_1_760' title='bbox 3395 2884 3542 2953; x_wconf 86' lang='lat' dir='ltr'><strong>quod</strong></span> <span class='ocrx_word' id='word_1_761' title='bbox 3579 2867 3680 2940; x_wconf 85' lang='lat' dir='ltr'><strong>sibi</strong></span> <span class='ocrx_word' id='word_1_762' title='bbox 3718 2887 3838 2956; x_wconf 90' lang='lat' dir='ltr'><strong>ipse</strong></span> 
     </span>
    </p>
   </div>
   <div class='ocr_carea' id='block_1_91' title="bbox 2250 2957 3838 3046">
    <p class='ocr_par' dir='ltr' id='par_1_91' title="bbox 2250 2957 3838 3046">
     <span class='ocr_line' id='line_1_92' title="bbox 2250 2957 3838 3046; baseline 0.015 -34"><span class='ocrx_word' id='word_1_763' title='bbox 2250 2957 2390 3014; x_wconf 85' lang='lat' dir='ltr'><strong>fecit.</strong></span> <span class='ocrx_word' id='word_1_764' title='bbox 2424 2961 2537 3018; x_wconf 85' lang='lat' dir='ltr'><strong>Hoc</strong></span> <span class='ocrx_word' id='word_1_765' title='bbox 2562 2973 2738 3020; x_wconf 88' lang='lat' dir='ltr'><strong>autem</strong></span> <span class='ocrx_word' id='word_1_766' title='bbox 2773 2965 2851 3034; x_wconf 86' lang='lat' dir='ltr'><strong>lit,</strong></span> <span class='ocrx_word' id='word_1_767' title='bbox 2885 2967 3009 3023; x_wconf 91' lang='lat' dir='ltr'><strong>dum</strong></span> <span class='ocrx_word' id='word_1_768' title='bbox 3033 2972 3200 3040; x_wconf 81' lang='lat' dir='ltr'><strong>gratia</strong></span> <span class='ocrx_word' id='word_1_769' title='bbox 3229 2973 3320 3028; x_wconf 90' lang='lat' dir='ltr'><strong>Dei</strong></span> <span class='ocrx_word' id='word_1_770' title='bbox 3350 2990 3448 3046; x_wconf 89' lang='lat' dir='ltr'><strong>per</strong></span> <span class='ocrx_word' id='word_1_771' title='bbox 3472 2976 3653 3033; x_wconf 82' lang='lat' dir='ltr'><strong>Jesum</strong></span> <span class='ocrx_word' id='word_1_772' title='bbox 3677 2980 3838 3034; x_wconf 81' lang='lat' dir='ltr'><strong>Chri-</strong></span> 
     </span>
    </p>
   </div>
   <div class='ocr_carea' id='block_1_92' title="bbox 2249 3051 3838 3126">
    <p class='ocr_par' dir='ltr' id='par_1_92' title="bbox 2249 3051 3838 3126">
     <span class='ocr_line' id='line_1_93' title="bbox 2249 3051 3838 3126; baseline 0.016 -25"><span class='ocrx_word' id='word_1_773' title='bbox 2249 3057 2386 3103; x_wconf 91' lang='lat' dir='ltr'><strong>stum</strong></span> <span class='ocrx_word' id='word_1_774' title='bbox 2418 3051 2694 3109; x_wconf 91' lang='lat' dir='ltr'><strong>Dominum</strong></span> <span class='ocrx_word' id='word_1_775' title='bbox 2725 3065 2959 3112; x_wconf 91' lang='lat' dir='ltr'><strong>nostrum</strong></span> <span class='ocrx_word' id='word_1_776' title='bbox 2989 3070 3274 3119; x_wconf 88' lang='lat' dir='ltr'><strong>renovatur</strong></span> <span class='ocrx_word' id='word_1_777' title='bbox 3303 3063 3462 3120; x_wconf 91' lang='lat' dir='ltr'><strong>homo</strong></span> <span class='ocrx_word' id='word_1_778' title='bbox 3496 3067 3717 3123; x_wconf 91' lang='lat' dir='ltr'><strong>interior</strong></span> <span class='ocrx_word' id='word_1_779' title='bbox 3765 3070 3838 3126; x_wconf 87' lang='lat' dir='ltr'><strong>de</strong></span> 
     </span>
    </p>
   </div>
   <div class='ocr_carea' id='block_1_93' title="bbox 2247 3138 3836 3226">
    <p class='ocr_par' dir='ltr' id='par_1_93' title="bbox 2247 3138 3836 3226">
     <span class='ocr_line' id='line_1_94' title="bbox 2247 3138 3836 3226; baseline 0.014 -34"><span class='ocrx_word' id='word_1_780' title='bbox 2247 3138 2335 3194; x_wconf 92' lang='lat' dir='ltr'><strong>die</strong></span> <span class='ocrx_word' id='word_1_781' title='bbox 2365 3140 2416 3192; x_wconf 90' lang='lat' dir='ltr'><strong>in</strong></span> <span class='ocrx_word' id='word_1_782' title='bbox 2441 3141 2581 3196; x_wconf 88' lang='lat' dir='ltr'><strong>diem</strong></span> <span class='ocrx_word' id='word_1_783' title='bbox 2606 3185 2622 3210; x_wconf 91' lang='lat'><strong>,</strong></span> <span class='ocrx_word' id='word_1_784' title='bbox 2655 3154 2711 3198; x_wconf 88' lang='lat' dir='ltr'><strong>ut</strong></span> <span class='ocrx_word' id='word_1_785' title='bbox 2740 3146 2806 3200; x_wconf 90' lang='lat' dir='ltr'><strong>ad</strong></span> <span class='ocrx_word' id='word_1_786' title='bbox 2846 3148 3220 3218; x_wconf 90' lang='lat' dir='ltr'><strong>sempiternam</strong></span> <span class='ocrx_word' id='word_1_787' title='bbox 3246 3194 3262 3220; x_wconf 97' lang='lat'><strong>,</strong></span> <span class='ocrx_word' id='word_1_788' title='bbox 3309 3170 3417 3208; x_wconf 90' lang='lat' dir='ltr'><strong>non</strong></span> <span class='ocrx_word' id='word_1_789' title='bbox 3450 3170 3658 3225; x_wconf 72' lang='lat' dir='ltr'><strong>pmnam</strong></span> <span class='ocrx_word' id='word_1_790' title='bbox 3685 3200 3701 3226; x_wconf 94' lang='lat'><strong>,</strong></span> <span class='ocrx_word' id='word_1_791' title='bbox 3734 3160 3836 3215; x_wconf 86' lang='lat' dir='ltr'><strong>sed</strong></span> 
     </span>
    </p>
   </div>
   <div class='ocr_carea' id='block_1_94' title="bbox 2247 3229 3703 3303">
    <p class='ocr_par' dir='ltr' id='par_1_94' title="bbox 2247 3229 3703 3303">
     <span class='ocr_line' id='line_1_95' title="bbox 2247 3229 3703 3303; baseline 0.013 -22"><span class='ocrx_word' id='word_1_792' title='bbox 2247 3229 2407 3284; x_wconf 91' lang='lat' dir='ltr'><strong>vitam</strong></span> <span class='ocrx_word' id='word_1_793' title='bbox 2437 3243 2678 3302; x_wconf 82' lang='lat' dir='ltr'><strong>resurgat</strong></span> <span class='ocrx_word' id='word_1_794' title='bbox 2705 3235 2867 3290; x_wconf 91' lang='lat' dir='ltr'><strong>homo</strong></span> <span class='ocrx_word' id='word_1_795' title='bbox 2895 3240 3126 3294; x_wconf 79' lang='lat' dir='ltr'><strong>exterior</strong></span> <span class='ocrx_word' id='word_1_796' title='bbox 3154 3241 3205 3295; x_wconf 93' lang='lat' dir='ltr'><strong>in</strong></span> <span class='ocrx_word' id='word_1_797' title='bbox 3228 3241 3250 3274; x_wconf 73' lang='grc'>⁸</span> <span class='ocrx_word' id='word_1_798' title='bbox 3277 3244 3567 3301; x_wconf 90' lang='lat' dir='ltr'><strong>novissimo</strong></span> <span class='ocrx_word' id='word_1_799' title='bbox 3593 3245 3703 3303; x_wconf 91' lang='lat' dir='ltr'><strong>die.</strong></span> 
     </span>
    </p>
   </div>
   <div class='ocr_carea' id='block_1_95' title="bbox 2319 3322 3830 3409">
    <p class='ocr_par' dir='ltr' id='par_1_95' title="bbox 2319 3322 3830 3409">
     <span class='ocr_line' id='line_1_96' title="bbox 2319 3322 3830 3409; baseline 0.013 -33"><span class='ocrx_word' id='word_1_800' title='bbox 2319 3322 2545 3378; x_wconf 86' lang='lat' dir='ltr'><strong>CAPUT</strong></span> <span class='ocrx_word' id='word_1_801' title='bbox 2585 3325 2647 3379; x_wconf 84' lang='lat' dir='ltr'><strong>V.</strong></span> <span class='ocrx_word' id='word_1_802' title='bbox 2687 3357 2758 3367; x_wconf 94' lang='lat'><strong><em>—</em></strong></span> <span class='ocrx_word' id='word_1_803' title='bbox 2794 3328 3132 3384; x_wconf 86' lang='lat' dir='ltr'><strong>Ratiocinatio</strong></span> <span class='ocrx_word' id='word_1_804' title='bbox 3175 3333 3262 3387; x_wconf 81' lang='grc' dir='ltr'><strong>Η.</strong></span> <span class='ocrx_word' id='word_1_805' title='bbox 3300 3352 3318 3385; x_wconf 84' lang='lat' dir='ltr'><strong>t</strong></span> <span class='ocrx_word' id='word_1_806' title='bbox 3369 3334 3562 3392; x_wconf 83' lang='lat' dir='ltr'><strong>lterum</strong></span> <span class='ocrx_word' id='word_1_807' title='bbox 3586 3379 3600 3404; x_wconf 90' lang='lat'><strong>,</strong></span> <span class='ocrx_word' id='word_1_808' title='bbox 3650 3357 3671 3392; x_wconf 94' lang='lat'><strong>1</strong></span> <span class='ocrx_word' id='word_1_809' title='bbox 3712 3341 3830 3409; x_wconf 81' lang='lat' dir='ltr'><strong>ait,</strong></span> 
     </span>
    </p>
   </div>
   <div class='ocr_carea' id='block_1_96' title="bbox 2252 3415 3829 3498">
    <p class='ocr_par' dir='ltr' id='par_1_96' title="bbox 2252 3415 3829 3498">
     <span class='ocr_line' id='line_1_97' title="bbox 2252 3415 3829 3498; baseline 0.015 -33"><span class='ocrx_word' id='word_1_810' title='bbox 2252 3429 2272 3464; x_wconf 72' lang='grc' dir='ltr'>ι</span> <span class='ocrx_word' id='word_1_811' title='bbox 2295 3415 2640 3482; x_wconf 81' lang='lat' dir='ltr'><strong>quaerendum</strong></span> <span class='ocrx_word' id='word_1_812' title='bbox 2657 3428 2756 3482; x_wconf 91' lang='lat' dir='ltr'><strong>est,</strong></span> <span class='ocrx_word' id='word_1_813' title='bbox 2774 3429 2902 3490; x_wconf 91' lang='lat' dir='ltr'><strong>quot</strong></span> <span class='ocrx_word' id='word_1_814' title='bbox 2923 3421 3093 3478; x_wconf 88' lang='lat' dir='ltr'><strong>modis</strong></span> <span class='ocrx_word' id='word_1_815' title='bbox 3111 3435 3316 3481; x_wconf 88' lang='lat' dir='ltr'><strong>constet</strong></span> <span class='ocrx_word' id='word_1_816' title='bbox 3333 3442 3490 3483; x_wconf 89' lang='lat' dir='ltr'><strong>omne</strong></span> <span class='ocrx_word' id='word_1_817' title='bbox 3513 3439 3785 3498; x_wconf 91' lang='lat' dir='ltr'><strong>peccatum</strong></span> <span class='ocrx_word' id='word_1_818' title='bbox 3813 3452 3829 3489; x_wconf 90' lang='lat'><strong>:</strong></span> 
     </span>
    </p>
   </div>
   <div class='ocr_carea' id='block_1_97' title="bbox 2245 3500 3832 3587">
    <p class='ocr_par' dir='ltr' id='par_1_97' title="bbox 2245 3500 3832 3587">
     <span class='ocr_line' id='line_1_98' title="bbox 2245 3500 3832 3587; baseline 0.015 -32"><span class='ocrx_word' id='word_1_819' title='bbox 2245 3500 2472 3570; x_wconf 91' lang='lat' dir='ltr'><strong>duobus,</strong></span> <span class='ocrx_word' id='word_1_820' title='bbox 2503 3505 2555 3559; x_wconf 94' lang='lat' dir='ltr'><strong>ni</strong></span> <span class='ocrx_word' id='word_1_821' title='bbox 2582 3505 2764 3572; x_wconf 81' lang='lat' dir='ltr'><strong>fallor;</strong></span> <span class='ocrx_word' id='word_1_822' title='bbox 2792 3510 2834 3563; x_wconf 93' lang='lat' dir='ltr'><strong>si</strong></span> <span class='ocrx_word' id='word_1_823' title='bbox 2853 3521 2942 3565; x_wconf 91' lang='lat' dir='ltr'><strong>aut</strong></span> <span class='ocrx_word' id='word_1_824' title='bbox 2963 3511 3049 3566; x_wconf 89' lang='lat' dir='ltr'><strong>illa</strong></span> <span class='ocrx_word' id='word_1_825' title='bbox 3073 3515 3197 3573; x_wconf 71' lang='lat' dir='ltr'><strong>ﬁant</strong></span> <span class='ocrx_word' id='word_1_826' title='bbox 3217 3530 3332 3586; x_wconf 66' lang='lat' dir='ltr'><strong>quae</strong></span> <span class='ocrx_word' id='word_1_827' title='bbox 3353 3519 3832 3587; x_wconf 86' lang='lat' dir='ltr'><strong>prohibentnr,aut</strong></span> 
     </span>
    </p>
   </div>
   <div class='ocr_carea' id='block_1_98' title="bbox 2245 3593 3832 3686">
    <p class='ocr_par' dir='ltr' id='par_1_98' title="bbox 2245 3593 3832 3686">
     <span class='ocr_line' id='line_1_99' title="bbox 2245 3593 3832 3686; baseline 0.017 -40"><span class='ocrx_word' id='word_1_828' title='bbox 2245 3593 2332 3648; x_wconf 90' lang='lat' dir='ltr'><strong>illa</strong></span> <span class='ocrx_word' id='word_1_829' title='bbox 2361 3611 2466 3649; x_wconf 88' lang='lat' dir='ltr'><strong>non</strong></span> <span class='ocrx_word' id='word_1_830' title='bbox 2497 3595 2623 3651; x_wconf 82' lang='lat' dir='ltr'><strong>ﬁant</strong></span> <span class='ocrx_word' id='word_1_831' title='bbox 2647 3615 2763 3668; x_wconf 74' lang='lat' dir='ltr'><strong>qua:</strong></span> <span class='ocrx_word' id='word_1_832' title='bbox 2781 3601 3056 3671; x_wconf 87' lang='lat' dir='ltr'><strong>jnbentur.</strong></span> <span class='ocrx_word' id='word_1_833' title='bbox 3079 3605 3207 3661; x_wconf 83' lang='lat' dir='ltr'><strong>Tam</strong></span> <span class='ocrx_word' id='word_1_834' title='bbox 3229 3619 3372 3664; x_wconf 91' lang='lat' dir='ltr'><strong>certe</strong></span> <span class='ocrx_word' id='word_1_835' title='bbox 3391 3614 3567 3667; x_wconf 86' lang='lat' dir='ltr'><strong>omnia</strong></span> <span class='ocrx_word' id='word_1_836' title='bbox 3595 3614 3680 3669; x_wconf 89' lang='lat' dir='ltr'><strong>illa</strong></span> <span class='ocrx_word' id='word_1_837' title='bbox 3705 3631 3832 3686; x_wconf 71' lang='lat' dir='ltr'><strong>quae</strong></span> 
     </span>
    </p>
   </div>
   <div class='ocr_carea' id='block_1_99' title="bbox 2245 3683 3834 3770">
    <p class='ocr_par' dir='ltr' id='par_1_99' title="bbox 2245 3683 3834 3770">
     <span class='ocr_line' id='line_1_100' title="bbox 2245 3683 3834 3770; baseline 0.017 -35"><span class='ocrx_word' id='word_1_838' title='bbox 2245 3683 2507 3753; x_wconf 88' lang='lat' dir='ltr'><strong>prohibita</strong></span> <span class='ocrx_word' id='word_1_839' title='bbox 2529 3697 2673 3755; x_wconf 91' lang='lat' dir='ltr'><strong>sunt,</strong></span> <span class='ocrx_word' id='word_1_840' title='bbox 2693 3691 2846 3745; x_wconf 78' lang='lat' dir='ltr'><strong>vitari</strong></span> <span class='ocrx_word' id='word_1_841' title='bbox 2865 3705 3085 3762; x_wconf 90' lang='lat' dir='ltr'><strong>possunt</strong></span> <span class='ocrx_word' id='word_1_842' title='bbox 3103 3711 3261 3765; x_wconf 86' lang='lat' dir='ltr'><strong>quam</strong></span> <span class='ocrx_word' id='word_1_843' title='bbox 3283 3715 3402 3769; x_wconf 78' lang='lat' dir='ltr'><strong>qua:</strong></span> <span class='ocrx_word' id='word_1_844' title='bbox 3423 3714 3682 3770; x_wconf 66' lang='lat' dir='ltr'><strong>prazcepta</strong></span> <span class='ocrx_word' id='word_1_845' title='bbox 3700 3683 3834 3762; x_wconf 75' lang='lat' dir='ltr'><strong>sunt</strong></span> 
     </span>
    </p>
   </div>
   <div class='ocr_carea' id='block_1_100' title="bbox 2247 3777 3827 3866">
    <p class='ocr_par' dir='ltr' id='par_1_100' title="bbox 2247 3777 3827 3866">
     <span class='ocr_line' id='line_1_101' title="bbox 2247 3777 3827 3866; baseline 0.016 -37"><span class='ocrx_word' id='word_1_846' title='bbox 2247 3777 2447 3844; x_wconf 86' lang='lat' dir='ltr'><strong>perlici.</strong></span> <span class='ocrx_word' id='word_1_847' title='bbox 2479 3778 2614 3834; x_wconf 88' lang='lat' dir='ltr'><strong>Nam</strong></span> <span class='ocrx_word' id='word_1_848' title='bbox 2643 3780 2838 3838; x_wconf 77' lang='lat' dir='ltr'><strong>frustra</strong></span> <span class='ocrx_word' id='word_1_849' title='bbox 2867 3795 2958 3839; x_wconf 89' lang='lat' dir='ltr'><strong>aut</strong></span> <span class='ocrx_word' id='word_1_850' title='bbox 2996 3788 3370 3857; x_wconf 83' lang='lat' dir='ltr'><strong>prohiberetur</strong></span> <span class='ocrx_word' id='word_1_851' title='bbox 3397 3803 3488 3847; x_wconf 89' lang='lat' dir='ltr'><strong>aut</strong></span> <span class='ocrx_word' id='word_1_852' title='bbox 3525 3794 3827 3866; x_wconf 88' lang='lat' dir='ltr'><strong>juberetur,</strong></span> 
     </span>
    </p>
   </div>
   <div class='ocr_carea' id='block_1_101' title="bbox 2243 3868 3830 3956">
    <p class='ocr_par' dir='ltr' id='par_1_101' title="bbox 2243 3868 3830 3956">
     <span class='ocr_line' id='line_1_102' title="bbox 2243 3868 3830 3956; baseline 0.016 -36"><span class='ocrx_word' id='word_1_853' title='bbox 2243 3868 2384 3936; x_wconf 88' lang='lat' dir='ltr'><strong>quod</strong></span> <span class='ocrx_word' id='word_1_854' title='bbox 2417 3869 2500 3923; x_wconf 88' lang='lat' dir='ltr'><strong>vel</strong></span> <span class='ocrx_word' id='word_1_855' title='bbox 2526 3873 2702 3927; x_wconf 89' lang='lat' dir='ltr'><strong>caveri</strong></span> <span class='ocrx_word' id='word_1_856' title='bbox 2728 3874 2813 3929; x_wconf 90' lang='lat' dir='ltr'><strong>vel</strong></span> <span class='ocrx_word' id='word_1_857' title='bbox 2849 3875 3056 3946; x_wconf 91' lang='lat' dir='ltr'><strong>impleri</strong></span> <span class='ocrx_word' id='word_1_858' title='bbox 3087 3895 3193 3933; x_wconf 90' lang='lat' dir='ltr'><strong>non</strong></span> <span class='ocrx_word' id='word_1_859' title='bbox 3225 3892 3423 3950; x_wconf 87' lang='lat' dir='ltr'><strong>posset.</strong></span> <span class='ocrx_word' id='word_1_860' title='bbox 3453 3884 3522 3938; x_wconf 88' lang='lat' dir='ltr'><strong>Et</strong></span> <span class='ocrx_word' id='word_1_861' title='bbox 3556 3889 3830 3956; x_wconf 88' lang='lat' dir='ltr'><strong>quomodo</strong></span> 
     </span>
    </p>
   </div>
   <div class='ocr_carea' id='block_1_102' title="bbox 2243 3961 3827 4046">
    <p class='ocr_par' dir='ltr' id='par_1_102' title="bbox 2243 3961 3827 4046">
     <span class='ocr_line' id='line_1_103' title="bbox 2243 3961 3827 4046; baseline 0.016 -33"><span class='ocrx_word' id='word_1_862' title='bbox 2243 3961 2553 4030; x_wconf 86' lang='lat' dir='ltr'><strong>negabimus</strong></span> <span class='ocrx_word' id='word_1_863' title='bbox 2599 3979 2758 4034; x_wconf 84' lang='lat' dir='ltr'><strong>posse</strong></span> <span class='ocrx_word' id='word_1_864' title='bbox 2787 3982 2909 4023; x_wconf 89' lang='lat' dir='ltr'><strong>esse</strong></span> <span class='ocrx_word' id='word_1_865' title='bbox 2949 3968 3217 4026; x_wconf 90' lang='lat' dir='ltr'><strong>hominem</strong></span> <span class='ocrx_word' id='word_1_866' title='bbox 3255 3973 3372 4030; x_wconf 90' lang='lat' dir='ltr'><strong>sine</strong></span> <span class='ocrx_word' id='word_1_867' title='bbox 3422 3987 3671 4046; x_wconf 88' lang='lat' dir='ltr'><strong>peccato,</strong></span> <span class='ocrx_word' id='word_1_868' title='bbox 3699 3993 3827 4039; x_wconf 84' lang='lat' dir='ltr'><strong>cum</strong></span> 
     </span>
    </p>
   </div>
   <div class='ocr_carea' id='block_1_103' title="bbox 2242 4050 3833 4136">
    <p class='ocr_par' dir='ltr' id='par_1_103' title="bbox 2242 4050 3833 4136">
     <span class='ocr_line' id='line_1_104' title="bbox 2242 4050 3833 4136; baseline 0.014 -35"><span class='ocrx_word' id='word_1_869' title='bbox 2242 4050 2482 4105; x_wconf 79' lang='lat' dir='ltr'><strong>conﬁteri</strong></span> <span class='ocrx_word' id='word_1_870' title='bbox 2513 4067 2734 4110; x_wconf 90' lang='lat' dir='ltr'><strong>necesse</strong></span> <span class='ocrx_word' id='word_1_871' title='bbox 2763 4057 2852 4123; x_wconf 87' lang='lat' dir='ltr'><strong>sit,</strong></span> <span class='ocrx_word' id='word_1_872' title='bbox 2885 4072 3008 4112; x_wconf 88' lang='lat' dir='ltr'><strong>eum</strong></span> <span class='ocrx_word' id='word_1_873' title='bbox 3037 4069 3140 4113; x_wconf 87' lang='lat' dir='ltr'><strong>tam</strong></span> <span class='ocrx_word' id='word_1_874' title='bbox 3171 4062 3349 4117; x_wconf 87' lang='lat' dir='ltr'><strong>omnia</strong></span> <span class='ocrx_word' id='word_1_875' title='bbox 3381 4064 3466 4118; x_wconf 88' lang='lat' dir='ltr'><strong>illa</strong></span> <span class='ocrx_word' id='word_1_876' title='bbox 3490 4081 3609 4136; x_wconf 83' lang='lat' dir='ltr'><strong>qua:</strong></span> <span class='ocrx_word' id='word_1_877' title='bbox 3640 4077 3833 4124; x_wconf 88' lang='lat' dir='ltr'><strong>vetan-</strong></span> 
     </span>
    </p>
   </div>
   <div class='ocr_carea' id='block_1_104' title="bbox 2244 4147 3822 4223">
    <p class='ocr_par' dir='ltr' id='par_1_104' title="bbox 2244 4147 3822 4223">
     <span class='ocr_line' id='line_1_105' title="bbox 2244 4147 3822 4223; baseline 0.014 -32"><span class='ocrx_word' id='word_1_878' title='bbox 2244 4147 2330 4193; x_wconf 91' lang='lat' dir='ltr'><strong>tur</strong></span> <span class='ocrx_word' id='word_1_879' title='bbox 2357 4155 2513 4208; x_wconf 91' lang='lat' dir='ltr'><strong>posse</strong></span> <span class='ocrx_word' id='word_1_880' title='bbox 2538 4157 2728 4199; x_wconf 88' lang='lat' dir='ltr'><strong>cavcre</strong></span> <span class='ocrx_word' id='word_1_881' title='bbox 2751 4187 2766 4212; x_wconf 90' lang='lat'><strong>,</strong></span> <span class='ocrx_word' id='word_1_882' title='bbox 2799 4163 2957 4216; x_wconf 90' lang='lat' dir='ltr'><strong>quam</strong></span> <span class='ocrx_word' id='word_1_883' title='bbox 2988 4164 3105 4218; x_wconf 67' lang='lat' dir='ltr'><strong>qua.</strong></span> <span class='ocrx_word' id='word_1_884' title='bbox 3169 4155 3454 4223; x_wconf 87' lang='lat' dir='ltr'><strong>imperatur</strong></span> <span class='ocrx_word' id='word_1_885' title='bbox 3510 4156 3764 4213; x_wconf 86' lang='lat' dir='ltr'><strong>el‘tieere?</strong></span> <span class='ocrx_word' id='word_1_886' title='bbox 3801 4179 3822 4212; x_wconf 92' lang='lat'><strong>1</strong></span> 
     </span>
    </p>
   </div>
   <div class='ocr_carea' id='block_1_105' title="bbox 2241 4227 3827 4310">
    <p class='ocr_par' dir='ltr' id='par_1_105' title="bbox 2241 4227 3827 4310">
     <span class='ocr_line' id='line_1_106' title="bbox 2241 4227 3827 4310; baseline 0.015 -28"><span class='ocrx_word' id='word_1_887' title='bbox 2241 4227 2615 4299; x_wconf 80' lang='lat' dir='ltr'><strong>Respondetur</strong></span> <span class='ocrx_word' id='word_1_888' title='bbox 2655 4235 2821 4290; x_wconf 89' lang='lat' dir='ltr'><strong>multa</strong></span> <span class='ocrx_word' id='word_1_889' title='bbox 2863 4251 2985 4292; x_wconf 89' lang='lat' dir='ltr'><strong>esse</strong></span> <span class='ocrx_word' id='word_1_890' title='bbox 3015 4240 3067 4292; x_wconf 92' lang='lat' dir='ltr'><strong>in</strong></span> <span class='ocrx_word' id='word_1_891' title='bbox 3097 4239 3378 4310; x_wconf 88' lang='lat' dir='ltr'><strong>Seripturis</strong></span> <span class='ocrx_word' id='word_1_892' title='bbox 3414 4247 3608 4300; x_wconf 87' lang='lat' dir='ltr'><strong>sanctis</strong></span> <span class='ocrx_word' id='word_1_893' title='bbox 3644 4247 3827 4304; x_wconf 87' lang='lat' dir='ltr'><strong>divina</strong></span> 
     </span>
    </p>
   </div>
   <div class='ocr_carea' id='block_1_106' title="bbox 2243 4327 3825 4406">
    <p class='ocr_par' dir='ltr' id='par_1_106' title="bbox 2243 4327 3825 4406">
     <span class='ocr_line' id='line_1_107' title="bbox 2243 4327 3825 4406; baseline 0.015 -34"><span class='ocrx_word' id='word_1_894' title='bbox 2243 4331 2526 4390; x_wconf 66' lang='lat' dir='ltr'><strong>praecepta,</strong></span> <span class='ocrx_word' id='word_1_895' title='bbox 2559 4339 2676 4393; x_wconf 70' lang='lat' dir='ltr'><strong>quin</strong></span> <span class='ocrx_word' id='word_1_896' title='bbox 2705 4327 2882 4380; x_wconf 89' lang='lat' dir='ltr'><strong>omnia</strong></span> <span class='ocrx_word' id='word_1_897' title='bbox 2907 4342 3333 4387; x_wconf 89' lang='lat' dir='ltr'><strong>commemorare</strong></span> <span class='ocrx_word' id='word_1_898' title='bbox 3351 4335 3510 4390; x_wconf 87' lang='lat' dir='ltr'><strong>nimis</strong></span> <span class='ocrx_word' id='word_1_899' title='bbox 3534 4351 3825 4406; x_wconf 82' lang='lat' dir='ltr'><strong>Operosum</strong></span> 
     </span>
    </p>
   </div>
   <div class='ocr_carea' id='block_1_107' title="bbox 2241 4415 3830 4488">
    <p class='ocr_par' dir='ltr' id='par_1_107' title="bbox 2241 4415 3830 4488">
     <span class='ocr_line' id='line_1_108' title="bbox 2241 4415 3830 4488; baseline 0.013 -21"><span class='ocrx_word' id='word_1_900' title='bbox 2241 4423 2324 4468; x_wconf 89' lang='lat' dir='ltr'><strong>est</strong></span> <span class='ocrx_word' id='word_1_901' title='bbox 2346 4431 2359 4467; x_wconf 92' lang='lat'>:</span> <span class='ocrx_word' id='word_1_902' title='bbox 2385 4415 2478 4469; x_wconf 87' lang='lat' dir='ltr'><strong>sed</strong></span> <span class='ocrx_word' id='word_1_903' title='bbox 2527 4416 2782 4472; x_wconf 90' lang='lat' dir='ltr'><strong>Dominus</strong></span> <span class='ocrx_word' id='word_1_904' title='bbox 2815 4427 2909 4488; x_wconf 85' lang='lat' dir='ltr'><strong>‘qut</strong></span> <span class='ocrx_word' id='word_1_905' title='bbox 2957 4421 3176 4476; x_wconf 91' lang='lat' dir='ltr'><strong>verbum</strong></span> <span class='ocrx_word' id='word_1_906' title='bbox 3206 4416 3579 4482; x_wconf 83' lang='lat' dir='ltr'><strong>consummans</strong></span> <span class='ocrx_word' id='word_1_907' title='bbox 3607 4438 3661 4483; x_wconf 92' lang='lat' dir='ltr'><strong>et</strong></span> <span class='ocrx_word' id='word_1_908' title='bbox 3701 4430 3830 4487; x_wconf 72' lang='lat' dir='ltr'><strong>bre-</strong></span> 
     </span>
    </p>
   </div>
   <div class='ocr_carea' id='block_1_108' title="bbox 2240 4504 3830 4587">
    <p class='ocr_par' dir='ltr' id='par_1_108' title="bbox 2240 4504 3830 4587">
     <span class='ocr_line' id='line_1_109' title="bbox 2240 4504 3830 4587; baseline 0.013 -29"><span class='ocrx_word' id='word_1_909' title='bbox 2240 4504 2391 4559; x_wconf 88' lang='lat' dir='ltr'><strong>vians</strong></span> <span class='ocrx_word' id='word_1_910' title='bbox 2434 4504 2561 4560; x_wconf 84' lang='lat' dir='ltr'><strong>fecit</strong></span> <span class='ocrx_word' id='word_1_911' title='bbox 2605 4521 2767 4575; x_wconf 88' lang='lat' dir='ltr'><strong>super</strong></span> <span class='ocrx_word' id='word_1_912' title='bbox 2815 4518 3008 4563; x_wconf 87' lang='lat' dir='ltr'><strong>terram</strong></span> <span class='ocrx_word' id='word_1_913' title='bbox 3038 4511 3210 4582; x_wconf 84' lang='lat' dir='ltr'><strong>(Rom.</strong></span> <span class='ocrx_word' id='word_1_914' title='bbox 3244 4529 3327 4580; x_wconf 77' lang='grc' dir='ltr'><strong>ιχ,</strong></span> <span class='ocrx_word' id='word_1_915' title='bbox 3358 4513 3480 4587; x_wconf 74' lang='grc'><strong>28),</strong></span> <span class='ocrx_word' id='word_1_916' title='bbox 3512 4516 3565 4572; x_wconf 90' lang='lat' dir='ltr'><strong>in</strong></span> <span class='ocrx_word' id='word_1_917' title='bbox 3610 4517 3830 4578; x_wconf 80' lang='lat' dir='ltr'><strong>duobus</strong></span> 
     </span>
    </p>
   </div>
   <div class='ocr_carea' id='block_1_109' title="bbox 2242 4596 3831 4674">
    <p class='ocr_par' dir='ltr' id='par_1_109' title="bbox 2242 4596 3831 4674">
     <span class='ocr_line' id='line_1_110' title="bbox 2242 4596 3831 4674; baseline 0.012 -27"><span class='ocrx_word' id='word_1_918' title='bbox 2242 4597 2518 4664; x_wconf 67' lang='lat' dir='ltr'><strong>princeptis</strong></span> <span class='ocrx_word' id='word_1_919' title='bbox 2547 4596 2680 4650; x_wconf 78' lang='lat' dir='ltr'><strong>dixit</strong></span> <span class='ocrx_word' id='word_1_920' title='bbox 2706 4596 2900 4668; x_wconf 82' lang='lat' dir='ltr'><strong>Legem</strong></span> <span class='ocrx_word' id='word_1_921' title='bbox 2929 4599 3325 4673; x_wconf 87' lang='lat' dir='ltr'><strong>Prophetasque</strong></span> <span class='ocrx_word' id='word_1_922' title='bbox 3350 4606 3619 4674; x_wconf 89' lang='lat' dir='ltr'><strong>pendere;</strong></span> <span class='ocrx_word' id='word_1_923' title='bbox 3651 4622 3708 4663; x_wconf 93' lang='lat' dir='ltr'><strong>ut</strong></span> <span class='ocrx_word' id='word_1_924' title='bbox 3738 4613 3831 4668; x_wconf 61' lang='lat' dir='ltr'><strong>in»</strong></span> 
     </span>
    </p>
   </div>
   <div class='ocr_carea' id='block_1_110' title="bbox 2241 4689 3829 4774">
    <p class='ocr_par' dir='ltr' id='par_1_110' title="bbox 2241 4689 3829 4774">
     <span class='ocr_line' id='line_1_111' title="bbox 2241 4689 3829 4774; baseline 0.012 -33"><span class='ocrx_word' id='word_1_925' title='bbox 2241 4689 2614 4758; x_wconf 75' lang='lat' dir='ltr'><strong>telligeremus,</strong></span> <span class='ocrx_word' id='word_1_926' title='bbox 2649 4693 2900 4763; x_wconf 86' lang='lat' dir='ltr'><strong>quidquid</strong></span> <span class='ocrx_word' id='word_1_927' title='bbox 2927 4695 3066 4750; x_wconf 88' lang='lat' dir='ltr'><strong>aliud</strong></span> <span class='ocrx_word' id='word_1_928' title='bbox 3091 4697 3338 4756; x_wconf 87' lang='lat' dir='ltr'><strong>divinitus</strong></span> <span class='ocrx_word' id='word_1_929' title='bbox 3364 4715 3682 4773; x_wconf 69' lang='lat' dir='ltr'><strong>prmeeptum</strong></span> <span class='ocrx_word' id='word_1_930' title='bbox 3709 4717 3829 4774; x_wconf 61' lang='lat' dir='ltr'><strong>est,</strong></span> 
     </span>
    </p>
   </div>
   <div class='ocr_carea' id='block_1_111' title="bbox 2239 4780 3827 4855">
    <p class='ocr_par' dir='ltr' id='par_1_111' title="bbox 2239 4780 3827 4855">
     <span class='ocr_line' id='line_1_112' title="bbox 2239 4780 3827 4855; baseline 0.011 -20"><span class='ocrx_word' id='word_1_931' title='bbox 2239 4781 2292 4835; x_wconf 92' lang='lat' dir='ltr'><strong>in</strong></span> <span class='ocrx_word' id='word_1_932' title='bbox 2320 4780 2404 4835; x_wconf 91' lang='lat' dir='ltr'><strong>his</strong></span> <span class='ocrx_word' id='word_1_933' title='bbox 2429 4781 2634 4836; x_wconf 87' lang='lat' dir='ltr'><strong>duobus</strong></span> <span class='ocrx_word' id='word_1_934' title='bbox 2661 4785 2856 4839; x_wconf 82' lang='lat' dir='ltr'><strong>habere</strong></span> <span class='ocrx_word' id='word_1_935' title='bbox 2887 4787 3064 4855; x_wconf 81' lang='lat' dir='ltr'><strong>linem,</strong></span> <span class='ocrx_word' id='word_1_936' title='bbox 3092 4799 3144 4844; x_wconf 94' lang='lat' dir='ltr'><strong>et</strong></span> <span class='ocrx_word' id='word_1_937' title='bbox 3173 4791 3236 4844; x_wconf 88' lang='lat' dir='ltr'><strong>ad</strong></span> <span class='ocrx_word' id='word_1_938' title='bbox 3265 4792 3378 4847; x_wconf 65' lang='lat' dir='ltr'><strong>hinc</strong></span> <span class='ocrx_word' id='word_1_939' title='bbox 3403 4794 3507 4849; x_wconf 87' lang='lat' dir='ltr'><strong>duo</strong></span> <span class='ocrx_word' id='word_1_940' title='bbox 3527 4810 3644 4850; x_wconf 90' lang='lat' dir='ltr'><strong>esse</strong></span> <span class='ocrx_word' id='word_1_941' title='bbox 3673 4797 3827 4852; x_wconf 81' lang='lat' dir='ltr'><strong>refe-</strong></span> 
     </span>
    </p>
   </div>
   <div class='ocr_carea' id='block_1_112' title="bbox 2239 4872 3828 4947">
    <p class='ocr_par' dir='ltr' id='par_1_112' title="bbox 2239 4872 3828 4947">
     <span class='ocr_line' id='line_1_113' title="bbox 2239 4872 3828 4947; baseline 0.012 -21"><span class='ocrx_word' id='word_1_942' title='bbox 2239 4872 2460 4927; x_wconf 88' lang='lat' dir='ltr'><strong>rendum</strong></span> <span class='ocrx_word' id='word_1_943' title='bbox 2487 4891 2498 4899; x_wconf 82' lang='grc'><strong><em>-</em></strong></span> <span class='ocrx_word' id='word_1_944' title='bbox 2529 4873 2719 4946; x_wconf 85' lang='lat' dir='ltr'><strong>Diliges</strong></span> <span class='ocrx_word' id='word_1_945' title='bbox 2756 4875 3028 4932; x_wconf 85' lang='lat' dir='ltr'><strong>Dominum</strong></span> <span class='ocrx_word' id='word_1_946' title='bbox 3074 4880 3236 4935; x_wconf 85' lang='lat' dir='ltr'><strong>Deum</strong></span> <span class='ocrx_word' id='word_1_947' title='bbox 3273 4893 3412 4938; x_wconf 86' lang='lat' dir='ltr'><strong>tuum</strong></span> <span class='ocrx_word' id='word_1_948' title='bbox 3442 4904 3505 4940; x_wconf 80' lang='lat' dir='ltr'><strong>ea:</strong></span> <span class='ocrx_word' id='word_1_949' title='bbox 3534 4898 3635 4942; x_wconf 91' lang='lat' dir='ltr'><strong>toto</strong></span> <span class='ocrx_word' id='word_1_950' title='bbox 3665 4893 3828 4947; x_wconf 86' lang='lat' dir='ltr'><strong>corde</strong></span> 
     </span>
    </p>
   </div>
   <div class='ocr_carea' id='block_1_113' title="bbox 2239 4969 3829 5044">
    <p class='ocr_par' dir='ltr' id='par_1_113' title="bbox 2239 4969 3829 5044">
     <span class='ocr_line' id='line_1_114' title="bbox 2239 4969 3829 5044; baseline 0.014 -29"><span class='ocrx_word' id='word_1_951' title='bbox 2239 4973 2324 5017; x_wconf 89' lang='lat' dir='ltr'><strong>tuo</strong></span> <span class='ocrx_word' id='word_1_952' title='bbox 2343 5004 2358 5028; x_wconf 91' lang='lat'><strong>,</strong></span> <span class='ocrx_word' id='word_1_953' title='bbox 2388 4973 2435 5017; x_wconf 89' lang='lat' dir='ltr'><strong>et</strong></span> <span class='ocrx_word' id='word_1_954' title='bbox 2485 4981 2548 5018; x_wconf 77' lang='lat' dir='ltr'><strong>ex</strong></span> <span class='ocrx_word' id='word_1_955' title='bbox 2575 4976 2677 5018; x_wconf 92' lang='lat' dir='ltr'><strong>tota</strong></span> <span class='ocrx_word' id='word_1_956' title='bbox 2703 4969 2875 5022; x_wconf 87' lang='lat' dir='ltr'><strong>anima</strong></span> <span class='ocrx_word' id='word_1_957' title='bbox 2904 4981 2990 5023; x_wconf 90' lang='lat' dir='ltr'><strong>tua</strong></span> <span class='ocrx_word' id='word_1_958' title='bbox 3019 5010 3035 5037; x_wconf 95' lang='lat'><strong>,</strong></span> <span class='ocrx_word' id='word_1_959' title='bbox 3065 4982 3110 5025; x_wconf 90' lang='lat' dir='ltr'><strong>et</strong></span> <span class='ocrx_word' id='word_1_960' title='bbox 3143 4989 3205 5026; x_wconf 65' lang='lat' dir='ltr'><strong>ex.</strong></span> <span class='ocrx_word' id='word_1_961' title='bbox 3233 4985 3337 5029; x_wconf 87' lang='lat' dir='ltr'><strong>tota</strong></span> <span class='ocrx_word' id='word_1_962' title='bbox 3389 4988 3550 5032; x_wconf 86' lang='lat' dir='ltr'><strong>mente</strong></span> <span class='ocrx_word' id='word_1_963' title='bbox 3595 4990 3721 5044; x_wconf 84' lang='lat' dir='ltr'><strong>tua;</strong></span> <span class='ocrx_word' id='word_1_964' title='bbox 3770 4994 3829 5038; x_wconf 87' lang='lat' dir='ltr'><strong>et</strong></span> 
     </span>
    </p>
   </div>
   <div class='ocr_carea' id='block_1_114' title="bbox 2241 5053 3825 5139">
    <p class='ocr_par' dir='ltr' id='par_1_114' title="bbox 2241 5053 3825 5139">
     <span class='ocr_line' id='line_1_115' title="bbox 2241 5053 3825 5139; baseline 0.012 -32"><span class='ocrx_word' id='word_1_965' title='bbox 2241 5053 2432 5126; x_wconf 86' lang='lat' dir='ltr'><strong>Diliges</strong></span> <span class='ocrx_word' id='word_1_966' title='bbox 2477 5058 2762 5126; x_wconf 72' lang='lat' dir='ltr'><strong>proximum</strong></span> <span class='ocrx_word' id='word_1_967' title='bbox 2812 5070 2950 5114; x_wconf 89' lang='lat' dir='ltr'><strong>tuum</strong></span> <span class='ocrx_word' id='word_1_968' title='bbox 2996 5073 3234 5134; x_wconf 88' lang='lat' dir='ltr'><strong>tanquam</strong></span> <span class='ocrx_word' id='word_1_969' title='bbox 3278 5077 3326 5121; x_wconf 90' lang='lat' dir='ltr'><strong>te</strong></span> <span class='ocrx_word' id='word_1_970' title='bbox 3368 5069 3552 5136; x_wconf 82' lang='lat' dir='ltr'><strong>ipsum.</strong></span> <span class='ocrx_word' id='word_1_971' title='bbox 3603 5071 3666 5124; x_wconf 88' lang='lat' dir='ltr'><strong>In</strong></span> <span class='ocrx_word' id='word_1_972' title='bbox 3711 5073 3825 5139; x_wconf 84' lang='lat' dir='ltr'><strong>his,</strong></span> 
     </span>
    </p>
   </div>
   <div class='ocr_carea' id='block_1_115' title="bbox 2239 5144 3830 5229">
    <p class='ocr_par' dir='ltr' id='par_1_115' title="bbox 2239 5144 3830 5229">
     <span class='ocr_line' id='line_1_116' title="bbox 2239 5144 3830 5229; baseline 0.012 -31"><span class='ocrx_word' id='word_1_973' title='bbox 2239 5144 2442 5213; x_wconf 89' lang='lat' dir='ltr'><strong>inquit,</strong></span> <span class='ocrx_word' id='word_1_974' title='bbox 2474 5147 2666 5202; x_wconf 80' lang='lat' dir='ltr'><strong>duobus</strong></span> <span class='ocrx_word' id='word_1_975' title='bbox 2695 5153 2956 5220; x_wconf 76' lang='lat' dir='ltr'><strong>prteceptis</strong></span> <span class='ocrx_word' id='word_1_976' title='bbox 2983 5163 3086 5207; x_wconf 87' lang='lat' dir='ltr'><strong>tota</strong></span> <span class='ocrx_word' id='word_1_977' title='bbox 3113 5154 3219 5208; x_wconf 74' lang='lat' dir='ltr'><strong>Lex</strong></span> <span class='ocrx_word' id='word_1_978' title='bbox 3247 5158 3426 5227; x_wconf 88' lang='lat' dir='ltr'><strong>pendet</strong></span> <span class='ocrx_word' id='word_1_979' title='bbox 3468 5171 3513 5212; x_wconf 90' lang='lat' dir='ltr'><strong>et</strong></span> <span class='ocrx_word' id='word_1_980' title='bbox 3545 5159 3830 5229; x_wconf 71' lang='lat' dir='ltr'><strong>Propheta:</strong></span> 
     </span>
    </p>
   </div>
   <div class='ocr_carea' id='block_1_116' title="bbox 2238 5235 3827 5320">
    <p class='ocr_par' dir='ltr' id='par_1_116' title="bbox 2238 5235 3827 5320">
     <span class='ocr_line' id='line_1_117' title="bbox 2238 5235 3827 5320; baseline 0.011 -31"><span class='ocrx_word' id='word_1_981' title='bbox 2238 5235 2454 5307; x_wconf 81' lang='lat' dir='ltr'><strong>(Matth.</strong></span> <span class='ocrx_word' id='word_1_982' title='bbox 2486 5255 2616 5303; x_wconf 69' lang='grc' dir='ltr'><strong>χχιι,</strong></span> <span class='ocrx_word' id='word_1_983' title='bbox 2649 5240 2735 5306; x_wconf 66' lang='grc'><strong>40,</strong></span> <span class='ocrx_word' id='word_1_984' title='bbox 2771 5243 2880 5311; x_wconf 79' lang='grc'><strong>57).</strong></span> <span class='ocrx_word' id='word_1_985' title='bbox 2913 5242 3176 5315; x_wconf 86' lang='lat' dir='ltr'><strong>Quidquid</strong></span> <span class='ocrx_word' id='word_1_986' title='bbox 3206 5262 3331 5317; x_wconf 79' lang='lat' dir='ltr'><strong>ergo</strong></span> <span class='ocrx_word' id='word_1_987' title='bbox 3359 5249 3450 5302; x_wconf 85' lang='lat' dir='ltr'><strong>Dei</strong></span> <span class='ocrx_word' id='word_1_988' title='bbox 3483 5249 3596 5320; x_wconf 83' lang='lat' dir='ltr'><strong>lege</strong></span> <span class='ocrx_word' id='word_1_989' title='bbox 3633 5253 3827 5319; x_wconf 80' lang='lat' dir='ltr'><strong>prohi-</strong></span> 
     </span>
    </p>
   </div>
   <div class='ocr_carea' id='block_1_117' title="bbox 2239 5328 3819 5411">
    <p class='ocr_par' dir='ltr' id='par_1_117' title="bbox 2239 5328 3819 5411">
     <span class='ocr_line' id='line_1_118' title="bbox 2239 5328 3819 5411; baseline 0.008 -28"><span class='ocrx_word' id='word_1_990' title='bbox 2239 5328 2446 5394; x_wconf 86' lang='lat' dir='ltr'><strong>bemur,</strong></span> <span class='ocrx_word' id='word_1_991' title='bbox 2475 5341 2529 5384; x_wconf 92' lang='lat' dir='ltr'><strong>et</strong></span> <span class='ocrx_word' id='word_1_992' title='bbox 2557 5331 2810 5402; x_wconf 88' lang='lat' dir='ltr'><strong>quidquid</strong></span> <span class='ocrx_word' id='word_1_993' title='bbox 2832 5333 3079 5402; x_wconf 87' lang='lat' dir='ltr'><strong>jubemur</strong></span> <span class='ocrx_word' id='word_1_994' title='bbox 3108 5335 3312 5404; x_wconf 78' lang='lat' dir='ltr'><strong>facere,</strong></span> <span class='ocrx_word' id='word_1_995' title='bbox 3345 5339 3411 5392; x_wconf 87' lang='lat' dir='ltr'><strong>ad</strong></span> <span class='ocrx_word' id='word_1_996' title='bbox 3439 5339 3538 5394; x_wconf 81' lang='lat' dir='ltr'><strong>hoc</strong></span> <span class='ocrx_word' id='word_1_997' title='bbox 3567 5341 3819 5411; x_wconf 57' lang='lat' dir='ltr'><strong>prohibe.</strong></span> 
     </span>
    </p>
   </div>
   <div class='ocr_carea' id='block_1_118' title="bbox 2304 5503 2995 5563">
    <p class='ocr_par' dir='ltr' id='par_1_118' title="bbox 2304 5503 2995 5563">
     <span class='ocr_line' id='line_1_119' title="bbox 2304 5503 2995 5563; baseline 0.009 -15"><span class='ocrx_word' id='word_1_998' title='bbox 2304 5503 2318 5533; x_wconf 78' lang='grc' dir='ltr'>ί</span> <span class='ocrx_word' id='word_1_999' title='bbox 2342 5509 2467 5550; x_wconf 60' lang='lat' dir='ltr'><strong>unus</strong></span> <span class='ocrx_word' id='word_1_1000' title='bbox 2490 5515 2520 5550; x_wconf 89' lang='lat' dir='ltr'><strong>e</strong></span> <span class='ocrx_word' id='word_1_1001' title='bbox 2544 5504 2688 5552; x_wconf 80' lang='lat' dir='ltr'><strong>Vatic.</strong></span> <span class='ocrx_word' id='word_1_1002' title='bbox 2713 5509 2818 5553; x_wconf 81' lang='lat' dir='ltr'><strong>Mss.</strong></span> <span class='ocrx_word' id='word_1_1003' title='bbox 2841 5539 2855 5563; x_wconf 97' lang='lat'><strong>,</strong></span> <span class='ocrx_word' id='word_1_1004' title='bbox 2882 5510 2995 5554; x_wconf 88' lang='lat' dir='ltr'><strong>tota.</strong></span> 
     </span>
    </p>
   </div>
   <div class='ocr_carea' id='block_1_119' title="bbox 2300 5565 3831 5632">
    <p class='ocr_par' dir='ltr' id='par_1_119' title="bbox 2300 5565 3831 5632">
     <span class='ocr_line' id='line_1_120' title="bbox 2300 5565 3831 5632; baseline 0.01 -23"><span class='ocrx_word' id='word_1_1005' title='bbox 2300 5565 2320 5594; x_wconf 75' lang='grc'>³</span> <span class='ocrx_word' id='word_1_1006' title='bbox 2355 5570 2482 5632; x_wconf 77' lang='lat' dir='ltr'><strong>Lov._,</strong></span> <span class='ocrx_word' id='word_1_1007' title='bbox 2507 5571 2825 5632; x_wconf 63' lang='lat' dir='ltr'><strong>pra’terquam</strong></span> <span class='ocrx_word' id='word_1_1008' title='bbox 2862 5567 3008 5628; x_wconf 84' lang='lat' dir='ltr'><strong>quod.</strong></span> <span class='ocrx_word' id='word_1_1009' title='bbox 3033 5568 3196 5629; x_wconf 77' lang='lat' dir='ltr'><strong>Abest,</strong></span> <span class='ocrx_word' id='word_1_1010' title='bbox 3219 5569 3362 5632; x_wconf 88' lang='lat' dir='ltr'><strong>quod,</strong></span> <span class='ocrx_word' id='word_1_1011' title='bbox 3383 5570 3446 5619; x_wconf 90' lang='lat' dir='ltr'><strong>ab</strong></span> <span class='ocrx_word' id='word_1_1012' title='bbox 3470 5578 3568 5620; x_wconf 80' lang='lat' dir='ltr'><strong>Am.</strong></span> <span class='ocrx_word' id='word_1_1013' title='bbox 3607 5577 3681 5618; x_wconf 80' lang='lat' dir='ltr'><strong>Er.</strong></span> <span class='ocrx_word' id='word_1_1014' title='bbox 3717 5583 3773 5622; x_wconf 86' lang='lat' dir='ltr'><strong>et</strong></span> <span class='ocrx_word' id='word_1_1015' title='bbox 3802 5589 3831 5624; x_wconf 88' lang='lat' dir='ltr'><strong>a</strong></span> 
     </span>
    </p>
   </div>
   <div class='ocr_carea' id='block_1_120' title="bbox 2237 5627 2582 5684">
    <p class='ocr_par' dir='ltr' id='par_1_120' title="bbox 2237 5627 2582 5684">
     <span class='ocr_line' id='line_1_121' title="bbox 2237 5627 2582 5684; baseline 0 -11"><span class='ocrx_word' id='word_1_1016' title='bbox 2237 5627 2582 5684; x_wconf 70' lang='lat' dir='ltr'><strong>minuscriptis.</strong></span> 
     </span>
    </p>
   </div>
   <div class='ocr_carea' id='block_1_121' title="bbox 2277 5687 3367 5749">
    <p class='ocr_par' dir='ltr' id='par_1_121' title="bbox 2277 5687 3367 5749">
     <span class='ocr_line' id='line_1_122' title="bbox 2277 5687 3367 5749; baseline 0.01 -20"><span class='ocrx_word' id='word_1_1017' title='bbox 2277 5687 2324 5749; x_wconf 61' lang='lat' dir='ltr'><strong>~f</strong></span> <span class='ocrx_word' id='word_1_1018' title='bbox 2359 5695 2454 5732; x_wconf 69' lang='lat' dir='ltr'><strong>am.</strong></span> <span class='ocrx_word' id='word_1_1019' title='bbox 2482 5692 2626 5749; x_wconf 75' lang='lat' dir='ltr'><strong>eti-1r.</strong></span> <span class='ocrx_word' id='word_1_1020' title='bbox 2653 5692 2706 5735; x_wconf 90' lang='lat' dir='ltr'><strong>et</strong></span> <span class='ocrx_word' id='word_1_1021' title='bbox 2727 5699 2898 5736; x_wconf 88' lang='lat' dir='ltr'><strong>omnes</strong></span> <span class='ocrx_word' id='word_1_1022' title='bbox 2923 5697 3043 5749; x_wconf 60' lang='lat' dir='ltr'><strong>uss,</strong></span> <span class='ocrx_word' id='word_1_1023' title='bbox 3067 5689 3111 5741; x_wconf 86' lang='lat' dir='ltr'><strong>si</strong></span> <span class='ocrx_word' id='word_1_1024' title='bbox 3131 5703 3367 5749; x_wconf 80' lang='lat' dir='ltr'><strong>negemus.</strong></span> 
     </span>
    </p>
   </div>
   <div class='ocr_carea' id='block_1_122' title="bbox 2304 5744 3810 5821">
    <p class='ocr_par' dir='ltr' id='par_1_122' title="bbox 2304 5744 3810 5821">
     <span class='ocr_line' id='line_1_123' title="bbox 2304 5744 3810 5821; baseline 0.009 -27"><span class='ocrx_word' id='word_1_1025' title='bbox 2304 5745 2324 5778; x_wconf 69' lang='grc'>⁸</span> <span class='ocrx_word' id='word_1_1026' title='bbox 2359 5753 2487 5810; x_wconf 76' lang='lat' dir='ltr'><strong>uss,</strong></span> <span class='ocrx_word' id='word_1_1027' title='bbox 2510 5744 2646 5797; x_wconf 88' lang='lat' dir='ltr'><strong>homo</strong></span> <span class='ocrx_word' id='word_1_1028' title='bbox 2659 5754 2869 5801; x_wconf 73' lang='lat' dir='ltr'><strong>exterior</strong></span> <span class='ocrx_word' id='word_1_1029' title='bbox 2886 5744 3137 5804; x_wconf 62' lang='lat' dir='ltr'><strong>twviss&#39;inw</strong></span> <span class='ocrx_word' id='word_1_1030' title='bbox 3158 5744 3255 5818; x_wconf 77' lang='lat' dir='ltr'><strong>die,</strong></span> <span class='ocrx_word' id='word_1_1031' title='bbox 3278 5757 3451 5806; x_wconf 78' lang='lat' dir='ltr'><strong>omissa</strong></span> <span class='ocrx_word' id='word_1_1032' title='bbox 3468 5755 3720 5821; x_wconf 87' lang='lat' dir='ltr'><strong>particula,</strong></span> <span class='ocrx_word' id='word_1_1033' title='bbox 3751 5756 3810 5808; x_wconf 81' lang='lat' dir='ltr'><strong>in</strong></span> 
     </span>
    </p>
   </div>
  </div>
