3996 6488
524 307 634 368 299

526 432 764 496 peccato,
789 424 875 482 vel
901 423 1152 495 aliquem,
1184 418 1269 477 vel
1296 433 1358 475 se
1395 417 1589 490 ipsum,
1613 415 1707 474 sed
1743 414 2112 472 tantummodo

526 532 646 574 esse
698 527 877 589 posse,
919 511 1223 584 respondit;
1277 509 1422 582 quod
1472 523 1644 580 neque
1685 522 1784 565 nos
1835 522 2111 581 negamus.

535 611 760 680 Quando
787 618 966 668 autem
986 607 1174 678 possit,
1207 612 1264 661 et
1285 619 1387 675 per
1408 618 1566 674 quem
1603 602 1790 674 possit,
1821 600 1925 657 hoc
1966 616 2113 672 qua:-

525 704 682 759 ritur.
701 701 756 757 Si
784 701 927 757 enim
949 697 1110 754 modo
1123 707 1224 761 est,
1253 710 1359 751 non
1377 693 1729 750 omnianima:
1759 692 1902 749 fideli
1931 693 2118 762 positae

528 795 581 849 in
609 808 834 863 corpore
861 790 1049 847 mortis
1074 787 1233 859 hujus
1255 787 1515 844 orandum
1551 793 1673 854 est,
1716 795 1770 841 et
1793 784 2114 854 dicendum,

526 885 737 940 Dimitte
765 882 906 937 nobis
943 879 1108 936 debita
1140 888 1313 934 nostra
1340 894 1360 935 :
1385 892 1507 933 cum
1539 875 1656 948 jam
1685 875 1740 932 in
1785 884 1970 931 sancto
2018 871 2120 930 Ba-

523 978 719 1048 ptismo
755 975 1004 1030 universa
1041 972 1241 1028 fuerint
1275 968 1492 1026 dimissa
1538 968 1824 1040 prasterita.
1868 967 2121 1039 Quisquis

525 1079 701 1124 autem
738 1067 994 1124 membris
1033 1065 1279 1121 fidelibus
1299 1063 1499 1120 Christi
1545 1061 1646 1118 hoc
1676 1077 1782 1117 non
1820 1075 1938 1116 esse
1963 1076 2122 1116 oran-

523 1163 672 1230 dum,
699 1153 1018 1234 persuadere
1044 1167 1289 1225 conatur,
1333 1157 1469 1213 nihil
1493 1157 1636 1212 aliud
1666 1173 1823 1228 quam
1859 1171 1917 1212 se
1945 1157 2120 1228 ipsum

523 1255 873 1310 christianum
907 1269 1013 1309 non
1049 1269 1169 1308 esse
1201 1251 1501 1322 profitetur.
1545 1250 1715 1306 Porro
1744 1250 1788 1306 si
1821 1266 1916 1321 per
1936 1266 1995 1305 se
2041 1249 2123 1320 ip-

522 1361 643 1402 sum
687 1353 862 1415 potest
913 1344 1074 1399 homo
1105 1359 1226 1399 esse
1269 1344 1384 1398 sine
1433 1350 1674 1413 peccato,
1729 1358 1846 1413 ergo
1890 1341 2123 1398 Christus

525 1439 689 1510 gratis
710 1423 939 1492 mortuus
961 1435 1270 1510 esthalat.
1301 1450 1360 1500 ιι,
1389 1433 1507 1506 21).
1562 1433 1680 1490 Νοιι
1733 1443 1910 1489 autem
1957 1435 2125 1504 gratis

525 1531 776 1587 Christus
820 1539 1064 1586 mortuus
1088 1535 1172 1585 est
1202 1545 1218 1582 :
1246 1545 1352 1584 non
1385 1529 1545 1599 igitur
1589 1536 1764 1598 potest
1805 1526 1965 1583 homo
2005 1543 2125 1584 esse

525 1623 644 1679 sine
672 1629 910 1694 peccato,
949 1623 1108 1676 etiam
1137 1620 1180 1674 si
1211 1619 1356 1686 velit,
1389 1618 1490 1697 nisi
1523 1617 1804 1688 adjuvetur
1832 1619 1999 1688 gratia
2028 1617 2127 1674 Dei

523 1731 625 1787 per
648 1715 830 1770 Jesum
853 1711 1122 1769 Christum
1153 1713 1435 1767 Dominum
1460 1720 1723 1766 nostrum.
1749 1709 1901 1780 Quod
1922 1721 1980 1765 ut
2006 1727 2128 1782 per-

525 1806 767 1873 ﬁciatur,
820 1815 876 1862 et
928 1805 1149 1860 nuncin
1201 1801 1602 1873 proﬁcientibus
1654 1804 1849 1873 agitur,
1895 1811 1950 1858 et
1980 1811 2128 1866 omni

524 1900 687 1956 modo
727 1897 1054 1970 implebitur,
1103 1895 1447 1951 contentione
1493 1893 1681 1949 mortis
1710 1894 2022 1963 absumpta,
2072 1901 2128 1949 et

526 1991 785 2048 charitate
811 2008 931 2062 quae
953 1989 1218 2046 credendo
1239 1998 1292 2045 et
1313 1987 1581 2060 sperando
1608 1989 1865 2058 nutritur,
1891 1987 2126 2044 videndo

529 2092 586 2141 et
608 2083 897 2140 obtinendo
929 2082 1182 2153 perfecta.

599 2173 825 2232 CAPUT
851 2174 987 2230 Vill.
1015 2205 1084 2215 —
1111 2175 1198 2229 17.
1230 2173 1432 2230 Deinde
1458 2173 1684 2229 instituit
1714 2173 1732 2208 ί
1755 2173 1950 2230 divinis
1972 2175 2126 2231 testi-

527 2267 724 2324 moniis
749 2283 906 2338 agere
931 2266 1073 2339 quod
1103 2266 1330 2322 intendit
1363 2285 1378 2321 :
1405 2265 1548 2337 quod
1584 2267 1741 2337 quale
1782 2267 1869 2335 sit,
1902 2265 2124 2339 diligen-

526 2359 634 2414 tius
661 2357 1017 2414 advertamus.
1041 2376 1059 2410 ι
1081 2357 1431 2423 Testimonia,
1448 2376 1465 2410 ι
1489 2358 1677 2429 inquit,
1692 2378 1712 2412 ι
1729 2360 1918 2429 quibus
1935 2361 2128 2430 proba-

525 2459 614 2506 tur
640 2460 964 2522 prteceptum
995 2465 1114 2506 esse
1155 2450 1358 2505 homini
1387 2460 1444 2506 ut
1472 2451 1676 2522 absque
1719 2461 1942 2522 peccato
1973 2454 2059 2509 sit.
2101 2474 2120 2507 ι

525 2544 607 2600 Ad
670 2544 774 2600 hoc
814 2543 1203 2615 reSpondemus
1235 2561 1249 2598 :
1285 2542 1402 2598 Non
1450 2552 1628 2598 utrum
1680 2554 2006 2615 prteceptum
2059 2547 2128 2602 sit

527 2632 806 2705 quaeritur,
833 2633 976 2706 quod
1004 2634 1160 2689 valde
1189 2633 1528 2689 manifestum
1560 2644 1675 2702 est;
1705 2635 1798 2691 sed
1826 2636 1928 2692 hoc
1953 2638 2124 2708 ipsum

525 2725 667 2797 quod
696 2735 1019 2797 praeceptum
1051 2742 1172 2782 esse
1195 2734 1426 2794 constat,
1455 2735 1628 2782 utrum
1652 2729 1704 2782 in
1733 2743 1960 2801 corpore
1985 2746 2127 2785 mor-

526 2819 598 2875 tis
621 2818 780 2890 hujus
805 2820 972 2890 possit
1000 2819 1232 2889 impleri,
1249 2819 1338 2874 ubi
1361 2835 1486 2874 caro
1503 2822 1839 2891 concupiscit
1862 2821 2125 2879 adversus

527 2911 792 2983 spiritum,
827 2919 878 2966 et
903 2910 1120 2982 spiritus
1145 2911 1397 2965 adversus
1417 2927 1632 2966 carnem
1650 2953 1666 2979 ,
1699 2922 1757 2966 ut
1787 2929 1888 2968 non
1918 2930 1979 2969 ea
2007 2931 2126 2985 qua:

527 3005 774 3059 volumus
800 3001 1074 3057 faciamus.
1108 3002 1183 3056 De
1204 3017 1310 3072 quo
1338 3017 1564 3072 corpore
1587 3005 1773 3059 mortis
1801 3005 1978 3075 hujus,
2017 3021 2125 3060 non

530 3093 707 3150 omnis
732 3092 989 3148 liberatur
1013 3093 1102 3163 qui
1130 3092 1244 3147 finit
1288 3092 1424 3147 hanc
1447 3092 1635 3160 vitam,
1681 3093 1773 3149 sed
1805 3094 1894 3166 qui
1938 3096 1990 3150 in
2023 3094 2127 3151 hac

527 3186 636 3240 vita
665 3184 1218 3255 susceperitgratiam,
1266 3191 1319 3238 et
1345 3199 1413 3239 ne
1433 3183 1486 3238 in
1521 3197 1713 3238 vanum
1753 3186 2010 3257 suscipiat
2030 3186 2126 3241 bo-

529 3277 614 3332 nis
641 3275 891 3347 operibus
917 3275 1102 3346 egerit.
1130 3273 1286 3329 Aliud
1314 3283 1396 3329 est
1429 3275 1592 3339 enim,
1617 3275 1765 3331 exire
1788 3275 1855 3333 de
1879 3275 1982 3333 hoc
2005 3293 2126 3333 cor-

529 3381 682 3439 pore,
707 3366 848 3437 quod
886 3381 1073 3422 omnes
1110 3365 1353 3422 homines
1393 3366 1509 3422 dies
1554 3368 1677 3424 vitae
1721 3365 1879 3438 hujus
1906 3369 2123 3426 ultimus

529 3457 673 3530 cogit
699 3475 714 3513 :
745 3451 894 3514 aliud
913 3466 996 3514 est
1040 3465 1240 3526 autem,
1281 3458 1494 3514 liberari
1549 3458 1615 3514 de
1665 3474 1893 3531 corpore
1936 3463 2125 3518 mortis

527 3549 705 3623 hujus,
723 3549 864 3622 quod
891 3550 1004 3606 sola
1036 3550 1130 3606 Dei
1156 3550 1326 3621 gratia
1363 3566 1459 3621 per
1479 3551 1658 3607 Jesum
1687 3550 1960 3608 Christum
2010 3555 2122 3610 Do-

525 3643 731 3700 minum
776 3651 1022 3697 nostrum
1071 3642 1270 3698 sanctis
1325 3653 1378 3697 et
1434 3642 1682 3699 fidelibus
1726 3645 1844 3715 ejus
1886 3646 2126 3716 impertit

528 3732 703 3804 (Rom.
733 3747 830 3798 vn,
857 3732 949 3800 ει,
973 3730 1096 3804 25.)
1144 3733 1270 3787 Post
1298 3732 1437 3788 hanc
1475 3743 1651 3789 autem
1698 3736 1862 3791 vitam
1917 3751 2124 3794 merces

529 3823 818 3895 perficiens
841 3823 1106 3892 redditur,
1155 3825 1249 3879 sed
1298 3828 1376 3879 eis
1405 3834 1608 3882 tantum
1637 3843 1665 3881 a
1697 3828 1886 3900 quibus
1925 3830 1978 3884 in
2024 3830 2124 3887 hac

527 3918 636 3973 vita
675 3917 912 3988 ejusdem
962 3917 1228 3973 mercedis
1277 3919 1526 3974 meritum
1581 3930 1942 3992 comparatur.
2003 3921 2121 3978 Non

529 4011 673 4067 enim
699 4010 765 4065 ad
796 4011 1128 4066 saturitatem
1153 4012 1393 4081 iustitiae,
1427 4013 1698 4070 cumhinc
1725 4017 1934 4084 exierit,
1979 4017 2124 4088 quis-

529 4117 634 4175 que
660 4101 951 4172 perveniet,
992 4103 1090 4158 nisi
1117 4101 1182 4157 ad
1202 4117 1320 4158 eam
1345 4119 1463 4158 cum
1498 4104 1588 4160 hic
1614 4116 1715 4174 est,
1758 4107 2045 4162 esuriendo
2069 4118 2125 4164 et

530 4193 761 4250 sitiendo
805 4194 1118 4249 cucurrerit.
1164 4192 1310 4249 Beati
1339 4196 1535 4266 quippe
1579 4197 1664 4267 qui
1706 4188 1932 4253 esuriant
1970 4209 2015 4254 et
2053 4201 2122 4255 si-

533 4286 664 4341 tiunt
687 4286 958 4358 iustitiam,
988 4285 1222 4354 quoniam
1247 4287 1346 4358 ipsi
1362 4287 1943 4364 saturabuntur(Matt/t.
1962 4307 2015 4359 v,
2037 4291 2118 4363 9).

605 4379 696 4435 18.
741 4378 1003 4446 Quamdiu
1051 4394 1178 4450 ergo
1223 4381 1618 4451 peregrinantes
1667 4397 1698 4436 a
1741 4383 1968 4439 Domino
2021 4400 2122 4455 per

530 4473 689 4529 fidem
717 4471 1070 4538 ambulamus,
1101 4485 1205 4525 non
1236 4487 1332 4541 per
1354 4473 1588 4542 Speciem
1632 4471 1716 4544 (ll
1732 4471 1849 4528 Cor.
1878 4491 1930 4542 v,
1962 4475 2014 4540 6,
2040 4475 2118 4548 7),

531 4565 675 4621 unde
700 4565 898 4619 dictum
922 4572 1023 4632 est,
1051 4561 1234 4634 Justus
1258 4580 1320 4619 ea:
1365 4565 1466 4636 fide
1506 4566 1623 4620 vivit
1653 4565 1676 4641 (
1696 4565 1893 4622 Habac.
1928 4585 1998 4636 ιι,
2028 4567 2116 4642 4);

532 4658 649 4714 hcce
669 4666 752 4711 est
777 4663 956 4709 nostra
990 4655 1044 4711 in
1076 4655 1190 4725 ipsa
1221 4656 1648 4726 peregrinatione
1683 4659 1908 4728 justitia,
1949 4669 2008 4716 ut
2052 4662 2120 4717 ad

532 4751 676 4807 illam
714 4747 1094 4820 perfectionem
1119 4748 1608 4821 plenitudinemque
1646 4751 1882 4823 justitite,
1930 4751 2020 4809 ubi
2064 4755 2118 4810 in

532 4840 712 4912 specie
739 4840 950 4895 decoris
991 4839 1108 4908 ejus
1157 4839 1266 4910 jam
1317 4840 1471 4910 plena
1516 4850 1570 4897 et
1616 4843 1850 4912 perfecta
1887 4845 2119 4904 Charitas

535 4936 678 5002 erit;
731 4949 870 4990 nunc
892 4934 1057 5004 ipsius
1121 4949 1308 4989 cursus
1353 4935 1668 4991 rectitudine
1709 4945 1762 4992 ct
1790 4938 2118 5009 perfectione

535 5029 837 5095 tendamus,
889 5024 1195 5097 castigando
1241 5041 1436 5096 corpus
1480 5038 1718 5083 nostrum
1767 5039 1821 5086 ct
1875 5034 2117 5089 servituti

534 5119 888 5191 subjicienda,
922 5127 976 5173 et
999 5119 1365 5191 eleemosynas
1410 5120 1463 5174 in
1502 5121 1692 5178 dandis
1715 5123 2014 5194 beneﬁciis,
2063 5135 2117 5182 et

533 5210 862 5266 dimittendis
902 5225 1019 5280 qua:
1049 5210 1100 5264 in
1133 5225 1229 5265 nos
1268 5219 1392 5266 sunt
1419 5213 1704 5269 commissa
1737 5217 1986 5285 peccatis,
2028 5218 2116 5272 hi-

531 5305 716 5359 lariter
760 5312 812 5358 et
850 5315 916 5358 ex
968 5302 1129 5358 corde
1171 5303 1431 5371 faciendo,
1476 5317 1527 5361 et
1549 5307 1878 5363 orationibus
1918 5303 2115 5366 indesi-

534 5405 727 5453 uenter
745 5395 1022 5463 instando;
1053 5404 1107 5452 et
1134 5395 1249 5452 haec
1277 5397 1516 5453 faciendo
1540 5399 1563 5431 ³
1595 5400 1646 5454 in
1677 5399 1919 5457 doctrina
1963 5417 2112 5474 sana,

535 5505 638 5560 qua
669 5488 960 5545 aedificatur
983 5487 1112 5544 ﬁdes
1139 5499 1307 5557 recta,
1338 5506 1458 5561 spes
1486 5491 1658 5559 firma,
1700 5492 1936 5550 charitas
1961 5510 2114 5566 pura.

596 5671 614 5701 ι
648 5676 748 5719 Duo
770 5677 895 5730 Mss,
914 5668 1145 5733 deinceps
1165 5667 1381 5733 instituit.

595 5734 616 5765 ²
648 5738 702 5800 tn_
724 5733 882 5800 editis,
905 5730 1170 5800 indaginem
1187 5747 1224 5800 ’τ
1246 5730 1506 5800 inszstcndo
1527 5737 1572 5800 et
1615 5732 1702 5800 hoc
1725 5734 1962 5800 faciendo.
1977 5746 2031 5793 At
2064 5739 2115 5792 in

533 5801 660 5858 ιιι,
684 5793 1000 5846 sum
1023 5793 1259 5857 basianda,
1279 5801 1324 5845 et
1345 5793 1453 5846 lucc
1473 5795 1709 5858 faciendo.

1776 295 1832 352 S.
1873 293 2238 353 AUGUSTle
2275 296 2576 358 EPISCOPI

3711 310 3840 370 500

2228 417 2356 473 H320
2380 428 2462 473 est
2487 434 2627 476 nunc
2651 427 2830 476 nostra
2866 418 3071 492 iustitia
3089 461 3104 488 ,
3146 437 3249 493 qua
3269 423 3535 481 currimus
3574 428 3836 485 esurien—

2229 518 2312 567 tes
2333 519 2389 567 et
2412 512 2652 570 sitientes
2676 513 2742 568 ad
2771 511 3153 584 perfectionem
3198 516 3688 590 plenitudinemqu‘e
3723 520 3824 591 ju-

2226 602 2408 670 stitize,
2455 611 2515 658 ut
2557 619 2620 659 ea
2672 613 2858 674 postea
2907 613 3227 661 saturemur.
3269 605 3422 665 Unde
3467 605 3726 667 Dominus
3764 613 3825 668 in

2226 693 2520 765 Evangelio
2546 709 2666 750 cum
2707 695 2949 762 dixisset,
2999 694 3177 752 Nolite
3212 696 3377 770 facere
3411 701 3671 771 justitiam
3708 719 3827 759 ves~

2229 793 2360 840 (ram
2385 804 2554 841 coram
2581 786 2883 852 hominibus,
2913 798 2969 842 ut
3003 789 3273 844 videamini
3296 789 3359 844 ab
3383 793 3454 846 eis
3476 791 3692 862 (Matth.
3744 811 3821 863 γι,

2228 877 2319 950 l);
2360 893 2427 934 ne
2455 877 2612 933 istum
2654 888 2896 934 nostrum
2943 893 3155 934 cursum
3202 881 3306 936 fine
3345 879 3594 939 humanae
3635 885 3830 956 glorias

2228 970 2562 1038 metircmur,
2607 983 2712 1025 non
2740 979 2822 1026 est
2849 971 2900 1026 in
2927 973 3259 1042 expositione
3283 959 3505 1045 justitia:
3532 977 3698 1047 ipsius
3726 993 3826 1032 ex-

2229 1073 2464 1130 secutus,
2489 1063 2589 1118 nisi
2611 1065 2708 1120 tria
2725 1065 2845 1132 ista,
2895 1064 3177 1136 jejunium,
3209 1065 3599 1141 eleemosynas,
3623 1073 3830 1127 oratio-

2229 1169 2362 1211 nes:
2391 1155 2596 1225 jejunio
2642 1155 2844 1212 scilicet
2881 1157 3185 1214 universam
3227 1161 3478 1229 corporis-
3513 1163 3828 1234 eaStigatio-

2230 1259 2354 1302 nem
2385 1247 2690 1318 signiﬁcans
2710 1267 2725 1317 ;
2749 1249 3130 1322 eleemosynis,
3156 1264 3368 1307 omnem
3391 1252 3831 1311 benevolentiam

2230 1347 2286 1396 et
2310 1340 2739 1409 beneficentiam,
2769 1343 2856 1397 vel
2894 1342 3075 1407 dandi,
3110 1343 3193 1398 vel
3225 1343 3564 1414 ignoscendi;
3613 1356 3667 1401 et
3696 1361 3832 1402 ora-

2232 1428 2377 1486 tione
2410 1431 2686 1488 insinuans
2731 1446 2920 1489 omnes
2968 1435 3178 1505 regulas
3221 1435 3389 1491 sancti
3437 1437 3729 1493 desiderii:
3763 1447 3834 1495 ut

2232 1525 2482 1594 quoniam
2521 1525 2576 1580 in
2615 1525 2962 1597 castigatione
3003 1527 3243 1597 corporis
3287 1525 3523 1584 frenatur
3564 1533 3835 1602 concupi-

2232 1618 2458 1684 scentia,
2481 1631 2599 1689 qua:
2625 1632 2731 1674 non
2759 1619 2980 1687 frenari,
3004 1619 3098 1676 sed
3126 1621 3344 1675 omnino
3369 1637 3487 1677 esse
3508 1638 3611 1677 non
3638 1623 3832 1694 debet,

2232 1727 2332 1766 nec
2353 1713 2454 1766 erit
2494 1713 2546 1766 in
2576 1709 2665 1768 illa
2709 1712 3037 1783 perfectione
3071 1712 3309 1784 justitize,
3342 1716 3429 1769 ubi
3473 1715 3673 1770 nullum
3719 1717 3838 1772 erit

2233 1801 2456 1857 omnino
2489 1811 2798 1872 peccatum;
2837 1813 2890 1859 et
2911 1819 3054 1874 saepe
3080 1805 3134 1860 in
3165 1819 3263 1859 usu
3294 1821 3471 1861 rerum
3500 1807 3658 1861 etiam
3687 1819 3835 1861 con-

2232 1909 2504 1950 cessurum
2558 1905 2718 1968 atque
2756 1895 3017 1951 licitarum
3076 1898 3276 1953 exserit
3325 1898 3830 1954 immoderationem

2233 2000 2425 2041 suam:
2454 1986 2510 2042 in
2547 1987 2661 2057 ipsa
2689 2003 2811 2044 vera
2843 1989 3193 2045 beneficentia
3237 2007 3340 2061 qua
3376 1993 3554 2061 justus
3593 1994 3838 2048 consulit

2232 2076 2501 2148 proximo,
2542 2079 2786 2148 quaedam
2840 2079 2973 2134 fiunt
3008 2095 3125 2151 qua:
3172 2081 3369 2146 obsint,
3423 2097 3542 2137 cum
3570 2083 3839 2153 prodesse

2233 2176 2414 2239 putata
2445 2168 2586 2236 sint;
2629 2179 2684 2225 et
2731 2171 3018 2241 aliquando
3043 2188 3138 2242 per
3169 2171 3556 2242 infirmitatem,
3584 2175 3668 2230 vel
3699 2191 3838 2233 cum

2232 2262 2409 2319 minus
2435 2262 2632 2319 sufficit
2653 2264 2671 2296 ⁸
2700 2265 3105 2322 necessitatibus
3133 2267 3360 2322 aliorum
3383 2310 3398 2335 ,
3427 2268 3508 2321 vel
3543 2279 3730 2338 parum
3774 2269 3837 2324 in

2232 2356 2310 2411 eis
2334 2357 2563 2426 proficit,
2615 2358 2757 2429 quod
2782 2359 3122 2430 benignitatis
3151 2376 3213 2415 ac
3240 2361 3437 2417 laboris
3478 2361 3834 2432 impenditur,

2233 2451 2472 2521 subrepit
2503 2451 2746 2518 taedium,
2794 2467 2900 2522 quo
2932 2451 3166 2507 fuscetur
3205 2451 3465 2518 hilaritas,
3511 2454 3563 2507 in
3601 2469 3702 2524 qua
3733 2453 3839 2508 da-

2232 2549 2406 2596 torem
2448 2542 2620 2614 diligit
2665 2545 2807 2600 Deus
2853 2543 2918 2615 (ll
2942 2542 3062 2599 Cor.
3107 2560 3178 2610 rx,
3230 2545 3324 2616 7);
3369 2545 3610 2616 subrepit
3645 2557 3838 2604 autem

2232 2641 2381 2688 tanto
2408 2634 2595 2702 magis,
2623 2642 2822 2704 quanto
2850 2635 3026 2689 minus
3055 2635 3300 2706 quisque,
3345 2638 3400 2691 et
3441 2646 3586 2692 tanto
3626 2640 3835 2710 minus,

2230 2733 2432 2796 quanto
2460 2727 2628 2797 magis
2651 2726 2936 2798 profecerit
2961 2744 2974 2781 ε
3003 2729 3085 2782 his
3119 2738 3277 2798 atque
3305 2727 3608 2799 hujusmodi
3640 2734 3834 2787 consi-

2231 2817 2450 2883 deratis,
2480 2819 2671 2874 merito
2696 2818 2750 2873 in
2782 2818 3022 2874 oratione
3056 2820 3303 2889 dicimus,
3337 2819 3548 2876 Dimitte
3571 2823 3712 2875 nobis
3741 2823 3839 2878 de-

2231 2909 2332 2964 bita
2359 2920 2550 2979 nostra,
2595 2914 2725 2966 sicut
2745 2922 2791 2966 et
2831 2928 2922 2968 nos
2956 2913 3255 2969 dimittimus
3282 2914 3586 2968 debitoribus
3619 2917 3832 2970 nostris.

2231 3001 2287 3058 Si
2314 3010 2490 3056 tamen
2520 3002 2661 3073 quod
2687 3003 2916 3059 dicimus
2941 3046 2955 3070 ,
3009 3003 3286 3070 faciamus,
3317 3013 3375 3059 ut
3404 3006 3487 3059 vel
3516 3005 3618 3076 ipsi
3661 3007 3831 3062 etiam

2230 3093 2515 3166 diligantur
2542 3095 2740 3150 inimici
2766 3112 2780 3150 :
2812 3095 2897 3151 vel
2925 3096 2970 3150 si
2998 3097 3278 3167 quisquam
3320 3097 3494 3152 adhuc
3523 3099 3576 3152 in
3610 3098 3835 3156 Christo

2229 3186 2482 3257 parvulus
2515 3188 2615 3242 hoc
2665 3187 2901 3242 nondum
2950 3185 3110 3254 facit;
3143 3189 3423 3257 poenitenti
3471 3197 3644 3243 tamen
3682 3189 3834 3260 quod

2230 3277 2284 3333 in
2315 3293 2436 3334 eum
2465 3280 2693 3350 quisque
2719 3275 2981 3350 peccarit,
3012 3288 3066 3335 et
3094 3281 3306 3335 veniam
3351 3282 3574 3350 petenti,
3608 3296 3674 3336 ex
3697 3281 3833 3336 inti-

2227 3383 2318 3425 mo
2348 3372 2525 3427 cordis
2549 3373 2808 3442 ignoscat,
2862 3373 2908 3428 si
2929 3372 3042 3429 vult
3076 3381 3138 3428 ιιι
3179 3372 3294 3443 ejus
3338 3375 3634 3430 orationem
3662 3373 3833 3431 Pater

2228 3462 2466 3520 ccclestis
2489 3461 2755 3518 exaudiat.

2302 3577 2391 3634 19.
2425 3577 2480 3632 1η
2512 3592 2616 3648 qua
2649 3577 2913 3644 oratione,
2959 3575 3006 3632 si
3032 3576 3356 3634 contentiosi
3392 3592 3513 3633 esse
3553 3578 3828 3649 nolumus,

2227 3671 2357 3725 satis
2378 3670 2532 3726 nobis
2553 3668 2883 3741 propositum
2914 3669 3189 3740 speculum
3227 3679 3330 3738 est,
3373 3670 3463 3727 ubi
3514 3671 3833 3741 inspiciatur

2227 3761 2332 3816 vita
2369 3760 2655 3831 jnstorum,
2691 3763 2781 3834 qui
2829 3778 2896 3818 ex
2949 3762 3053 3818 fide
3095 3763 3297 3830 vivunt,
3332 3772 3386 3818 et
3428 3763 3657 3833 perfecte
3699 3780 3831 3818 cur-

2227 3861 2371 3918 runt,
2403 3853 2646 3923 quamvis
2681 3854 2798 3908 sine
2824 3863 3043 3924 peccato
3090 3870 3196 3908 non
3245 3855 3373 3909 sint.
3409 3854 3562 3911 Unde
3600 3855 3828 3926 dicunt,

2227 3944 2440 4000 Dimitte
2477 3946 2657 4014 nobis;
2706 3947 2828 4017 quia
2873 3947 3108 4003 nondum
3139 3964 3246 4019 quo
3286 3948 3518 4005 curritur
3565 3965 3832 4020 pervene-

2227 4048 2369 4093 runt.
2402 4037 2536 4094 Hinc
2561 4037 2690 4093 dicit
2715 4039 3000 4109 Apostolus
3032 4058 3046 4094 :
3075 4039 3197 4094 Non
3229 4041 3348 4110 quia
3365 4041 3479 4111 jam
3515 4042 3824 4112 acceperim,

2226 4142 2316 4187 aut
2326 4133 2440 4205 jam
2468 4133 2718 4204 perfectus
2742 4133 2878 4187 sim:
2903 4137 3106 4204 fratres,
3129 4151 3220 4205 ego
3243 4151 3319 4188 me
3340 4152 3440 4188 non
3475 4136 3692 4189 arbitror
3719 4153 3827 4204 ap-

2227 4225 2589 4297 preltendisse;
2618 4243 2774 4280 unum
2799 4237 2986 4294 autem,
3018 4243 3133 4300 qua:
3162 4237 3292 4282 retro
3314 4227 3516 4296 oblitus,
3545 4229 3597 4283 in
3624 4246 3681 4282 ea
3707 4246 3832 4297 qua:

2226 4328 2342 4373 ante
2376 4328 2496 4372 sunt
2534 4328 2784 4386 extentus,
2839 4319 3113 4372 secundum
3153 4319 3479 4374 intentionem
3527 4337 3705 4392 sequor
3749 4322 3827 4376 ad

2226 4413 2448 4483 palmam
2468 4427 2700 4483 superna:
2723 4411 2995 4466 vocationis
3018 4411 3113 4465 Dei
3149 4413 3201 4464 in
3228 4410 3429 4466 Christo
3457 4410 3601 4466 Jesu.
3651 4412 3823 4478 Quot-

2223 4513 2342 4576 quot
2371 4519 2490 4575 ergo
2519 4502 2745 4574 perfecti,
2775 4502 2870 4557 hoc
2897 4503 3154 4575 sapiamus
3186 4501 3443 4575 (Philipp.
3472 4519 3547 4568 ιιι,
3585 4503 3822 4575 12-15);

2224 4599 2279 4654 id
2319 4607 2421 4665 est,
2462 4607 2722 4668 quotquot
2768 4597 3001 4667 perfecte
3043 4599 3328 4663 currimus,
3375 4599 3476 4654 hoc
3521 4600 3822 4670 sapiamus,

2223 4691 2364 4761 quod
2404 4689 2638 4745 nondum
2677 4687 2902 4759 perfecti
2943 4703 3147 4758 sumus,
3196 4699 3256 4744 ut
3295 4690 3405 4746 illic
3451 4693 3821 4762 perficiamur,

2223 4799 2330 4855 quo
2357 4783 2591 4854 perfecte
2632 4782 2806 4838 adhuc
2851 4785 3114 4839 currimus
3145 4802 3157 4838 :
3185 4795 3243 4840 ut
3271 4798 3396 4840 cum
3437 4784 3640 4841 venerit
3670 4785 3820 4855 quod

2223 4876 2517 4948 perfectum
2543 4882 2644 4942 est,
2690 4873 2834 4946 quod
2857 4891 2924 4932 ex
2955 4886 3104 4946 parte
3135 4885 3218 4931 est
3243 4875 3588 4944 destruatur;
3628 4875 3680 4931 id
3706 4886 3817 4944 est,

2225 4985 2330 5024 non
2353 4968 2464 5039 jam
2492 4985 2554 5024 ex
2594 4976 2747 5038 parte
2768 4967 2855 5034 sit,
2889 4966 2982 5023 sed
3003 4983 3068 5024 ex
3095 4975 3234 5034 toto;
3285 4968 3409 5040 quia
3439 4966 3562 5023 fidei
3598 4976 3652 5023 et
3696 4970 3819 5038 spei

2219 5062 2330 5133 jam
2361 5077 2449 5117 res
2471 5063 2606 5132 ipsa,
2637 5077 2742 5117 non
2763 5077 2882 5132 qua:
2904 5061 3154 5117 credatur
3178 5069 3235 5118 et
3261 5072 3524 5132 speretur,
3568 5061 3664 5117 sed
3692 5079 3818 5133 quae

2221 5158 2466 5214 videatur
2493 5165 2836 5228 teneaturque
2882 5157 3133 5213 succedet
3161 5178 3174 5210 :
3203 5155 3435 5212 charitas
3457 5163 3657 5222 autem,
3691 5172 3818 5226 quae

2222 5249 2277 5306 in
2307 5248 2392 5304 his
2418 5248 2585 5304 tribus
2606 5249 2776 5318 major
2804 5256 2905 5313 est,
2925 5263 3030 5302 non
3055 5246 3326 5302 auferetur
3353 5243 3533 5318 (ICor.
3564 5261 3682 5313 xm,
3717 5247 3812 5313 i0,

2223 5341 2313 5412 i3)
2338 5358 2352 5407 ;
2375 5339 2471 5397 sed
2500 5340 2777 5411 augebitur
2805 5350 2860 5395 et
2886 5339 3192 5412 implebitur
3209 5341 3262 5408 ι,
3293 5338 3646 5412 contemplata
3666 5339 3815 5410 quod

2221 5433 2495 5502 credebat,
2538 5432 2761 5504 etquod
2788 5433 3038 5504 sperabat
3066 5431 3300 5504 indepta.
3351 5431 3410 5488 ln
3441 5447 3544 5504 qua
3570 5431 3817 5504 plenitu-
3903 5504 3916 5512 _

2286 5633 2304 5666 ι
2348 5633 2420 5682 sic
2462 5631 2634 5697 plures
2680 5632 3008 5695 manuscripti.
3043 5632 3130 5682 Alii
3174 5645 3284 5683 cum
3332 5633 3494 5693 editis,
3551 5630 3818 5697 sumetur.

2247 5719 2305 5831 ‘3
2354 5723 2563 5832 AMI‘.
2594 5724 2644 5768 et
2661 5716 2829 5780 plures
2853 5725 2976 5776 Mss,
3011 5729 3105 5767 non
3137 5717 3406 5779 auferatur,
3446 5714 3533 5766 sed
3573 5720 3818 5782 augeatur

2247 5797 2248 5806 η
2285 5792 2386 5832 tum
2515 5792 2561 5828 r.

2220 5791 2266 5832 et
2285 5791 2561 5845 suapte-amr.
