3996 6468
525 333 637 396 503

525 466 647 509 esse
671 452 850 526 gravia
878 451 1053 509 divina
1093 461 1378 525 praecepta,
1418 452 1522 508 nisi
1557 460 1618 509 ut
1657 453 1834 508 anima
1869 469 1988 526 quae
2027 453 2118 510 illa

525 548 706 619 gravia
755 545 936 613 sentit,
983 547 1240 618 intelligat
1272 562 1332 602 se
1372 547 1608 602 nondum
1651 549 1925 621 accepisse
1952 549 2116 613 vires,

525 642 720 714 quibus
742 643 861 698 talia
889 643 995 695 sint
1023 640 1283 710 prmcepta
1312 641 1519 694 Domini
1544 640 1719 711 qualia
1739 641 2118 696 commendan—

524 741 635 801 tur,
665 735 800 790 levia
821 735 1022 790 scilicet
1058 743 1218 804 atque
1245 735 1447 796 suavia,
1474 743 1528 788 et
1556 742 1674 789 oret
1697 733 1894 805 gemitu
1923 735 2116 790 volun-

450 863 464 876 .
524 827 672 894 tatis,
699 835 758 880 ut
785 827 1033 897 impetret
1064 826 1263 881 donum
1305 825 1626 881 facilitatis‘.
1656 825 1756 894 Qui
1791 827 1933 882 enim
1964 827 2113 896 dicit,
2143 839 2145 842 ‘

521 915 648 973 Fiat
677 935 764 972 cor
789 913 952 973 meum
976 919 1386 985 immaculatum;
1410 927 1482 981 et,
1508 917 1700 974 Itinera
1724 935 1835 973 mea
1854 920 2014 992 dirige
2033 938 2115 976 se-

521 1012 746 1066 cundum
773 1013 975 1067 verbum
994 1025 1156 1079 tuum,
1186 1023 1231 1069 et
1257 1031 1318 1068 ne
1353 1013 1637 1068 dominetur
1663 1014 1787 1067 mihi
1820 1016 1984 1069 onmis
2012 1015 2114 1070 ini-

520 1104 689 1174 quitas
715 1103 886 1176 (Psal.
913 1121 1102 1169 cxvut,
1135 1105 1233 1168 80,
1279 1105 1432 1174 135);
1465 1113 1537 1169 et,
1582 1103 1702 1158 Fiat
1742 1107 1972 1160 voluntas
2001 1117 2110 1176 tua,

521 1199 652 1254 sicut
675 1199 728 1252 in
745 1200 869 1252 creto
895 1211 942 1252 et
969 1200 1021 1253 in
1051 1209 1220 1262 terra;
1243 1207 1316 1261 et,
1354 1196 1436 1252 Ne
1463 1214 1555 1252 nos
1583 1199 1772 1268 inferas
1797 1200 1848 1253 in
1876 1203 2110 1255 tentatio-

520 1308 637 1347 item
671 1292 881 1363 (Matth.
917 1308 992 1358 vi,
1018 1292 1084 1346 l0
1121 1302 1168 1364 et
1200 1293 1324 1362 l3);
1359 1298 1412 1344 et
1436 1300 1625 1346 cetera
1667 1290 2112 1362 hujusmodiquae

519 1366 1176 1453 commemorarelongum
1197 1391 1298 1445 est,
1321 1381 1425 1436 hoc
1447 1381 1626 1450 utique
1646 1391 1783 1447 orat,
1821 1394 1880 1436 ut
1905 1398 2110 1453 prince-

503 1467 607 1546 ~pta
641 1463 732 1530 Dei
761 1475 916 1529 faciat
944 1493 956 1528 :
985 1490 1104 1546 quae
1133 1484 1193 1529 ut
1222 1474 1425 1538 tierent,
1463 1489 1563 1529 nec
1582 1474 1879 1545 juberetnr,
1906 1475 1952 1530 si
1980 1476 2110 1532 nihil

519 1564 590 1621 ibi
619 1576 800 1621 nostra
833 1560 1078 1621 voluntas
1105 1575 1316 1637 ageret;
1360 1582 1460 1622 nec
1485 1576 1748 1632 oraretur,
1785 1567 1829 1622 si
1857 1569 1970 1623 sola
2000 1567 2111 1622 suf-

517 1636 723 1714 ﬁceret.
755 1636 1209 1716 Commendantur
1233 1673 1360 1728 ergo
1384 1674 1489 1712 non
1535 1673 1654 1713 esse
1691 1660 1892 1729 gravia,
1931 1667 1988 1714 ut
2021 1659 2109 1715 cui

415 1789 422 1795 .
515 1751 696 1820 gravia
740 1758 886 1816 sunt,
929 1749 1187 1820 intelligat
1219 1749 1456 1804 nondum
1492 1763 1553 1805 se
1585 1751 1856 1820 accepisse
1883 1751 2104 1819 donum,

515 1855 624 1910 quo
647 1840 824 1911 gravia
856 1855 962 1894 non
997 1840 1132 1904 sint;
1180 1855 1278 1897 nec
1310 1841 1598 1896 arbitretur
1631 1857 1692 1896 ea
1725 1858 1784 1898 se
1821 1842 2103 1914 perlicere,

514 1932 728 2002 quando
744 1917 821 1986 i'ta
841 1932 982 1998 facit,
1015 1942 1071 1986 ut
1092 1934 1272 2004 gravia
1298 1934 1418 1988 sint.
1446 1933 1680 1988 Hilarem
1703 1935 1844 1988 enim
1862 1934 2104 1992 datorem

514 2023 684 2094 diligit
707 2025 845 2079 Deus
866 2024 943 2097 (ll
965 2024 1082 2079 Cor.
1115 2043 1194 2092 ιχ,
1223 2024 1298 2097 7).
1324 2025 1432 2080 Nec
1460 2037 1657 2093 tamen,
1683 2041 1808 2081 cum
1828 2042 1888 2081 ea
1920 2028 2102 2098 gravia

511 2117 692 2181 sentit,
742 2117 1076 2185 desperando
1115 2116 1428 2188 frangatur:
1472 2117 1566 2172 sed
1617 2118 1683 2173 ad
1733 2119 2099 2189 quaerendum,

511 2189 823 2280 petendum,
853 2209 1274 2280 pulsandumque
1299 2219 1537 2281 cogatur.

516 2323 523 2332 τ
579 2303 669 2356 22.
711 2302 1004 2358 Audiamus
1022 2317 1150 2372 ergo
1175 2314 1228 2356 et
1256 2302 1307 2356 in
1332 2303 1413 2356 ltis
1436 2303 1752 2358 testimoniis
1772 2319 1891 2375 qua).
1907 2304 2099 2360 deinde

507 2398 704 2467 posuit,
737 2397 900 2452 Deum
941 2412 1038 2450 sua
1068 2405 1328 2467 praecepta
1360 2413 1466 2451 non
1500 2398 1678 2468 gravia
1715 2399 2097 2455 commendan-

506 2497 632 2543 tem.
665 2507 685 2540 ι
711 2488 862 2556 Quod
899 2489 993 2544 Dei
1033 2489 1300 2554 mandata,
1331 2511 1348 2540 ›
1382 2490 1570 2560 inquit,
1603 2509 1619 2543 ς
1649 2507 1751 2546 non
1791 2492 1951 2548 modo
1993 2493 2096 2547 im.

503 2581 776 2652 possibilia
807 2595 911 2636 non
941 2581 1067 2647 sint,
1097 2559 1374 2637 verum-ne
1397 2583 1576 2653 gravia
1605 2585 1840 2650 quidem.
1872 2585 1927 2638 ln
1957 2584 2094 2641 Deu-

503 2673 803 2728 terouomio
831 2691 844 2727 :
876 2673 944 2726 Et
969 2683 1281 2728 convertetur
1313 2673 1556 2728 Dominus
1586 2672 1723 2727 Deus
1752 2683 1868 2729 tuus
1896 2677 2096 2742 epulari

500 2764 554 2819 in
578 2774 626 2818 te
649 2781 801 2834 super
825 2763 990 2828 bouis,
1019 2765 1147 2818 sicut
1174 2766 1408 2836 epulatus
1447 2775 1519 2820 est
1543 2783 1693 2837 super
1704 2777 1872 2836 patres
1896 2779 2027 2834 tuos,
2049 2769 2096 2823 si

498 2858 764 2912 audieritis
793 2874 959 2912 uocem
993 2857 1196 2911 Dontini
1231 2857 1326 2912 Dei
1359 2859 1535 2923 vestri,
1573 2859 1824 2914 custodire
1848 2870 1895 2914 et
1927 2864 2094 2932 facere

501 2951 670 3005 omnia
699 2951 938 3004 mandata
959 2953 1087 3022 ejus,
1119 2961 1165 3004 et
1178 2951 1428 3022 justitias,
1459 2965 1506 3007 et
1533 2953 1731 3024 judicia
1763 2972 1877 3024 qute
1902 2957 2093 3026 scripta

498 3053 613 3098 sunt
643 3044 695 3095 iu
725 3043 853 3096 libro
878 3043 1001 3113 legis
1025 3043 1178 3112 hujus
1208 3059 1226 3098 :
1254 3045 1298 3096 si
1331 3061 1597 3100 conversus
1628 3046 1783 3114 fueris
1813 3047 1881 3100 ad
1909 3045 2092 3102 Domi-

499 3150 619 3189 num
658 3133 826 3190 Deum
867 3144 1006 3189 tuum
1034 3152 1096 3190 ea:
1136 3146 1239 3191 toto
1267 3139 1418 3192 corde
1450 3147 1555 3205 tuo,
1597 3147 1644 3193 et
1679 3156 1742 3193 ea:
1779 3150 1883 3194 tota
1917 3143 2089 3197 animo

495 3236 601 3282 tua.
653 3229 784 3297 Quia
822 3230 1116 3282 mandatum
1159 3231 1274 3295 hoc,
1305 3231 1440 3300 quod
1463 3249 1554 3303 ego
1581 3234 1765 3288 mando
1802 3234 1890 3288 tibi
1914 3235 2084 3303 hodie,

494 3334 596 3372 non
617 3327 690 3373 est
718 3334 888 3390 grave,
915 3337 1072 3390 neque
1090 3336 1123 3373 a
1157 3330 1203 3374 te
1237 3320 1383 3392 longe
1408 3334 1499 3374 est.
1538 3322 1657 3377 Non
1689 3334 1757 3379 est
1782 3325 1834 3378 in
1860 3326 2001 3391 caelo,
2033 3337 2087 3380 ut

491 3410 654 3477 dicas,
686 3411 813 3477 Quis
835 3414 1067 3468 ascendet
1093 3415 1352 3469 iactatum
1378 3426 1422 3468 et
1448 3417 1658 3486 accipiet
1692 3417 1820 3471 illud
1850 3420 2010 3487 nobis,
2039 3431 2087 3476 et

455 3558 462 3564 _
491 3503 752 3558 audientes
776 3505 1060 3577 faciemus?
1087 3504 1209 3559 Non
1237 3515 1308 3558 est
1337 3515 1477 3560 trans
1503 3523 1660 3572 mare,
1693 3517 1745 3560 ut
1770 3509 1930 3575 dicas,
1960 3511 2085 3576 Quis

491 3598 836 3667 transfretabit
866 3614 1003 3652 mare
1042 3607 1088 3652 et
1117 3599 1329 3669 accipiet
1365 3598 1496 3652 illud
1528 3600 1698 3664 nobis,
1738 3611 1786 3654 et
1823 3603 2084 3657 audientes

491 3689 732 3759 faciemus
746 3691 771 3743 ?
793 3689 953 3743 Juxta
974 3700 1020 3743 te
1039 3699 1112 3744 est
1125 3692 1259 3744 enim
1283 3690 1483 3744 uerbum
1512 3691 1565 3745 in
1591 3709 1676 3746 ore
1701 3702 1809 3756 tuo,
1836 3694 1889 3748 in
1907 3696 2078 3762 corde,

490 3789 536 3835 et
564 3781 617 3834 iu
648 3780 876 3834 manibus
904 3783 1004 3834 tuis
1023 3780 1190 3849 facere
1215 3780 1348 3835 illud
1369 3780 1544 3852 (Deut.
1577 3799 1715 3847 xxx,
1747 3783 1926 3856 9-H).
1951 3786 2079 3840 Item

491 3872 748 3927 Dominus
777 3871 830 3925 in
862 3871 1148 3943 Evangelio
1179 3891 1192 3926 :
1231 3871 1405 3926 Venite
1433 3874 1501 3926 ad
1535 3891 1642 3941 nte,
1685 3893 1857 3931 omnes
1885 3879 1973 3949 qui
1999 3879 2081 3932 la-

489 3965 676 4020 boratis
706 3974 751 4019 et
778 3966 970 4019 onerati
998 3966 1135 4030 estis,
1184 3976 1229 4019 et
1271 3983 1362 4037 ego
1396 3983 1482 4021 vos
1520 3969 1826 4038 requiescere
1868 3971 2076 4042 faciam.

489 4053 675 4109 Tollite
694 4057 878 4127 jugum
907 4073 1071 4110 meum
1095 4073 1247 4128 super
1271 4073 1376 4122 uos,
1407 4067 1452 4111 et
1478 4058 1654 4112 discite
1679 4076 1711 4111 a
1737 4077 1814 4114 me
1839 4062 1957 4131 quia
1985 4065 2081 4117 mi-

488 4148 552 4199 tis
576 4156 752 4200 sumet
775 4146 977 4200 humilis
1003 4147 1184 4211 corde;
1210 4156 1258 4202 et
1285 4148 1543 4202 invenietis
1572 4151 1790 4219 requiem
1814 4151 2080 4211 animabus

487 4239 662 4292 uestris
685 4254 705 4292 :
717 4239 906 4309 jugum
934 4241 1065 4293 enim
1091 4257 1255 4294 meum
1270 4257 1421 4296 suave
1448 4252 1538 4307 est,
1561 4252 1609 4296 et
1636 4259 1766 4298 onus
1787 4261 1952 4310 meum
1975 4246 2082 4304 leve

485 4339 559 4384 est
588 4328 798 4402 (Matth.
829 4346 904 4394 χι,
935 4330 1317 4404 28-50)..Ιιθιη
1362 4335 1412 4386 in
1444 4335 1676 4405 Epistola
1705 4338 1877 4392 sancti
1913 4338 2076 4394 Joan-

485 4422 567 4476 nis
598 4439 611 4476 ε
646 4421 770 4477 Haec
795 4419 880 4477 est
909 4425 1130 4480 charitas
1170 4423 1283 4489 Dei,
1333 4438 1386 4480 ut
1429 4428 1669 4482 mundata
1705 4431 1815 4501 ejus
1853 4432 2078 4486 observe-

483 4531 612 4579 mus,
648 4523 693 4569 et
723 4512 966 4570 mandata
991 4519 1101 4588 ejus
1126 4520 1299 4590 gravia
1325 4537 1426 4574 non
1455 4531 1568 4575 sunt
1593 4541 1612 4574 ι
1651 4522 1693 4594 (1
1720 4521 1878 4577 Joan.
1913 4540 1966 4591 v,
1991 4526 2071 4597 3).

485 4609 579 4665 llis
604 4610 801 4665 auditis
821 4611 1070 4681 legitimis
1098 4623 1152 4666 et
1173 4613 1489 4684 evangelicis
1519 4622 1572 4669 et
1589 4617 1896 4685 apostolicis
1923 4628 2074 4673 [estt-

483 4701 679 4756 moniis
702 4701 1033 4756 tediticemur
1060 4702 1127 4758 ad
1151 4704 1396 4772 gratiam,
1424 4706 1585 4775 quam
1617 4723 1722 4761 non
1751 4707 2068 4780 intelligunt,

479 4796 568 4866 qui
596 4795 903 4865 ignorantes
938 4797 1030 4858 Dei
1063 4796 1324 4867 justitiam
1350 4807 1404 4854 et
1428 4815 1578 4855 suam
1609 4802 1850 4860 volentes
1869 4807 2071 4861 consti-

480 4896 652 4948 tuere,
673 4885 895 4956 justitia:
926 4887 1018 4942 Dei
1049 4903 1154 4943 non
1185 4899 1310 4943 sunt
1337 4891 1579 4961 subjecti.
1608 4894 1664 4950 Si
1685 4896 1828 4951 enim
1858 4912 1964 4953 non
1992 4899 2074 4954 in-

480 4973 724 5048 telligunt
748 4993 814 5033 ex
844 4979 1277 5048 Denteronomio,
1309 4984 1756 5054 quemadmodum
1799 4991 2070 5061 apostolus

479 5071 677 5127 Paulus
697 5075 1216 5140 commemoraverit,
1261 5086 1317 5132 ut
1350 5079 1513 5134 corde
1538 5080 1786 5138 credatur
1812 5084 1878 5139 ad
1910 5084 2068 5154 justi-

479 5167 628 5230 tiam,
651 5181 747 5222 ore
767 5176 942 5222 autem
969 5167 1236 5225 confessio
1262 5171 1350 5226 liat
1374 5173 1439 5227 ad
1469 5173 1694 5230 salutem
1726 5176 1898 5250 (Rom.
1932 5195 1988 5241 x,
2013 5180 2066 5245 5,

480 5255 568 5328 10)
589 5275 600 5321 ;
625 5257 748 5328 quia
779 5274 883 5314 non
905 5267 989 5315 est
1021 5277 1156 5331 opus
1182 5264 1325 5319 sanis
1366 5266 1626 5332 medicus,
1672 5271 1764 5324 sed
1810 5272 1948 5327 male
1978 5271 2069 5324 ha-

479 5349 729 5407 bentibus
757 5350 972 5424 (Matth.
1000 5371 1074 5422 IX,
1114 5355 1198 5424 l2)
1234 5376 1248 5412 :
1282 5359 1382 5413 isto
1419 5373 1564 5418 certe
1593 5363 1814 5422 Joannis
1841 5367 2067 5437 apostoli

479 5443 807 5510 testimonio,
831 5443 973 5514 quod
999 5445 1064 5500 ad
1084 5447 1237 5501 istam
1261 5453 1579 5508 sententiam
1602 5456 1844 5512 ultimum
1868 5461 2064 5529 posuit,

477 5533 565 5587 ubi
593 5533 685 5601 ait,
709 5533 833 5588 Ha'c
851 5545 925 5590 est
941 5536 1162 5592 charitas
1185 5539 1298 5608 Dei,
1323 5551 1378 5596 ut
1399 5546 1637 5600 mandata
1660 5549 1770 5618 ejus
1789 5565 2060 5617 seruemus,

481 5636 528 5680 et
559 5627 797 5681 mandata
827 5630 934 5698 ejus
958 5632 1134 5701 grauia
1161 5651 1262 5688 non
1290 5645 1439 5705 sunt,
1467 5637 1662 5695 debent
1703 5649 1882 5714 utique
1919 5661 2066 5703 com-

541 5826 567 5860 ε
587 5829 722 5893 ιη..
742 5826 1005 5893 amttam.

1759 336 1819 394 S.
1858 333 2228 394 AUGUSTINI
2267 337 2572 400 EPISCOPI

3717 369 3834 430 806

2231 459 2459 526 moneri,
2487 460 2730 521 charitati
2763 465 2859 523 Dei
2885 483 2990 524 non
3018 484 3139 528 esse
3161 486 3322 544 grave
3350 479 3658 540 mandatum
3683 485 3823 556 Dei;

2227 565 2347 621 qua:
2377 556 2585 610 nonnisi
2611 573 2705 629 per
2729 559 2984 632 Spiritum
3015 575 3256 622 sanctum
3286 569 3602 631 diliunditnr
3621 578 3674 633 in
3696 595 3824 637 cor-

2224 639 2383 696 dibus
2403 647 2620 715 nostris,
2657 666 2763 705 non
2796 667 2890 721 per
2916 655 3193 711 arbitrium
3222 658 3469 720 humanae
3497 668 3822 741 voluntatis;

2224 732 2310 786 cui
2337 733 2456 804 plus
2476 735 2652 793 dando
2679 756 2837 811 quam
2867 755 3097 814 oportet,
3128 747 3370 820 ignorant
3389 753 3650 824 justitiam
3678 761 3777 820 Dei

2222 838 2342 894 qua:
2371 834 2546 883 tamen
2575 833 2810 889 charitas
2839 844 2962 892 tunc
2995 840 3231 911 perfecta
3255 844 3386 913 erit,
3425 862 3550 906 cum
3589 855 3827 924 pmttalis

2223 914 2384 971 timor
2403 923 2578 976 omnis
2602 923 2943 986 abscesserit.
3589 914 3606 924 .
3796 971 3807 986 ι

2292 1008 2517 1068 CAPUT
2556 1014 2648 1070 XI.
2675 1047 2749 1059 —
2769 1020 2861 1078 23.
2901 1023 3031 1080 Post
3056 1025 3171 1085 haec
3195 1034 3471 1103 proposuit
3511 1039 3824 1100 testimonia

2221 1115 2340 1171 quae
2371 1113 2556 1161 contra
2583 1123 2677 1165 eos
2701 1111 2806 1168 dici
2835 1116 3011 1172 solent
3039 1136 3054 1173 :
3081 1135 3182 1177 nec
3208 1138 3270 1178 ea
3301 1127 3494 1196 solvit,
3529 1130 3624 1185 sed
3661 1147 3824 1189 com-

2220 1197 2571 1254 memorando
2604 1204 2754 1271 quasi
2797 1209 3082 1278 contraria,
3127 1216 3453 1284 quaestiones
3481 1223 3678 1279 auctius
3706 1225 3824 1282 illi-

2218 1289 2377 1359 gavit.
2411 1291 2500 1346 Ait
2527 1295 2670 1350 enim
2703 1315 2717 1352 :
2753 1317 2774 1351 ι
2805 1299 3135 1361 Testimonia
3167 1307 3593 1383 Scripturarum,
3630 1333 3753 1390 qua
3779 1335 3822 1379 ο

2218 1381 2430 1438 diverso
2461 1389 2705 1454 ponenda
2730 1402 2862 1448 sunt
2889 1393 2974 1450 his
2997 1398 3085 1468 qui
3122 1400 3326 1457 arbitrii
3371 1381 3687 1480 liberuttem,
3721 1413 3819 1470 vel

2218 1488 2326 1529 non
2371 1479 2629 1547 peccandi
2676 1485 3080 1552 possibilitatem
3126 1491 3369 1562 imperite
3406 1479 3707 1558 existimant
3747 1502 3824 1562 se

2217 1565 2614 1638 Scripturarum
2655 1576 2969 1634 auctoritate
3014 1596 3170 1650 posse
3209 1584 3508 1646 destruere.
3557 1592 3818 1662 Objicere

2215 1659 2358 1714 enim
2379 1662 2572 1729 solent,
2602 1683 2622 1717 ›
2651 1664 2839 1754 inquit,
2865 1687 2885 1720 t
2914 1671 3056 1740 quod
3083 1678 3298 1732 sanctus
3319 1677 3421 1736 Job
3443 1659 3654 1750 dixerit,
3677 1685 3820 1754 Quis

2214 1752 2446 1808 mundus
2473 1765 2555 1810 est
2582 1770 2612 1809 a
2644 1744 2904 1826 peccato?
2945 1761 3054 1819 Nec
3095 1765 3307 1836 infans,
3345 1770 3497 1842 cujus
3531 1785 3613 1830 est
3641 1744 3816 1835 Junius

2213 1840 2319 1897 diei
2344 1843 2448 1898 vita
2472 1859 2635 1914 super
2653 1856 2848 1905 terram
2877 1870 2897 1904 ι
2928 1851 3048 1925 (Job
3068 1870 3177 1924 xw,
3197 1859 3252 1925 4,
3271 1876 3369 1914 sec.
3389 1840 3578 1932 LXX).
3604 1865 3814 1926 Deinde

2210 1935 2360 2002 quasi
2389 1937 2676 2006 respondet
2690 1939 2814 1996 huic
2833 1943 3140 2002 testimonio
3158 1949 3277 2005 aliis
3297 1955 3635 2018 testimoniis.
3659 1959 3814 2030 quod

2209 2022 2325 2093 ipse
2351 2025 2453 2082 Job
2480 2028 2695 2098 dixerit,
2723 2032 2904 2090 Justus
2931 2037 3067 2092 enim
3091 2041 3167 2094 uir
3195 2051 3242 2095 et
3269 2044 3377 2099 sine
3403 2049 3607 2114 querela
3637 2022 3814 2122 factus

2207 2133 2319 2172 sum
2344 2122 2397 2174 in
2427 2120 2646 2176 derisum
2678 2124 2786 2196 (Id.
2813 2142 2906 2192 xu,
2930 2129 2984 2195 4,
3009 2146 3110 2186 sec.
3140 2131 3330 2206 LXX).
3359 2136 3475 2192 Non
3499 2120 3811 2213 intelligens

2207 2223 2367 2278 posse
2391 2211 2502 2297 dici
2534 2213 2802 2272 hominem
2835 2218 3059 2289 justum,
3101 2225 3190 2294 qui
3234 2226 3542 2295 perfectinni
3577 2211 3807 2304 justitia:

2207 2294 2502 2371 plurimum.
2528 2308 2794 2376 accessit,
2835 2311 2906 2366 ita
2937 2322 2995 2368 ut
3031 2314 3080 2370 ei
3122 2294 3393 2386 proximus
3434 2294 3624 2380 fieret:
3654 2328 3806 2398 quod

2203 2393 2399 2449 multos
2425 2397 2586 2452 etiam
2614 2399 2666 2453 in
2700 2400 2802 2457 hac
2824 2402 2929 2458 vita
2959 2407 3213 2475 potuisse,
3249 2411 3302 2466 in
3325 2428 3426 2484 qua
3449 2431 3513 2471 ex
3534 2416 3637 2474 ﬂde
3663 2393 3804 2476 vivi-

2206 2491 2311 2550 tur,
2343 2501 2449 2540 non
2473 2505 2752 2559 negamus.

2273 2575 2364 2631 2i.
2409 2577 2520 2634 l-loc
2557 2591 2610 2636 et
2651 2583 2744 2637 illo
2781 2587 3086 2644 testimonio
3119 2592 3484 2666 confirmatur,
3514 2601 3654 2670 quod
3692 2602 3802 2660 iste

2200 2679 2597 2738 consequenter
2633 2673 2874 2743 adjuuxit
2915 2679 2984 2733 ab
3025 2680 3212 2737 eodem
3255 2683 3356 2740 Job
3385 2686 3581 2743 dictum
3612 2705 3626 2744 :
3657 2692 3804 2750 Ecce

2199 2775 2290 2831 ego
2312 2764 2572 2830 proximus
2593 2783 2706 2820 sum
2721 2768 2922 2838 judicio
2943 2788 3072 2840 meo,
3108 2785 3156 2828 et
3182 2777 3287 2830 scio
3315 2779 3434 2848 quia
3448 2781 3620 2851 justus
3648 2785 3794 2841 inue-

2199 2853 2315 2906 niar
2344 2851 2455 2928 (Id.
2485 2873 2599 2923 xm,
2635 2861 2722 2925 l8,
2748 2878 2848 2915 sec.
2881 2863 3069 2936 LXX).
3104 2866 3216 2923 Hoc
3239 2870 3382 2925 enim
3411 2883 3492 2927 est
3510 2874 3796 2946 judicium,

2196 2942 2264 3000 de
2285 2962 2391 3017 quo
2429 2949 2553 3003 alibi
2591 2951 2804 3020 dicitur,
2844 2955 2912 3009 Et
2953 2958 3130 3012 educet
3168 2963 3316 3031 quasi
3343 2942 3524 3020 lumen
3541 2942 3798 3037 justitiaitt

2196 3043 2356 3101 tuam,
2385 3047 2432 3092 et
2446 3040 2706 3110 judicium
2746 3054 2888 3100 tuum
2915 3050 3050 3103 velut
3089 3053 3345 3108 meridiem
3385 3055 3554 3126 (Psal.
3594 3075 3792 3133 xxxvi,

2195 3127 2274 3196 6).
2301 3129 2539 3202 Denique
2574 3149 2679 3190 non
2717 3134 2868 3204 dixit,
2899 3139 2971 3194 Ibi
3010 3157 3160 3207 sum;
3209 3145 3324 3211 sed,
3369 3149 3628 3218 proximus
3651 3127 3792 3208 sum;

2193 3221 2346 3288 Quod
2376 3225 2419 3278 si
2446 3225 2704 3294 judicium
2732 3246 2886 3284 suum
2914 3231 3040 3288 illud
3073 3235 3295 3308 intelligi
3324 3239 3510 3300 voluit.
3544 3257 3649 3298 non
3678 3245 3792 3317 quo

2195 3311 2308 3381 ipse
2326 3313 2652 3384 judicabit';
2683 3319 2776 3406 sed
2805 3337 2913 3392 quo
2942 3323 2994 3378 in
3032 3324 3137 3380 line
3164 3337 3244 3382 est
3266 3327 3618 3401 jndicandus;
3655 3311 3795 3406 justi

2193 3405 2246 3458 in
2274 3405 2364 3458 illo
2383 3406 2585 3475 judicio
2609 3403 2947 3468 invenientur
2969 3430 3158 3473 omnes
3180 3420 3269 3489 qui
3293 3438 3395 3476 non
3418 3403 3681 3482 fallaciter
3701 3428 3792 3485 di-

2190 3505 2338 3564 cunt,
2371 3489 2579 3556 Dimitte
2604 3503 2745 3558 nobis
2774 3506 2940 3562 debita
2972 3522 3166 3577 nostra,
3196 3513 3325 3568 sicut
3363 3526 3410 3570 et
3444 3535 3536 3573 nos
3572 3521 3790 3578 dimitti-

2189 3602 2301 3640 mus
2339 3588 2644 3648 debitoribus
2683 3599 2886 3654 nostris.
2923 3599 3027 3656 Per
3058 3602 3193 3658 hanc
3237 3606 3380 3663 enim
3417 3608 3788 3671 dimissionem

2183 3677 2316 3750 justi
2341 3681 2706 3756 invenientur;
2745 3707 2810 3748 eo
2836 3695 2978 3765 quod
3015 3711 3076 3752 ea
3105 3714 3225 3768 qua:
3256 3699 3342 3756 hic
3368 3703 3631 3762 habebant
3657 3724 3788 3778 pec-

2187 3783 2327 3843 cata,
2364 3777 2718 3863 elecmosynis
2761 3785 3129 3844 deleverunt”.
3162 3791 3316 3850 Unde
3342 3796 3599 3855 Dominus
3626 3777 3782 3869 dicit,

2191 3867 2322 3924 Date
2355 3861 2741 3946 eleemosynam,
2787 3889 2834 3932 et
2878 3897 2991 3936 ecce
3032 3886 3202 3938 omnia
3250 3888 3439 3944 munda
3481 3902 3599 3946 sunt
3642 3896 3787 3951 vobis

2189 3959 2320 4033 (Luc
2359 3979 2436 4029 χι,
2479 3966 2590 4037 41).
2641 3968 2878 4039 Denique
2906 3971 3006 4028 hoc
3033 3973 3240 4032 dicetur
3269 3980 3428 4049 justis
3463 3983 3513 4038 in
3554 3999 3786 4056 regnum

2187 4055 2505 4122 promissum
2531 4059 2702 4127 ituris,
2733 4060 2938 4117 Esurivi
2961 4067 3122 4133 enim,
3165 4080 3211 4123 et
3249 4071 3456 4127 dedistis
3487 4077 3610 4131 mihi
3626 4055 3788 4135 man-

2185 4141 2373 4197 ducam
2413 4144 2623 4217 (Matth.
2655 4165 2792 4218 xxv,
2821 4153 2914 4224 55)
2943 4173 2955 4209 :
2984 4167 3037 4210 et
3071 4167 3262 4214 caetera
3307 4161 3630 4233 hujusmodi.
3667 4169 3785 4228 Sed

2184 4233 2326 4289 aliud
2353 4245 2456 4304 est,
2485 4253 2605 4294 esse
2631 4241 2748 4297 sine
2777 4255 3013 4313 peccato,
3049 4251 3189 4320 quod
3219 4252 3285 4308 de
3312 4255 3427 4309 solo
3457 4247 3508 4311 in
3541 4258 3639 4316 hac
3667 4263 3781 4318 vita

2184 4323 2467 4396 Uuigenito
2491 4331 2688 4386 dictum
2719 4344 2829 4402 est;
2863 4337 3006 4393 aliud
3027 4382 3042 4407 ,
3071 4355 3190 4397 esse
3219 4345 3335 4400 sine
3362 4351 3598 4418 querela,
3631 4355 3782 4425 quod

2181 4413 2249 4469 de
2273 4417 2450 4472 multis
2472 4419 2634 4488 justis
2653 4417 2813 4479 etiam
2836 4427 2887 4480 in
2913 4427 3012 4484 hac
3032 4431 3138 4487 vita
3163 4433 3263 4490 dici
3287 4413 3454 4506 potuit
3481 4459 3495 4494 :
3522 4413 3778 4514 quoniam

2181 4515 2263 4560 est
2291 4509 2503 4578 quidam
2532 4513 2722 4570 modus
2754 4516 2906 4574 bona:
2926 4521 3082 4587 vitta,
3123 4523 3191 4579 de
3218 4542 3324 4596 quo
3361 4509 3619 4590 etiam‘in
3667 4535 3781 4594 ista

2181 4598 2410 4658 humana
2443 4610 2868 4676 conversatione,
2892 4614 3032 4684 justa
3062 4619 3276 4686 querela
3301 4636 3422 4678 esse
3448 4641 3552 4681 non
3581 4630 3777 4698 possit.

2178 4693 2308 4761 Quis
2331 4697 2472 4751 enim
2497 4698 2639 4768 juste
2663 4704 2908 4771 queritur
2934 4707 3002 4762 de
3031 4708 3247 4766 homine
3272 4715 3362 4784 qui
3405 4693 3600 4774 nemini
3626 4724 3780 4782 male

2177 4789 2311 4855 vult,
2341 4801 2395 4845 et
2414 4782 2606 4863 quibus
2632 4805 2804 4865 potest
2832 4799 3055 4857 ﬁdeliter
3073 4782 3318 4873 consulit,
3345 4825 3446 4866 nec
3469 4822 3651 4870 contra
3675 4832 3784 4874 cu.

2172 4879 2421 4952 jusquam
2454 4885 2672 4971 injurias
2702 4897 2844 4945 tenet
2869 4892 3142 4949 libidinem
3173 4899 3496 4971 vindicandi,
3530 4914 3586 4959 ut
3607 4922 3774 4964 vera-

2177 4973 2309 5028 citer
2337 4975 2497 5043 dicat,
2526 4969 2671 5033 Sicut
2697 4990 2742 5034 et
2769 4999 2863 5036 nos
2893 4983 3190 5042 dimittimus
3222 4969 3526 5052 debitoribus
3559 5001 3773 5059 nostris.

2174 5065 2245 5120 Et
2276 5059 2449 5124 tamen
2481 5087 2547 5126 eo
2587 5073 2702 5141 ipso
2729 5075 2870 5144 quod
2900 5092 3084 5133 verum
3107 5080 3264 5148 dicit,
3300 5084 3530 5152 Dimitte,
3562 5091 3692 5147 sicut
3723 5083 3779 5150 et

2176 5175 2268 5212 nos
2287 5161 2621 5230 dimittimus;
2645 5167 2762 5222 sine
2791 5178 3011 5238 peccato
3038 5185 3098 5227 se
3121 5171 3226 5228 nan
3255 5190 3374 5233 esse
3397 5176 3654 5241 declarat.

2171 5257 2174 5260 ’
2246 5251 2337 5308 25'.
2380 5253 2506 5311 Inde
2535 5266 2617 5312 est
2645 5259 2784 5328 quod
2813 5260 2961 5329 dicit,
2995 5261 3146 5317 Nihil
3187 5267 3413 5334 iniquum
3440 5281 3546 5327 erat
3569 5275 3625 5330 in
3647 5294 3771 5333 ma-

2175 5334 2322 5400 nibus
2369 5348 2510 5415 meis,
2532 5350 2623 5403 sed
2643 5351 2830 5405 munda
2851 5355 3013 5410 oratio
3037 5373 3147 5412 mea
3173 5357 3316 5428 (Job.
3343 5379 3449 5429 ut,
3482 5365 3593 5439 18).
3624 5368 3773 5429 Hinc

2175 5438 2318 5493 enim
2348 5447 2463 5494 erat
2489 5443 2683 5498 munda
2713 5447 2903 5514 oratio,
2929 5450 3050 5520 quia
3080 5452 3289 5510 veniam
3311 5471 3417 5524 non
3445 5458 3642 5531 injuste
3669 5480 3774 5535 pe-

2173 5528 2339 5596 tebat,
2368 5532 2455 5600 qui
2484 5535 2742 5590 veraciter
2763 5536 2941 5593 dabat.

2162 5737 2168 5740 ~
2239 5731 2350 5796 ξςξο
2370 5737 2475 5796 titss.
2505 5731 2977 5796 Atediti,judicmtit.

2665 5791 2749 5886 “Et,
2759 5800 2888 5861 quod
2925 5815 2984 5852 ea
3005 5815 3117 5868 quae
3151 5805 3231 5863 Ιιὶσ
3269 5805 3504 5862 habebant
3538 5819 3770 5886 pecua,

2173 5853 2481 5919 eleemosyuis
2505 5853 2782 5910 diluerunt]
3018 5853 3030 5868 '
3073 5853 3106 5856 ”
3153 5853 3188 5892 "3
