3996 6478
153 363 262 424 δῶ

220 475 311 534 26.
351 472 421 532 Et
449 472 609 546 quod
646 473 786 531 dicit
822 473 897 530 de
925 473 1169 538 Domino,
1200 470 1393 526 Multas
1419 460 1549 525 enim
1589 472 1780 526 contri-

154 572 312 626 tiones
356 584 499 623 meas
547 568 677 640 fecit
724 569 836 623 sine
886 583 1040 622 causa
1064 564 1206 637 (Job.
1239 581 1316 632 ιι,
1364 564 1452 637 i7)
1488 583 1499 618 :
1532 580 1637 619 non
1668 564 1779 633 ait‘,

158 663 340 721 Nullas
371 661 503 717 fecit
543 676 676 717 cum
708 675 872 717 causa
896 675 911 727 ;
939 658 1054 722 sed,
1082 658 1268 711 multas
1292 657 1399 711 sine
1438 672 1611 709 causa.
1666 654 1783 711 Non

159 757 297 814 enim
324 765 557 827 propter
585 755 761 810 multa
794 762 1011 824 peccata
1041 751 1157 820 ejus
1189 750 1341 806 factae
1369 758 1492 805 sunt
1515 750 1562 805 ei
1603 749 1784 804 multa:

160 852 539 914 contritiones,
566 847 667 904 sed
688 858 910 921 propter
935 846 1302 916 probationem
1323 844 1612 916 patientize.
1649 842 1782 899 Nam

158 952 381 1019 propter
402 949 655 1012 peccata,
687 940 807 996 sine
835 938 1049 1009 quibus,
1079 946 1137 992 ut
1161 937 1284 991 alibi
1327 936 1631 1002 conﬁtetur,
1676 948 1786 990 non

160 1034 256 1091 fuit
277 1077 294 1102 ,
329 1033 596 1105 pauciora
623 1048 685 1089 se
712 1032 821 1105 pati
850 1030 1099 1087 debuisse
1126 1029 1331 1100 judicat
1360 1027 1468 1100 (Id.
1498 1044 1583 1092 vt,
1610 1027 1669 1093 2,
1700 1028 1781 1097 3).

224 1128 318 1183 '57.
367 1127 505 1181 Item
560 1125 709 1197 quod
756 1124 908 1184 dicit.
966 1122 1085 1177 Vias
1128 1122 1262 1176 enim
1306 1122 1414 1192 ejus
1442 1120 1708 1187 custodiri,
1738 1127 1785 1175 et

164 1238 255 1276 non
272 1221 543 1275 declinari
558 1236 592 1272 a
612 1219 871 1272 mandatis
892 1218 1019 1290 ejus,
1044 1232 1202 1287 neque
1222 1215 1475 1269 discedam
1493 1213 1543 1285 (1
1551 1214 1605 1267 d.
1628 1229 1778 1281 xxut,

165 1310 249 1382 il)
297 1328 312 1364 :
359 1309 663 1365 custodivit
705 1308 820 1363 vias
850 1308 962 1373 Dei,
1009 1307 1098 1378 qui
1141 1320 1244 1361 non
1291 1304 1369 1361 sic
1417 1305 1699 1371 exorbitat,
1726 1312 1785 1360 ut

166 1418 249 1458 eas
293 1403 602 1472 relinquat,
650 1399 746 1454 sed
793 1399 845 1454 in
876 1399 954 1453 eis
982 1397 1247 1452 currendo
1275 1397 1521 1467 proficit;
1554 1398 1653 1451 etsi
1682 1395 1783 1450 ali-

168 1492 378 1564 quando
422 1501 486 1546 ut
519 1491 768 1545 inﬁrmus
795 1488 1014 1544 offendit
1054 1496 1146 1542 aut
1175 1488 1368 1543 titubat
1402 1506 1415 1541 :
1449 1487 1660 1558 proﬁcit
1688 1502 1784 1541 au-

171 1594 267 1640 tem
318 1583 632 1640 minuendo
679 1593 936 1653 peccata,
987 1581 1159 1637 donec
1209 1581 1483 1651 perveniat
1534 1581 1621 1636 ubi
1669 1581 1785 1636 sine

173 1688 388 1749 peccato
433 1680 532 1732 sit.
576 1676 690 1731 Non
724 1676 867 1731 enim
912 1675 1069 1729 aliter
1100 1676 1276 1746 potest
1301 1690 1367 1730 eo
1414 1675 1575 1731 modo
1619 1674 1783 1745 proﬁ-

173 1786 306 1833 cere,
356 1770 470 1825 nisi
524 1767 879 1824 custodiendo
923 1768 1037 1822 vias
1080 1768 1216 1837 ejus.
1262 1768 1500 1823 Declinat
1547 1777 1724 1823 autem
1752 1782 1782 1823 a

176 1861 440 1918 mandatis
496 1859 711 1915 Domini
760 1868 921 1929 atque
964 1858 1189 1914 discedit
1233 1868 1508 1928 apostata;
1558 1874 1664 1914 non
1696 1859 1786 1915 ille

176 1957 278 2027 qui,
302 1954 526 2010 etiamsi
559 1953 754 2007 habeat
783 1959 1077 2021 peccatum,
1110 1950 1427 2020 conﬂigendi
1458 1960 1634 2005 tamen
1660 1965 1784 2007 cum

178 2062 233 2101 eo
273 2045 744 2117 perseverantiam
777 2058 883 2097 non
912 2042 1185 2113 relinquit,
1214 2042 1386 2098 donec
1413 2058 1479 2098 eo
1507 2044 1786 2113 perveniat

177 2138 257 2192 ubi
308 2138 461 2192 nulla
511 2152 633 2192 cum
677 2143 852 2191 morte
902 2134 1173 2189 contentio
1221 2134 1536 2189 remanebit.
1578 2134 1634 2189 ln
1683 2134 1786 2191 isto

178 2244 300 2299 ergo
331 2228 592 2283 conflictu
638 2226 913 2281 induimur
952 2240 1015 2280 ea
1053 2224 1282 2295 justitia,
1326 2241 1428 2295 qua
1460 2225 1546 2280 hic
1589 2240 1655 2281 ex
1681 2224 1786 2281 ﬁde

177 2322 399 2387 vivitur,
440 2330 498 2375 et
526 2335 587 2375 ea
615 2318 847 2390 quodam
892 2316 1050 2373 modo
1098 2318 1403 2373 loricamur.
1447 2318 1784 2375 Assumimus

178 2428 399 2484 quoque
422 2412 703 2483 judicium,
749 2409 891 2481 quod
930 2409 1087 2464 etiam
1132 2418 1319 2465 contra
1363 2425 1460 2465 nos
1491 2425 1586 2481 pro
1634 2410 1786 2467 nobis

176 2503 435 2568 facimus,
456 2503 666 2575 quando
688 2512 904 2572 peccata
926 2510 1105 2557 nostra
1127 2500 1428 2556 accusando
1443 2501 1783 2559 damnamus:

176 2598 326 2653 unde
379 2597 628 2666 scriptum
673 2606 780 2662 est,
827 2595 1008 2649 Justus
1032 2588 1161 2666 'ipse
1201 2596 1281 2650 sui
1318 2605 1581 2649 accusator
1621 2605 1691 2651 est
1732 2596 1788 2651 in

174 2692 481 2761 primordio
506 2689 735 2743 sermonis
762 2687 943 2758 (Prov.
978 2704 1128 2754 xvnt,
1160 2686 1275 2759 17).
1321 2688 1452 2742 llinc
1477 2688 1602 2743 item
1628 2686 1779 2755 dic‘it,

170 2781 419 2836 Iustitia
442 2783 627 2836 vestitus
647 2798 809 2849 eram,
836 2790 883 2835 et
907 2780 1213 2834 circumdedi
1238 2780 1362 2834 mihi
1375 2780 1632 2851 judicium
1657 2782 1788 2835 sicut

174 2874 511 2945 ulansgdem
548 2872 665 2946 (Job
696 2889 845 2940 xxix,
893 2872 1003 2943 14).
1045 2871 1177 2927 Nam
1226 2880 1280 2927 et
1318 2871 1416 2926 ista
1460 2872 1621 2927 vestis
1662 2872 1787 2929 bellt

176 2967 359 3037 magis
392 2965 527 3021 solet
566 2980 684 3022 esse
714 2980 871 3034 quam
899 2965 1064 3035 pacis,
1095 2963 1184 3019 ubi
1229 2963 1406 3019 adhuc
1454 2972 1789 3035 expugnatur

179 3058 638 3128 concupiscentia,
662 3072 767 3113 non
798 3059 886 3111 ubi
910 3056 1015 3111 erit
1046 3057 1200 3127 plena
1224 3055 1339 3111 sine
1359 3056 1536 3127 aliquo
1565 3070 1787 3127 prorsus

178 3149 342 3225 hoste
370 3148 593 3219 justitia,
622 3148 908 3203 novissima
936 3147 1149 3202 inimica
1184 3156 1357 3202 morte
1381 3148 1674 3203 destructa.

240 3242 345 3297 28.
392 3240 544 3307 Quod
572 3248 745 3295 autem
775 3240 966 3294 iterum
994 3238 1069 3293 ait
1095 3238 1233 3293 idem
1263 3247 1479 3293 sanctus
1502 3238 1625 3305 Job,
1658 3237 1783 3295 Non

179 3338 311 3391 nitu
358 3334 682 3405 reprehendit
708 3350 788 3388 me
811 3348 899 3386 cor
922 3348 1086 3386 meum
1124 3332 1178 3386 in
1205 3332 1344 3385 omni
1366 3332 1467 3386 vita
1505 3348 1617 3385 mea
1659 3330 1783 3405 (Id.

180 3443 349 3491 xxvn,
384 3427 441 3495 6)
477 3444 491 3477 :
523 3433 645 3479 tunc
672 3438 771 3479 nos
818 3424 870 3478 in
902 3424 1001 3478 ista
1037 3423 1165 3489 vita,
1194 3423 1249 3478 in
1292 3438 1394 3494 qua
1422 3438 1486 3478 ex
1516 3423 1621 3478 ﬁde
1648 3424 1785 3479 vivi-

181 3534 318 3584 mus,
366 3531 477 3570 non
526 3513 865 3585 reprehendit
904 3528 999 3569 cor
1039 3523 1303 3581 nostrum,
1350 3514 1395 3568 si
1425 3513 1611 3570 eadem
1654 3514 1786 3571 ﬁdes

179 3625 278 3680 qua
308 3612 327 3640 ¹
355 3607 523 3662 corde
547 3605 782 3663 creditur
805 3605 872 3660 ad
893 3606 1174 3675 justitiam,
1203 3621 1307 3661 non
1352 3606 1570 3676 negligit
1594 3621 1785 3676 repre-

179 3700 425 3756 hendere
471 3709 747 3771 peccatum
787 3708 1049 3754 nostrum.
1091 3697 1243 3754 Unde
1286 3698 1414 3753 dicit
1458 3699 1782 3769 Apostolus,

178 3793 300 3849 Non
329 3794 468 3847 enim
488 3792 621 3862 quod
639 3792 750 3846 volo
778 3792 912 3863 facio
939 3791 1122 3845 bonum
1144 3806 1163 3844 :
1190 3789 1280 3845 sed
1304 3789 1440 3861 quod
1459 3790 1545 3844 odi
1570 3790 1784 3860 malum,

178 3887 267 3939 hoc
298 3901 408 3956 ago
447 3882 621 3954 (Rom.
654 3898 749 3947 vn,
782 3881 892 3953 15).
935 3881 1139 3936 Bonum
1182 3891 1266 3936 est
1285 3881 1428 3937 enim
1453 3897 1558 3936 non
1589 3896 1788 3937 concu-

177 3977 418 4047 piscere,
467 3983 522 4030 et
552 3976 651 4031 hoc
692 3975 888 4029 bonum
918 3974 1031 4029 vult
1068 3974 1269 4044 justus,
1317 3974 1405 4043 qui
1432 3990 1499 4029 ex
1528 3974 1631 4029 ﬁde
1658 3975 1788 4031 vivit

178 4070 413 4140 (Babae.
444 4084 504 4134 ιι,
533 4068 587 4136 4)
618 4086 630 4121 :
660 4076 712 4122 et
740 4078 916 4123 tamen
948 4068 1072 4122 facit
1096 4066 1237 4138 quod
1267 4067 1399 4130 odit,
1430 4068 1555 4137 quia
1582 4083 1786 4127 concu-

178 4163 381 4230 piscit;
428 4160 671 4230 quamvis
720 4168 841 4231 post
886 4158 1345 4228 concupiscentias
1390 4146 1514 4212 suas
1561 4174 1667 4213 non
1698 4167 1787 4215 eat

176 4251 377 4321 (Eeeli.
404 4266 558 4316 xvtn,
586 4252 679 4320 δυ)
711 4268 726 4305 :
754 4249 896 4321 quod
923 4250 966 4304 si
993 4248 1199 4313 fecerit,
1227 4258 1352 4304 tunc
1376 4265 1502 4304 vere
1526 4251 1640 4319 ipse
1661 4250 1786 4306 fecit

179 4355 229 4399 at
258 4343 449 4409 cedat,
500 4352 555 4396 ut
580 4344 895 4407 consentiat,
932 4349 988 4395 ut
1014 4341 1281 4396 desiderio
1318 4342 1518 4412 peccati
1548 4340 1781 4397 obediat.

177 4441 331 4495 Tunc
378 4453 504 4493 eum
548 4452 641 4492 cor
669 4436 786 4506 ejus
811 4434 1191 4506 reprehendit;
1234 4436 1355 4506 quia
1386 4435 1557 4505 ipsum
1596 4450 1785 4504 repre-

177 4532 379 4588 hendit
406 4533 450 4597 ²,
480 4544 586 4583 non
634 4528 760 4583 illud
808 4536 1083 4598 peccatum
1127 4526 1269 4597 ejus,
1315 4526 1455 4596 quod
1500 4525 1703 4583 habitat
1729 4527 1785 4583 in

175 4624 445 4682 membris
471 4623 605 4692 ejus.
646 4620 779 4675 Cum
807 4635 936 4676 vero
964 4636 1070 4677 non
1100 4620 1226 4675 sinit
1252 4634 1476 4690 regnare
1507 4629 1786 4689 peccatum

175 4722 227 4775 in
281 4731 394 4773 suo
442 4714 657 4770 mortali
705 4728 933 4784 corpore
969 4712 1037 4767 ad
1101 4712 1455 4767 obediendum
1501 4712 1784 4769 desideriis

174 4814 318 4881 ejus,
372 4823 473 4864 nec
510 4806 724 4862 exhibet
753 4805 989 4861 membra
1032 4820 1127 4859 sua
1153 4820 1298 4859 arma
1329 4805 1623 4876 iniquitatis
1652 4820 1784 4875 pec-

174 4918 299 4963 cato
348 4902 532 4974 (Rom.
581 4899 775 4967 vi,12,
827 4898 1126 4969 15);iuest
1166 4897 1380 4968 quidem
1429 4906 1703 4967 peccatum
1730 4897 1782 4953 in

174 5000 448 5057 membris
493 4998 627 5067 ejus,
680 4994 775 5050 sed
817 5010 926 5049 non
968 5002 1173 5064 regnat,
1222 4992 1345 5063 quia
1385 5009 1491 5047 non
1539 4992 1787 5049 obedilur

174 5092 474 5152 desideriis
516 5090 651 5159 ejus.
693 5088 759 5142 Et
787 5085 908 5143 ideo
951 5086 1077 5141 dum
1114 5084 1391 5155 quodnon
1418 5084 1531 5139 vult
1574 5086 1698 5155 agit,
1731 5084 1785 5140 id
1816 5138 1817 5141 η

174 5198 281 5253 est,
330 5200 440 5240 non
473 5185 584 5237 vult
611 5178 987 5250 concupiscere
1029 5186 1083 5232 et
1109 5177 1474 5246 concupiscit;
1520 5175 1787 5231 consentit

173 5282 307 5352 legi,
344 5278 470 5349 quia
499 5276 634 5331 bona
672 5274 776 5329 ‘est.
820 5271 931 5326 iloc
955 5270 1097 5325 enim
1125 5270 1237 5323 vult
1263 5277 1317 5324 et
1346 5268 1458 5337 ipse
1486 5267 1627 5338 quod
1664 5267 1781 5333 lex;

175 5374 309 5446 quia
359 5370 469 5425 vult
496 5369 607 5439 ipse
650 5380 757 5421 non
798 5363 1198 5432 concupiscere,
1241 5370 1295 5418 et
1335 5361 1425 5415 lex
1469 5360 1613 5424 dicit,
1661 5357 1786 5415 Non

176 5464 512 5535 concupisces
538 5460 735 5531 (Exod.
769 5472 824 5521 x,
867 5453 979 5527 17).
1021 5454 1075 5509 In
1104 5454 1205 5508 hoc
1231 5453 1479 5524 quoniam
1506 5451 1617 5505 vult
1643 5450 1785 5522 quod

178 5570 235 5615 et
258 5561 357 5613 lex
394 5556 519 5619 vult,
565 5550 758 5625 procul
787 5548 950 5605 dubio
979 5549 1244 5603 consentit
1287 5546 1391 5616 legi
1419 5564 1432 5601 :
1461 5545 1787 5615 concupiscit

249 5696 269 5725 ι
304 5698 405 5741 Am.
425 5697 497 5741 Er.
523 5696 577 5741 et
599 5696 736 5746 Mss,
762 5684 815 5733 in
833 5696 945 5746 qua.
967 5680 1213 5743 Particula,
1238 5680 1307 5741 in,
1328 5686 1572 5744 expuucta
1594 5678 1683 5728 fuit
1697 5693 1786 5742 per
1812 5652 1818 5659 Δ

180 5760 525 5807 mvanieuses.
724 5818 757 5821 __
795 5808 825 5821 _.
922 5810 930 5819 .
1264 5804 1365 5821 _,,._
1418 5803 1428 5821 9

250 5821 270 5849 ²
298 5825 420 5871 unm
475 5832 506 5869 e
551 5821 673 5867 uss.
724 5814 959 5859 Vaticanis
1006 5814 1195 5867 omittit,
1252 5818 1367 5868 quia
1409 5817 1566 5869 ipsum
1619 5817 1785 5867 repre-

184 5878 363 5935 (uidit.

1032 355 1120 413 DE
1156 351 1638 412 PERFECTIONE
1677 354 2005 414 ,ΙυΒΤΙΤΙᾸΞ
2046 357 2320 419 HOMINIS
2358 362 2582 421 LIBER.

1894 483 2093 544 tamen,
2135 480 2257 548 quia
2286 496 2393 535 non
2432 491 2514 537 est
2543 482 2659 541 sine
2682 492 2939 554 peccato;
2980 486 3074 542 sed
3097 487 3207 558 jam
3234 502 3344 544 non
3371 490 3488 561 ipse

1891 577 2142 637 operatur
2170 569 2319 638 illud,
2349 572 2445 627 sed
2488 573 2538 628 id
2568 574 2708 645 quod
2748 576 2803 630 in
2834 576 2927 632 illo
2955 576 3158 634 habitat
3186 588 3483 650 peccatum.

1890 659 2018 716 ideo
2040 677 2149 717 non
2174 677 2296 718 cum
2324 664 2669 734 reprehendit
2695 682 2789 722 cor
2810 668 2927 739 ejus
2950 670 3004 725 in
3032 670 3176 725 omni
3207 670 3315 726 vita
3343 671 3483 743 ejus;

1891 751 1995 808 hoc
2020 764 2122 821 est,
2153 755 2205 808 in
2230 755 2335 811 ﬁde
2358 757 2494 826 ejus,
2523 759 2644 829 quia
2666 759 2843 829 justus
2868 777 2937 816 ex
2964 761 3069 818 ﬁde
3090 763 3220 818 vivit
3246 782 3262 818 :
3288 771 3345 819 et
3364 763 3487 821 ideo

1892 846 2025 909 ﬁdes
2049 849 2166 918 ejus
2190 860 2271 905 est
2294 850 2400 905 vita
2428 852 2565 921 ejus.
2605 852 2718 908 Scit
2744 855 2887 910 enim
2916 855 3041 927 quia
3063 872 3169 913 non
3195 857 3400 913 habitat
3429 859 3485 913 in

1890 953 2053 995 carne
2080 940 2196 1007 eius
2224 940 2443 1007 bonum,
2477 943 2565 999 ubi
2598 944 2803 1001 habitat
2828 957 3104 1015 peccatum
3134 967 3149 1002 :
3178 949 3273 1005 sed
3300 966 3405 1005 non
3432 950 3485 1006 ei

1891 1032 2278 1089 consentiendo
2308 1035 2436 1091 vivit
2454 1052 2522 1091 ex
2551 1037 2673 1106 ﬁde,
2701 1055 2803 1109 qua
2830 1040 2849 1072 ⁸
2881 1039 3093 1096 invocat
3113 1042 3279 1097 Deum
3306 1052 3362 1097 ut
3390 1042 3486 1098 ad-

1886 1126 2100 1197 juvetur
2130 1144 2389 1203 pugnans
2417 1142 2602 1187 contra
2648 1142 2924 1202 peccatum
2950 1152 2965 1197 ;
2994 1135 3135 1205 quod
3166 1146 3223 1189 ut
3265 1138 3486 1191 omnino

1891 1220 1962 1275 ibi
1990 1236 2095 1276 non
2121 1222 2208 1285 sit,
2241 1221 2447 1292 adjacet
2482 1224 2531 1279 ei
2558 1224 2712 1291 velle,
2739 1224 2836 1280 sed
2866 1226 3123 1295 perlicere
3153 1227 3349 1281 bonum
3377 1241 3485 1281 non

1889 1312 2097 1382 adjacet
2141 1312 2316 1385 (Rom.
2358 1331 2452 1381 vu,
2504 1314 2712 1389 15-21).
2754 1315 2871 1371 Non
2912 1316 3088 1373 facere
3131 1318 3329 1372 bonum
3375 1332 3486 1373 non

1890 1406 2115 1476 adjacet,
2144 1407 2240 1463 sed
2284 1410 2559 1478 perlicere.
2600 1409 2731 1464 Nam
2772 1410 2825 1466 in
2855 1424 2921 1465 eo
2948 1409 3091 1481 quod
3121 1425 3227 1465 non
3251 1425 3487 1466 consen-

1893 1499 1973 1564 tit,
2007 1500 2202 1555 bonum
2234 1501 2390 1567 facit;
2414 1512 2467 1558 et
2492 1502 2544 1557 in
2580 1517 2646 1557 eo
2680 1502 2822 1573 quod
2851 1502 2964 1558 odit
2997 1503 3486 1574 concupiscentiam

1890 1605 2062 1657 suam,
2090 1593 2289 1649 bonum
2319 1593 2474 1658 facit;
2501 1603 2556 1648 et
2581 1594 2633 1648 in
2661 1609 2727 1649 eo
2750 1594 2891 1665 quod
2916 1594 3287 1665 eleemosynas
3310 1591 3488 1651 facere

1892 1702 1998 1741 non
2029 1697 2235 1750 cessat,
2276 1687 2474 1742 bonum
2505 1686 2672 1753 facit;
2717 1696 2771 1743 et
2817 1688 2872 1742 in
2899 1702 2964 1742 eo
3007 1686 3150 1758 quod
3194 1687 3270 1742 illi
3310 1688 3398 1758 qui
3430 1687 3485 1742 in

1892 1796 2015 1836 eum
2044 1790 2228 1851 peccat
2254 1781 2500 1851 ignoscit,
2529 1780 2725 1835 bonum
2756 1779 2913 1845 facit;
2945 1788 3000 1834 et
3025 1780 3077 1834 in
3104 1780 3330 1851 eoquod
3354 1779 3484 1849 petit

1890 1875 1991 1929 sibi
2016 1874 2207 1929 dimitti
2235 1874 2413 1930 debita
2439 1889 2557 1939 sua,
2580 1884 2635 1929 et
2660 1874 2921 1929 veraciter
2948 1873 3075 1927 dicit
3103 1873 3244 1942 quod
3268 1871 3490 1927 dimittit

1890 1966 2052 2021 etiam
2085 1966 2197 2037 ipse
2224 1965 2555 2021 debitoribus
2583 1966 2716 2032 suis,
2749 1975 2804 2021 et
2833 1975 2951 2021 orat
2991 1975 3048 2020 ut
3077 1980 3182 2020 non
3226 1965 3487 2019 inferatur

1893 2058 1947 2113 in
1989 2060 2356 2125 tentationem,
2408 2060 2502 2114 sed
2550 2060 2807 2115 liberetur
2832 2074 2863 2113 a
2889 2059 3053 2125 malo,
3084 2058 3283 2113 bonum
3314 2056 3441 2111 facit
3467 2073 3483 2110 :

1893 2154 1943 2210 ei
1974 2164 2150 2209 tamen
2194 2152 2453 2223 perﬁcere
2498 2153 2696 2209 bonum
2740 2168 2847 2208 non
2895 2151 3122 2221 adjacet,
3173 2150 3314 2220 quod
3364 2159 3488 2204 tunc

1893 2244 2017 2312 erit,
2044 2244 2256 2314 quando
2283 2245 2372 2299 illa
2397 2244 2824 2314 concupiscentia
2851 2259 2972 2315 qua:
3002 2242 3204 2297 habitat
3232 2242 3284 2295 in
3313 2256 3488 2295 mem-

1892 2339 2003 2395 bris
2028 2339 2165 2410 ejus,
2216 2338 2359 2393 nulla
2402 2340 2523 2394 erit.
2564 2338 2680 2393 Non
2708 2353 2835 2408 ergo
2879 2353 3002 2392 eum
3031 2335 3373 2406 reprehendit
3394 2349 3491 2389 cor

1893 2433 2028 2503 ejus,
2057 2432 2273 2503 quando
2299 2432 2644 2503 reprehendit
2687 2441 2960 2502 peccatum
3003 2430 3144 2502 quod
3190 2430 3395 2485 habitat
3430 2430 3488 2485 in

1892 2525 2152 2581 membris
2177 2527 2315 2593 ejus,
2359 2533 2412 2578 et
2452 2541 2556 2578 non
2598 2524 2937 2612 habetqnam
2986 2522 3343 2593 reprehendat
3369 2522 3491 2576 inﬁ-‘

1893 2616 2164 2672 delitatem
2192 2616 2308 2687 ejus
2335 2619 2376 2671 ’.
2420 2616 2492 2671 Ita
2522 2631 2621 2671 nec
2667 2615 2720 2670 iu
2752 2616 2859 2669 vita
2901 2631 3017 2679 sua,
3051 2615 3102 2669 id
3147 2624 3249 2680 est,
3284 2615 3335 2667 in
3385 2613 3489 2668 ﬁde

1892 2724 2009 2774 sua,
2038 2724 2069 2763 a
2098 2710 2259 2764 corde
2289 2724 2386 2764 suo
2415 2708 2844 2779 reprehenditur,
2888 2717 2943 2762 et
2971 2710 3087 2762 sine
3132 2715 3353 2777 peccato
3380 2720 3487 2762 non

1892 2815 2014 2856 esse
2039 2800 2391 2855 convincitur.
2432 2798 2582 2867 Quod
2622 2809 2676 2854 et
2704 2798 2818 2869 ipse
2856 2798 2958 2854 Job
2984 2794 3053 2853 de
3079 2814 3137 2854 se
3164 2798 3447 2853 conﬁtetur
3470 2838 3487 2865 ,

1892 2896 1984 2952 ubi
2010 2896 2138 2951 dicit
2170 2916 2183 2951 :
2215 2895 2365 2950 Nihil
2394 2907 2441 2951 te
2466 2896 2613 2950 latuit
2638 2906 2952 2966 peccatorum
2976 2913 3221 2950 meorum.
3258 2893 3489 2965 Signasti

1892 2987 2177 3060 iniquitates
2202 3005 2337 3043 meas
2363 2990 2414 3042 in
2454 2990 2675 3055 sacculo,
2722 2998 2767 3043 et
2792 2989 3048 3043 annotasli
3076 2989 3119 3043 si
3145 2975 3266 3059 quid
3304 2989 3489 3044 invitus

1894 3092 2235 3154 transgressus
2269 3100 2381 3138 sum
2413 3083 2534 3152 (Job
2562 3100 2669 3148 xrv,
2718 3082 2806 3149 l6,
2851 3084 2964 3152 i7).
3003 3082 3331 3138 Testimonia
3360 3097 3491 3153 ergo

1892 3191 2012 3246 qua:
2041 3176 2219 3246 posuit
2243 3175 2311 3231 de
2339 3175 2517 3231 verbis
2543 3176 2711 3230 sancti
2737 3175 2858 3241 Job,
2891 3189 2991 3231 nos
3030 3175 3167 3231 sient
3195 3175 3487 3247 potuimus,

1893 3267 2341 3339 quemadmodum
2373 3268 2478 3322 sint
2522 3266 2827 3336 accipienda
2876 3268 3291 3322 monstravimus
3332 3285 3345 3321 :
3388 3281 3490 3322 nec

1892 3368 2070 3415 tamen
2093 3360 2181 3414 ille
2205 3359 2384 3423 solvit,
2404 3358 2544 3430 quod
2571 3358 2819 3413 eumdem
2841 3358 2943 3414 Job
2963 3359 3161 3413 dixisse
3190 3358 3485 3429 preposuit,

1897 3454 2022 3521 Quis
2045 3453 2179 3507 enim
2205 3451 2425 3506 mundus
2454 3462 2525 3506 est
2552 3468 2584 3504 a
2622 3451 2871 3522 peccato!
2912 3448 3022 3504 Nec
3049 3451 3220 3522 infans
3247 3451 3391 3521 cujus
3414 3457 3491 3504 est

1892 3546 1993 3600 diei
2022 3546 2170 3599 unius
2193 3546 2294 3598 vita
2314 3561 2466 3614 super
2494 3554 2705 3597 terram.-

1964 3638 2189 3695 CAPU'I‘
2219 3636 2331 3692 Xll.
2362 3667 2431 3677 --
2454 3635 2546 3691 9.9.
2577 3654 2595 3687 ι
2624 3634 2821 3690 lterum
2842 3648 3142 3705 pr0ponere
3168 3634 3489 3700 solent,iin-

1892 3732 2056 3801 quit,t
2081 3730 2259 3785 Omnis
2275 3729 2425 3783 homo
2449 3727 2669 3783 mendax
2686 3725 2857 3801 (Psai.
2880 3706 3007 3788 οὗ,
3035 3724 3113 3800 ‘2).
3139 3746 3156 3779 ι
3176 3726 3357 3798 Neque
3383 3725 3497 3782 hoc

1892 3833 2077 3879 contra
2107 3836 2166 3877 se
2210 3822 2380 3891 ipsum
2411 3821 2433 3852 ³
2458 3835 2487 3874 a
2534 3835 2593 3874 se
2624 3820 2741 3890 ipso
2788 3819 3118 3889 propositum
3152 3820 3312 3873 solvit
3343 3835 3357 3873 :
3391 3819 3487 3874 sed

1890 3913 2360 3974 commemorando
2387 3914 2489 3968 alia
2518 3913 2665 3968 velut
2694 3896 2958 3967 contraria
2989 3912 3311 3977 tesﬁmonia,
3346 3912 3484 3980 apud

1892 4025 1987 4066 eos
2030 4009 2118 4080 qui
2161 4024 2270 4062 non
2302 4006 2602 4075 intelligunt
2641 4014 2880 4059 sanctam
2908 4003 3263 4073 Scripturam,
3307 4003 3483 4058 divina

1891 4100 2101 4171 eloquia
2132 4100 2183 4154 in
2229 4099 2323 4153 lite
2365 4097 2586 4152 dimisit.
2628 4096 2716 4150 Ait
2739 4097 2921 4151 enim:
2953 4096 3149 4162 Quibus
3175 4096 3486 4166 responden-

1893 4194 2013 4247 dum
2029 4202 2119 4253 est,
2138 4193 2271 4262 quod
2287 4192 2338 4244 in
2362 4188 2705 4243 Numerorum
2725 4188 2851 4243 libro
2872 4189 3113 4260 scriptum
3136 4200 3242 4243 est:
3266 4207 3284 4240 ι
3313 4188 3483 4243 Homo
3504 4182 3507 4189 ”

1892 4300 2045 4339 verax
2072 4304 2089 4335 ι
2118 4282 2302 4352 (Num.
2322 4297 2471 4346 xxxv,
2495 4298 2593 4335 sec.
2616 4280 2801 4350 LXX).
2824 4279 2889 4335 Et
2911 4282 2973 4333 de
2987 4290 3160 4334 sancto
3177 4279 3276 4333 Job
3300 4282 3487 4350 legitur

1891 4378 1962 4431 ita
1984 4391 2038 4430 ε(
2062 4373 2188 4427 Erat
2215 4373 2290 4427 vir
2320 4372 2548 4425 habitans
2570 4373 2624 4425 in
2639 4374 2841 4441 regione
2860 4370 3125 4435 Ausitida',
3142 4372 3343 4423 nomine
3357 4370 3477 4435 Job,

1891 4481 2062 4529 verax,
2094 4465 2200 4518 sine
2224 4463 2452 4529 crimine,
2492 4462 2684 4533 justus,
2727 4460 2824 4515 Dei
2848 4459 3026 4525 cultor,
3060 4460 3310 4514 abstinens
3338 4477 3392 4514 se
3417 4463 3479 4514 ub

1892 4558 2029 4613 omni
2053 4573 2109 4610 re
2127 4556 2263 4609 mata
2286 4573 2304 4607 s
2330 4552 2452 4623 (Job
2474 4568 2512 4619 ι,
2544 4551 2617 4625 1).
2641 4551 2803 4606 Miror
2824 4551 2963 4622 quod
2988 4566 3149 4607 ausus
3174 4562 3255 4606 est
3279 4567 3479 4623 ponere

1892 4650 1994 4705 hoc
2018 4645 2400 4711 testimonium,
2429 4644 2517 4699 ubi
2540 4643 2739 4698 dictum
2765 4651 2867 4709 est,
2898 4642 3160 4697 Abstinens
3186 4659 3240 4696 se
3258 4644 3320 4696 ab
3343 4644 3482 4697 omni

1890 4758 1947 4796 re
1986 4741 2143 4804 mala,
2195 4753 2315 4793 cum
2345 4737 2446 4791 hoc
2474 4737 2721 4791 ab‘omni
2753 4745 2975 4808 peccato
3010 4737 3167 4792 vellet
3212 4738 3480 4808 intelligi;

1891 4849 2016 4889 cum
2062 4833 2306 4903 superius
2349 4830 2559 4895 dixerit,
2611 4838 2887 4899 peccatum
2933 4838 3108 4885 actum
3149 4846 3269 4887 esse
3298 4830 3339 4896 ’⁵,
3371 4847 3477 4887 non

1890 4941 2003 4981 rem
2039 4922 2187 4997 (Cap.
2219 4922 2274 4991 2,
2315 4939 2368 4976 n.
2401 4922 2477 4993 4).
2520 4922 2913 4977 Reminiscatur
2938 4937 3065 4990 ergo
3094 4923 3215 4993 quia
3245 4924 3406 4978 etiam
3434 4926 3479 4979 si

1891 5027 2039 5071 actus
2064 5017 2152 5081 sit,
2182 5030 2270 5069 res
2284 5023 2471 5085 potest
2497 5014 2621 5068 dici.
2664 5014 2910 5069 Abstiuet
2947 5030 3005 5069 se
3033 5022 3211 5069 autem
3240 5016 3307 5068 ab
3334 5018 3477 5071 omni

1892 5126 1951 5165 re
1980 5109 2136 5174 mala,
2163 5108 2252 5178 qui
2282 5117 2518 5178 peccato,
2548 5108 2665 5162 sine
2694 5122 2800 5177 quo
2827 5122 2931 5161 non
2963 5115 3063 5174 est,
3092 5107 3179 5164 vel
3205 5124 3476 5179 nunquam

1892 5202 2110 5257 omnino
2148 5200 2432 5266 consentit,
2482 5200 2570 5254 vel
2619 5200 2663 5254 si
2703 5199 2991 5270 aliquando
3038 5201 3316 5271 premitur,
3370 5218 3475 5256 non

1892 5294 2243 5365 opprimitur;
2296 5294 2432 5348 sicut
2478 5292 2706 5347 luctator
2752 5294 2960 5359 fortior,
3001 5304 3054 5349 et
3102 5296 3148 5349 si
3192 5294 3477 5363 aliquando

1894 5396 2124 5454 tenetur,
2156 5402 2260 5441 non
2292 5385 2413 5442 ideo
2438 5385 2611 5456 perdit
2647 5401 2753 5457 quo
2779 5387 3024 5456 superior
3053 5386 3337 5441 invenitur.
3369 5386 3474 5440 Le-

1826 5528 1829 5535 ,
1891 5482 2030 5552 gitur
2067 5494 2195 5535 sane
2227 5480 2385 5534 homo
2414 5479 2530 5534 sine
2555 5479 2800 5549 crimine,
2829 5480 3023 5550 legitur
3066 5479 3182 5535 sine
3211 5478 3426 5550 querela
3457 5494 3474 5535 :

1958 5619 1973 5649 ι
2000 5624 2100 5666 Am.
2127 5622 2199 5665 Er.
2228 5623 2278 5665 et
2303 5615 2527 5678 plerique
2550 5620 2677 5678 Mss,
2704 5612 2835 5678 quia.

1956 5681 1974 5748 ξ
2000 5679 2167 5748 Plures
2182 5671 2315 5736 Mss,
2327 5671 2459 5740 quod
2476 5671 2795 5748 reprehendat
2814 5671 3146 5739 ίηβάείδιατεηι
3162 5673 3286 5737 01'“-

1958 5743 1977 5804 ?
2002 5740 2221 5804 Plerique
2247 5749 2370 5801 Mss,
2399 5740 2564 5790 contra
2584 5752 2635 5788 se
2652 5740 2798 5804 ipsos.

1956 5803 1977 5834 δ
2001 5809 2101 5851 Ant.
2127 5798 2201 5851 Er.
2229 5809 2280 5851 et
2322 5798 2493 5851 omnes
2526 5798 2851 5862 unuuSa'ipti,
2885 5810 2983 5848 uno
3025 5803 3213 5851 tantum
3249 5806 3459 5863 excepto

1830 5900 1833 5909 .
1895 5872 2142 5930 peccatum
2155 5870 2314 5915 actum
2332 5863 2513 5919 malum
2532 5875 2651 5916 esse.
