  <div class='ocr_page' id='page_1' title='image "/cluster/home/n/w/nwhite01/storage/ocr_20150623/44/hvd.32044015706336/159.png"; bbox 0 0 3996 6506; ppageno 0'>
   <div class='ocr_carea' id='block_1_1' title="bbox 523 490 2109 566">
    <p class='ocr_par' dir='ltr' id='par_1_1' title="bbox 523 490 2109 566">
     <span class='ocr_line' id='line_1_1' title="bbox 523 490 2109 566; baseline -0.003 -14"><span class='ocrx_word' id='word_1_1' title='bbox 523 504 579 552; x_wconf 72' lang='lat' dir='ltr'><strong>ss</strong></span> <span class='ocrx_word' id='word_1_2' title='bbox 605 509 712 552; x_wconf 71' lang='lat' dir='ltr'><strong>non</strong></span> <span class='ocrx_word' id='word_1_3' title='bbox 735 494 928 566; x_wconf 64' lang='lat' dir='ltr'><strong>logiuir</strong></span> <span class='ocrx_word' id='word_1_4' title='bbox 949 493 1071 550; x_wconf 76' lang='lat' dir='ltr'><strong>sine</strong></span> <span class='ocrx_word' id='word_1_5' title='bbox 1092 500 1330 564; x_wconf 73' lang='lat' dir='ltr'><strong>peccato,</strong></span> <span class='ocrx_word' id='word_1_6' title='bbox 1357 491 1463 548; x_wconf 85' lang='lat' dir='ltr'><strong>nisi</strong></span> <span class='ocrx_word' id='word_1_7' title='bbox 1492 491 1660 548; x_wconf 81' lang='lat' dir='ltr'><strong>Filius</strong></span> <span class='ocrx_word' id='word_1_8' title='bbox 1685 490 1941 561; x_wconf 90' lang='lat' dir='ltr'><strong>hominis,</strong></span> <span class='ocrx_word' id='word_1_9' title='bbox 1971 505 2109 548; x_wconf 90' lang='lat' dir='ltr'><strong>unus</strong></span> 
     </span>
    </p>
   </div>
   <div class='ocr_carea' id='block_1_2' title="bbox 521 586 1310 658">
    <p class='ocr_par' dir='ltr' id='par_1_2' title="bbox 521 586 1310 658">
     <span class='ocr_line' id='line_1_2' title="bbox 521 586 1310 658; baseline -0.008 -13"><span class='ocrx_word' id='word_1_10' title='bbox 521 587 770 658; x_wconf 74' lang='lat' dir='ltr'><strong>idemque</strong></span> <span class='ocrx_word' id='word_1_11' title='bbox 793 588 887 643; x_wconf 85' lang='lat' dir='ltr'><strong>Dei</strong></span> <span class='ocrx_word' id='word_1_12' title='bbox 912 586 1076 642; x_wconf 76' lang='lat' dir='ltr'><strong>Filius</strong></span> <span class='ocrx_word' id='word_1_13' title='bbox 1103 586 1310 640; x_wconf 89' lang='lat' dir='ltr'><strong>unicus.</strong></span> 
     </span>
    </p>
   </div>
   <div class='ocr_carea' id='block_1_3' title="bbox 595 675 2109 750">
    <p class='ocr_par' dir='ltr' id='par_1_3' title="bbox 595 675 2109 750">
     <span class='ocr_line' id='line_1_3' title="bbox 595 675 2109 750; baseline -0.005 -12"><span class='ocrx_word' id='word_1_14' title='bbox 595 682 688 738; x_wconf 70' lang='lat'><strong>50.</strong></span> <span class='ocrx_word' id='word_1_15' title='bbox 702 680 905 746; x_wconf 79' lang='lat' dir='ltr'><strong>sltem,</strong></span> <span class='ocrx_word' id='word_1_16' title='bbox 920 699 941 732; x_wconf 73' lang='grc' dir='ltr'><strong>ι</strong></span> <span class='ocrx_word' id='word_1_17' title='bbox 959 678 1178 750; x_wconf 46' lang='lat' dir='ltr'><strong>inquit“</strong></span> <span class='ocrx_word' id='word_1_18' title='bbox 1198 677 1336 748; x_wconf 81' lang='lat' dir='ltr'><strong>apud</strong></span> <span class='ocrx_word' id='word_1_19' title='bbox 1359 678 1534 747; x_wconf 85' lang='lat' dir='ltr'><strong>ipsum</strong></span> <span class='ocrx_word' id='word_1_20' title='bbox 1560 677 1692 733; x_wconf 80' lang='lat' dir='ltr'><strong>Job:</strong></span> <span class='ocrx_word' id='word_1_21' title='bbox 1705 675 1776 731; x_wconf 85' lang='lat' dir='ltr'><strong>Et</strong></span> <span class='ocrx_word' id='word_1_22' title='bbox 1803 676 2109 731; x_wconf 71' lang='lat' dir='ltr'><strong>miraculum</strong></span> 
     </span>
    </p>
   </div>
   <div class='ocr_carea' id='block_1_4' title="bbox 513 765 2109 838">
    <p class='ocr_par' dir='ltr' id='par_1_4' title="bbox 513 765 2109 838">
     <span class='ocr_line' id='line_1_4' title="bbox 513 765 2109 838; baseline -0.006 -9"><span class='ocrx_word' id='word_1_23' title='bbox 513 774 678 829; x_wconf 62' lang='lat' dir='ltr'><strong>tussit</strong></span> <span class='ocrx_word' id='word_1_24' title='bbox 701 771 891 827; x_wconf 67' lang='lat' dir='ltr'><strong>raucis</strong></span> <span class='ocrx_word' id='word_1_25' title='bbox 935 769 1172 824; x_wconf 80' lang='lat' dir='ltr'><strong>hominis.</strong></span> <span class='ocrx_word' id='word_1_26' title='bbox 1216 769 1346 826; x_wconf 83' lang='lat' dir='ltr'><strong>item</strong></span> <span class='ocrx_word' id='word_1_27' title='bbox 1387 768 1527 838; x_wconf 86' lang='lat' dir='ltr'><strong>apud</strong></span> <span class='ocrx_word' id='word_1_28' title='bbox 1549 766 1891 824; x_wconf 88' lang='lat' dir='ltr'><strong>Salomonem</strong></span> <span class='ocrx_word' id='word_1_29' title='bbox 1918 765 1986 820; x_wconf 90' lang='lat' dir='ltr'><strong>de</strong></span> <span class='ocrx_word' id='word_1_30' title='bbox 2011 765 2109 820; x_wconf 79' lang='lat' dir='ltr'><strong>Sn-</strong></span> 
     </span>
    </p>
   </div>
   <div class='ocr_carea' id='block_1_5' title="bbox 515 857 2109 934">
    <p class='ocr_par' dir='ltr' id='par_1_5' title="bbox 515 857 2109 934">
     <span class='ocr_line' id='line_1_5' title="bbox 515 857 2109 934; baseline -0.004 -15"><span class='ocrx_word' id='word_1_31' title='bbox 515 864 718 934; x_wconf 70' lang='lat' dir='ltr'><strong>pientia</strong></span> <span class='ocrx_word' id='word_1_32' title='bbox 742 879 764 918; x_wconf 90' lang='lat'><strong><em>:</em></strong></span> <span class='ocrx_word' id='word_1_33' title='bbox 797 861 906 917; x_wconf 81' lang='lat' dir='ltr'><strong>Viri</strong></span> <span class='ocrx_word' id='word_1_34' title='bbox 932 861 1197 918; x_wconf 76' lang='lat' dir='ltr'><strong>mendaces</strong></span> <span class='ocrx_word' id='word_1_35' title='bbox 1221 878 1326 916; x_wconf 76' lang='lat' dir='ltr'><strong>non</strong></span> <span class='ocrx_word' id='word_1_36' title='bbox 1362 870 1510 914; x_wconf 84' lang='lat' dir='ltr'><strong>erunt</strong></span> <span class='ocrx_word' id='word_1_37' title='bbox 1532 860 1672 914; x_wconf 86' lang='lat' dir='ltr'><strong>illius</strong></span> <span class='ocrx_word' id='word_1_38' title='bbox 1700 875 1984 924; x_wconf 74' lang='lat' dir='ltr'><strong>metueres;</strong></span> <span class='ocrx_word' id='word_1_39' title='bbox 2011 857 2109 914; x_wconf 79' lang='lat' dir='ltr'><strong>uiri</strong></span> 
     </span>
    </p>
   </div>
   <div class='ocr_carea' id='block_1_6' title="bbox 515 951 2107 1026">
    <p class='ocr_par' dir='ltr' id='par_1_6' title="bbox 515 951 2107 1026">
     <span class='ocr_line' id='line_1_6' title="bbox 515 951 2107 1026; baseline -0.002 -16"><span class='ocrx_word' id='word_1_40' title='bbox 515 964 688 1013; x_wconf 72' lang='lat' dir='ltr'><strong>autem</strong></span> <span class='ocrx_word' id='word_1_41' title='bbox 706 970 912 1010; x_wconf 63' lang='lat' dir='ltr'><strong>meracas</strong></span> <span class='ocrx_word' id='word_1_42' title='bbox 949 954 1268 1010; x_wconf 64' lang='lat' dir='ltr'><strong>nuntientur</strong></span> <span class='ocrx_word' id='word_1_43' title='bbox 1305 953 1359 1007; x_wconf 88' lang='lat' dir='ltr'><strong>in</strong></span> <span class='ocrx_word' id='word_1_44' title='bbox 1383 952 1477 1007; x_wconf 85' lang='lat' dir='ltr'><strong>illa</strong></span> <span class='ocrx_word' id='word_1_45' title='bbox 1509 951 1693 1025; x_wconf 86' lang='lat' dir='ltr'><strong>(Eccli.</strong></span> <span class='ocrx_word' id='word_1_46' title='bbox 1721 967 1815 1019; x_wconf 72' lang='lat' dir='ltr'><strong>xv,</strong></span> <span class='ocrx_word' id='word_1_47' title='bbox 1851 951 1933 1026; x_wconf 68' lang='grc'><strong>8).</strong></span> <span class='ocrx_word' id='word_1_48' title='bbox 1974 951 2107 1007; x_wconf 85' lang='lat' dir='ltr'><strong>Item</strong></span> 
     </span>
    </p>
   </div>
   <div class='ocr_carea' id='block_1_7' title="bbox 515 1047 2108 1121">
    <p class='ocr_par' dir='ltr' id='par_1_7' title="bbox 515 1047 2108 1121">
     <span class='ocr_line' id='line_1_7' title="bbox 515 1047 2108 1121; baseline -0.001 -19"><span class='ocrx_word' id='word_1_49' title='bbox 515 1049 572 1103; x_wconf 88' lang='lat' dir='ltr'><strong>in</strong></span> <span class='ocrx_word' id='word_1_50' title='bbox 599 1048 962 1121; x_wconf 77' lang='lat' dir='ltr'><strong>Apocalypsi:</strong></span> <span class='ocrx_word' id='word_1_51' title='bbox 997 1047 1066 1103; x_wconf 81' lang='lat' dir='ltr'><strong>Et</strong></span> <span class='ocrx_word' id='word_1_52' title='bbox 1100 1050 1154 1102; x_wconf 86' lang='lat' dir='ltr'><strong>in</strong></span> <span class='ocrx_word' id='word_1_53' title='bbox 1195 1064 1280 1102; x_wconf 77' lang='lat' dir='ltr'><strong>ore</strong></span> <span class='ocrx_word' id='word_1_54' title='bbox 1313 1047 1544 1118; x_wconf 80' lang='lat' dir='ltr'><strong>ipsorum</strong></span> <span class='ocrx_word' id='word_1_55' title='bbox 1591 1063 1692 1101; x_wconf 84' lang='lat' dir='ltr'><strong>non</strong></span> <span class='ocrx_word' id='word_1_56' title='bbox 1737 1055 1810 1102; x_wconf 85' lang='lat' dir='ltr'><strong>est</strong></span> <span class='ocrx_word' id='word_1_57' title='bbox 1851 1047 2108 1102; x_wconf 72' lang='lat' dir='ltr'><strong>inuetitum</strong></span> 
     </span>
    </p>
   </div>
   <div class='ocr_carea' id='block_1_8' title="bbox 513 1139 2106 1211">
    <p class='ocr_par' dir='ltr' id='par_1_8' title="bbox 513 1139 2106 1211">
     <span class='ocr_line' id='line_1_8' title="bbox 513 1139 2106 1211; baseline 0.001 -15"><span class='ocrx_word' id='word_1_58' title='bbox 513 1139 877 1205; x_wconf 69' lang='lat' dir='ltr'><strong>mendacium;</strong></span> <span class='ocrx_word' id='word_1_59' title='bbox 902 1141 1012 1196; x_wconf 83' lang='lat' dir='ltr'><strong>sine</strong></span> <span class='ocrx_word' id='word_1_60' title='bbox 1029 1141 1228 1195; x_wconf 76' lang='lat' dir='ltr'><strong>macula</strong></span> <span class='ocrx_word' id='word_1_61' title='bbox 1251 1149 1367 1195; x_wconf 83' lang='lat' dir='ltr'><strong>sunt</strong></span> <span class='ocrx_word' id='word_1_62' title='bbox 1395 1159 1414 1193; x_wconf 83' lang='lat' dir='ltr'><strong>s</strong></span> <span class='ocrx_word' id='word_1_63' title='bbox 1445 1139 1626 1211; x_wconf 74' lang='lat' dir='ltr'><strong>(Apoc.</strong></span> <span class='ocrx_word' id='word_1_64' title='bbox 1646 1154 1756 1206; x_wconf 79' lang='lat' dir='ltr'><strong>xw,</strong></span> <span class='ocrx_word' id='word_1_65' title='bbox 1775 1140 1852 1210; x_wconf 82' lang='grc'><strong>5).</strong></span> <span class='ocrx_word' id='word_1_66' title='bbox 1884 1140 1962 1194; x_wconf 81' lang='lat' dir='ltr'><strong>Ad</strong></span> <span class='ocrx_word' id='word_1_67' title='bbox 1986 1140 2106 1198; x_wconf 69' lang='lat' dir='ltr'><strong>hac</strong></span> 
     </span>
    </p>
   </div>
   <div class='ocr_carea' id='block_1_9' title="bbox 513 1229 2105 1301">
    <p class='ocr_par' dir='ltr' id='par_1_9' title="bbox 513 1229 2105 1301">
     <span class='ocr_line' id='line_1_9' title="bbox 513 1229 2105 1301; baseline 0.001 -15"><span class='ocrx_word' id='word_1_68' title='bbox 513 1239 570 1286; x_wconf 82' lang='lat' dir='ltr'><strong>et</strong></span> <span class='ocrx_word' id='word_1_69' title='bbox 609 1245 707 1286; x_wconf 81' lang='lat' dir='ltr'><strong>nos</strong></span> <span class='ocrx_word' id='word_1_70' title='bbox 729 1231 1137 1301; x_wconf 77' lang='lat' dir='ltr'><strong>respondemus,</strong></span> <span class='ocrx_word' id='word_1_71' title='bbox 1175 1231 1524 1288; x_wconf 71' lang='lat' dir='ltr'><strong>admonentes</strong></span> <span class='ocrx_word' id='word_1_72' title='bbox 1549 1229 1818 1299; x_wconf 88' lang='lat' dir='ltr'><strong>quomodo</strong></span> <span class='ocrx_word' id='word_1_73' title='bbox 1845 1229 2105 1288; x_wconf 75' lang='lat' dir='ltr'><strong>dicendus</strong></span> 
     </span>
    </p>
   </div>
   <div class='ocr_carea' id='block_1_10' title="bbox 513 1319 2104 1392">
    <p class='ocr_par' dir='ltr' id='par_1_10' title="bbox 513 1319 2104 1392">
     <span class='ocr_line' id='line_1_10' title="bbox 513 1319 2104 1392; baseline -0.001 -14"><span class='ocrx_word' id='word_1_74' title='bbox 513 1321 584 1378; x_wconf 77' lang='lat' dir='ltr'><strong>sit</strong></span> <span class='ocrx_word' id='word_1_75' title='bbox 610 1319 772 1377; x_wconf 90' lang='lat' dir='ltr'><strong>homo</strong></span> <span class='ocrx_word' id='word_1_76' title='bbox 800 1337 964 1377; x_wconf 82' lang='lat' dir='ltr'><strong>verax</strong></span> <span class='ocrx_word' id='word_1_77' title='bbox 990 1337 1087 1392; x_wconf 86' lang='lat' dir='ltr'><strong>per</strong></span> <span class='ocrx_word' id='word_1_78' title='bbox 1113 1322 1207 1376; x_wconf 89' lang='lat' dir='ltr'><strong>Dei</strong></span> <span class='ocrx_word' id='word_1_79' title='bbox 1238 1321 1460 1390; x_wconf 76' lang='lat' dir='ltr'><strong>gratiam</strong></span> <span class='ocrx_word' id='word_1_80' title='bbox 1496 1331 1656 1392; x_wconf 85' lang='lat' dir='ltr'><strong>atque</strong></span> <span class='ocrx_word' id='word_1_81' title='bbox 1683 1321 1983 1385; x_wconf 86' lang='lat' dir='ltr'><strong>veritatem,</strong></span> <span class='ocrx_word' id='word_1_82' title='bbox 2011 1322 2104 1392; x_wconf 82' lang='lat' dir='ltr'><strong>qui</strong></span> 
     </span>
    </p>
   </div>
   <div class='ocr_carea' id='block_1_11' title="bbox 514 1411 2103 1482">
    <p class='ocr_par' dir='ltr' id='par_1_11' title="bbox 514 1411 2103 1482">
     <span class='ocr_line' id='line_1_11' title="bbox 514 1411 2103 1482; baseline 0.003 -16"><span class='ocrx_word' id='word_1_83' title='bbox 514 1427 612 1482; x_wconf 90' lang='lat' dir='ltr'><strong>per</strong></span> <span class='ocrx_word' id='word_1_84' title='bbox 639 1428 699 1468; x_wconf 90' lang='lat' dir='ltr'><strong>se</strong></span> <span class='ocrx_word' id='word_1_85' title='bbox 723 1413 900 1482; x_wconf 86' lang='lat' dir='ltr'><strong>ipsum</strong></span> <span class='ocrx_word' id='word_1_86' title='bbox 944 1413 1060 1468; x_wconf 87' lang='lat' dir='ltr'><strong>sine</strong></span> <span class='ocrx_word' id='word_1_87' title='bbox 1108 1412 1282 1467; x_wconf 86' lang='lat' dir='ltr'><strong>dubio</strong></span> <span class='ocrx_word' id='word_1_88' title='bbox 1303 1413 1532 1467; x_wconf 76' lang='lat' dir='ltr'><strong>mendax</strong></span> <span class='ocrx_word' id='word_1_89' title='bbox 1572 1422 1677 1468; x_wconf 83' lang='lat' dir='ltr'><strong>est.</strong></span> <span class='ocrx_word' id='word_1_90' title='bbox 1719 1411 1872 1468; x_wconf 87' lang='lat' dir='ltr'><strong>Unde</strong></span> <span class='ocrx_word' id='word_1_91' title='bbox 1900 1413 2103 1471; x_wconf 84' lang='lat' dir='ltr'><strong>dictum</strong></span> 
     </span>
    </p>
   </div>
   <div class='ocr_carea' id='block_1_12' title="bbox 503 1504 2103 1570">
    <p class='ocr_par' dir='ltr' id='par_1_12' title="bbox 503 1504 2103 1570">
     <span class='ocr_line' id='line_1_12' title="bbox 503 1504 2103 1570; baseline 0.001 -10"><span class='ocrx_word' id='word_1_92' title='bbox 503 1513 616 1570; x_wconf 66' lang='lat' dir='ltr'><strong>est,</strong></span> <span class='ocrx_word' id='word_1_93' title='bbox 663 1504 841 1560; x_wconf 80' lang='lat' dir='ltr'><strong>Omnis</strong></span> <span class='ocrx_word' id='word_1_94' title='bbox 867 1505 1018 1559; x_wconf 78' lang='lat' dir='ltr'><strong>homo</strong></span> <span class='ocrx_word' id='word_1_95' title='bbox 1045 1505 1282 1559; x_wconf 66' lang='lat' dir='ltr'><strong>mendax.</strong></span> <span class='ocrx_word' id='word_1_96' title='bbox 1339 1505 1455 1560; x_wconf 78' lang='lat' dir='ltr'><strong>Hoc</strong></span> <span class='ocrx_word' id='word_1_97' title='bbox 1489 1514 1544 1560; x_wconf 89' lang='lat' dir='ltr'><strong>et</strong></span> <span class='ocrx_word' id='word_1_98' title='bbox 1570 1505 1932 1561; x_wconf 83' lang='lat' dir='ltr'><strong>testimonium</strong></span> <span class='ocrx_word' id='word_1_99' title='bbox 1964 1507 1983 1539; x_wconf 79' lang='grc'>⁸</span> <span class='ocrx_word' id='word_1_100' title='bbox 2009 1521 2103 1562; x_wconf 85' lang='lat' dir='ltr'><strong>so-</strong></span> 
     </span>
    </p>
   </div>
   <div class='ocr_carea' id='block_1_13' title="bbox 511 1597 2102 1669">
    <p class='ocr_par' dir='ltr' id='par_1_13' title="bbox 511 1597 2102 1669">
     <span class='ocr_line' id='line_1_13' title="bbox 511 1597 2102 1669; baseline 0.003 -17"><span class='ocrx_word' id='word_1_101' title='bbox 511 1606 604 1652; x_wconf 85' lang='lat' dir='ltr'><strong>nat</strong></span> <span class='ocrx_word' id='word_1_102' title='bbox 628 1597 697 1653; x_wconf 90' lang='lat' dir='ltr'><strong>de</strong></span> <span class='ocrx_word' id='word_1_103' title='bbox 725 1598 1016 1668; x_wconf 83' lang='lat' dir='ltr'><strong>Sapientia,</strong></span> <span class='ocrx_word' id='word_1_104' title='bbox 1053 1599 1199 1668; x_wconf 89' lang='lat' dir='ltr'><strong>quod</strong></span> <span class='ocrx_word' id='word_1_105' title='bbox 1225 1601 1336 1668; x_wconf 88' lang='lat' dir='ltr'><strong>ipse</strong></span> <span class='ocrx_word' id='word_1_106' title='bbox 1375 1599 1552 1669; x_wconf 81' lang='lat' dir='ltr'><strong>posuit</strong></span> <span class='ocrx_word' id='word_1_107' title='bbox 1579 1617 1595 1656; x_wconf 89' lang='lat'><strong>:</strong></span> <span class='ocrx_word' id='word_1_108' title='bbox 1628 1597 1738 1654; x_wconf 83' lang='lat' dir='ltr'><strong>Viri</strong></span> <span class='ocrx_word' id='word_1_109' title='bbox 1764 1608 1933 1656; x_wconf 85' lang='lat' dir='ltr'><strong>autem</strong></span> <span class='ocrx_word' id='word_1_110' title='bbox 1956 1617 2102 1656; x_wconf 78' lang='lat' dir='ltr'><strong>vera-</strong></span> 
     </span>
    </p>
   </div>
   <div class='ocr_carea' id='block_1_14' title="bbox 503 1690 2100 1762">
    <p class='ocr_par' dir='ltr' id='par_1_14' title="bbox 503 1690 2100 1762">
     <span class='ocr_line' id='line_1_14' title="bbox 503 1690 2100 1762; baseline 0.003 -18"><span class='ocrx_word' id='word_1_111' title='bbox 503 1705 591 1744; x_wconf 76' lang='lat' dir='ltr'><strong>ces</strong></span> <span class='ocrx_word' id='word_1_112' title='bbox 628 1690 944 1744; x_wconf 75' lang='lat' dir='ltr'><strong>invenientur</strong></span> <span class='ocrx_word' id='word_1_113' title='bbox 965 1691 1018 1746; x_wconf 89' lang='lat' dir='ltr'><strong>in</strong></span> <span class='ocrx_word' id='word_1_114' title='bbox 1039 1691 1130 1746; x_wconf 87' lang='lat' dir='ltr'><strong>illa</strong></span> <span class='ocrx_word' id='word_1_115' title='bbox 1157 1707 1177 1745; x_wconf 90' lang='lat'><strong><em>:</em></strong></span> <span class='ocrx_word' id='word_1_116' title='bbox 1205 1692 1294 1761; x_wconf 84' lang='lat' dir='ltr'><strong>qui</strong></span> <span class='ocrx_word' id='word_1_117' title='bbox 1327 1692 1512 1761; x_wconf 80' lang='lat' dir='ltr'><strong>procul</strong></span> <span class='ocrx_word' id='word_1_118' title='bbox 1533 1691 1700 1748; x_wconf 89' lang='lat' dir='ltr'><strong>dubio</strong></span> <span class='ocrx_word' id='word_1_119' title='bbox 1739 1707 1846 1748; x_wconf 88' lang='lat' dir='ltr'><strong>non</strong></span> <span class='ocrx_word' id='word_1_120' title='bbox 1884 1693 1938 1748; x_wconf 92' lang='lat' dir='ltr'><strong>in</strong></span> <span class='ocrx_word' id='word_1_121' title='bbox 1973 1693 2063 1749; x_wconf 89' lang='lat' dir='ltr'><strong>illa</strong></span> <span class='ocrx_word' id='word_1_122' title='bbox 2083 1734 2100 1762; x_wconf 94' lang='lat'><strong>,</strong></span> 
     </span>
    </p>
   </div>
   <div class='ocr_carea' id='block_1_15' title="bbox 506 1781 2095 1853">
    <p class='ocr_par' dir='ltr' id='par_1_15' title="bbox 506 1781 2095 1853">
     <span class='ocr_line' id='line_1_15' title="bbox 506 1781 2095 1853; baseline 0.004 -18"><span class='ocrx_word' id='word_1_123' title='bbox 506 1781 605 1836; x_wconf 83' lang='lat' dir='ltr'><strong>sed</strong></span> <span class='ocrx_word' id='word_1_124' title='bbox 635 1782 686 1836; x_wconf 90' lang='lat' dir='ltr'><strong>in</strong></span> <span class='ocrx_word' id='word_1_125' title='bbox 711 1796 771 1838; x_wconf 86' lang='lat' dir='ltr'><strong>se</strong></span> <span class='ocrx_word' id='word_1_126' title='bbox 799 1783 928 1852; x_wconf 82' lang='lat' dir='ltr'><strong>ipsis</strong></span> <span class='ocrx_word' id='word_1_127' title='bbox 955 1785 1290 1839; x_wconf 78' lang='lat' dir='ltr'><strong>invenientur</strong></span> <span class='ocrx_word' id='word_1_128' title='bbox 1313 1800 1433 1840; x_wconf 85' lang='lat' dir='ltr'><strong>esse</strong></span> <span class='ocrx_word' id='word_1_129' title='bbox 1461 1785 1765 1841; x_wconf 84' lang='lat' dir='ltr'><strong>mendaces.</strong></span> <span class='ocrx_word' id='word_1_130' title='bbox 1797 1785 1967 1842; x_wconf 87' lang='lat' dir='ltr'><strong>Sicuti</strong></span> <span class='ocrx_word' id='word_1_131' title='bbox 1993 1795 2095 1853; x_wconf 79' lang='lat' dir='ltr'><strong>est,</strong></span> 
     </span>
    </p>
   </div>
   <div class='ocr_carea' id='block_1_16' title="bbox 509 1871 2101 1944">
    <p class='ocr_par' dir='ltr' id='par_1_16' title="bbox 509 1871 2101 1944">
     <span class='ocr_line' id='line_1_16' title="bbox 509 1871 2101 1944; baseline 0.003 -16"><span class='ocrx_word' id='word_1_132' title='bbox 509 1871 706 1929; x_wconf 76' lang='lat' dir='ltr'><strong>Fuistis</strong></span> <span class='ocrx_word' id='word_1_133' title='bbox 747 1875 1020 1944; x_wconf 77' lang='lat' dir='ltr'><strong>aliquando</strong></span> <span class='ocrx_word' id='word_1_134' title='bbox 1051 1874 1282 1940; x_wconf 73' lang='lat' dir='ltr'><strong>tenebrtz,</strong></span> <span class='ocrx_word' id='word_1_135' title='bbox 1327 1893 1460 1930; x_wconf 79' lang='lat' dir='ltr'><strong>nunc</strong></span> <span class='ocrx_word' id='word_1_136' title='bbox 1483 1886 1652 1931; x_wconf 83' lang='lat' dir='ltr'><strong>autem</strong></span> <span class='ocrx_word' id='word_1_137' title='bbox 1676 1879 1768 1932; x_wconf 70' lang='lat' dir='ltr'><strong>lux</strong></span> <span class='ocrx_word' id='word_1_138' title='bbox 1802 1878 1855 1932; x_wconf 87' lang='lat' dir='ltr'><strong>in</strong></span> <span class='ocrx_word' id='word_1_139' title='bbox 1883 1877 2101 1934; x_wconf 73' lang='lat' dir='ltr'><strong>Domino</strong></span> 
     </span>
    </p>
   </div>
   <div class='ocr_carea' id='block_1_17' title="bbox 511 1965 2100 2039">
    <p class='ocr_par' dir='ltr' id='par_1_17' title="bbox 511 1965 2100 2039">
     <span class='ocr_line' id='line_1_17' title="bbox 511 1965 2100 2039; baseline 0.004 -18"><span class='ocrx_word' id='word_1_140' title='bbox 511 1965 733 2033; x_wconf 77' lang='lat' dir='ltr'><strong>(En/tes.</strong></span> <span class='ocrx_word' id='word_1_141' title='bbox 770 1984 827 2033; x_wconf 74' lang='grc' dir='ltr'>γ,</span> <span class='ocrx_word' id='word_1_142' title='bbox 857 1967 933 2039; x_wconf 88' lang='grc'><strong>8).</strong></span> <span class='ocrx_word' id='word_1_143' title='bbox 972 1967 1105 2024; x_wconf 90' lang='lat' dir='ltr'><strong>Cum</strong></span> <span class='ocrx_word' id='word_1_144' title='bbox 1133 1969 1357 2035; x_wconf 85' lang='lat' dir='ltr'><strong>diceret,</strong></span> <span class='ocrx_word' id='word_1_145' title='bbox 1389 1971 1604 2025; x_wconf 66' lang='lat' dir='ltr'><strong>teneone</strong></span> <span class='ocrx_word' id='word_1_146' title='bbox 1626 2014 1640 2037; x_wconf 96' lang='lat'><strong>,</strong></span> <span class='ocrx_word' id='word_1_147' title='bbox 1673 1986 1779 2026; x_wconf 91' lang='lat' dir='ltr'><strong>non</strong></span> <span class='ocrx_word' id='word_1_148' title='bbox 1816 1971 2022 2028; x_wconf 77' lang='lat' dir='ltr'><strong>addidit</strong></span> <span class='ocrx_word' id='word_1_149' title='bbox 2046 1973 2100 2027; x_wconf 87' lang='lat' dir='ltr'><strong>in</strong></span> 
     </span>
    </p>
   </div>
   <div class='ocr_carea' id='block_1_18' title="bbox 510 2056 2100 2136">
    <p class='ocr_par' dir='ltr' id='par_1_18' title="bbox 510 2056 2100 2136">
     <span class='ocr_line' id='line_1_18' title="bbox 510 2056 2100 2136; baseline 0.003 -20"><span class='ocrx_word' id='word_1_150' title='bbox 510 2056 742 2116; x_wconf 80' lang='grc' dir='ltr'><strong>Ι)οωίηο</strong></span> <span class='ocrx_word' id='word_1_151' title='bbox 772 2077 785 2114; x_wconf 92' lang='lat'><strong>:</strong></span> <span class='ocrx_word' id='word_1_152' title='bbox 815 2075 936 2115; x_wconf 89' lang='lat' dir='ltr'><strong>cum</strong></span> <span class='ocrx_word' id='word_1_153' title='bbox 989 2069 1165 2116; x_wconf 81' lang='lat' dir='ltr'><strong>autem</strong></span> <span class='ocrx_word' id='word_1_154' title='bbox 1212 2062 1366 2129; x_wconf 76' lang='lat' dir='ltr'><strong>dixit,</strong></span> <span class='ocrx_word' id='word_1_155' title='bbox 1411 2063 1535 2128; x_wconf 71' lang='lat' dir='ltr'><strong>lutc,</strong></span> <span class='ocrx_word' id='word_1_156' title='bbox 1568 2063 1769 2119; x_wconf 83' lang='lat' dir='ltr'><strong>addidit</strong></span> <span class='ocrx_word' id='word_1_157' title='bbox 1815 2066 2012 2136; x_wconf 84' lang='lat' dir='ltr'><strong>utique,</strong></span> <span class='ocrx_word' id='word_1_158' title='bbox 2041 2067 2100 2120; x_wconf 77' lang='lat' dir='ltr'><strong>in</strong></span> 
     </span>
    </p>
   </div>
   <div class='ocr_carea' id='block_1_19' title="bbox 504 2149 2099 2227">
    <p class='ocr_par' dir='ltr' id='par_1_19' title="bbox 504 2149 2099 2227">
     <span class='ocr_line' id='line_1_19' title="bbox 504 2149 2099 2227; baseline 0.004 -19"><span class='ocrx_word' id='word_1_159' title='bbox 504 2149 729 2208; x_wconf 84' lang='lat' dir='ltr'><strong>Domino</strong></span> <span class='ocrx_word' id='word_1_160' title='bbox 755 2169 775 2208; x_wconf 91' lang='lat'><strong><em>:</em></strong></span> <span class='ocrx_word' id='word_1_161' title='bbox 803 2155 924 2222; x_wconf 86' lang='lat' dir='ltr'><strong>quia</strong></span> <span class='ocrx_word' id='word_1_162' title='bbox 955 2153 1008 2208; x_wconf 90' lang='lat' dir='ltr'><strong>in</strong></span> <span class='ocrx_word' id='word_1_163' title='bbox 1047 2169 1108 2209; x_wconf 86' lang='lat' dir='ltr'><strong>se</strong></span> <span class='ocrx_word' id='word_1_164' title='bbox 1157 2154 1286 2224; x_wconf 81' lang='lat' dir='ltr'><strong>ipsis</strong></span> <span class='ocrx_word' id='word_1_165' title='bbox 1328 2155 1415 2210; x_wconf 72' lang='lat' dir='ltr'><strong>lux</strong></span> <span class='ocrx_word' id='word_1_166' title='bbox 1455 2171 1576 2211; x_wconf 89' lang='lat' dir='ltr'><strong>esse</strong></span> <span class='ocrx_word' id='word_1_167' title='bbox 1606 2173 1711 2213; x_wconf 90' lang='lat' dir='ltr'><strong>non</strong></span> <span class='ocrx_word' id='word_1_168' title='bbox 1757 2169 2010 2227; x_wconf 84' lang='lat' dir='ltr'><strong>possent;</strong></span> <span class='ocrx_word' id='word_1_169' title='bbox 2042 2170 2099 2215; x_wconf 92' lang='lat' dir='ltr'><strong>ut</strong></span> 
     </span>
    </p>
   </div>
   <div class='ocr_carea' id='block_1_20' title="bbox 503 2242 2095 2319">
    <p class='ocr_par' dir='ltr' id='par_1_20' title="bbox 503 2242 2095 2319">
     <span class='ocr_line' id='line_1_20' title="bbox 503 2242 2095 2319; baseline 0.005 -22"><span class='ocrx_word' id='word_1_170' title='bbox 503 2242 595 2312; x_wconf 79' lang='lat' dir='ltr'><strong>qui</strong></span> <span class='ocrx_word' id='word_1_171' title='bbox 620 2242 898 2313; x_wconf 76' lang='lat' dir='ltr'><strong>gloriatur,</strong></span> <span class='ocrx_word' id='word_1_172' title='bbox 927 2244 980 2299; x_wconf 88' lang='lat' dir='ltr'><strong>in</strong></span> <span class='ocrx_word' id='word_1_173' title='bbox 1011 2245 1238 2300; x_wconf 88' lang='lat' dir='ltr'><strong>Domino</strong></span> <span class='ocrx_word' id='word_1_174' title='bbox 1273 2245 1572 2319; x_wconf 78' lang='lat' dir='ltr'><strong>glorietur(</strong></span> <span class='ocrx_word' id='word_1_175' title='bbox 1589 2248 1607 2302; x_wconf 92' lang='grc' dir='ltr'><strong>Ι</strong></span> <span class='ocrx_word' id='word_1_176' title='bbox 1637 2247 1755 2303; x_wconf 89' lang='lat' dir='ltr'><strong>Cor.</strong></span> <span class='ocrx_word' id='word_1_177' title='bbox 1784 2265 1821 2313; x_wconf 90' lang='grc' dir='ltr'><strong>ι,</strong></span> <span class='ocrx_word' id='word_1_178' title='bbox 1855 2250 1968 2319; x_wconf 76' lang='lat' dir='ltr'><strong>5i).</strong></span> <span class='ocrx_word' id='word_1_179' title='bbox 2016 2251 2095 2305; x_wconf 92' lang='lat' dir='ltr'><strong>liii</strong></span> 
     </span>
    </p>
   </div>
   <div class='ocr_carea' id='block_1_21' title="bbox 506 2335 2094 2413">
    <p class='ocr_par' dir='ltr' id='par_1_21' title="bbox 506 2335 2094 2413">
     <span class='ocr_line' id='line_1_21' title="bbox 506 2335 2094 2413; baseline 0.006 -25"><span class='ocrx_word' id='word_1_180' title='bbox 506 2348 639 2390; x_wconf 86' lang='lat' dir='ltr'><strong>vero</strong></span> <span class='ocrx_word' id='word_1_181' title='bbox 682 2335 735 2389; x_wconf 91' lang='lat' dir='ltr'><strong>in</strong></span> <span class='ocrx_word' id='word_1_182' title='bbox 764 2335 1081 2408; x_wconf 81' lang='lat' dir='ltr'><strong>Apocalypsi</strong></span> <span class='ocrx_word' id='word_1_183' title='bbox 1127 2345 1410 2408; x_wconf 83' lang='lat' dir='ltr'><strong>propterea</strong></span> <span class='ocrx_word' id='word_1_184' title='bbox 1442 2339 1575 2394; x_wconf 82' lang='lat' dir='ltr'><strong>tales</strong></span> <span class='ocrx_word' id='word_1_185' title='bbox 1605 2341 1730 2395; x_wconf 89' lang='lat' dir='ltr'><strong>dicti</strong></span> <span class='ocrx_word' id='word_1_186' title='bbox 1760 2350 1902 2409; x_wconf 87' lang='lat' dir='ltr'><strong>sunt,</strong></span> <span class='ocrx_word' id='word_1_187' title='bbox 1949 2342 2094 2413; x_wconf 82' lang='lat' dir='ltr'><strong>quod</strong></span> 
     </span>
    </p>
   </div>
   <div class='ocr_carea' id='block_1_22' title="bbox 503 2426 2092 2504">
    <p class='ocr_par' dir='ltr' id='par_1_22' title="bbox 503 2426 2092 2504">
     <span class='ocr_line' id='line_1_22' title="bbox 503 2426 2092 2504; baseline 0.006 -24"><span class='ocrx_word' id='word_1_188' title='bbox 503 2440 608 2480; x_wconf 82' lang='lat' dir='ltr'><strong>non</strong></span> <span class='ocrx_word' id='word_1_189' title='bbox 633 2426 698 2480; x_wconf 89' lang='lat' dir='ltr'><strong>sit</strong></span> <span class='ocrx_word' id='word_1_190' title='bbox 743 2426 994 2484; x_wconf 80' lang='lat' dir='ltr'><strong>inventum</strong></span> <span class='ocrx_word' id='word_1_191' title='bbox 1020 2427 1073 2482; x_wconf 83' lang='lat' dir='ltr'><strong>iu</strong></span> <span class='ocrx_word' id='word_1_192' title='bbox 1113 2444 1200 2482; x_wconf 89' lang='lat' dir='ltr'><strong>ore</strong></span> <span class='ocrx_word' id='word_1_193' title='bbox 1223 2445 1401 2482; x_wconf 85' lang='lat' dir='ltr'><strong>eorum</strong></span> <span class='ocrx_word' id='word_1_194' title='bbox 1429 2431 1744 2486; x_wconf 73' lang='lat' dir='ltr'><strong>mendacium</strong></span> <span class='ocrx_word' id='word_1_195' title='bbox 1772 2449 1791 2487; x_wconf 92' lang='lat'><strong><em>:</em></strong></span> <span class='ocrx_word' id='word_1_196' title='bbox 1821 2434 1943 2504; x_wconf 87' lang='lat' dir='ltr'><strong>quia</strong></span> <span class='ocrx_word' id='word_1_197' title='bbox 1983 2451 2092 2490; x_wconf 87' lang='lat' dir='ltr'><strong>non</strong></span> 
     </span>
    </p>
   </div>
   <div class='ocr_carea' id='block_1_23' title="bbox 499 2517 2091 2615">
    <p class='ocr_par' dir='ltr' id='par_1_23' title="bbox 499 2517 2091 2615">
     <span class='ocr_line' id='line_1_23' title="bbox 499 2517 2091 2615; baseline 0.006 -42"><span class='ocrx_word' id='word_1_198' title='bbox 499 2517 753 2574; x_wconf 80' lang='lat' dir='ltr'><strong>dixerunt</strong></span> <span class='ocrx_word' id='word_1_199' title='bbox 775 2533 834 2575; x_wconf 88' lang='lat' dir='ltr'><strong>se</strong></span> <span class='ocrx_word' id='word_1_200' title='bbox 868 2536 971 2576; x_wconf 91' lang='lat' dir='ltr'><strong>non</strong></span> <span class='ocrx_word' id='word_1_201' title='bbox 1000 2520 1200 2579; x_wconf 90' lang='lat' dir='ltr'><strong>habere</strong></span> <span class='ocrx_word' id='word_1_202' title='bbox 1229 2531 1505 2615; x_wconf 61' lang='lat' dir='ltr'><strong>paeonium</strong></span> <span class='ocrx_word' id='word_1_203' title='bbox 1531 2541 1546 2589; x_wconf 89' lang='lat'><strong>;</strong></span> <span class='ocrx_word' id='word_1_204' title='bbox 1578 2526 1719 2594; x_wconf 89' lang='lat' dir='ltr'><strong>quod</strong></span> <span class='ocrx_word' id='word_1_205' title='bbox 1745 2526 1791 2582; x_wconf 87' lang='lat' dir='ltr'><strong>si</strong></span> <span class='ocrx_word' id='word_1_206' title='bbox 1833 2527 2091 2596; x_wconf 88' lang='lat' dir='ltr'><strong>dicerent,</strong></span> 
     </span>
    </p>
   </div>
   <div class='ocr_carea' id='block_1_24' title="bbox 500 2609 2089 2691">
    <p class='ocr_par' dir='ltr' id='par_1_24' title="bbox 500 2609 2089 2691">
     <span class='ocr_line' id='line_1_24' title="bbox 500 2609 2089 2691; baseline 0.007 -28"><span class='ocrx_word' id='word_1_207' title='bbox 500 2622 562 2664; x_wconf 84' lang='lat' dir='ltr'><strong>se</strong></span> <span class='ocrx_word' id='word_1_208' title='bbox 577 2609 724 2680; x_wconf 89' lang='lat' dir='ltr'><strong>ipsos</strong></span> <span class='ocrx_word' id='word_1_209' title='bbox 742 2611 1072 2682; x_wconf 84' lang='lat' dir='ltr'><strong>deciperent,</strong></span> <span class='ocrx_word' id='word_1_210' title='bbox 1097 2623 1153 2670; x_wconf 90' lang='lat' dir='ltr'><strong>et</strong></span> <span class='ocrx_word' id='word_1_211' title='bbox 1170 2609 1370 2688; x_wconf 73' lang='lat' dir='ltr'><strong>veritas</strong></span> <span class='ocrx_word' id='word_1_212' title='bbox 1394 2616 1448 2670; x_wconf 93' lang='lat' dir='ltr'><strong>in</strong></span> <span class='ocrx_word' id='word_1_213' title='bbox 1469 2616 1547 2671; x_wconf 90' lang='lat' dir='ltr'><strong>eis</strong></span> <span class='ocrx_word' id='word_1_214' title='bbox 1577 2632 1682 2672; x_wconf 92' lang='lat' dir='ltr'><strong>non</strong></span> <span class='ocrx_word' id='word_1_215' title='bbox 1706 2626 1849 2674; x_wconf 85' lang='lat' dir='ltr'><strong>esset</strong></span> <span class='ocrx_word' id='word_1_216' title='bbox 1871 2619 1912 2691; x_wconf 95' lang='lat' dir='ltr'><strong>(l</strong></span> <span class='ocrx_word' id='word_1_217' title='bbox 1932 2617 2089 2674; x_wconf 75' lang='lat' dir='ltr'><strong>locu.</strong></span> 
     </span>
    </p>
   </div>
   <div class='ocr_carea' id='block_1_25' title="bbox 501 2701 2092 2776">
    <p class='ocr_par' dir='ltr' id='par_1_25' title="bbox 501 2701 2092 2776">
     <span class='ocr_line' id='line_1_25' title="bbox 501 2701 2092 2776; baseline 0.007 -20"><span class='ocrx_word' id='word_1_218' title='bbox 501 2715 542 2768; x_wconf 87' lang='grc' dir='ltr'><strong>ι,</strong></span> <span class='ocrx_word' id='word_1_219' title='bbox 574 2701 628 2773; x_wconf 83' lang='grc'><strong>8)</strong></span> <span class='ocrx_word' id='word_1_220' title='bbox 657 2719 672 2757; x_wconf 91' lang='lat'><strong>:</strong></span> <span class='ocrx_word' id='word_1_221' title='bbox 700 2718 864 2772; x_wconf 89' lang='lat' dir='ltr'><strong>porro</strong></span> <span class='ocrx_word' id='word_1_222' title='bbox 887 2707 932 2761; x_wconf 89' lang='lat' dir='ltr'><strong>si</strong></span> <span class='ocrx_word' id='word_1_223' title='bbox 957 2707 1153 2764; x_wconf 85' lang='lat' dir='ltr'><strong>veritas</strong></span> <span class='ocrx_word' id='word_1_224' title='bbox 1179 2707 1232 2762; x_wconf 91' lang='lat' dir='ltr'><strong>in</strong></span> <span class='ocrx_word' id='word_1_225' title='bbox 1257 2709 1338 2764; x_wconf 90' lang='lat' dir='ltr'><strong>eis</strong></span> <span class='ocrx_word' id='word_1_226' title='bbox 1360 2724 1465 2763; x_wconf 91' lang='lat' dir='ltr'><strong>non</strong></span> <span class='ocrx_word' id='word_1_227' title='bbox 1489 2717 1654 2776; x_wconf 86' lang='lat' dir='ltr'><strong>esset,</strong></span> <span class='ocrx_word' id='word_1_228' title='bbox 1688 2710 2018 2766; x_wconf 82' lang='lat' dir='ltr'><strong>inveniretur</strong></span> <span class='ocrx_word' id='word_1_229' title='bbox 2036 2712 2092 2767; x_wconf 91' lang='lat' dir='ltr'><strong>in</strong></span> 
     </span>
    </p>
   </div>
   <div class='ocr_carea' id='block_1_26' title="bbox 499 2797 2088 2870">
    <p class='ocr_par' dir='ltr' id='par_1_26' title="bbox 499 2797 2088 2870">
     <span class='ocr_line' id='line_1_26' title="bbox 499 2797 2088 2870; baseline 0.008 -24"><span class='ocrx_word' id='word_1_230' title='bbox 499 2805 597 2848; x_wconf 88' lang='lat' dir='ltr'><strong>ore</strong></span> <span class='ocrx_word' id='word_1_231' title='bbox 634 2808 822 2850; x_wconf 87' lang='lat' dir='ltr'><strong>eorum</strong></span> <span class='ocrx_word' id='word_1_232' title='bbox 851 2797 1207 2854; x_wconf 86' lang='lat' dir='ltr'><strong>mendacium.</strong></span> <span class='ocrx_word' id='word_1_233' title='bbox 1247 2799 1401 2866; x_wconf 86' lang='lat' dir='ltr'><strong>Quod</strong></span> <span class='ocrx_word' id='word_1_234' title='bbox 1444 2799 1489 2854; x_wconf 91' lang='lat' dir='ltr'><strong>si</strong></span> <span class='ocrx_word' id='word_1_235' title='bbox 1530 2808 1751 2870; x_wconf 85' lang='lat' dir='ltr'><strong>propter</strong></span> <span class='ocrx_word' id='word_1_236' title='bbox 1793 2801 2044 2857; x_wconf 77' lang='lat' dir='ltr'><strong>invidiam</strong></span> <span class='ocrx_word' id='word_1_237' title='bbox 2071 2843 2088 2870; x_wconf 94' lang='lat'><strong>,</strong></span> 
     </span>
    </p>
   </div>
   <div class='ocr_carea' id='block_1_27' title="bbox 499 2887 2091 2957">
    <p class='ocr_par' dir='ltr' id='par_1_27' title="bbox 499 2887 2091 2957">
     <span class='ocr_line' id='line_1_27' title="bbox 499 2887 2091 2957; baseline 0.006 -17"><span class='ocrx_word' id='word_1_238' title='bbox 499 2897 623 2946; x_wconf 85' lang='lat' dir='ltr'><strong>cum</strong></span> <span class='ocrx_word' id='word_1_239' title='bbox 662 2896 843 2942; x_wconf 87' lang='lat' dir='ltr'><strong>essent</strong></span> <span class='ocrx_word' id='word_1_240' title='bbox 865 2887 984 2943; x_wconf 89' lang='lat' dir='ltr'><strong>sine</strong></span> <span class='ocrx_word' id='word_1_241' title='bbox 1009 2897 1249 2957; x_wconf 87' lang='lat' dir='ltr'><strong>peccato,</strong></span> <span class='ocrx_word' id='word_1_242' title='bbox 1293 2891 1536 2948; x_wconf 85' lang='lat' dir='ltr'><strong>dicerent</strong></span> <span class='ocrx_word' id='word_1_243' title='bbox 1571 2906 1632 2946; x_wconf 87' lang='lat' dir='ltr'><strong>se</strong></span> <span class='ocrx_word' id='word_1_244' title='bbox 1678 2907 1784 2947; x_wconf 89' lang='lat' dir='ltr'><strong>non</strong></span> <span class='ocrx_word' id='word_1_245' title='bbox 1813 2908 1934 2949; x_wconf 87' lang='lat' dir='ltr'><strong>esse</strong></span> <span class='ocrx_word' id='word_1_246' title='bbox 1972 2895 2091 2950; x_wconf 84' lang='lat' dir='ltr'><strong>sine</strong></span> 
     </span>
    </p>
   </div>
   <div class='ocr_carea' id='block_1_28' title="bbox 499 2976 2092 3054">
    <p class='ocr_par' dir='ltr' id='par_1_28' title="bbox 499 2976 2092 3054">
     <span class='ocr_line' id='line_1_28' title="bbox 499 2976 2092 3054; baseline 0.008 -25"><span class='ocrx_word' id='word_1_247' title='bbox 499 2986 756 3048; x_wconf 86' lang='lat' dir='ltr'><strong>peccato;</strong></span> <span class='ocrx_word' id='word_1_248' title='bbox 778 2976 882 3031; x_wconf 89' lang='lat' dir='ltr'><strong>hoc</strong></span> <span class='ocrx_word' id='word_1_249' title='bbox 903 2979 1076 3047; x_wconf 88' lang='lat' dir='ltr'><strong>ipsum</strong></span> <span class='ocrx_word' id='word_1_250' title='bbox 1093 2987 1237 3035; x_wconf 78' lang='lat' dir='ltr'><strong>esset</strong></span> <span class='ocrx_word' id='word_1_251' title='bbox 1258 2980 1614 3050; x_wconf 86' lang='lat' dir='ltr'><strong>mendacium,</strong></span> <span class='ocrx_word' id='word_1_252' title='bbox 1635 2983 1932 3054; x_wconf 82' lang='lat' dir='ltr'><strong>falsumque</strong></span> <span class='ocrx_word' id='word_1_253' title='bbox 1947 2993 2092 3041; x_wconf 83' lang='lat' dir='ltr'><strong>esset</strong></span> 
     </span>
    </p>
   </div>
   <div class='ocr_carea' id='block_1_29' title="bbox 499 3062 2091 3146">
    <p class='ocr_par' dir='ltr' id='par_1_29' title="bbox 499 3062 2091 3146">
     <span class='ocr_line' id='line_1_29' title="bbox 499 3062 2091 3146; baseline 0.009 -28"><span class='ocrx_word' id='word_1_254' title='bbox 499 3062 643 3136; x_wconf 80' lang='lat' dir='ltr'><strong>quod</strong></span> <span class='ocrx_word' id='word_1_255' title='bbox 687 3064 888 3122; x_wconf 90' lang='lat' dir='ltr'><strong>dictum</strong></span> <span class='ocrx_word' id='word_1_256' title='bbox 931 3077 1034 3134; x_wconf 81' lang='lat' dir='ltr'><strong>est,</strong></span> <span class='ocrx_word' id='word_1_257' title='bbox 1078 3068 1201 3124; x_wconf 85' lang='lat' dir='ltr'><strong>Non</strong></span> <span class='ocrx_word' id='word_1_258' title='bbox 1243 3080 1314 3125; x_wconf 86' lang='lat' dir='ltr'><strong>sst</strong></span> <span class='ocrx_word' id='word_1_259' title='bbox 1351 3071 1605 3128; x_wconf 73' lang='lat' dir='ltr'><strong>inventum</strong></span> <span class='ocrx_word' id='word_1_260' title='bbox 1629 3072 1687 3128; x_wconf 81' lang='lat' dir='ltr'><strong>in</strong></span> <span class='ocrx_word' id='word_1_261' title='bbox 1734 3091 1820 3130; x_wconf 81' lang='lat' dir='ltr'><strong>ore</strong></span> <span class='ocrx_word' id='word_1_262' title='bbox 1861 3075 2091 3146; x_wconf 83' lang='lat' dir='ltr'><strong>ipsorum</strong></span> 
     </span>
    </p>
   </div>
   <div class='ocr_carea' id='block_1_30' title="bbox 497 3154 2090 3239">
    <p class='ocr_par' dir='ltr' id='par_1_30' title="bbox 497 3154 2090 3239">
     <span class='ocr_line' id='line_1_30' title="bbox 497 3154 2090 3239; baseline 0.013 -31"><span class='ocrx_word' id='word_1_263' title='bbox 497 3154 834 3211; x_wconf 84' lang='lat' dir='ltr'><strong>mendacium.</strong></span> <span class='ocrx_word' id='word_1_264' title='bbox 875 3158 999 3216; x_wconf 90' lang='lat' dir='ltr'><strong>ideo</strong></span> <span class='ocrx_word' id='word_1_265' title='bbox 1040 3176 1174 3232; x_wconf 76' lang='lat' dir='ltr'><strong>ergo</strong></span> <span class='ocrx_word' id='word_1_266' title='bbox 1211 3163 1319 3218; x_wconf 84' lang='lat' dir='ltr'><strong>sine</strong></span> <span class='ocrx_word' id='word_1_267' title='bbox 1355 3166 1555 3221; x_wconf 80' lang='lat' dir='ltr'><strong>macula</strong></span> <span class='ocrx_word' id='word_1_268' title='bbox 1599 3176 1735 3235; x_wconf 83' lang='lat' dir='ltr'><strong>sunt,</strong></span> <span class='ocrx_word' id='word_1_269' title='bbox 1783 3170 1907 3239; x_wconf 85' lang='lat' dir='ltr'><strong>quia</strong></span> <span class='ocrx_word' id='word_1_270' title='bbox 1949 3170 2090 3236; x_wconf 83' lang='lat' dir='ltr'><strong>sicut</strong></span> 
     </span>
    </p>
   </div>
   <div class='ocr_carea' id='block_1_31' title="bbox 496 3245 2089 3335">
    <p class='ocr_par' dir='ltr' id='par_1_31' title="bbox 496 3245 2089 3335">
     <span class='ocr_line' id='line_1_31' title="bbox 496 3245 2089 3335; baseline 0.009 -29"><span class='ocrx_word' id='word_1_271' title='bbox 496 3245 600 3325; x_wconf 83' lang='lat' dir='ltr'><strong>ipsi</strong></span> <span class='ocrx_word' id='word_1_272' title='bbox 625 3247 942 3306; x_wconf 89' lang='lat' dir='ltr'><strong>dimiserunt</strong></span> <span class='ocrx_word' id='word_1_273' title='bbox 967 3251 1300 3312; x_wconf 81' lang='lat' dir='ltr'><strong>debitoribus</strong></span> <span class='ocrx_word' id='word_1_274' title='bbox 1337 3256 1470 3324; x_wconf 83' lang='lat' dir='ltr'><strong>suis,</strong></span> <span class='ocrx_word' id='word_1_275' title='bbox 1514 3257 1593 3317; x_wconf 83' lang='lat' dir='ltr'><strong>sic</strong></span> <span class='ocrx_word' id='word_1_276' title='bbox 1622 3260 1726 3335; x_wconf 74' lang='lat' dir='ltr'><strong>illis</strong></span> <span class='ocrx_word' id='word_1_277' title='bbox 1755 3260 1868 3317; x_wconf 87' lang='lat' dir='ltr'><strong>Deo</strong></span> <span class='ocrx_word' id='word_1_278' title='bbox 1907 3261 2089 3319; x_wconf 77' lang='lat' dir='ltr'><strong>dimit-</strong></span> 
     </span>
    </p>
   </div>
   <div class='ocr_carea' id='block_1_32' title="bbox 495 3339 2086 3422">
    <p class='ocr_par' dir='ltr' id='par_1_32' title="bbox 495 3339 2086 3422">
     <span class='ocr_line' id='line_1_32' title="bbox 495 3339 2086 3422; baseline 0.012 -30"><span class='ocrx_word' id='word_1_279' title='bbox 495 3344 644 3396; x_wconf 88' lang='lat' dir='ltr'><strong>tente</strong></span> <span class='ocrx_word' id='word_1_280' title='bbox 667 3339 907 3395; x_wconf 87' lang='lat' dir='ltr'><strong>mundati</strong></span> <span class='ocrx_word' id='word_1_281' title='bbox 930 3351 1073 3398; x_wconf 84' lang='lat' dir='ltr'><strong>sunt.</strong></span> <span class='ocrx_word' id='word_1_282' title='bbox 1117 3345 1252 3401; x_wconf 83' lang='lat' dir='ltr'><strong>Ecce</strong></span> <span class='ocrx_word' id='word_1_283' title='bbox 1279 3361 1396 3412; x_wconf 83' lang='lat' dir='ltr'><strong>nos,</strong></span> <span class='ocrx_word' id='word_1_284' title='bbox 1439 3356 1498 3410; x_wconf 75' lang='lat' dir='ltr'><strong>ut</strong></span> <span class='ocrx_word' id='word_1_285' title='bbox 1522 3349 1808 3419; x_wconf 78' lang='lat' dir='ltr'><strong>valuimus,</strong></span> <span class='ocrx_word' id='word_1_286' title='bbox 1833 3355 2086 3422; x_wconf 78' lang='lat' dir='ltr'><strong>exposui-</strong></span> 
     </span>
    </p>
   </div>
   <div class='ocr_carea' id='block_1_33' title="bbox 493 3435 2084 3516">
    <p class='ocr_par' dir='ltr' id='par_1_33' title="bbox 493 3435 2084 3516">
     <span class='ocr_line' id='line_1_33' title="bbox 493 3435 2084 3516; baseline 0.011 -29"><span class='ocrx_word' id='word_1_287' title='bbox 493 3446 617 3488; x_wconf 86' lang='lat' dir='ltr'><strong>mus</strong></span> <span class='ocrx_word' id='word_1_288' title='bbox 645 3435 914 3503; x_wconf 90' lang='lat' dir='ltr'><strong>quomodo</strong></span> <span class='ocrx_word' id='word_1_289' title='bbox 938 3437 1249 3507; x_wconf 88' lang='lat' dir='ltr'><strong>accipienda</strong></span> <span class='ocrx_word' id='word_1_290' title='bbox 1273 3449 1455 3496; x_wconf 83' lang='lat' dir='ltr'><strong>essent</strong></span> <span class='ocrx_word' id='word_1_291' title='bbox 1476 3443 1806 3512; x_wconf 75' lang='lat' dir='ltr'><strong>testimonia,</strong></span> <span class='ocrx_word' id='word_1_292' title='bbox 1835 3461 1956 3514; x_wconf 74' lang='lat' dir='ltr'><strong>quae</strong></span> <span class='ocrx_word' id='word_1_293' title='bbox 1985 3462 2084 3516; x_wconf 85' lang='lat' dir='ltr'><strong>pro</strong></span> 
     </span>
    </p>
   </div>
   <div class='ocr_carea' id='block_1_34' title="bbox 493 3530 2086 3605">
    <p class='ocr_par' dir='ltr' id='par_1_34' title="bbox 493 3530 2086 3605">
     <span class='ocr_line' id='line_1_34' title="bbox 493 3530 2086 3605; baseline 0.01 -25"><span class='ocrx_word' id='word_1_294' title='bbox 493 3538 592 3580; x_wconf 86' lang='lat' dir='ltr'><strong>sua</strong></span> <span class='ocrx_word' id='word_1_295' title='bbox 636 3539 798 3581; x_wconf 88' lang='lat' dir='ltr'><strong>causa</strong></span> <span class='ocrx_word' id='word_1_296' title='bbox 840 3531 1300 3585; x_wconf 86' lang='lat' dir='ltr'><strong>commemoravit.</strong></span> <span class='ocrx_word' id='word_1_297' title='bbox 1338 3530 1457 3602; x_wconf 87' lang='lat' dir='ltr'><strong>ipse</strong></span> <span class='ocrx_word' id='word_1_298' title='bbox 1505 3541 1685 3592; x_wconf 89' lang='lat' dir='ltr'><strong>autem</strong></span> <span class='ocrx_word' id='word_1_299' title='bbox 1722 3536 1990 3605; x_wconf 87' lang='lat' dir='ltr'><strong>quomodo</strong></span> <span class='ocrx_word' id='word_1_300' title='bbox 2012 3539 2086 3596; x_wconf 83' lang='lat' dir='ltr'><strong>sit</strong></span> 
     </span>
    </p>
   </div>
   <div class='ocr_carea' id='block_1_35' title="bbox 491 3615 2078 3696">
    <p class='ocr_par' dir='ltr' id='par_1_35' title="bbox 491 3615 2078 3696">
     <span class='ocr_line' id='line_1_35' title="bbox 491 3615 2078 3696; baseline 0.008 -25"><span class='ocrx_word' id='word_1_301' title='bbox 491 3615 862 3688; x_wconf 79' lang='lat' dir='ltr'><strong>accipiendum</strong></span> <span class='ocrx_word' id='word_1_302' title='bbox 885 3619 1028 3692; x_wconf 88' lang='lat' dir='ltr'><strong>quod</strong></span> <span class='ocrx_word' id='word_1_303' title='bbox 1055 3621 1310 3690; x_wconf 75' lang='lat' dir='ltr'><strong>scriptum</strong></span> <span class='ocrx_word' id='word_1_304' title='bbox 1333 3632 1440 3690; x_wconf 79' lang='lat' dir='ltr'><strong>est,</strong></span> <span class='ocrx_word' id='word_1_305' title='bbox 1471 3621 1647 3682; x_wconf 68' lang='lat' dir='ltr'><strong>Domi;</strong></span> <span class='ocrx_word' id='word_1_306' title='bbox 1668 3625 1818 3680; x_wconf 85' lang='lat' dir='ltr'><strong>homo</strong></span> <span class='ocrx_word' id='word_1_307' title='bbox 1841 3629 2078 3696; x_wconf 68' lang='lat' dir='ltr'><strong>utendam,</strong></span> 
     </span>
    </p>
   </div>
   <div class='ocr_carea' id='block_1_36' title="bbox 492 3707 2082 3785">
    <p class='ocr_par' dir='ltr' id='par_1_36' title="bbox 492 3707 2082 3785">
     <span class='ocr_line' id='line_1_36' title="bbox 492 3707 2082 3785; baseline 0.006 -16"><span class='ocrx_word' id='word_1_308' title='bbox 492 3707 717 3770; x_wconf 75' lang='lat' dir='ltr'><strong>omnino</strong></span> <span class='ocrx_word' id='word_1_309' title='bbox 740 3723 846 3771; x_wconf 86' lang='lat' dir='ltr'><strong>n0n</strong></span> <span class='ocrx_word' id='word_1_310' title='bbox 876 3711 1072 3782; x_wconf 78' lang='lat' dir='ltr'><strong>solvit;</strong></span> <span class='ocrx_word' id='word_1_311' title='bbox 1101 3727 1204 3776; x_wconf 77' lang='lat' dir='ltr'><strong>nec</strong></span> <span class='ocrx_word' id='word_1_312' title='bbox 1223 3713 1440 3772; x_wconf 74' lang='lat' dir='ltr'><strong>solvere</strong></span> <span class='ocrx_word' id='word_1_313' title='bbox 1469 3716 1684 3785; x_wconf 79' lang='lat' dir='ltr'><strong>poterit,</strong></span> <span class='ocrx_word' id='word_1_314' title='bbox 1709 3717 1812 3774; x_wconf 83' lang='lat' dir='ltr'><strong>nisi</strong></span> <span class='ocrx_word' id='word_1_315' title='bbox 1837 3730 2082 3778; x_wconf 80' lang='lat' dir='ltr'><strong>correcta</strong></span> 
     </span>
    </p>
   </div>
   <div class='ocr_carea' id='block_1_37' title="bbox 491 3802 2076 3882">
    <p class='ocr_par' dir='ltr' id='par_1_37' title="bbox 491 3802 2076 3882">
     <span class='ocr_line' id='line_1_37' title="bbox 491 3802 2076 3882; baseline 0.008 -24"><span class='ocrx_word' id='word_1_316' title='bbox 491 3813 700 3868; x_wconf 80' lang='lat' dir='ltr'><strong>errore,</strong></span> <span class='ocrx_word' id='word_1_317' title='bbox 721 3816 828 3874; x_wconf 88' lang='lat' dir='ltr'><strong>quo</strong></span> <span class='ocrx_word' id='word_1_318' title='bbox 852 3802 1020 3864; x_wconf 83' lang='lat' dir='ltr'><strong>credit</strong></span> <span class='ocrx_word' id='word_1_319' title='bbox 1045 3804 1316 3870; x_wconf 76' lang='lat' dir='ltr'><strong>hominem</strong></span> <span class='ocrx_word' id='word_1_320' title='bbox 1335 3807 1455 3864; x_wconf 79' lang='lat' dir='ltr'><strong>sine</strong></span> <span class='ocrx_word' id='word_1_321' title='bbox 1472 3808 1735 3878; x_wconf 89' lang='lat' dir='ltr'><strong>adjutorio</strong></span> <span class='ocrx_word' id='word_1_322' title='bbox 1757 3810 1941 3882; x_wconf 75' lang='lat' dir='ltr'><strong>gratia:</strong></span> <span class='ocrx_word' id='word_1_323' title='bbox 1963 3812 2076 3880; x_wconf 85' lang='lat' dir='ltr'><strong>Dei,</strong></span> 
     </span>
    </p>
   </div>
   <div class='ocr_carea' id='block_1_38' title="bbox 489 3893 2006 3969">
    <p class='ocr_par' dir='ltr' id='par_1_38' title="bbox 489 3893 2006 3969">
     <span class='ocr_line' id='line_1_38' title="bbox 489 3893 2006 3969; baseline 0.007 -20"><span class='ocrx_word' id='word_1_324' title='bbox 489 3906 589 3964; x_wconf 84' lang='lat' dir='ltr'><strong>per</strong></span> <span class='ocrx_word' id='word_1_325' title='bbox 607 3893 779 3950; x_wconf 89' lang='lat' dir='ltr'><strong>solam</strong></span> <span class='ocrx_word' id='word_1_326' title='bbox 801 3896 1070 3966; x_wconf 84' lang='lat' dir='ltr'><strong>propriam</strong></span> <span class='ocrx_word' id='word_1_327' title='bbox 1085 3897 1410 3958; x_wconf 85' lang='lat' dir='ltr'><strong>voluntatem</strong></span> <span class='ocrx_word' id='word_1_328' title='bbox 1431 3913 1588 3969; x_wconf 84' lang='lat' dir='ltr'><strong>posse</strong></span> <span class='ocrx_word' id='word_1_329' title='bbox 1605 3915 1726 3960; x_wconf 77' lang='lat' dir='ltr'><strong>esse</strong></span> <span class='ocrx_word' id='word_1_330' title='bbox 1743 3917 2006 3966; x_wconf 75' lang='lat' dir='ltr'><strong>veracem.</strong></span> 
     </span>
    </p>
   </div>
   <div class='ocr_carea' id='block_1_39' title="bbox 449 3985 2079 4066">
    <p class='ocr_par' dir='ltr' id='par_1_39' title="bbox 449 3985 2079 4066">
     <span class='ocr_line' id='line_1_39' title="bbox 449 3985 2079 4066; baseline 0.007 -26"><span class='ocrx_word' id='word_1_331' title='bbox 449 4051 455 4057; x_wconf 27' lang='lat'><em>.</em></span> <span class='ocrx_word' id='word_1_332' title='bbox 563 3985 788 4042; x_wconf 81' lang='lat' dir='ltr'><strong>CAPUT</strong></span> <span class='ocrx_word' id='word_1_333' title='bbox 825 3985 964 4044; x_wconf 85' lang='lat' dir='ltr'><strong>Xlii.</strong></span> <span class='ocrx_word' id='word_1_334' title='bbox 994 4017 1067 4030; x_wconf 91' lang='lat'><strong>--—</strong></span> <span class='ocrx_word' id='word_1_335' title='bbox 1098 3989 1188 4045; x_wconf 77' lang='grc'><strong>51.</strong></span> <span class='ocrx_word' id='word_1_336' title='bbox 1227 3989 1318 4047; x_wconf 89' lang='lat' dir='ltr'><strong>Sic</strong></span> <span class='ocrx_word' id='word_1_337' title='bbox 1339 3990 1501 4048; x_wconf 87' lang='lat' dir='ltr'><strong>aliam</strong></span> <span class='ocrx_word' id='word_1_338' title='bbox 1518 4009 1639 4063; x_wconf 74' lang='lat' dir='ltr'><strong>qua:</strong></span> <span class='ocrx_word' id='word_1_339' title='bbox 1661 3995 1905 4064; x_wconf 84' lang='lat' dir='ltr'><strong>sequitur</strong></span> <span class='ocrx_word' id='word_1_340' title='bbox 1932 4010 2079 4066; x_wconf 65' lang='lat' dir='ltr'><strong>quas.</strong></span> 
     </span>
    </p>
   </div>
   <div class='ocr_carea' id='block_1_40' title="bbox 487 4075 2074 4153">
    <p class='ocr_par' dir='ltr' id='par_1_40' title="bbox 487 4075 2074 4153">
     <span class='ocr_line' id='line_1_40' title="bbox 487 4075 2074 4153; baseline 0.008 -23"><span class='ocrx_word' id='word_1_341' title='bbox 487 4075 719 4133; x_wconf 84' lang='lat' dir='ltr'><strong>stionem</strong></span> <span class='ocrx_word' id='word_1_342' title='bbox 741 4078 1036 4148; x_wconf 87' lang='lat' dir='ltr'><strong>proposuit,</strong></span> <span class='ocrx_word' id='word_1_343' title='bbox 1054 4094 1153 4138; x_wconf 90' lang='lat' dir='ltr'><strong>nec</strong></span> <span class='ocrx_word' id='word_1_344' title='bbox 1178 4081 1336 4141; x_wconf 81' lang='lat' dir='ltr'><strong>solvit</strong></span> <span class='ocrx_word' id='word_1_345' title='bbox 1361 4099 1375 4135; x_wconf 90' lang='lat'><strong>:</strong></span> <span class='ocrx_word' id='word_1_346' title='bbox 1399 4082 1510 4138; x_wconf 89' lang='lat' dir='ltr'><strong>imo</strong></span> <span class='ocrx_word' id='word_1_347' title='bbox 1528 4098 1655 4142; x_wconf 83' lang='lat' dir='ltr'><strong>vero</strong></span> <span class='ocrx_word' id='word_1_348' title='bbox 1670 4085 1835 4153; x_wconf 80' lang='lat' dir='ltr'><strong>auxit,</strong></span> <span class='ocrx_word' id='word_1_349' title='bbox 1850 4095 1905 4141; x_wconf 90' lang='lat' dir='ltr'><strong>et</strong></span> <span class='ocrx_word' id='word_1_350' title='bbox 1931 4086 2074 4143; x_wconf 60' lang='lat' dir='ltr'><strong>dii‘ﬁv</strong></span> 
     </span>
    </p>
   </div>
   <div class='ocr_carea' id='block_1_41' title="bbox 485 4164 2075 4247">
    <p class='ocr_par' dir='ltr' id='par_1_41' title="bbox 485 4164 2075 4247">
     <span class='ocr_line' id='line_1_41' title="bbox 485 4164 2075 4247; baseline 0.011 -27"><span class='ocrx_word' id='word_1_351' title='bbox 485 4164 727 4226; x_wconf 86' lang='lat' dir='ltr'><strong>ciliorem</strong></span> <span class='ocrx_word' id='word_1_352' title='bbox 748 4167 1000 4237; x_wconf 88' lang='lat' dir='ltr'><strong>reddidit,</strong></span> <span class='ocrx_word' id='word_1_353' title='bbox 1022 4172 1371 4242; x_wconf 84' lang='lat' dir='ltr'><strong>proponendo</strong></span> <span class='ocrx_word' id='word_1_354' title='bbox 1391 4173 1674 4234; x_wconf 82' lang='lat' dir='ltr'><strong>adversum</strong></span> <span class='ocrx_word' id='word_1_355' title='bbox 1693 4191 1753 4235; x_wconf 82' lang='lat' dir='ltr'><strong>se</strong></span> <span class='ocrx_word' id='word_1_356' title='bbox 1775 4179 2037 4247; x_wconf 81' lang='lat' dir='ltr'><strong>prolatum</strong></span> <span class='ocrx_word' id='word_1_357' title='bbox 2054 4183 2075 4218; x_wconf 84' lang='grc'><em>³</em></span> 
     </span>
    </p>
   </div>
   <div class='ocr_carea' id='block_1_42' title="bbox 484 4258 2077 4342">
    <p class='ocr_par' dir='ltr' id='par_1_42' title="bbox 484 4258 2077 4342">
     <span class='ocr_line' id='line_1_42' title="bbox 484 4258 2077 4342; baseline 0.009 -29"><span class='ocrx_word' id='word_1_358' title='bbox 484 4258 869 4329; x_wconf 82' lang='lat' dir='ltr'><strong>testimonium,</strong></span> <span class='ocrx_word' id='word_1_359' title='bbox 901 4261 1023 4317; x_wconf 86' lang='lat' dir='ltr'><strong>Non</strong></span> <span class='ocrx_word' id='word_1_360' title='bbox 1062 4271 1135 4318; x_wconf 81' lang='lat' dir='ltr'><strong>est</strong></span> <span class='ocrx_word' id='word_1_361' title='bbox 1159 4264 1247 4334; x_wconf 83' lang='lat' dir='ltr'><strong>qui</strong></span> <span class='ocrx_word' id='word_1_362' title='bbox 1265 4265 1428 4335; x_wconf 87' lang='lat' dir='ltr'><strong>faciat</strong></span> <span class='ocrx_word' id='word_1_363' title='bbox 1461 4267 1664 4336; x_wconf 71' lang='lat' dir='ltr'><strong>boum,</strong></span> <span class='ocrx_word' id='word_1_364' title='bbox 1697 4285 1800 4324; x_wconf 85' lang='lat' dir='ltr'><strong>non</strong></span> <span class='ocrx_word' id='word_1_365' title='bbox 1823 4278 1896 4326; x_wconf 84' lang='lat' dir='ltr'><strong>est</strong></span> <span class='ocrx_word' id='word_1_366' title='bbox 1919 4287 2077 4342; x_wconf 80' lang='lat' dir='ltr'><strong>usque</strong></span> 
     </span>
    </p>
   </div>
   <div class='ocr_carea' id='block_1_43' title="bbox 483 4347 2073 4429">
    <p class='ocr_par' dir='ltr' id='par_1_43' title="bbox 483 4347 2073 4429">
     <span class='ocr_line' id='line_1_43' title="bbox 483 4347 2073 4429; baseline 0.011 -27"><span class='ocrx_word' id='word_1_367' title='bbox 483 4347 555 4402; x_wconf 86' lang='lat' dir='ltr'><strong>ad</strong></span> <span class='ocrx_word' id='word_1_368' title='bbox 598 4364 753 4404; x_wconf 88' lang='lat' dir='ltr'><strong>unum</strong></span> <span class='ocrx_word' id='word_1_369' title='bbox 782 4349 953 4424; x_wconf 87' lang='lat' dir='ltr'><strong>(Psal.</strong></span> <span class='ocrx_word' id='word_1_370' title='bbox 986 4369 1101 4422; x_wconf 81' lang='lat' dir='ltr'><strong>xm,</strong></span> <span class='ocrx_word' id='word_1_371' title='bbox 1133 4355 1185 4418; x_wconf 86' lang='grc'>1,</span> <span class='ocrx_word' id='word_1_372' title='bbox 1211 4353 1309 4428; x_wconf 80' lang='lat'><strong>.5);</strong></span> <span class='ocrx_word' id='word_1_373' title='bbox 1339 4360 1567 4429; x_wconf 79' lang='lat' dir='ltr'><strong>etquasi</strong></span> <span class='ocrx_word' id='word_1_374' title='bbox 1605 4362 1877 4417; x_wconf 84' lang='lat' dir='ltr'><strong>contraria</strong></span> <span class='ocrx_word' id='word_1_375' title='bbox 1917 4365 2073 4424; x_wconf 79' lang='lat' dir='ltr'><strong>testi.-</strong></span> 
     </span>
    </p>
   </div>
   <div class='ocr_carea' id='block_1_44' title="bbox 482 4439 2074 4526">
    <p class='ocr_par' dir='ltr' id='par_1_44' title="bbox 482 4439 2074 4526">
     <span class='ocr_line' id='line_1_44' title="bbox 482 4439 2074 4526; baseline 0.011 -32"><span class='ocrx_word' id='word_1_376' title='bbox 482 4439 664 4495; x_wconf 89' lang='lat' dir='ltr'><strong>monia</strong></span> <span class='ocrx_word' id='word_1_377' title='bbox 688 4440 989 4512; x_wconf 81' lang='lat' dir='ltr'><strong>referendo,</strong></span> <span class='ocrx_word' id='word_1_378' title='bbox 1018 4445 1208 4516; x_wconf 88' lang='lat' dir='ltr'><strong>quibus</strong></span> <span class='ocrx_word' id='word_1_379' title='bbox 1235 4448 1542 4506; x_wconf 81' lang='lat' dir='ltr'><strong>ostenderet</strong></span> <span class='ocrx_word' id='word_1_380' title='bbox 1569 4466 1688 4508; x_wconf 87' lang='lat' dir='ltr'><strong>esse</strong></span> <span class='ocrx_word' id='word_1_381' title='bbox 1712 4452 1960 4511; x_wconf 83' lang='lat' dir='ltr'><strong>homines</strong></span> <span class='ocrx_word' id='word_1_382' title='bbox 1979 4457 2074 4526; x_wconf 87' lang='lat' dir='ltr'><strong>qui</strong></span> 
     </span>
    </p>
   </div>
   <div class='ocr_carea' id='block_1_45' title="bbox 480 4526 2072 4610">
    <p class='ocr_par' dir='ltr' id='par_1_45' title="bbox 480 4526 2072 4610">
     <span class='ocr_line' id='line_1_45' title="bbox 480 4526 2072 4610; baseline 0.016 -28"><span class='ocrx_word' id='word_1_383' title='bbox 480 4526 684 4588; x_wconf 77' lang='lat' dir='ltr'><strong>faciunt</strong></span> <span class='ocrx_word' id='word_1_384' title='bbox 729 4533 948 4589; x_wconf 90' lang='lat' dir='ltr'><strong>bonum.</strong></span> <span class='ocrx_word' id='word_1_385' title='bbox 1001 4536 1155 4606; x_wconf 85' lang='lat' dir='ltr'><strong>Quod</strong></span> <span class='ocrx_word' id='word_1_386' title='bbox 1198 4540 1414 4610; x_wconf 87' lang='lat' dir='ltr'><strong>quidem</strong></span> <span class='ocrx_word' id='word_1_387' title='bbox 1463 4544 1699 4600; x_wconf 89' lang='lat' dir='ltr'><strong>ostendit</strong></span> <span class='ocrx_word' id='word_1_388' title='bbox 1738 4547 1878 4606; x_wconf 83' lang='lat' dir='ltr'><strong>:sed</strong></span> <span class='ocrx_word' id='word_1_389' title='bbox 1925 4549 2072 4607; x_wconf 85' lang='lat' dir='ltr'><strong>aliud</strong></span> 
     </span>
    </p>
   </div>
   <div class='ocr_carea' id='block_1_46' title="bbox 479 4625 2068 4713">
    <p class='ocr_par' dir='ltr' id='par_1_46' title="bbox 479 4625 2068 4713">
     <span class='ocr_line' id='line_1_46' title="bbox 479 4625 2068 4713; baseline 0.015 -38"><span class='ocrx_word' id='word_1_390' title='bbox 479 4629 584 4688; x_wconf 88' lang='lat' dir='ltr'><strong>est,</strong></span> <span class='ocrx_word' id='word_1_391' title='bbox 611 4639 720 4678; x_wconf 91' lang='lat' dir='ltr'><strong>non</strong></span> <span class='ocrx_word' id='word_1_392' title='bbox 747 4625 921 4682; x_wconf 77' lang='lat' dir='ltr'><strong>facere</strong></span> <span class='ocrx_word' id='word_1_393' title='bbox 947 4627 1142 4684; x_wconf 89' lang='lat' dir='ltr'><strong>bonum</strong></span> <span class='ocrx_word' id='word_1_394' title='bbox 1168 4647 1184 4696; x_wconf 83' lang='lat'><strong>;</strong></span> <span class='ocrx_word' id='word_1_395' title='bbox 1217 4632 1382 4699; x_wconf 83' lang='lat' dir='ltr'><strong>aliud,</strong></span> <span class='ocrx_word' id='word_1_396' title='bbox 1403 4649 1514 4692; x_wconf 87' lang='lat' dir='ltr'><strong>non</strong></span> <span class='ocrx_word' id='word_1_397' title='bbox 1542 4651 1662 4695; x_wconf 85' lang='lat' dir='ltr'><strong>esse</strong></span> <span class='ocrx_word' id='word_1_398' title='bbox 1685 4639 1807 4696; x_wconf 76' lang='lat' dir='ltr'><strong>sine</strong></span> <span class='ocrx_word' id='word_1_399' title='bbox 1830 4651 2068 4713; x_wconf 84' lang='lat' dir='ltr'><strong>peccato,</strong></span> 
     </span>
    </p>
   </div>
   <div class='ocr_carea' id='block_1_47' title="bbox 480 4710 2070 4799">
    <p class='ocr_par' dir='ltr' id='par_1_47' title="bbox 480 4710 2070 4799">
     <span class='ocr_line' id='line_1_47' title="bbox 480 4710 2070 4799; baseline 0.017 -34"><span class='ocrx_word' id='word_1_400' title='bbox 480 4710 691 4775; x_wconf 84' lang='lat' dir='ltr'><strong>etiamsi</strong></span> <span class='ocrx_word' id='word_1_401' title='bbox 731 4715 892 4774; x_wconf 85' lang='lat' dir='ltr'><strong>homo</strong></span> <span class='ocrx_word' id='word_1_402' title='bbox 937 4718 1096 4776; x_wconf 81' lang='lat' dir='ltr'><strong>iaciat</strong></span> <span class='ocrx_word' id='word_1_403' title='bbox 1123 4723 1287 4780; x_wconf 90' lang='lat' dir='ltr'><strong>multa</strong></span> <span class='ocrx_word' id='word_1_404' title='bbox 1317 4724 1476 4781; x_wconf 88' lang='lat' dir='ltr'><strong>bona.</strong></span> <span class='ocrx_word' id='word_1_405' title='bbox 1517 4710 1854 4799; x_wconf 76' lang='lat' dir='ltr'><strong>Quapropter</strong></span> <span class='ocrx_word' id='word_1_406' title='bbox 1888 4749 1956 4789; x_wconf 83' lang='lat' dir='ltr'><strong>ea</strong></span> <span class='ocrx_word' id='word_1_407' title='bbox 1985 4710 2070 4792; x_wconf 44' lang='lat' dir='ltr'><strong>te;</strong></span> 
     </span>
    </p>
   </div>
   <div class='ocr_carea' id='block_1_48' title="bbox 479 4804 2069 4895">
    <p class='ocr_par' dir='ltr' id='par_1_48' title="bbox 479 4804 2069 4895">
     <span class='ocr_line' id='line_1_48' title="bbox 479 4804 2069 4895; baseline 0.015 -35"><span class='ocrx_word' id='word_1_408' title='bbox 479 4804 729 4861; x_wconf 86' lang='lat' dir='ltr'><strong>stimonia</strong></span> <span class='ocrx_word' id='word_1_409' title='bbox 759 4824 877 4878; x_wconf 82' lang='lat' dir='ltr'><strong>quae</strong></span> <span class='ocrx_word' id='word_1_410' title='bbox 901 4813 1096 4882; x_wconf 83' lang='lat' dir='ltr'><strong>posuit,</strong></span> <span class='ocrx_word' id='word_1_411' title='bbox 1120 4829 1230 4872; x_wconf 89' lang='lat' dir='ltr'><strong>non</strong></span> <span class='ocrx_word' id='word_1_412' title='bbox 1247 4825 1372 4872; x_wconf 85' lang='lat' dir='ltr'><strong>sunt</strong></span> <span class='ocrx_word' id='word_1_413' title='bbox 1393 4829 1579 4878; x_wconf 84' lang='lat' dir='ltr'><strong>contra</strong></span> <span class='ocrx_word' id='word_1_414' title='bbox 1607 4821 1740 4880; x_wconf 87' lang='lat' dir='ltr'><strong>illud</strong></span> <span class='ocrx_word' id='word_1_415' title='bbox 1765 4824 1909 4895; x_wconf 84' lang='lat' dir='ltr'><strong>quod</strong></span> <span class='ocrx_word' id='word_1_416' title='bbox 1937 4826 2069 4884; x_wconf 58' lang='lat' dir='ltr'><strong>dici.</strong></span> 
     </span>
    </p>
   </div>
   <div class='ocr_carea' id='block_1_49' title="bbox 477 4902 2068 4991">
    <p class='ocr_par' dir='ltr' id='par_1_49' title="bbox 477 4902 2068 4991">
     <span class='ocr_line' id='line_1_49' title="bbox 477 4902 2068 4991; baseline 0.018 -41"><span class='ocrx_word' id='word_1_417' title='bbox 477 4904 586 4964; x_wconf 87' lang='lat' dir='ltr'><strong>tur,</strong></span> <span class='ocrx_word' id='word_1_418' title='bbox 619 4912 727 4954; x_wconf 91' lang='lat' dir='ltr'><strong>non</strong></span> <span class='ocrx_word' id='word_1_419' title='bbox 751 4915 869 4957; x_wconf 90' lang='lat' dir='ltr'><strong>esse</strong></span> <span class='ocrx_word' id='word_1_420' title='bbox 895 4902 950 4958; x_wconf 89' lang='lat' dir='ltr'><strong>in</strong></span> <span class='ocrx_word' id='word_1_421' title='bbox 978 4903 1079 4960; x_wconf 88' lang='lat' dir='ltr'><strong>hac</strong></span> <span class='ocrx_word' id='word_1_422' title='bbox 1107 4906 1210 4962; x_wconf 87' lang='lat' dir='ltr'><strong>vita</strong></span> <span class='ocrx_word' id='word_1_423' title='bbox 1236 4908 1507 4968; x_wconf 84' lang='lat' dir='ltr'><strong>hominem</strong></span> <span class='ocrx_word' id='word_1_424' title='bbox 1533 4914 1654 4972; x_wconf 81' lang='lat' dir='ltr'><strong>sine</strong></span> <span class='ocrx_word' id='word_1_425' title='bbox 1680 4928 1921 4986; x_wconf 86' lang='lat' dir='ltr'><strong>peccato.</strong></span> <span class='ocrx_word' id='word_1_426' title='bbox 1950 4921 1969 4976; x_wconf 94' lang='lat' dir='ltr'><strong>l</strong></span> <span class='ocrx_word' id='word_1_427' title='bbox 1974 4935 2068 4991; x_wconf 81' lang='lat' dir='ltr'><strong>pse</strong></span> 
     </span>
    </p>
   </div>
   <div class='ocr_carea' id='block_1_50' title="bbox 478 4995 2067 5078">
    <p class='ocr_par' dir='ltr' id='par_1_50' title="bbox 478 4995 2067 5078">
     <span class='ocr_line' id='line_1_50' title="bbox 478 4995 2067 5078; baseline 0.016 -35"><span class='ocrx_word' id='word_1_428' title='bbox 478 4996 659 5044; x_wconf 86' lang='lat' dir='ltr'><strong>autem</strong></span> <span class='ocrx_word' id='word_1_429' title='bbox 701 5006 807 5048; x_wconf 91' lang='lat' dir='ltr'><strong>non</strong></span> <span class='ocrx_word' id='word_1_430' title='bbox 845 4995 1078 5056; x_wconf 84' lang='lat' dir='ltr'><strong>ostendit</strong></span> <span class='ocrx_word' id='word_1_431' title='bbox 1102 5000 1551 5068; x_wconf 87' lang='lat' dir='ltr'><strong>quemadmodum</strong></span> <span class='ocrx_word' id='word_1_432' title='bbox 1587 5005 1790 5066; x_wconf 85' lang='lat' dir='ltr'><strong>dictum</strong></span> <span class='ocrx_word' id='word_1_433' title='bbox 1812 5010 1908 5078; x_wconf 87' lang='lat' dir='ltr'><strong>sit,</strong></span> <span class='ocrx_word' id='word_1_434' title='bbox 1941 5011 2067 5069; x_wconf 82' lang='lat' dir='ltr'><strong>Non</strong></span> 
     </span>
    </p>
   </div>
   <div class='ocr_carea' id='block_1_51' title="bbox 438 5077 2061 5179">
    <p class='ocr_par' dir='ltr' id='par_1_51' title="bbox 438 5077 2061 5179">
     <span class='ocr_line' id='line_1_51' title="bbox 438 5077 2061 5179; baseline 0.018 -43"><span class='ocrx_word' id='word_1_435' title='bbox 438 5077 446 5095; x_wconf 88' lang='lat'><strong>&#39;</strong></span> <span class='ocrx_word' id='word_1_436' title='bbox 475 5091 551 5179; x_wconf 77' lang='lat' dir='ltr'><strong>est</strong></span> <span class='ocrx_word' id='word_1_437' title='bbox 577 5085 664 5179; x_wconf 85' lang='lat' dir='ltr'><strong>qui</strong></span> <span class='ocrx_word' id='word_1_438' title='bbox 685 5087 842 5158; x_wconf 79' lang='lat' dir='ltr'><strong>faciat</strong></span> <span class='ocrx_word' id='word_1_439' title='bbox 867 5089 1072 5160; x_wconf 84' lang='lat' dir='ltr'><strong>bonum,</strong></span> <span class='ocrx_word' id='word_1_440' title='bbox 1091 5110 1196 5150; x_wconf 82' lang='lat' dir='ltr'><strong>non</strong></span> <span class='ocrx_word' id='word_1_441' title='bbox 1214 5106 1294 5151; x_wconf 79' lang='lat' dir='ltr'><strong>est</strong></span> <span class='ocrx_word' id='word_1_442' title='bbox 1317 5112 1474 5169; x_wconf 73' lang='lat' dir='ltr'><strong>usque</strong></span> <span class='ocrx_word' id='word_1_443' title='bbox 1501 5099 1569 5158; x_wconf 83' lang='lat' dir='ltr'><strong>ad</strong></span> <span class='ocrx_word' id='word_1_444' title='bbox 1589 5117 1771 5158; x_wconf 75' lang='lat' dir='ltr'><strong>unum.</strong></span> <span class='ocrx_word' id='word_1_445' title='bbox 1799 5104 2061 5179; x_wconf 76' lang='lat' dir='ltr'><strong>Aiteuiut,</strong></span> 
     </span>
    </p>
   </div>
   <div class='ocr_carea' id='block_1_52' title="bbox 473 5175 2064 5268">
    <p class='ocr_par' dir='ltr' id='par_1_52' title="bbox 473 5175 2064 5268">
     <span class='ocr_line' id='line_1_52' title="bbox 473 5175 2064 5268; baseline 0.018 -38"><span class='ocrx_word' id='word_1_446' title='bbox 473 5175 667 5248; x_wconf 85' lang='lat' dir='ltr'><strong>inquit,</strong></span> <span class='ocrx_word' id='word_1_447' title='bbox 697 5190 903 5238; x_wconf 84' lang='lat' dir='ltr'><strong>sanctus</strong></span> <span class='ocrx_word' id='word_1_448' title='bbox 925 5182 1111 5254; x_wconf 81' lang='lat' dir='ltr'><strong>David,</strong></span> <span class='ocrx_word' id='word_1_449' title='bbox 1141 5185 1310 5259; x_wconf 77' lang='lat' dir='ltr'><strong>Spera</strong></span> <span class='ocrx_word' id='word_1_450' title='bbox 1333 5191 1388 5247; x_wconf 77' lang='lat' dir='ltr'><strong>in</strong></span> <span class='ocrx_word' id='word_1_451' title='bbox 1425 5190 1668 5263; x_wconf 83' lang='lat' dir='ltr'><strong>Domino,</strong></span> <span class='ocrx_word' id='word_1_452' title='bbox 1694 5207 1742 5251; x_wconf 85' lang='lat' dir='ltr'><strong>et</strong></span> <span class='ocrx_word' id='word_1_453' title='bbox 1764 5197 1848 5268; x_wconf 88' lang='lat' dir='ltr'><strong>fac</strong></span> <span class='ocrx_word' id='word_1_454' title='bbox 1871 5175 2064 5258; x_wconf 69' lang='grc' dir='ltr'><strong>θοιιὶιῷ</strong></span> 
     </span>
    </p>
   </div>
   <div class='ocr_carea' id='block_1_53' title="bbox 473 5267 2110 5355">
    <p class='ocr_par' dir='ltr' id='par_1_53' title="bbox 473 5267 2110 5355">
     <span class='ocr_line' id='line_1_53' title="bbox 473 5267 2110 5355; baseline 0.018 -32"><span class='ocrx_word' id='word_1_455' title='bbox 473 5275 574 5324; x_wconf 87' lang='lat' dir='ltr'><strong>tem</strong></span> <span class='ocrx_word' id='word_1_456' title='bbox 595 5267 765 5343; x_wconf 87' lang='lat' dir='ltr'><strong>(Psal.</strong></span> <span class='ocrx_word' id='word_1_457' title='bbox 791 5290 972 5346; x_wconf 69' lang='grc' dir='ltr'>χχχιιι,</span> <span class='ocrx_word' id='word_1_458' title='bbox 992 5278 1068 5349; x_wconf 76' lang='grc'><strong>5).</strong></span> <span class='ocrx_word' id='word_1_459' title='bbox 1108 5279 1222 5342; x_wconf 82' lang='lat' dir='ltr'><strong>Hoc</strong></span> <span class='ocrx_word' id='word_1_460' title='bbox 1240 5294 1564 5355; x_wconf 64' lang='lat' dir='ltr'><strong>praeceptum</strong></span> <span class='ocrx_word' id='word_1_461' title='bbox 1583 5297 1685 5354; x_wconf 80' lang='lat' dir='ltr'><strong>est,</strong></span> <span class='ocrx_word' id='word_1_462' title='bbox 1711 5267 1818 5346; x_wconf 77' lang='lat' dir='ltr'><strong>nan</strong></span> <span class='ocrx_word' id='word_1_463' title='bbox 1837 5290 2059 5351; x_wconf 77' lang='lat' dir='ltr'><strong>factu:</strong></span> <span class='ocrx_word' id='word_1_464' title='bbox 2103 5340 2110 5346; x_wconf 93' lang='lat'><strong>.</strong></span> 
     </span>
    </p>
   </div>
   <div class='ocr_carea' id='block_1_54' title="bbox 472 5365 2060 5452">
    <p class='ocr_par' dir='ltr' id='par_1_54' title="bbox 472 5365 2060 5452">
     <span class='ocr_line' id='line_1_54' title="bbox 472 5365 2060 5452; baseline 0.015 -34"><span class='ocrx_word' id='word_1_465' title='bbox 472 5365 618 5432; x_wconf 88' lang='lat' dir='ltr'><strong>quod</strong></span> <span class='ocrx_word' id='word_1_466' title='bbox 645 5378 968 5442; x_wconf 68' lang='lat' dir='ltr'><strong>prmeeptum</strong></span> <span class='ocrx_word' id='word_1_467' title='bbox 995 5387 1102 5432; x_wconf 80' lang='lat' dir='ltr'><strong>non</strong></span> <span class='ocrx_word' id='word_1_468' title='bbox 1143 5376 1322 5445; x_wconf 86' lang='lat' dir='ltr'><strong>utique</strong></span> <span class='ocrx_word' id='word_1_469' title='bbox 1347 5377 1611 5437; x_wconf 75' lang='lat' dir='ltr'><strong>iaciebant</strong></span> <span class='ocrx_word' id='word_1_470' title='bbox 1646 5381 1717 5440; x_wconf 85' lang='lat' dir='ltr'><strong>de</strong></span> <span class='ocrx_word' id='word_1_471' title='bbox 1745 5385 1935 5452; x_wconf 84' lang='lat' dir='ltr'><strong>quibus</strong></span> <span class='ocrx_word' id='word_1_472' title='bbox 1972 5388 2060 5442; x_wconf 81' lang='lat' dir='ltr'><strong>di-</strong></span> 
     </span>
    </p>
   </div>
   <div class='ocr_carea' id='block_1_55' title="bbox 471 5461 2061 5550">
    <p class='ocr_par' dir='ltr' id='par_1_55' title="bbox 471 5461 2061 5550">
     <span class='ocr_line' id='line_1_55' title="bbox 471 5461 2061 5550; baseline 0.014 -36"><span class='ocrx_word' id='word_1_473' title='bbox 471 5466 617 5518; x_wconf 79' lang='lat' dir='ltr'><strong>enim</strong></span> <span class='ocrx_word' id='word_1_474' title='bbox 657 5471 760 5530; x_wconf 85' lang='lat' dir='ltr'><strong>est,</strong></span> <span class='ocrx_word' id='word_1_475' title='bbox 790 5461 914 5520; x_wconf 84' lang='lat' dir='ltr'><strong>Non</strong></span> <span class='ocrx_word' id='word_1_476' title='bbox 941 5473 1013 5521; x_wconf 85' lang='lat' dir='ltr'><strong>cst</strong></span> <span class='ocrx_word' id='word_1_477' title='bbox 1040 5467 1126 5537; x_wconf 83' lang='lat' dir='ltr'><strong>qui</strong></span> <span class='ocrx_word' id='word_1_478' title='bbox 1165 5468 1322 5538; x_wconf 84' lang='lat' dir='ltr'><strong>faciat</strong></span> <span class='ocrx_word' id='word_1_479' title='bbox 1345 5469 1552 5542; x_wconf 81' lang='lat' dir='ltr'><strong>bonum,</strong></span> <span class='ocrx_word' id='word_1_480' title='bbox 1579 5491 1682 5531; x_wconf 83' lang='lat' dir='ltr'><strong>nou</strong></span> <span class='ocrx_word' id='word_1_481' title='bbox 1702 5485 1779 5532; x_wconf 79' lang='lat' dir='ltr'><strong>est</strong></span> <span class='ocrx_word' id='word_1_482' title='bbox 1815 5495 1970 5550; x_wconf 75' lang='lat' dir='ltr'><strong>usque</strong></span> <span class='ocrx_word' id='word_1_483' title='bbox 1990 5481 2061 5535; x_wconf 74' lang='lat' dir='ltr'><strong>ad</strong></span> 
     </span>
    </p>
   </div>
   <div class='ocr_carea' id='block_1_56' title="bbox 469 5657 2057 5783">
    <p class='ocr_par' dir='ltr' id='par_1_56' title="bbox 469 5657 2057 5783">
     <span class='ocr_line' id='line_1_56' title="bbox 469 5657 2057 5783; baseline 0.012 -73"><span class='ocrx_word' id='word_1_484' title='bbox 741 5669 842 5713; x_wconf 82' lang='lat' dir='ltr'><strong>Hoc</strong></span> <span class='ocrx_word' id='word_1_485' title='bbox 875 5662 1225 5729; x_wconf 74' lang='lat' dir='ltr'><strong>testinnttiatm;</strong></span> <span class='ocrx_word' id='word_1_486' title='bbox 1253 5669 1449 5732; x_wconf 84' lang='lat' dir='ltr'><strong>omisso,</strong></span> <span class='ocrx_word' id='word_1_487' title='bbox 1484 5675 1546 5734; x_wconf 83' lang='lat' dir='ltr'><strong>et,</strong></span> <span class='ocrx_word' id='word_1_488' title='bbox 1581 5673 1710 5736; x_wconf 88' lang='lat' dir='ltr'><strong>quod</strong></span> <span class='ocrx_word' id='word_1_489' title='bbox 1741 5673 1925 5727; x_wconf 83' lang='lat' dir='ltr'><strong>habent</strong></span> <span class='ocrx_word' id='word_1_490' title='bbox 1956 5692 2057 5730; x_wconf 88' lang='lat' dir='ltr'><strong>ma-</strong></span> 
     </span>
    </p>
   </div>
   <div class='ocr_carea' id='block_1_57' title="bbox 536 5782 2055 5870">
    <p class='ocr_par' dir='ltr' id='par_1_57' title="bbox 536 5782 2055 5870">
     <span class='ocr_line' id='line_1_57' title="bbox 536 5782 2055 5870; baseline 0.001 -18"><span class='ocrx_word' id='word_1_491' title='bbox 536 5782 706 5870; x_wconf 45' lang='lat' dir='ltr'><strong>:‘UPES</strong></span> <span class='ocrx_word' id='word_1_492' title='bbox 722 5787 1166 5870; x_wconf 51' lang='lat' dir='ltr'><strong>fegmngmg.</strong></span> <span class='ocrx_word' id='word_1_493' title='bbox 1187 5791 1537 5858; x_wconf 53' lang='lat' dir='ltr'><strong>Nemeaeum.</strong></span> <span class='ocrx_word' id='word_1_494' title='bbox 1555 5793 1728 5850; x_wconf 81' lang='lat' dir='ltr'><strong>Plures</strong></span> <span class='ocrx_word' id='word_1_495' title='bbox 1741 5805 2055 5870; x_wconf 69' lang='lat' dir='ltr'><strong>manuscript!</strong></span> 
     </span>
    </p>
   </div>
   <div class='ocr_carea' id='block_1_58' title="bbox 464 5849 1171 5929">
    <p class='ocr_par' dir='ltr' id='par_1_58' title="bbox 464 5849 1171 5929">
     <span class='ocr_line' id='line_1_58' title="bbox 464 5849 1171 5929; baseline 0.017 -34"><span class='ocrx_word' id='word_1_496' title='bbox 464 5852 581 5929; x_wconf 76' lang='lat' dir='ltr'><strong>eum</strong></span> <span class='ocrx_word' id='word_1_497' title='bbox 599 5852 704 5899; x_wconf 72' lang='lat' dir='ltr'><strong>sm.</strong></span> <span class='ocrx_word' id='word_1_498' title='bbox 727 5854 778 5902; x_wconf 83' lang='lat' dir='ltr'><strong>et</strong></span> <span class='ocrx_word' id='word_1_499' title='bbox 794 5853 888 5914; x_wconf 65' lang='lat' dir='ltr'><strong>En,</strong></span> <span class='ocrx_word' id='word_1_500' title='bbox 907 5849 1171 5915; x_wconf 72' lang='lat' dir='ltr'><strong>probatum.</strong></span> 
     </span>
    </p>
   </div>
   <div class='ocr_carea' id='block_1_59' title="bbox 1716 371 2522 437">
    <p class='ocr_par' dir='ltr' id='par_1_59' title="bbox 1716 371 2522 437">
     <span class='ocr_line' id='line_1_59' title="bbox 1716 371 2522 437; baseline -0.002 -1"><span class='ocrx_word' id='word_1_501' title='bbox 1716 377 1774 436; x_wconf 76' lang='grc' dir='ltr'><strong>Β.</strong></span> <span class='ocrx_word' id='word_1_502' title='bbox 1813 371 2184 436; x_wconf 66' lang='lat' dir='ltr'><strong>AUGUSH’INT</strong></span> <span class='ocrx_word' id='word_1_503' title='bbox 2219 377 2522 437; x_wconf 82' lang='lat' dir='ltr'><strong>EPISCOPI</strong></span> 
     </span>
    </p>
   </div>
   <div class='ocr_carea' id='block_1_60' title="bbox 2165 491 3811 566">
    <p class='ocr_par' dir='ltr' id='par_1_60' title="bbox 2165 491 3811 566">
     <span class='ocr_line' id='line_1_60' title="bbox 2165 491 3811 566; baseline 0.007 -21"><span class='ocrx_word' id='word_1_504' title='bbox 2165 507 2168 510; x_wconf 66' lang='lat'><strong><em>&#39;</em></strong></span> <span class='ocrx_word' id='word_1_505' title='bbox 2213 507 2388 546; x_wconf 82' lang='lat' dir='ltr'><strong>unum.</strong></span> <span class='ocrx_word' id='word_1_506' title='bbox 2429 491 2518 548; x_wconf 80' lang='lat' dir='ltr'><strong>Ait</strong></span> <span class='ocrx_word' id='word_1_507' title='bbox 2545 493 2703 548; x_wconf 87' lang='lat' dir='ltr'><strong>etiam</strong></span> <span class='ocrx_word' id='word_1_508' title='bbox 2747 494 2952 552; x_wconf 69' lang='lat' dir='ltr'><strong>dixisse</strong></span> <span class='ocrx_word' id='word_1_509' title='bbox 2997 505 3238 552; x_wconf 86' lang='lat' dir='ltr'><strong>sanctum</strong></span> <span class='ocrx_word' id='word_1_510' title='bbox 3279 497 3526 566; x_wconf 77' lang='lat' dir='ltr'><strong>Tobiam,</strong></span> <span class='ocrx_word' id='word_1_511' title='bbox 3560 496 3695 556; x_wconf 78' lang='lat' dir='ltr'><strong>Noli</strong></span> <span class='ocrx_word' id='word_1_512' title='bbox 3731 502 3811 556; x_wconf 84' lang='lat' dir='ltr'><strong>ti-</strong></span> 
     </span>
    </p>
   </div>
   <div class='ocr_carea' id='block_1_61' title="bbox 2213 576 3810 662">
    <p class='ocr_par' dir='ltr' id='par_1_61' title="bbox 2213 576 3810 662">
     <span class='ocr_line' id='line_1_61' title="bbox 2213 576 3810 662; baseline 0.008 -25"><span class='ocrx_word' id='word_1_513' title='bbox 2213 576 2365 651; x_wconf 81' lang='lat' dir='ltr'><strong>mere,</strong></span> <span class='ocrx_word' id='word_1_514' title='bbox 2400 586 2476 654; x_wconf 84' lang='lat' dir='ltr'><strong>fili</strong></span> <span class='ocrx_word' id='word_1_515' title='bbox 2497 603 2518 650; x_wconf 88' lang='lat'><strong><em>;</em></strong></span> <span class='ocrx_word' id='word_1_516' title='bbox 2556 605 2822 658; x_wconf 78' lang='lat' dir='ltr'><strong>pauperem</strong></span> <span class='ocrx_word' id='word_1_517' title='bbox 2868 589 3020 643; x_wconf 79' lang='lat' dir='ltr'><strong>vitam</strong></span> <span class='ocrx_word' id='word_1_518' title='bbox 3059 593 3297 662; x_wconf 84' lang='lat' dir='ltr'><strong>gerimus,</strong></span> <span class='ocrx_word' id='word_1_519' title='bbox 3338 594 3427 648; x_wconf 85' lang='lat' dir='ltr'><strong>sed</strong></span> <span class='ocrx_word' id='word_1_520' title='bbox 3468 595 3628 649; x_wconf 87' lang='lat' dir='ltr'><strong>multa</strong></span> <span class='ocrx_word' id='word_1_521' title='bbox 3667 593 3810 658; x_wconf 64' lang='lat' dir='ltr'><strong>bona</strong></span> 
     </span>
    </p>
   </div>
   <div class='ocr_carea' id='block_1_62' title="bbox 2211 672 3810 744">
    <p class='ocr_par' dir='ltr' id='par_1_62' title="bbox 2211 672 3810 744">
     <span class='ocr_line' id='line_1_62' title="bbox 2211 672 3810 744; baseline 0.011 -18"><span class='ocrx_word' id='word_1_522' title='bbox 2211 672 2519 744; x_wconf 73' lang='lat' dir='ltr'><strong>habebimus,</strong></span> <span class='ocrx_word' id='word_1_523' title='bbox 2540 677 2585 732; x_wconf 87' lang='lat' dir='ltr'><strong>si</strong></span> <span class='ocrx_word' id='word_1_524' title='bbox 2606 678 2915 733; x_wconf 83' lang='lat' dir='ltr'><strong>timuerimus</strong></span> <span class='ocrx_word' id='word_1_525' title='bbox 2939 678 3117 744; x_wconf 83' lang='lat' dir='ltr'><strong>Deum,</strong></span> <span class='ocrx_word' id='word_1_526' title='bbox 3143 690 3188 735; x_wconf 84' lang='lat' dir='ltr'><strong>et</strong></span> <span class='ocrx_word' id='word_1_527' title='bbox 3208 685 3554 740; x_wconf 77' lang='lat' dir='ltr'><strong>recesserimus</strong></span> <span class='ocrx_word' id='word_1_528' title='bbox 3576 687 3640 741; x_wconf 90' lang='lat' dir='ltr'><strong>ab</strong></span> <span class='ocrx_word' id='word_1_529' title='bbox 3661 687 3810 744; x_wconf 67' lang='lat' dir='ltr'><strong>omni</strong></span> 
     </span>
    </p>
   </div>
   <div class='ocr_carea' id='block_1_63' title="bbox 2210 771 3811 850">
    <p class='ocr_par' dir='ltr' id='par_1_63' title="bbox 2210 771 3811 850">
     <span class='ocr_line' id='line_1_63' title="bbox 2210 771 3811 850; baseline 0.01 -31"><span class='ocrx_word' id='word_1_530' title='bbox 2210 777 2433 837; x_wconf 80' lang='lat' dir='ltr'><strong>peccato,</strong></span> <span class='ocrx_word' id='word_1_531' title='bbox 2476 777 2522 823; x_wconf 89' lang='lat' dir='ltr'><strong>et</strong></span> <span class='ocrx_word' id='word_1_532' title='bbox 2565 771 2826 842; x_wconf 84' lang='lat' dir='ltr'><strong>fecerimus</strong></span> <span class='ocrx_word' id='word_1_533' title='bbox 2863 771 2992 826; x_wconf 88' lang='lat' dir='ltr'><strong>bona</strong></span> <span class='ocrx_word' id='word_1_534' title='bbox 3032 773 3183 842; x_wconf 86' lang='lat' dir='ltr'><strong>(Tob.</strong></span> <span class='ocrx_word' id='word_1_535' title='bbox 3232 791 3304 841; x_wconf 83' lang='lat' dir='ltr'><strong>Iv,</strong></span> <span class='ocrx_word' id='word_1_536' title='bbox 3345 775 3466 850; x_wconf 72' lang='lat'><strong>25).</strong></span> <span class='ocrx_word' id='word_1_537' title='bbox 3508 777 3811 837; x_wconf 75' lang='lat' dir='ltr'><strong>Verissime</strong></span> 
     </span>
    </p>
   </div>
   <div class='ocr_carea' id='block_1_64' title="bbox 2211 861 3808 931">
    <p class='ocr_par' dir='ltr' id='par_1_64' title="bbox 2211 861 3808 931">
     <span class='ocr_line' id='line_1_64' title="bbox 2211 861 3808 931; baseline 0.011 -19"><span class='ocrx_word' id='word_1_538' title='bbox 2211 867 2336 914; x_wconf 89' lang='lat' dir='ltr'><strong>tunc</strong></span> <span class='ocrx_word' id='word_1_539' title='bbox 2376 869 2535 915; x_wconf 86' lang='lat' dir='ltr'><strong>erunt</strong></span> <span class='ocrx_word' id='word_1_540' title='bbox 2580 861 2782 917; x_wconf 87' lang='lat' dir='ltr'><strong>homini</strong></span> <span class='ocrx_word' id='word_1_541' title='bbox 2826 866 2990 921; x_wconf 90' lang='lat' dir='ltr'><strong>multa</strong></span> <span class='ocrx_word' id='word_1_542' title='bbox 3026 865 3186 931; x_wconf 87' lang='lat' dir='ltr'><strong>bona,</strong></span> <span class='ocrx_word' id='word_1_543' title='bbox 3231 882 3351 922; x_wconf 89' lang='lat' dir='ltr'><strong>cum</strong></span> <span class='ocrx_word' id='word_1_544' title='bbox 3399 873 3688 927; x_wconf 87' lang='lat' dir='ltr'><strong>recesserit</strong></span> <span class='ocrx_word' id='word_1_545' title='bbox 3731 871 3808 930; x_wconf 84' lang='lat' dir='ltr'><strong>ab</strong></span> 
     </span>
    </p>
   </div>
   <div class='ocr_carea' id='block_1_65' title="bbox 2207 951 3798 1030">
    <p class='ocr_par' dir='ltr' id='par_1_65' title="bbox 2207 951 3798 1030">
     <span class='ocr_line' id='line_1_65' title="bbox 2207 951 3798 1030; baseline 0.01 -27"><span class='ocrx_word' id='word_1_546' title='bbox 2207 951 2354 1005; x_wconf 88' lang='lat' dir='ltr'><strong>omni</strong></span> <span class='ocrx_word' id='word_1_547' title='bbox 2381 962 2619 1021; x_wconf 86' lang='lat' dir='ltr'><strong>peccato.</strong></span> <span class='ocrx_word' id='word_1_548' title='bbox 2661 954 2810 1010; x_wconf 89' lang='lat' dir='ltr'><strong>Tunc</strong></span> <span class='ocrx_word' id='word_1_549' title='bbox 2837 957 2977 1010; x_wconf 90' lang='lat' dir='ltr'><strong>enim</strong></span> <span class='ocrx_word' id='word_1_550' title='bbox 2999 957 3044 1011; x_wconf 92' lang='lat' dir='ltr'><strong>ei</strong></span> <span class='ocrx_word' id='word_1_551' title='bbox 3070 958 3212 1013; x_wconf 86' lang='lat' dir='ltr'><strong>nulla</strong></span> <span class='ocrx_word' id='word_1_552' title='bbox 3239 968 3394 1014; x_wconf 91' lang='lat' dir='ltr'><strong>erunt</strong></span> <span class='ocrx_word' id='word_1_553' title='bbox 3421 961 3578 1030; x_wconf 86' lang='lat' dir='ltr'><strong>mala,</strong></span> <span class='ocrx_word' id='word_1_554' title='bbox 3603 971 3798 1020; x_wconf 85' lang='lat' dir='ltr'><strong>utnon</strong></span> 
     </span>
    </p>
   </div>
   <div class='ocr_carea' id='block_1_66' title="bbox 2202 1041 3800 1125">
    <p class='ocr_par' dir='ltr' id='par_1_66' title="bbox 2202 1041 3800 1125">
     <span class='ocr_line' id='line_1_66' title="bbox 2202 1041 3800 1125; baseline 0.009 -30"><span class='ocrx_word' id='word_1_555' title='bbox 2202 1053 2343 1111; x_wconf 83' lang='lat' dir='ltr'><strong>opus</strong></span> <span class='ocrx_word' id='word_1_556' title='bbox 2371 1041 2561 1098; x_wconf 84' lang='lat' dir='ltr'><strong>habeat</strong></span> <span class='ocrx_word' id='word_1_557' title='bbox 2587 1043 2788 1113; x_wconf 86' lang='lat' dir='ltr'><strong>dicere,</strong></span> <span class='ocrx_word' id='word_1_558' title='bbox 2819 1044 2998 1101; x_wconf 82' lang='lat' dir='ltr'><strong>Libera</strong></span> <span class='ocrx_word' id='word_1_559' title='bbox 3017 1063 3109 1102; x_wconf 86' lang='lat' dir='ltr'><strong>nos</strong></span> <span class='ocrx_word' id='word_1_560' title='bbox 3128 1065 3161 1101; x_wconf 89' lang='lat' dir='ltr'><strong>a</strong></span> <span class='ocrx_word' id='word_1_561' title='bbox 3184 1049 3321 1104; x_wconf 83' lang='lat' dir='ltr'><strong>malo</strong></span> <span class='ocrx_word' id='word_1_562' title='bbox 3336 1049 3548 1122; x_wconf 76' lang='lat' dir='ltr'><strong>(Matth.</strong></span> <span class='ocrx_word' id='word_1_563' title='bbox 3571 1068 3646 1118; x_wconf 76' lang='lat' dir='ltr'><strong>Vt,</strong></span> <span class='ocrx_word' id='word_1_564' title='bbox 3679 1055 3800 1125; x_wconf 74' lang='grc'><strong>15).</strong></span> 
     </span>
    </p>
   </div>
   <div class='ocr_carea' id='block_1_67' title="bbox 2203 1133 3808 1211">
    <p class='ocr_par' dir='ltr' id='par_1_67' title="bbox 2203 1133 3808 1211">
     <span class='ocr_line' id='line_1_67' title="bbox 2203 1133 3808 1211; baseline 0.009 -23"><span class='ocrx_word' id='word_1_565' title='bbox 2203 1133 2458 1199; x_wconf 80' lang='lat' dir='ltr'><strong>Quamvis</strong></span> <span class='ocrx_word' id='word_1_566' title='bbox 2486 1145 2542 1191; x_wconf 86' lang='lat' dir='ltr'><strong>et</strong></span> <span class='ocrx_word' id='word_1_567' title='bbox 2565 1153 2706 1193; x_wconf 92' lang='lat' dir='ltr'><strong>nunc</strong></span> <span class='ocrx_word' id='word_1_568' title='bbox 2729 1140 2902 1194; x_wconf 91' lang='lat' dir='ltr'><strong>omnis</strong></span> <span class='ocrx_word' id='word_1_569' title='bbox 2930 1141 3023 1211; x_wconf 90' lang='lat' dir='ltr'><strong>qui</strong></span> <span class='ocrx_word' id='word_1_570' title='bbox 3064 1133 3294 1211; x_wconf 83' lang='lat' dir='ltr'><strong>proiicit,</strong></span> <span class='ocrx_word' id='word_1_571' title='bbox 3325 1153 3468 1200; x_wconf 86' lang='lat' dir='ltr'><strong>recta</strong></span> <span class='ocrx_word' id='word_1_572' title='bbox 3499 1144 3808 1203; x_wconf 84' lang='lat' dir='ltr'><strong>intentione</strong></span> 
     </span>
    </p>
   </div>
   <div class='ocr_carea' id='block_1_68' title="bbox 2204 1226 3828 1302">
    <p class='ocr_par' dir='ltr' id='par_1_68' title="bbox 2204 1226 3828 1302">
     <span class='ocr_line' id='line_1_68' title="bbox 2204 1226 3828 1302; baseline 0.009 -23"><span class='ocrx_word' id='word_1_573' title='bbox 2204 1226 2512 1295; x_wconf 71' lang='lat' dir='ltr'><strong>proﬁciens,</strong></span> <span class='ocrx_word' id='word_1_574' title='bbox 2542 1229 2742 1284; x_wconf 82' lang='lat' dir='ltr'><strong>recedit</strong></span> <span class='ocrx_word' id='word_1_575' title='bbox 2784 1231 2852 1286; x_wconf 91' lang='lat' dir='ltr'><strong>ab</strong></span> <span class='ocrx_word' id='word_1_576' title='bbox 2880 1231 3025 1287; x_wconf 89' lang='lat' dir='ltr'><strong>omni</strong></span> <span class='ocrx_word' id='word_1_577' title='bbox 3050 1242 3292 1302; x_wconf 87' lang='lat' dir='ltr'><strong>peccato,</strong></span> <span class='ocrx_word' id='word_1_578' title='bbox 3322 1245 3377 1290; x_wconf 90' lang='lat' dir='ltr'><strong>et</strong></span> <span class='ocrx_word' id='word_1_579' title='bbox 3415 1245 3560 1292; x_wconf 91' lang='lat' dir='ltr'><strong>tanto</strong></span> <span class='ocrx_word' id='word_1_580' title='bbox 3589 1237 3714 1294; x_wconf 91' lang='lat' dir='ltr'><strong>inde</strong></span> <span class='ocrx_word' id='word_1_581' title='bbox 3739 1239 3828 1294; x_wconf 77' lang='lat' dir='ltr'><strong>{it‘</strong></span> 
     </span>
    </p>
   </div>
   <div class='ocr_carea' id='block_1_69' title="bbox 2201 1317 3806 1404">
    <p class='ocr_par' dir='ltr' id='par_1_69' title="bbox 2201 1317 3806 1404">
     <span class='ocr_line' id='line_1_69' title="bbox 2201 1317 3806 1404; baseline 0.009 -33"><span class='ocrx_word' id='word_1_582' title='bbox 2201 1317 2561 1391; x_wconf 72' lang='lat' dir='ltr'><strong>ionginquior,</strong></span> <span class='ocrx_word' id='word_1_583' title='bbox 2585 1332 2783 1392; x_wconf 85' lang='lat' dir='ltr'><strong>quanto</strong></span> <span class='ocrx_word' id='word_1_584' title='bbox 2805 1323 3117 1392; x_wconf 88' lang='lat' dir='ltr'><strong>pleniludini</strong></span> <span class='ocrx_word' id='word_1_585' title='bbox 3133 1325 3354 1396; x_wconf 76' lang='lat' dir='ltr'><strong>justitite</strong></span> <span class='ocrx_word' id='word_1_586' title='bbox 3377 1327 3806 1404; x_wconf 80' lang='lat' dir='ltr'><strong>perfectionique</strong></span> 
     </span>
    </p>
   </div>
   <div class='ocr_carea' id='block_1_70' title="bbox 2203 1411 3803 1488">
    <p class='ocr_par' dir='ltr' id='par_1_70' title="bbox 2203 1411 3803 1488">
     <span class='ocr_line' id='line_1_70' title="bbox 2203 1411 3803 1488; baseline 0.009 -25"><span class='ocrx_word' id='word_1_587' title='bbox 2203 1411 2553 1480; x_wconf 85' lang='lat' dir='ltr'><strong>propinquior</strong></span> <span class='ocrx_word' id='word_1_588' title='bbox 2590 1415 2756 1484; x_wconf 88' lang='lat' dir='ltr'><strong>:quia</strong></span> <span class='ocrx_word' id='word_1_589' title='bbox 2799 1423 2854 1470; x_wconf 91' lang='lat' dir='ltr'><strong>et</strong></span> <span class='ocrx_word' id='word_1_590' title='bbox 2883 1415 2995 1485; x_wconf 87' lang='lat' dir='ltr'><strong>ipsa</strong></span> <span class='ocrx_word' id='word_1_591' title='bbox 3037 1418 3485 1488; x_wconf 82' lang='lat' dir='ltr'><strong>concupiscentia,</strong></span> <span class='ocrx_word' id='word_1_592' title='bbox 3535 1421 3675 1487; x_wconf 89' lang='lat' dir='ltr'><strong>quod</strong></span> <span class='ocrx_word' id='word_1_593' title='bbox 3707 1429 3803 1476; x_wconf 81' lang='lat' dir='ltr'><strong>est</strong></span> 
     </span>
    </p>
   </div>
   <div class='ocr_carea' id='block_1_71' title="bbox 2205 1503 3803 1575">
    <p class='ocr_par' dir='ltr' id='par_1_71' title="bbox 2205 1503 3803 1575">
     <span class='ocr_line' id='line_1_71' title="bbox 2205 1503 3803 1575; baseline 0.008 -19"><span class='ocrx_word' id='word_1_594' title='bbox 2205 1511 2482 1572; x_wconf 86' lang='lat' dir='ltr'><strong>peccatum</strong></span> <span class='ocrx_word' id='word_1_595' title='bbox 2509 1503 2755 1560; x_wconf 86' lang='lat' dir='ltr'><strong>habitans</strong></span> <span class='ocrx_word' id='word_1_596' title='bbox 2784 1506 2835 1560; x_wconf 90' lang='lat' dir='ltr'><strong>in</strong></span> <span class='ocrx_word' id='word_1_597' title='bbox 2863 1521 3024 1563; x_wconf 89' lang='lat' dir='ltr'><strong>carne</strong></span> <span class='ocrx_word' id='word_1_598' title='bbox 3051 1519 3254 1575; x_wconf 85' lang='lat' dir='ltr'><strong>nostra,</strong></span> <span class='ocrx_word' id='word_1_599' title='bbox 3283 1510 3382 1564; x_wconf 83' lang='lat' dir='ltr'><strong>etsi</strong></span> <span class='ocrx_word' id='word_1_600' title='bbox 3412 1521 3588 1566; x_wconf 89' lang='lat' dir='ltr'><strong>manet</strong></span> <span class='ocrx_word' id='word_1_601' title='bbox 3616 1511 3803 1569; x_wconf 85' lang='lat' dir='ltr'><strong>adhuc</strong></span> 
     </span>
    </p>
   </div>
   <div class='ocr_carea' id='block_1_72' title="bbox 2203 1593 3802 1667">
    <p class='ocr_par' dir='ltr' id='par_1_72' title="bbox 2203 1593 3802 1667">
     <span class='ocr_line' id='line_1_72' title="bbox 2203 1593 3802 1667; baseline 0.006 -18"><span class='ocrx_word' id='word_1_602' title='bbox 2203 1593 2259 1649; x_wconf 87' lang='lat' dir='ltr'><strong>in</strong></span> <span class='ocrx_word' id='word_1_603' title='bbox 2302 1596 2569 1650; x_wconf 82' lang='lat' dir='ltr'><strong>membris</strong></span> <span class='ocrx_word' id='word_1_604' title='bbox 2595 1598 2931 1667; x_wconf 85' lang='lat' dir='ltr'><strong>mortalibus,</strong></span> <span class='ocrx_word' id='word_1_605' title='bbox 2977 1600 3142 1654; x_wconf 91' lang='lat' dir='ltr'><strong>minui</strong></span> <span class='ocrx_word' id='word_1_606' title='bbox 3175 1611 3351 1656; x_wconf 89' lang='lat' dir='ltr'><strong>tamen</strong></span> <span class='ocrx_word' id='word_1_607' title='bbox 3381 1617 3486 1656; x_wconf 90' lang='lat' dir='ltr'><strong>non</strong></span> <span class='ocrx_word' id='word_1_608' title='bbox 3513 1602 3710 1658; x_wconf 88' lang='lat' dir='ltr'><strong>desinit</strong></span> <span class='ocrx_word' id='word_1_609' title='bbox 3739 1605 3802 1660; x_wconf 88' lang='lat' dir='ltr'><strong>in</strong></span> 
     </span>
    </p>
   </div>
   <div class='ocr_carea' id='block_1_73' title="bbox 2203 1687 3803 1767">
    <p class='ocr_par' dir='ltr' id='par_1_73' title="bbox 2203 1687 3803 1767">
     <span class='ocr_line' id='line_1_73' title="bbox 2203 1687 3803 1767; baseline 0.008 -28"><span class='ocrx_word' id='word_1_610' title='bbox 2203 1687 2620 1754; x_wconf 87' lang='lat' dir='ltr'><strong>prolicientibus.</strong></span> <span class='ocrx_word' id='word_1_611' title='bbox 2661 1687 2819 1744; x_wconf 83' lang='lat' dir='ltr'><strong>Aliud</strong></span> <span class='ocrx_word' id='word_1_612' title='bbox 2846 1698 2930 1746; x_wconf 89' lang='lat' dir='ltr'><strong>est</strong></span> <span class='ocrx_word' id='word_1_613' title='bbox 2952 1706 3101 1761; x_wconf 82' lang='lat' dir='ltr'><strong>ergo,</strong></span> <span class='ocrx_word' id='word_1_614' title='bbox 3131 1693 3382 1748; x_wconf 89' lang='lat' dir='ltr'><strong>recedere</strong></span> <span class='ocrx_word' id='word_1_615' title='bbox 3403 1693 3471 1748; x_wconf 91' lang='lat' dir='ltr'><strong>ab</strong></span> <span class='ocrx_word' id='word_1_616' title='bbox 3494 1699 3638 1750; x_wconf 91' lang='lat' dir='ltr'><strong>omni</strong></span> <span class='ocrx_word' id='word_1_617' title='bbox 3671 1712 3803 1767; x_wconf 79' lang='lat' dir='ltr'><strong>pec-</strong></span> 
     </span>
    </p>
   </div>
   <div class='ocr_carea' id='block_1_74' title="bbox 2202 1778 3800 1852">
    <p class='ocr_par' dir='ltr' id='par_1_74' title="bbox 2202 1778 3800 1852">
     <span class='ocr_line' id='line_1_74' title="bbox 2202 1778 3800 1852; baseline 0.01 -22"><span class='ocrx_word' id='word_1_618' title='bbox 2202 1786 2343 1844; x_wconf 86' lang='lat' dir='ltr'><strong>cato,</strong></span> <span class='ocrx_word' id='word_1_619' title='bbox 2388 1778 2531 1847; x_wconf 90' lang='lat' dir='ltr'><strong>quod</strong></span> <span class='ocrx_word' id='word_1_620' title='bbox 2576 1794 2717 1835; x_wconf 88' lang='lat' dir='ltr'><strong>nunc</strong></span> <span class='ocrx_word' id='word_1_621' title='bbox 2745 1781 2800 1836; x_wconf 89' lang='lat' dir='ltr'><strong>in</strong></span> <span class='ocrx_word' id='word_1_622' title='bbox 2829 1797 2992 1852; x_wconf 82' lang='lat' dir='ltr'><strong>Opere</strong></span> <span class='ocrx_word' id='word_1_623' title='bbox 3032 1791 3153 1849; x_wconf 89' lang='lat' dir='ltr'><strong>est;</strong></span> <span class='ocrx_word' id='word_1_624' title='bbox 3199 1784 3365 1850; x_wconf 89' lang='lat' dir='ltr'><strong>aliud,</strong></span> <span class='ocrx_word' id='word_1_625' title='bbox 3409 1787 3694 1844; x_wconf 86' lang='lat' dir='ltr'><strong>recessisse</strong></span> <span class='ocrx_word' id='word_1_626' title='bbox 3724 1790 3800 1846; x_wconf 87' lang='lat' dir='ltr'><strong>ab</strong></span> 
     </span>
    </p>
   </div>
   <div class='ocr_carea' id='block_1_75' title="bbox 2200 1871 3798 1946">
    <p class='ocr_par' dir='ltr' id='par_1_75' title="bbox 2200 1871 3798 1946">
     <span class='ocr_line' id='line_1_75' title="bbox 2200 1871 3798 1946; baseline 0.009 -24"><span class='ocrx_word' id='word_1_627' title='bbox 2200 1871 2345 1923; x_wconf 82' lang='grc' dir='ltr'><strong>οηιηὶ</strong></span> <span class='ocrx_word' id='word_1_628' title='bbox 2382 1879 2622 1940; x_wconf 87' lang='lat' dir='ltr'><strong>peccato,</strong></span> <span class='ocrx_word' id='word_1_629' title='bbox 2653 1872 2798 1943; x_wconf 89' lang='lat' dir='ltr'><strong>quod</strong></span> <span class='ocrx_word' id='word_1_630' title='bbox 2823 1875 2876 1928; x_wconf 91' lang='lat' dir='ltr'><strong>in</strong></span> <span class='ocrx_word' id='word_1_631' title='bbox 2907 1874 2994 1930; x_wconf 88' lang='lat' dir='ltr'><strong>illa</strong></span> <span class='ocrx_word' id='word_1_632' title='bbox 3024 1873 3353 1946; x_wconf 77' lang='lat' dir='ltr'><strong>perfectione</strong></span> <span class='ocrx_word' id='word_1_633' title='bbox 3380 1886 3508 1934; x_wconf 89' lang='lat' dir='ltr'><strong>tunc</strong></span> <span class='ocrx_word' id='word_1_634' title='bbox 3534 1880 3652 1933; x_wconf 86' lang='lat' dir='ltr'><strong>erit.</strong></span> <span class='ocrx_word' id='word_1_635' title='bbox 3681 1879 3798 1936; x_wconf 84' lang='lat' dir='ltr'><strong>Sed</strong></span> 
     </span>
    </p>
   </div>
   <div class='ocr_carea' id='block_1_76' title="bbox 2202 1966 3796 2038">
    <p class='ocr_par' dir='ltr' id='par_1_76' title="bbox 2202 1966 3796 2038">
     <span class='ocr_line' id='line_1_76' title="bbox 2202 1966 3796 2038; baseline 0.008 -22"><span class='ocrx_word' id='word_1_636' title='bbox 2202 1971 2380 2019; x_wconf 88' lang='lat' dir='ltr'><strong>tamen</strong></span> <span class='ocrx_word' id='word_1_637' title='bbox 2404 1973 2459 2019; x_wconf 91' lang='lat' dir='ltr'><strong>et</strong></span> <span class='ocrx_word' id='word_1_638' title='bbox 2479 1967 2568 2036; x_wconf 91' lang='lat' dir='ltr'><strong>qui</strong></span> <span class='ocrx_word' id='word_1_639' title='bbox 2591 1966 2701 2036; x_wconf 83' lang='lat' dir='ltr'><strong>jam</strong></span> <span class='ocrx_word' id='word_1_640' title='bbox 2731 1968 2970 2035; x_wconf 85' lang='lat' dir='ltr'><strong>recessit,</strong></span> <span class='ocrx_word' id='word_1_641' title='bbox 3002 1977 3060 2022; x_wconf 91' lang='lat' dir='ltr'><strong>et</strong></span> <span class='ocrx_word' id='word_1_642' title='bbox 3083 1969 3171 2038; x_wconf 86' lang='lat' dir='ltr'><strong>qui</strong></span> <span class='ocrx_word' id='word_1_643' title='bbox 3213 1969 3385 2026; x_wconf 81' lang='lat' dir='ltr'><strong>adimo</strong></span> <span class='ocrx_word' id='word_1_644' title='bbox 3432 1971 3649 2037; x_wconf 87' lang='lat' dir='ltr'><strong>recedit,</strong></span> <span class='ocrx_word' id='word_1_645' title='bbox 3682 1989 3796 2028; x_wconf 78' lang='lat' dir='ltr'><strong>non</strong></span> 
     </span>
    </p>
   </div>
   <div class='ocr_carea' id='block_1_77' title="bbox 2200 2056 3797 2132">
    <p class='ocr_par' dir='ltr' id='par_1_77' title="bbox 2200 2056 3797 2132">
     <span class='ocr_line' id='line_1_77' title="bbox 2200 2056 3797 2132; baseline 0.007 -24"><span class='ocrx_word' id='word_1_646' title='bbox 2200 2064 2282 2109; x_wconf 84' lang='lat' dir='ltr'><strong>est</strong></span> <span class='ocrx_word' id='word_1_647' title='bbox 2305 2056 2578 2124; x_wconf 76' lang='lat' dir='ltr'><strong>negandus</strong></span> <span class='ocrx_word' id='word_1_648' title='bbox 2615 2057 2794 2112; x_wconf 82' lang='lat' dir='ltr'><strong>facere</strong></span> <span class='ocrx_word' id='word_1_649' title='bbox 2833 2058 3053 2113; x_wconf 91' lang='lat' dir='ltr'><strong>bonum.</strong></span> <span class='ocrx_word' id='word_1_650' title='bbox 3095 2058 3374 2127; x_wconf 89' lang='lat' dir='ltr'><strong>Quomodo</strong></span> <span class='ocrx_word' id='word_1_651' title='bbox 3418 2076 3546 2132; x_wconf 88' lang='lat' dir='ltr'><strong>ergo</strong></span> <span class='ocrx_word' id='word_1_652' title='bbox 3586 2062 3797 2119; x_wconf 86' lang='lat' dir='ltr'><strong>dictum</strong></span> 
     </span>
    </p>
   </div>
   <div class='ocr_carea' id='block_1_78' title="bbox 2199 2146 3796 2226">
    <p class='ocr_par' dir='ltr' id='par_1_78' title="bbox 2199 2146 3796 2226">
     <span class='ocr_line' id='line_1_78' title="bbox 2199 2146 3796 2226; baseline 0.004 -25"><span class='ocrx_word' id='word_1_653' title='bbox 2199 2156 2300 2212; x_wconf 87' lang='lat' dir='ltr'><strong>est,</strong></span> <span class='ocrx_word' id='word_1_654' title='bbox 2330 2146 2452 2201; x_wconf 86' lang='lat' dir='ltr'><strong>Non</strong></span> <span class='ocrx_word' id='word_1_655' title='bbox 2477 2157 2551 2203; x_wconf 81' lang='lat' dir='ltr'><strong>est</strong></span> <span class='ocrx_word' id='word_1_656' title='bbox 2571 2151 2656 2219; x_wconf 83' lang='lat' dir='ltr'><strong>qui</strong></span> <span class='ocrx_word' id='word_1_657' title='bbox 2679 2150 2833 2218; x_wconf 87' lang='lat' dir='ltr'><strong>faciat</strong></span> <span class='ocrx_word' id='word_1_658' title='bbox 2861 2150 3067 2218; x_wconf 89' lang='lat' dir='ltr'><strong>bonum,</strong></span> <span class='ocrx_word' id='word_1_659' title='bbox 3100 2167 3201 2205; x_wconf 86' lang='lat' dir='ltr'><strong>non</strong></span> <span class='ocrx_word' id='word_1_660' title='bbox 3229 2160 3302 2207; x_wconf 81' lang='lat' dir='ltr'><strong>est</strong></span> <span class='ocrx_word' id='word_1_661' title='bbox 3325 2169 3483 2226; x_wconf 86' lang='lat' dir='ltr'><strong>usque</strong></span> <span class='ocrx_word' id='word_1_662' title='bbox 3507 2155 3575 2207; x_wconf 83' lang='lat' dir='ltr'><strong>ad</strong></span> <span class='ocrx_word' id='word_1_663' title='bbox 3593 2171 3748 2208; x_wconf 87' lang='lat' dir='ltr'><strong>unum</strong></span> <span class='ocrx_word' id='word_1_664' title='bbox 3771 2170 3796 2220; x_wconf 85' lang='lat'><em>;</em></span> 
     </span>
    </p>
   </div>
   <div class='ocr_carea' id='block_1_79' title="bbox 2198 2240 3795 2317">
    <p class='ocr_par' dir='ltr' id='par_1_79' title="bbox 2198 2240 3795 2317">
     <span class='ocr_line' id='line_1_79' title="bbox 2198 2240 3795 2317; baseline 0.006 -24"><span class='ocrx_word' id='word_1_665' title='bbox 2198 2240 2339 2309; x_wconf 87' lang='lat' dir='ltr'><strong>quod</strong></span> <span class='ocrx_word' id='word_1_666' title='bbox 2381 2241 2471 2296; x_wconf 90' lang='lat' dir='ltr'><strong>ille</strong></span> <span class='ocrx_word' id='word_1_667' title='bbox 2511 2244 2810 2312; x_wconf 89' lang='lat' dir='ltr'><strong>proposuit,</strong></span> <span class='ocrx_word' id='word_1_668' title='bbox 2859 2251 2913 2298; x_wconf 89' lang='lat' dir='ltr'><strong>et</strong></span> <span class='ocrx_word' id='word_1_669' title='bbox 2959 2259 3068 2300; x_wconf 90' lang='lat' dir='ltr'><strong>non</strong></span> <span class='ocrx_word' id='word_1_670' title='bbox 3115 2244 3349 2300; x_wconf 88' lang='lat' dir='ltr'><strong>solutum</strong></span> <span class='ocrx_word' id='word_1_671' title='bbox 3397 2246 3609 2317; x_wconf 91' lang='lat' dir='ltr'><strong>reliquit</strong></span> <span class='ocrx_word' id='word_1_672' title='bbox 3639 2265 3654 2303; x_wconf 88' lang='lat'><strong>:</strong></span> <span class='ocrx_word' id='word_1_673' title='bbox 3683 2247 3795 2303; x_wconf 85' lang='lat' dir='ltr'><strong>nisi</strong></span> 
     </span>
    </p>
   </div>
   <div class='ocr_carea' id='block_1_80' title="bbox 2197 2331 3796 2407">
    <p class='ocr_par' dir='ltr' id='par_1_80' title="bbox 2197 2331 3796 2407">
     <span class='ocr_line' id='line_1_80' title="bbox 2197 2331 3796 2407; baseline 0.007 -25"><span class='ocrx_word' id='word_1_674' title='bbox 2197 2331 2319 2399; x_wconf 83' lang='lat' dir='ltr'><strong>quia</strong></span> <span class='ocrx_word' id='word_1_675' title='bbox 2380 2333 2631 2401; x_wconf 88' lang='lat' dir='ltr'><strong>populum</strong></span> <span class='ocrx_word' id='word_1_676' title='bbox 2690 2333 2974 2404; x_wconf 89' lang='lat' dir='ltr'><strong>quemdam</strong></span> <span class='ocrx_word' id='word_1_677' title='bbox 3030 2335 3265 2405; x_wconf 86' lang='lat' dir='ltr'><strong>psalmus</strong></span> <span class='ocrx_word' id='word_1_678' title='bbox 3323 2336 3412 2392; x_wconf 88' lang='lat' dir='ltr'><strong>ille</strong></span> <span class='ocrx_word' id='word_1_679' title='bbox 3467 2339 3679 2407; x_wconf 87' lang='lat' dir='ltr'><strong>culpat,</strong></span> <span class='ocrx_word' id='word_1_680' title='bbox 3734 2339 3796 2394; x_wconf 87' lang='lat' dir='ltr'><strong>in</strong></span> 
     </span>
    </p>
   </div>
   <div class='ocr_carea' id='block_1_81' title="bbox 2197 2425 3794 2502">
    <p class='ocr_par' dir='ltr' id='par_1_81' title="bbox 2197 2425 3794 2502">
     <span class='ocr_line' id='line_1_81' title="bbox 2197 2425 3794 2502; baseline 0.006 -28"><span class='ocrx_word' id='word_1_681' title='bbox 2197 2435 2305 2489; x_wconf 88' lang='lat' dir='ltr'><strong>quo</strong></span> <span class='ocrx_word' id='word_1_682' title='bbox 2349 2435 2450 2476; x_wconf 89' lang='lat' dir='ltr'><strong>nec</strong></span> <span class='ocrx_word' id='word_1_683' title='bbox 2488 2438 2624 2477; x_wconf 87' lang='lat' dir='ltr'><strong>unus</strong></span> <span class='ocrx_word' id='word_1_684' title='bbox 2668 2431 2784 2478; x_wconf 90' lang='lat' dir='ltr'><strong>erat</strong></span> <span class='ocrx_word' id='word_1_685' title='bbox 2829 2425 2919 2502; x_wconf 84' lang='lat' dir='ltr'><strong>qui</strong></span> <span class='ocrx_word' id='word_1_686' title='bbox 2945 2425 3146 2481; x_wconf 80' lang='lat' dir='ltr'><strong>iaceret</strong></span> <span class='ocrx_word' id='word_1_687' title='bbox 3189 2425 3410 2494; x_wconf 83' lang='lat' dir='ltr'><strong>bonum,</strong></span> <span class='ocrx_word' id='word_1_688' title='bbox 3438 2426 3564 2482; x_wconf 90' lang='lat' dir='ltr'><strong>dum</strong></span> <span class='ocrx_word' id='word_1_689' title='bbox 3604 2428 3794 2484; x_wconf 81' lang='lat' dir='ltr'><strong>volunt</strong></span> 
     </span>
    </p>
   </div>
   <div class='ocr_carea' id='block_1_82' title="bbox 2195 2513 3791 2594">
    <p class='ocr_par' dir='ltr' id='par_1_82' title="bbox 2195 2513 3791 2594">
     <span class='ocr_line' id='line_1_82' title="bbox 2195 2513 3791 2594; baseline 0.009 -30"><span class='ocrx_word' id='word_1_690' title='bbox 2195 2525 2472 2566; x_wconf 70' lang='lat' dir='ltr'><strong>remanere</strong></span> <span class='ocrx_word' id='word_1_691' title='bbox 2502 2513 2596 2568; x_wconf 83' lang='lat' dir='ltr'><strong>lilii</strong></span> <span class='ocrx_word' id='word_1_692' title='bbox 2637 2514 3023 2589; x_wconf 30' lang='lat' dir='ltr'><strong>hominumtet</strong></span> <span class='ocrx_word' id='word_1_693' title='bbox 3065 2533 3171 2573; x_wconf 90' lang='lat' dir='ltr'><strong>non</strong></span> <span class='ocrx_word' id='word_1_694' title='bbox 3202 2533 3322 2575; x_wconf 89' lang='lat' dir='ltr'><strong>esse</strong></span> <span class='ocrx_word' id='word_1_695' title='bbox 3349 2517 3441 2574; x_wconf 85' lang='lat' dir='ltr'><strong>ﬁlii</strong></span> <span class='ocrx_word' id='word_1_696' title='bbox 3485 2520 3600 2587; x_wconf 86' lang='lat' dir='ltr'><strong>Dei,</strong></span> <span class='ocrx_word' id='word_1_697' title='bbox 3633 2523 3791 2594; x_wconf 87' lang='lat' dir='ltr'><strong>cujus</strong></span> 
     </span>
    </p>
   </div>
   <div class='ocr_carea' id='block_1_83' title="bbox 2195 2602 3790 2676">
    <p class='ocr_par' dir='ltr' id='par_1_83' title="bbox 2195 2602 3790 2676">
     <span class='ocr_line' id='line_1_83' title="bbox 2195 2602 3790 2676; baseline 0.009 -22"><span class='ocrx_word' id='word_1_698' title='bbox 2195 2602 2361 2672; x_wconf 68' lang='lat' dir='ltr'><strong>gratia</strong></span> <span class='ocrx_word' id='word_1_699' title='bbox 2391 2602 2553 2660; x_wconf 89' lang='lat' dir='ltr'><strong>homo</strong></span> <span class='ocrx_word' id='word_1_700' title='bbox 2583 2606 2641 2660; x_wconf 87' lang='lat' dir='ltr'><strong>lit</strong></span> <span class='ocrx_word' id='word_1_701' title='bbox 2665 2606 2857 2676; x_wconf 85' lang='lat' dir='ltr'><strong>bonus,</strong></span> <span class='ocrx_word' id='word_1_702' title='bbox 2887 2616 2946 2663; x_wconf 91' lang='lat' dir='ltr'><strong>ut</strong></span> <span class='ocrx_word' id='word_1_703' title='bbox 2972 2607 3132 2664; x_wconf 76' lang='lat' dir='ltr'><strong>faciat</strong></span> <span class='ocrx_word' id='word_1_704' title='bbox 3157 2610 3393 2664; x_wconf 76' lang='lat' dir='ltr'><strong>bonum?</strong></span> <span class='ocrx_word' id='word_1_705' title='bbox 3426 2611 3500 2666; x_wconf 89' lang='lat' dir='ltr'><strong>De</strong></span> <span class='ocrx_word' id='word_1_706' title='bbox 3528 2611 3619 2667; x_wconf 79' lang='lat' dir='ltr'><strong>illo</strong></span> <span class='ocrx_word' id='word_1_707' title='bbox 3640 2613 3790 2668; x_wconf 89' lang='lat' dir='ltr'><strong>enim</strong></span> 
     </span>
    </p>
   </div>
   <div class='ocr_carea' id='block_1_84' title="bbox 2197 2693 3792 2771">
    <p class='ocr_par' dir='ltr' id='par_1_84' title="bbox 2197 2693 3792 2771">
     <span class='ocr_line' id='line_1_84' title="bbox 2197 2693 3792 2771; baseline 0.008 -23"><span class='ocrx_word' id='word_1_708' title='bbox 2197 2693 2336 2748; x_wconf 88' lang='lat' dir='ltr'><strong>bono</strong></span> <span class='ocrx_word' id='word_1_709' title='bbox 2359 2695 2562 2750; x_wconf 87' lang='lat' dir='ltr'><strong>dictum</strong></span> <span class='ocrx_word' id='word_1_710' title='bbox 2587 2696 2672 2752; x_wconf 90' lang='lat' dir='ltr'><strong>hic</strong></span> <span class='ocrx_word' id='word_1_711' title='bbox 2695 2697 2952 2754; x_wconf 88' lang='lat' dir='ltr'><strong>debemus</strong></span> <span class='ocrx_word' id='word_1_712' title='bbox 2977 2701 3241 2770; x_wconf 87' lang='lat' dir='ltr'><strong>accipere.</strong></span> <span class='ocrx_word' id='word_1_713' title='bbox 3264 2702 3403 2771; x_wconf 89' lang='lat' dir='ltr'><strong>quod</strong></span> <span class='ocrx_word' id='word_1_714' title='bbox 3426 2703 3498 2758; x_wconf 88' lang='lat' dir='ltr'><strong>ibi</strong></span> <span class='ocrx_word' id='word_1_715' title='bbox 3524 2704 3616 2767; x_wconf 86' lang='lat' dir='ltr'><strong>ait.</strong></span> <span class='ocrx_word' id='word_1_716' title='bbox 3644 2702 3792 2760; x_wconf 85' lang='lat' dir='ltr'><strong>Deus</strong></span> 
     </span>
    </p>
   </div>
   <div class='ocr_carea' id='block_1_85' title="bbox 2194 2785 3790 2862">
    <p class='ocr_par' dir='ltr' id='par_1_85' title="bbox 2194 2785 3790 2862">
     <span class='ocr_line' id='line_1_85' title="bbox 2194 2785 3790 2862; baseline 0.008 -23"><span class='ocrx_word' id='word_1_717' title='bbox 2194 2785 2257 2839; x_wconf 81' lang='lat' dir='ltr'><strong>de</strong></span> <span class='ocrx_word' id='word_1_718' title='bbox 2278 2787 2403 2840; x_wconf 75' lang='lat' dir='ltr'><strong>ctelo</strong></span> <span class='ocrx_word' id='word_1_719' title='bbox 2425 2791 2644 2860; x_wconf 74' lang='lat' dir='ltr'><strong>respexit</strong></span> <span class='ocrx_word' id='word_1_720' title='bbox 2667 2806 2819 2860; x_wconf 84' lang='lat' dir='ltr'><strong>super</strong></span> <span class='ocrx_word' id='word_1_721' title='bbox 2837 2791 2972 2860; x_wconf 84' lang='lat' dir='ltr'><strong>filios</strong></span> <span class='ocrx_word' id='word_1_722' title='bbox 2989 2793 3267 2862; x_wconf 88' lang='lat' dir='ltr'><strong>hominum,</strong></span> <span class='ocrx_word' id='word_1_723' title='bbox 3295 2805 3347 2847; x_wconf 83' lang='lat' dir='ltr'><strong>ut</strong></span> <span class='ocrx_word' id='word_1_724' title='bbox 3360 2794 3523 2849; x_wconf 78' lang='lat' dir='ltr'><strong>videat</strong></span> <span class='ocrx_word' id='word_1_725' title='bbox 3542 2796 3586 2850; x_wconf 88' lang='lat' dir='ltr'><strong>si</strong></span> <span class='ocrx_word' id='word_1_726' title='bbox 3604 2805 3674 2850; x_wconf 87' lang='lat' dir='ltr'><strong>est</strong></span> <span class='ocrx_word' id='word_1_727' title='bbox 3700 2797 3790 2851; x_wconf 82' lang='lat' dir='ltr'><strong>in-</strong></span> 
     </span>
    </p>
   </div>
   <div class='ocr_carea' id='block_1_86' title="bbox 2196 2879 3789 2962">
    <p class='ocr_par' dir='ltr' id='par_1_86' title="bbox 2196 2879 3789 2962">
     <span class='ocr_line' id='line_1_86' title="bbox 2196 2879 3789 2962; baseline 0.009 -31"><span class='ocrx_word' id='word_1_728' title='bbox 2196 2879 2427 2950; x_wconf 84' lang='lat' dir='ltr'><strong>telligens</strong></span> <span class='ocrx_word' id='word_1_729' title='bbox 2445 2892 2535 2935; x_wconf 87' lang='lat' dir='ltr'><strong>aut</strong></span> <span class='ocrx_word' id='word_1_730' title='bbox 2555 2883 2812 2951; x_wconf 84' lang='lat' dir='ltr'><strong>requirens</strong></span> <span class='ocrx_word' id='word_1_731' title='bbox 2830 2883 2993 2939; x_wconf 84' lang='lat' dir='ltr'><strong>Deum</strong></span> <span class='ocrx_word' id='word_1_732' title='bbox 3019 2885 3191 2958; x_wconf 84' lang='lat' dir='ltr'><strong>(Psal.</strong></span> <span class='ocrx_word' id='word_1_733' title='bbox 3213 2903 3327 2952; x_wconf 80' lang='lat' dir='ltr'><strong>xut,</strong></span> <span class='ocrx_word' id='word_1_734' title='bbox 3354 2888 3489 2960; x_wconf 73' lang='grc'><strong>1-5).</strong></span> <span class='ocrx_word' id='word_1_735' title='bbox 3511 2889 3626 2946; x_wconf 83' lang='lat' dir='ltr'><strong>Hoc</strong></span> <span class='ocrx_word' id='word_1_736' title='bbox 3652 2905 3789 2962; x_wconf 79' lang='lat' dir='ltr'><strong>ergo</strong></span> 
     </span>
    </p>
   </div>
   <div class='ocr_carea' id='block_1_87' title="bbox 2191 2971 3788 3053">
    <p class='ocr_par' dir='ltr' id='par_1_87' title="bbox 2191 2971 3788 3053">
     <span class='ocr_line' id='line_1_87' title="bbox 2191 2971 3788 3053; baseline 0.008 -27"><span class='ocrx_word' id='word_1_737' title='bbox 2191 2971 2412 3039; x_wconf 77' lang='lat' dir='ltr'><strong>homno,</strong></span> <span class='ocrx_word' id='word_1_738' title='bbox 2438 2973 2581 3044; x_wconf 81' lang='lat' dir='ltr'><strong>quod</strong></span> <span class='ocrx_word' id='word_1_739' title='bbox 2607 2984 2690 3030; x_wconf 87' lang='lat' dir='ltr'><strong>est</strong></span> <span class='ocrx_word' id='word_1_740' title='bbox 2727 2977 3002 3048; x_wconf 74' lang='lat' dir='ltr'><strong>requirere</strong></span> <span class='ocrx_word' id='word_1_741' title='bbox 3027 2979 3215 3047; x_wconf 89' lang='lat' dir='ltr'><strong>Deum,</strong></span> <span class='ocrx_word' id='word_1_742' title='bbox 3249 2996 3357 3036; x_wconf 90' lang='lat' dir='ltr'><strong>non</strong></span> <span class='ocrx_word' id='word_1_743' title='bbox 3381 2990 3496 3037; x_wconf 84' lang='lat' dir='ltr'><strong>erat</strong></span> <span class='ocrx_word' id='word_1_744' title='bbox 3520 2983 3610 3053; x_wconf 89' lang='lat' dir='ltr'><strong>qui</strong></span> <span class='ocrx_word' id='word_1_745' title='bbox 3637 2983 3788 3040; x_wconf 80' lang='lat' dir='ltr'><strong>face-</strong></span> 
     </span>
    </p>
   </div>
   <div class='ocr_carea' id='block_1_88' title="bbox 2191 3070 3787 3146">
    <p class='ocr_par' dir='ltr' id='par_1_88' title="bbox 2191 3070 3787 3146">
     <span class='ocr_line' id='line_1_88' title="bbox 2191 3070 3787 3146; baseline 0.008 -27"><span class='ocrx_word' id='word_1_746' title='bbox 2191 3073 2294 3130; x_wconf 89' lang='lat' dir='ltr'><strong>ret,</strong></span> <span class='ocrx_word' id='word_1_747' title='bbox 2323 3081 2430 3122; x_wconf 88' lang='lat' dir='ltr'><strong>non</strong></span> <span class='ocrx_word' id='word_1_748' title='bbox 2460 3076 2575 3123; x_wconf 83' lang='lat' dir='ltr'><strong>erat</strong></span> <span class='ocrx_word' id='word_1_749' title='bbox 2599 3085 2765 3140; x_wconf 78' lang='lat' dir='ltr'><strong>usque</strong></span> <span class='ocrx_word' id='word_1_750' title='bbox 2794 3070 2860 3125; x_wconf 87' lang='lat' dir='ltr'><strong>ad</strong></span> <span class='ocrx_word' id='word_1_751' title='bbox 2884 3088 3068 3140; x_wconf 90' lang='lat' dir='ltr'><strong>unum,</strong></span> <span class='ocrx_word' id='word_1_752' title='bbox 3095 3073 3190 3129; x_wconf 90' lang='lat' dir='ltr'><strong>sed</strong></span> <span class='ocrx_word' id='word_1_753' title='bbox 3217 3073 3270 3128; x_wconf 93' lang='lat' dir='ltr'><strong>in</strong></span> <span class='ocrx_word' id='word_1_754' title='bbox 3295 3090 3360 3130; x_wconf 89' lang='lat' dir='ltr'><strong>eo</strong></span> <span class='ocrx_word' id='word_1_755' title='bbox 3385 3091 3584 3146; x_wconf 79' lang='lat' dir='ltr'><strong>genere</strong></span> <span class='ocrx_word' id='word_1_756' title='bbox 3607 3075 3787 3132; x_wconf 85' lang='lat' dir='ltr'><strong>homi-</strong></span> 
     </span>
    </p>
   </div>
   <div class='ocr_carea' id='block_1_89' title="bbox 2191 3159 3848 3241">
    <p class='ocr_par' dir='ltr' id='par_1_89' title="bbox 2191 3159 3848 3241">
     <span class='ocr_line' id='line_1_89' title="bbox 2191 3159 3848 3241; baseline 0.007 -29"><span class='ocrx_word' id='word_1_757' title='bbox 2191 3173 2338 3224; x_wconf 87' lang='lat' dir='ltr'><strong>num,</strong></span> <span class='ocrx_word' id='word_1_758' title='bbox 2367 3159 2508 3230; x_wconf 88' lang='lat' dir='ltr'><strong>quod</strong></span> <span class='ocrx_word' id='word_1_759' title='bbox 2537 3162 2969 3231; x_wconf 74' lang='lat' dir='ltr'><strong>praedestinatum</strong></span> <span class='ocrx_word' id='word_1_760' title='bbox 2992 3173 3075 3219; x_wconf 88' lang='lat' dir='ltr'><strong>est</strong></span> <span class='ocrx_word' id='word_1_761' title='bbox 3093 3165 3158 3220; x_wconf 89' lang='lat' dir='ltr'><strong>ad</strong></span> <span class='ocrx_word' id='word_1_762' title='bbox 3189 3166 3460 3221; x_wconf 83' lang='lat' dir='ltr'><strong>interitum</strong></span> <span class='ocrx_word' id='word_1_763' title='bbox 3485 3166 3581 3241; x_wconf 90' lang='lat' dir='ltr'><strong>(a).</strong></span> <span class='ocrx_word' id='word_1_764' title='bbox 3604 3168 3786 3240; x_wconf 81' lang='lat' dir='ltr'><strong>Super</strong></span> <span class='ocrx_word' id='word_1_765' title='bbox 3843 3212 3848 3214; x_wconf 83' lang='grc'><strong><em>-</em></strong></span> 
     </span>
    </p>
   </div>
   <div class='ocr_carea' id='block_1_90' title="bbox 2190 3247 3784 3330">
    <p class='ocr_par' dir='ltr' id='par_1_90' title="bbox 2190 3247 3784 3330">
     <span class='ocr_line' id='line_1_90' title="bbox 2190 3247 3784 3330; baseline 0.008 -26"><span class='ocrx_word' id='word_1_766' title='bbox 2190 3247 2290 3304; x_wconf 89' lang='lat' dir='ltr'><strong>hos</strong></span> <span class='ocrx_word' id='word_1_767' title='bbox 2315 3251 2458 3306; x_wconf 89' lang='lat' dir='ltr'><strong>enim</strong></span> <span class='ocrx_word' id='word_1_768' title='bbox 2503 3255 2737 3324; x_wconf 85' lang='lat' dir='ltr'><strong>respexit</strong></span> <span class='ocrx_word' id='word_1_769' title='bbox 2764 3255 2860 3311; x_wconf 88' lang='lat' dir='ltr'><strong>Dei</strong></span> <span class='ocrx_word' id='word_1_770' title='bbox 2904 3256 3257 3325; x_wconf 64' lang='lat' dir='ltr'><strong>praescientia,</strong></span> <span class='ocrx_word' id='word_1_771' title='bbox 3306 3259 3628 3330; x_wconf 86' lang='lat' dir='ltr'><strong>protulitque</strong></span> <span class='ocrx_word' id='word_1_772' title='bbox 3656 3273 3784 3316; x_wconf 84' lang='lat' dir='ltr'><strong>seu-</strong></span> 
     </span>
    </p>
   </div>
   <div class='ocr_carea' id='block_1_91' title="bbox 2191 3343 2432 3398">
    <p class='ocr_par' dir='ltr' id='par_1_91' title="bbox 2191 3343 2432 3398">
     <span class='ocr_line' id='line_1_91' title="bbox 2191 3343 2432 3398; baseline 0.008 -2"><span class='ocrx_word' id='word_1_773' title='bbox 2191 3343 2432 3398; x_wconf 85' lang='lat' dir='ltr'><strong>tentiam.</strong></span> 
     </span>
    </p>
   </div>
   <div class='ocr_carea' id='block_1_92' title="bbox 2260 3432 3779 3514">
    <p class='ocr_par' dir='ltr' id='par_1_92' title="bbox 2260 3432 3779 3514">
     <span class='ocr_line' id='line_1_92' title="bbox 2260 3432 3779 3514; baseline 0.009 -26"><span class='ocrx_word' id='word_1_774' title='bbox 2260 3432 2485 3491; x_wconf 79' lang='lat' dir='ltr'><strong>CAPUT</strong></span> <span class='ocrx_word' id='word_1_775' title='bbox 2511 3435 2740 3491; x_wconf 77' lang='lat' dir='ltr'><strong>XlV.-—</strong></span> <span class='ocrx_word' id='word_1_776' title='bbox 2762 3438 2850 3493; x_wconf 75' lang='grc'><strong>52.</strong></span> <span class='ocrx_word' id='word_1_777' title='bbox 2882 3456 2900 3490; x_wconf 83' lang='lat' dir='ltr'><strong>t</strong></span> <span class='ocrx_word' id='word_1_778' title='bbox 2929 3437 3057 3494; x_wconf 84' lang='lat' dir='ltr'><strong>Item</strong></span> <span class='ocrx_word' id='word_1_779' title='bbox 3083 3440 3283 3510; x_wconf 90' lang='lat' dir='ltr'><strong>dicunt,</strong></span> <span class='ocrx_word' id='word_1_780' title='bbox 3315 3461 3334 3494; x_wconf 77' lang='grc' dir='ltr'><strong>ι</strong></span> <span class='ocrx_word' id='word_1_781' title='bbox 3365 3443 3566 3514; x_wconf 85' lang='lat' dir='ltr'><strong>inquit,</strong></span> <span class='ocrx_word' id='word_1_782' title='bbox 3595 3462 3615 3497; x_wconf 83' lang='lat' dir='ltr'><strong>t</strong></span> <span class='ocrx_word' id='word_1_783' title='bbox 3643 3445 3779 3503; x_wconf 88' lang='lat' dir='ltr'><strong>illud</strong></span> 
     </span>
    </p>
   </div>
   <div class='ocr_carea' id='block_1_93' title="bbox 2187 3525 3778 3606">
    <p class='ocr_par' dir='ltr' id='par_1_93' title="bbox 2187 3525 3778 3606">
     <span class='ocr_line' id='line_1_93' title="bbox 2187 3525 3778 3606; baseline 0.009 -28"><span class='ocrx_word' id='word_1_784' title='bbox 2187 3525 2329 3595; x_wconf 84' lang='lat' dir='ltr'><strong>quod</strong></span> <span class='ocrx_word' id='word_1_785' title='bbox 2361 3526 2602 3582; x_wconf 82' lang='lat' dir='ltr'><strong>Salvator</strong></span> <span class='ocrx_word' id='word_1_786' title='bbox 2618 3529 2710 3593; x_wconf 86' lang='lat' dir='ltr'><strong>ait,</strong></span> <span class='ocrx_word' id='word_1_787' title='bbox 2738 3529 2876 3596; x_wconf 84' lang='lat' dir='ltr'><strong>Quid</strong></span> <span class='ocrx_word' id='word_1_788' title='bbox 2895 3547 2974 3584; x_wconf 86' lang='lat' dir='ltr'><strong>mc</strong></span> <span class='ocrx_word' id='word_1_789' title='bbox 2991 3532 3116 3586; x_wconf 86' lang='lat' dir='ltr'><strong>dicis</strong></span> <span class='ocrx_word' id='word_1_790' title='bbox 3147 3532 3371 3588; x_wconf 85' lang='lat' dir='ltr'><strong>bonum?</strong></span> <span class='ocrx_word' id='word_1_791' title='bbox 3399 3534 3566 3590; x_wconf 87' lang='lat' dir='ltr'><strong>Nemo</strong></span> <span class='ocrx_word' id='word_1_792' title='bbox 3592 3536 3778 3606; x_wconf 85' lang='lat' dir='ltr'><strong>bonus,</strong></span> 
     </span>
    </p>
   </div>
   <div class='ocr_carea' id='block_1_94' title="bbox 2187 3617 3783 3698">
    <p class='ocr_par' dir='ltr' id='par_1_94' title="bbox 2187 3617 3783 3698">
     <span class='ocr_line' id='line_1_94' title="bbox 2187 3617 3783 3698; baseline 0.012 -30"><span class='ocrx_word' id='word_1_793' title='bbox 2187 3617 2286 3669; x_wconf 80' lang='lat' dir='ltr'><strong>nisi</strong></span> <span class='ocrx_word' id='word_1_794' title='bbox 2305 3617 2444 3671; x_wconf 83' lang='lat' dir='ltr'><strong>solus</strong></span> <span class='ocrx_word' id='word_1_795' title='bbox 2469 3617 2608 3672; x_wconf 85' lang='lat' dir='ltr'><strong>Deus</strong></span> <span class='ocrx_word' id='word_1_796' title='bbox 2641 3619 2829 3691; x_wconf 69' lang='lat' dir='ltr'><strong>i(Luc.</strong></span> <span class='ocrx_word' id='word_1_797' title='bbox 2860 3637 3005 3689; x_wconf 82' lang='lat' dir='ltr'><strong>xvm,</strong></span> <span class='ocrx_word' id='word_1_798' title='bbox 3034 3624 3122 3690; x_wconf 79' lang='lat' dir='ltr'><strong>i9;</strong></span> <span class='ocrx_word' id='word_1_799' title='bbox 3145 3635 3193 3680; x_wconf 88' lang='lat' dir='ltr'><strong>et</strong></span> <span class='ocrx_word' id='word_1_800' title='bbox 3219 3623 3385 3680; x_wconf 77' lang='lat' dir='ltr'><strong>Marc.</strong></span> <span class='ocrx_word' id='word_1_801' title='bbox 3407 3643 3462 3694; x_wconf 75' lang='grc' dir='ltr'><strong>ι,</strong></span> <span class='ocrx_word' id='word_1_802' title='bbox 3489 3627 3598 3698; x_wconf 78' lang='grc'><strong>18).</strong></span> <span class='ocrx_word' id='word_1_803' title='bbox 3629 3628 3783 3687; x_wconf 85' lang='lat' dir='ltr'><strong>Hanc</strong></span> 
     </span>
    </p>
   </div>
   <div class='ocr_carea' id='block_1_95' title="bbox 2184 3703 3781 3790">
    <p class='ocr_par' dir='ltr' id='par_1_95' title="bbox 2184 3703 3781 3790">
     <span class='ocr_line' id='line_1_95' title="bbox 2184 3703 3781 3790; baseline 0.009 -27"><span class='ocrx_word' id='word_1_804' title='bbox 2184 3703 2312 3763; x_wconf 86' lang='lat' dir='ltr'><strong>item</strong></span> <span class='ocrx_word' id='word_1_805' title='bbox 2332 3709 2744 3777; x_wconf 86' lang='lat' dir='ltr'><strong>propositionem</strong></span> <span class='ocrx_word' id='word_1_806' title='bbox 2763 3713 2981 3768; x_wconf 89' lang='lat' dir='ltr'><strong>omnino</strong></span> <span class='ocrx_word' id='word_1_807' title='bbox 2997 3731 3104 3769; x_wconf 90' lang='lat' dir='ltr'><strong>non</strong></span> <span class='ocrx_word' id='word_1_808' title='bbox 3119 3717 3304 3772; x_wconf 89' lang='lat' dir='ltr'><strong>solvit:</strong></span> <span class='ocrx_word' id='word_1_809' title='bbox 3321 3719 3414 3773; x_wconf 89' lang='lat' dir='ltr'><strong>sed</strong></span> <span class='ocrx_word' id='word_1_810' title='bbox 3431 3721 3676 3790; x_wconf 90' lang='lat' dir='ltr'><strong>opposuit</strong></span> <span class='ocrx_word' id='word_1_811' title='bbox 3693 3737 3781 3778; x_wconf 82' lang='lat' dir='ltr'><strong>ve-</strong></span> 
     </span>
    </p>
   </div>
   <div class='ocr_carea' id='block_1_96' title="bbox 2184 3795 3780 3879">
    <p class='ocr_par' dir='ltr' id='par_1_96' title="bbox 2184 3795 3780 3879">
     <span class='ocr_line' id='line_1_96' title="bbox 2184 3795 3780 3879; baseline 0.011 -28"><span class='ocrx_word' id='word_1_812' title='bbox 2184 3795 2264 3854; x_wconf 83' lang='lat' dir='ltr'><strong>lut</strong></span> <span class='ocrx_word' id='word_1_813' title='bbox 2279 3812 2349 3852; x_wconf 76' lang='lat' dir='ltr'><strong>ex</strong></span> <span class='ocrx_word' id='word_1_814' title='bbox 2368 3799 2594 3856; x_wconf 85' lang='lat' dir='ltr'><strong>adverso</strong></span> <span class='ocrx_word' id='word_1_815' title='bbox 2615 3803 2717 3856; x_wconf 83' lang='lat' dir='ltr'><strong>alia</strong></span> <span class='ocrx_word' id='word_1_816' title='bbox 2745 3805 3067 3870; x_wconf 87' lang='lat' dir='ltr'><strong>testimonia,</strong></span> <span class='ocrx_word' id='word_1_817' title='bbox 3101 3808 3292 3876; x_wconf 85' lang='lat' dir='ltr'><strong>quibus</strong></span> <span class='ocrx_word' id='word_1_818' title='bbox 3313 3811 3562 3879; x_wconf 83' lang='lat' dir='ltr'><strong>probaret</strong></span> <span class='ocrx_word' id='word_1_819' title='bbox 3581 3826 3700 3867; x_wconf 88' lang='lat' dir='ltr'><strong>esse</strong></span> <span class='ocrx_word' id='word_1_820' title='bbox 3722 3822 3780 3869; x_wconf 87' lang='lat' dir='ltr'><strong>et</strong></span> 
     </span>
    </p>
   </div>
   <div class='ocr_carea' id='block_1_97' title="bbox 2183 3886 3780 3974">
    <p class='ocr_par' dir='ltr' id='par_1_97' title="bbox 2183 3886 3780 3974">
     <span class='ocr_line' id='line_1_97' title="bbox 2183 3886 3780 3974; baseline 0.011 -32"><span class='ocrx_word' id='word_1_821' title='bbox 2183 3886 2458 3944; x_wconf 84' lang='lat' dir='ltr'><strong>hominem</strong></span> <span class='ocrx_word' id='word_1_822' title='bbox 2478 3892 2697 3947; x_wconf 86' lang='lat' dir='ltr'><strong>bonum.</strong></span> <span class='ocrx_word' id='word_1_823' title='bbox 2728 3895 2868 3949; x_wconf 86' lang='lat' dir='ltr'><strong>Dixit</strong></span> <span class='ocrx_word' id='word_1_824' title='bbox 2899 3897 3041 3951; x_wconf 90' lang='lat' dir='ltr'><strong>enim</strong></span> <span class='ocrx_word' id='word_1_825' title='bbox 3070 3915 3176 3953; x_wconf 84' lang='lat' dir='ltr'><strong>esse</strong></span> <span class='ocrx_word' id='word_1_826' title='bbox 3201 3902 3605 3971; x_wconf 83' lang='lat' dir='ltr'><strong>respondendum</strong></span> <span class='ocrx_word' id='word_1_827' title='bbox 3637 3907 3780 3974; x_wconf 83' lang='lat' dir='ltr'><strong>quod</strong></span> 
     </span>
    </p>
   </div>
   <div class='ocr_carea' id='block_1_98' title="bbox 2182 3981 3778 4055">
    <p class='ocr_par' dir='ltr' id='par_1_98' title="bbox 2182 3981 3778 4055">
     <span class='ocr_line' id='line_1_98' title="bbox 2182 3981 3778 4055; baseline 0.011 -20"><span class='ocrx_word' id='word_1_828' title='bbox 2182 3981 2316 4036; x_wconf 80' lang='lat' dir='ltr'><strong>idem</strong></span> <span class='ocrx_word' id='word_1_829' title='bbox 2337 3982 2583 4039; x_wconf 76' lang='lat' dir='ltr'><strong>Dominus</strong></span> <span class='ocrx_word' id='word_1_830' title='bbox 2609 3986 2732 4040; x_wconf 87' lang='lat' dir='ltr'><strong>alibi</strong></span> <span class='ocrx_word' id='word_1_831' title='bbox 2759 3987 2850 4055; x_wconf 85' lang='lat' dir='ltr'><strong>ait,</strong></span> <span class='ocrx_word' id='word_1_832' title='bbox 2879 4005 2898 4038; x_wconf 79' lang='grc' dir='ltr'><strong>ι</strong></span> <span class='ocrx_word' id='word_1_833' title='bbox 2924 3987 3095 4044; x_wconf 87' lang='lat' dir='ltr'><strong>Bonus</strong></span> <span class='ocrx_word' id='word_1_834' title='bbox 3125 3990 3273 4045; x_wconf 85' lang='lat' dir='ltr'><strong>homo</strong></span> <span class='ocrx_word' id='word_1_835' title='bbox 3294 3992 3356 4046; x_wconf 84' lang='lat' dir='ltr'><strong>de</strong></span> <span class='ocrx_word' id='word_1_836' title='bbox 3381 3993 3509 4048; x_wconf 88' lang='lat' dir='ltr'><strong>bono</strong></span> <span class='ocrx_word' id='word_1_837' title='bbox 3535 3995 3778 4052; x_wconf 76' lang='lat' dir='ltr'><strong>thesauro</strong></span> 
     </span>
    </p>
   </div>
   <div class='ocr_carea' id='block_1_99' title="bbox 2179 4073 3779 4156">
    <p class='ocr_par' dir='ltr' id='par_1_99' title="bbox 2179 4073 3779 4156">
     <span class='ocr_line' id='line_1_99' title="bbox 2179 4073 3779 4156; baseline 0.011 -30"><span class='ocrx_word' id='word_1_838' title='bbox 2179 4073 2348 4128; x_wconf 80' lang='lat' dir='ltr'><strong>cordis</strong></span> <span class='ocrx_word' id='word_1_839' title='bbox 2370 4076 2451 4129; x_wconf 81' lang='lat' dir='ltr'><strong>sui</strong></span> <span class='ocrx_word' id='word_1_840' title='bbox 2468 4079 2663 4148; x_wconf 80' lang='lat' dir='ltr'><strong>profert</strong></span> <span class='ocrx_word' id='word_1_841' title='bbox 2689 4078 2819 4133; x_wconf 86' lang='lat' dir='ltr'><strong>bona</strong></span> <span class='ocrx_word' id='word_1_842' title='bbox 2838 4080 3075 4150; x_wconf 73' lang='grc' dir='ltr'><strong>»(Μαιυι.</strong></span> <span class='ocrx_word' id='word_1_843' title='bbox 3094 4098 3187 4149; x_wconf 79' lang='lat' dir='ltr'><strong>xu,</strong></span> <span class='ocrx_word' id='word_1_844' title='bbox 3203 4081 3294 4156; x_wconf 80' lang='lat'><strong>55)</strong></span> <span class='ocrx_word' id='word_1_845' title='bbox 3319 4101 3330 4136; x_wconf 91' lang='lat'><strong>:</strong></span> <span class='ocrx_word' id='word_1_846' title='bbox 3347 4093 3391 4138; x_wconf 85' lang='lat' dir='ltr'><strong>et</strong></span> <span class='ocrx_word' id='word_1_847' title='bbox 3411 4086 3608 4151; x_wconf 86' lang='lat' dir='ltr'><strong>iterum,</strong></span> <span class='ocrx_word' id='word_1_848' title='bbox 3624 4106 3644 4140; x_wconf 78' lang='grc' dir='ltr'><strong>ι</strong></span> <span class='ocrx_word' id='word_1_849' title='bbox 3669 4087 3779 4152; x_wconf 85' lang='lat' dir='ltr'><strong>Qui</strong></span> 
     </span>
    </p>
   </div>
   <div class='ocr_carea' id='block_1_100' title="bbox 2179 4167 3778 4253">
    <p class='ocr_par' dir='ltr' id='par_1_100' title="bbox 2179 4167 3778 4253">
     <span class='ocr_line' id='line_1_100' title="bbox 2179 4167 3778 4253; baseline 0.011 -34"><span class='ocrx_word' id='word_1_850' title='bbox 2179 4167 2337 4220; x_wconf 79' lang='lat' dir='ltr'><strong>solem</strong></span> <span class='ocrx_word' id='word_1_851' title='bbox 2352 4183 2501 4221; x_wconf 81' lang='lat' dir='ltr'><strong>suum</strong></span> <span class='ocrx_word' id='word_1_852' title='bbox 2526 4170 2648 4223; x_wconf 90' lang='lat' dir='ltr'><strong>oriri</strong></span> <span class='ocrx_word' id='word_1_853' title='bbox 2675 4173 2795 4241; x_wconf 89' lang='lat' dir='ltr'><strong>facit</strong></span> <span class='ocrx_word' id='word_1_854' title='bbox 2809 4188 2961 4242; x_wconf 79' lang='lat' dir='ltr'><strong>super</strong></span> <span class='ocrx_word' id='word_1_855' title='bbox 2980 4171 3135 4227; x_wconf 77' lang='lat' dir='ltr'><strong>bonos</strong></span> <span class='ocrx_word' id='word_1_856' title='bbox 3155 4183 3200 4227; x_wconf 88' lang='lat' dir='ltr'><strong>ct</strong></span> <span class='ocrx_word' id='word_1_857' title='bbox 3217 4175 3377 4230; x_wconf 90' lang='lat' dir='ltr'><strong>malos</strong></span> <span class='ocrx_word' id='word_1_858' title='bbox 3398 4194 3417 4228; x_wconf 73' lang='grc' dir='ltr'><strong>ι</strong></span> <span class='ocrx_word' id='word_1_859' title='bbox 3445 4175 3552 4247; x_wconf 84' lang='lat' dir='ltr'><strong>(Id.</strong></span> <span class='ocrx_word' id='word_1_860' title='bbox 3578 4194 3626 4245; x_wconf 80' lang='grc' dir='ltr'>ν,</span> <span class='ocrx_word' id='word_1_861' title='bbox 3651 4179 3778 4253; x_wconf 78' lang='grc'><strong>45).</strong></span> 
     </span>
    </p>
   </div>
   <div class='ocr_carea' id='block_1_101' title="bbox 2180 4257 3782 4335">
    <p class='ocr_par' dir='ltr' id='par_1_101' title="bbox 2180 4257 3782 4335">
     <span class='ocr_line' id='line_1_101' title="bbox 2180 4257 3782 4335; baseline 0.009 -24"><span class='ocrx_word' id='word_1_862' title='bbox 2180 4257 2250 4312; x_wconf 85' lang='lat' dir='ltr'><strong>Et</strong></span> <span class='ocrx_word' id='word_1_863' title='bbox 2274 4259 2760 4330; x_wconf 85' lang='lat' dir='ltr'><strong>alibiscriptumest,</strong></span> <span class='ocrx_word' id='word_1_864' title='bbox 2781 4265 2967 4335; x_wconf 88' lang='lat' dir='ltr'><strong>inquit,</strong></span> <span class='ocrx_word' id='word_1_865' title='bbox 2995 4284 3014 4317; x_wconf 80' lang='grc' dir='ltr'><strong>ι</strong></span> <span class='ocrx_word' id='word_1_866' title='bbox 3039 4264 3184 4320; x_wconf 86' lang='lat' dir='ltr'><strong>Bona</strong></span> <span class='ocrx_word' id='word_1_867' title='bbox 3209 4265 3350 4322; x_wconf 84' lang='lat' dir='ltr'><strong>bonis</strong></span> <span class='ocrx_word' id='word_1_868' title='bbox 3374 4280 3539 4322; x_wconf 84' lang='lat' dir='ltr'><strong>creata</strong></span> <span class='ocrx_word' id='word_1_869' title='bbox 3565 4280 3678 4324; x_wconf 83' lang='lat' dir='ltr'><strong>sunt</strong></span> <span class='ocrx_word' id='word_1_870' title='bbox 3707 4275 3782 4327; x_wconf 84' lang='lat' dir='ltr'><strong>ab</strong></span> 
     </span>
    </p>
   </div>
   <div class='ocr_carea' id='block_1_102' title="bbox 2178 4350 3777 4435">
    <p class='ocr_par' dir='ltr' id='par_1_102' title="bbox 2178 4350 3777 4435">
     <span class='ocr_line' id='line_1_102' title="bbox 2178 4350 3777 4435; baseline 0.009 -30"><span class='ocrx_word' id='word_1_871' title='bbox 2178 4350 2322 4406; x_wconf 78' lang='lat' dir='ltr'><strong>initio</strong></span> <span class='ocrx_word' id='word_1_872' title='bbox 2351 4371 2372 4404; x_wconf 66' lang='grc' dir='ltr'><strong>ι</strong></span> <span class='ocrx_word' id='word_1_873' title='bbox 2407 4352 2594 4422; x_wconf 86' lang='lat' dir='ltr'><strong>(Eccli.</strong></span> <span class='ocrx_word' id='word_1_874' title='bbox 2623 4371 2805 4425; x_wconf 65' lang='grc' dir='ltr'>χχχιιι,</span> <span class='ocrx_word' id='word_1_875' title='bbox 2837 4358 2926 4431; x_wconf 73' lang='grc'><strong>50)</strong></span> <span class='ocrx_word' id='word_1_876' title='bbox 2965 4377 2978 4413; x_wconf 88' lang='lat'><strong>:</strong></span> <span class='ocrx_word' id='word_1_877' title='bbox 3010 4369 3057 4413; x_wconf 89' lang='lat' dir='ltr'><strong>et</strong></span> <span class='ocrx_word' id='word_1_878' title='bbox 3078 4360 3280 4429; x_wconf 87' lang='lat' dir='ltr'><strong>iterum,</strong></span> <span class='ocrx_word' id='word_1_879' title='bbox 3312 4380 3330 4413; x_wconf 81' lang='grc' dir='ltr'><strong>ι</strong></span> <span class='ocrx_word' id='word_1_880' title='bbox 3364 4362 3466 4429; x_wconf 85' lang='lat' dir='ltr'><strong>Qui</strong></span> <span class='ocrx_word' id='word_1_881' title='bbox 3493 4372 3606 4418; x_wconf 84' lang='lat' dir='ltr'><strong>sunt</strong></span> <span class='ocrx_word' id='word_1_882' title='bbox 3625 4363 3777 4435; x_wconf 84' lang='lat' dir='ltr'><strong>boni,</strong></span> 
     </span>
    </p>
   </div>
   <div class='ocr_carea' id='block_1_103' title="bbox 2179 4447 3780 4532">
    <p class='ocr_par' dir='ltr' id='par_1_103' title="bbox 2179 4447 3780 4532">
     <span class='ocr_line' id='line_1_103' title="bbox 2179 4447 3780 4532; baseline 0.011 -34"><span class='ocrx_word' id='word_1_883' title='bbox 2179 4455 2326 4500; x_wconf 81' lang='lat' dir='ltr'><strong>erunt</strong></span> <span class='ocrx_word' id='word_1_884' title='bbox 2354 4447 2664 4504; x_wconf 80' lang='lat' dir='ltr'><strong>habitatores</strong></span> <span class='ocrx_word' id='word_1_885' title='bbox 2695 4460 2868 4506; x_wconf 73' lang='lat' dir='ltr'><strong>terrm</strong></span> <span class='ocrx_word' id='word_1_886' title='bbox 2892 4451 3070 4524; x_wconf 85' lang='lat' dir='ltr'><strong>(Prov.</strong></span> <span class='ocrx_word' id='word_1_887' title='bbox 3096 4470 3152 4520; x_wconf 90' lang='grc' dir='ltr'>ιι,</span> <span class='ocrx_word' id='word_1_888' title='bbox 3171 4454 3286 4528; x_wconf 77' lang='grc'><strong>21).</strong></span> <span class='ocrx_word' id='word_1_889' title='bbox 3314 4456 3409 4511; x_wconf 87' lang='lat' dir='ltr'><strong>Cui</strong></span> <span class='ocrx_word' id='word_1_890' title='bbox 3438 4457 3514 4512; x_wconf 88' lang='lat' dir='ltr'><strong>sic</strong></span> <span class='ocrx_word' id='word_1_891' title='bbox 3543 4474 3780 4532; x_wconf 86' lang='lat' dir='ltr'><strong>respon-</strong></span> 
     </span>
    </p>
   </div>
   <div class='ocr_carea' id='block_1_104' title="bbox 2177 4534 3779 4617">
    <p class='ocr_par' dir='ltr' id='par_1_104' title="bbox 2177 4534 3779 4617">
     <span class='ocr_line' id='line_1_104' title="bbox 2177 4534 3779 4617; baseline 0.009 -25"><span class='ocrx_word' id='word_1_892' title='bbox 2177 4534 2412 4592; x_wconf 83' lang='lat' dir='ltr'><strong>dendum</strong></span> <span class='ocrx_word' id='word_1_893' title='bbox 2438 4548 2539 4606; x_wconf 86' lang='lat' dir='ltr'><strong>est,</strong></span> <span class='ocrx_word' id='word_1_894' title='bbox 2580 4549 2639 4594; x_wconf 92' lang='lat' dir='ltr'><strong>ut</strong></span> <span class='ocrx_word' id='word_1_895' title='bbox 2667 4550 2721 4595; x_wconf 90' lang='lat' dir='ltr'><strong>et</strong></span> <span class='ocrx_word' id='word_1_896' title='bbox 2745 4541 2875 4597; x_wconf 88' lang='lat' dir='ltr'><strong>illud</strong></span> <span class='ocrx_word' id='word_1_897' title='bbox 2904 4545 3232 4615; x_wconf 83' lang='lat' dir='ltr'><strong>intelligatur</strong></span> <span class='ocrx_word' id='word_1_898' title='bbox 3269 4549 3536 4617; x_wconf 92' lang='lat' dir='ltr'><strong>quomodo</strong></span> <span class='ocrx_word' id='word_1_899' title='bbox 3565 4550 3779 4608; x_wconf 90' lang='lat' dir='ltr'><strong>dictum</strong></span> 
     </span>
    </p>
   </div>
   <div class='ocr_carea' id='block_1_105' title="bbox 2175 4627 3778 4714">
    <p class='ocr_par' dir='ltr' id='par_1_105' title="bbox 2175 4627 3778 4714">
     <span class='ocr_line' id='line_1_105' title="bbox 2175 4627 3778 4714; baseline 0.011 -30"><span class='ocrx_word' id='word_1_900' title='bbox 2175 4627 2264 4694; x_wconf 87' lang='lat' dir='ltr'><strong>sit,</strong></span> <span class='ocrx_word' id='word_1_901' title='bbox 2292 4627 2456 4683; x_wconf 86' lang='lat' dir='ltr'><strong>Nemo</strong></span> <span class='ocrx_word' id='word_1_902' title='bbox 2478 4629 2657 4699; x_wconf 84' lang='lat' dir='ltr'><strong>bonus,</strong></span> <span class='ocrx_word' id='word_1_903' title='bbox 2690 4632 2786 4685; x_wconf 85' lang='lat' dir='ltr'><strong>nisi</strong></span> <span class='ocrx_word' id='word_1_904' title='bbox 2809 4651 2938 4688; x_wconf 85' lang='lat' dir='ltr'><strong>unus</strong></span> <span class='ocrx_word' id='word_1_905' title='bbox 2963 4635 3119 4691; x_wconf 87' lang='lat' dir='ltr'><strong>Deus.</strong></span> <span class='ocrx_word' id='word_1_906' title='bbox 3147 4637 3270 4694; x_wconf 83' lang='lat' dir='ltr'><strong>Sive</strong></span> <span class='ocrx_word' id='word_1_907' title='bbox 3296 4641 3415 4710; x_wconf 90' lang='lat' dir='ltr'><strong>quia</strong></span> <span class='ocrx_word' id='word_1_908' title='bbox 3446 4643 3620 4697; x_wconf 81' lang='lat' dir='ltr'><strong>omnia</strong></span> <span class='ocrx_word' id='word_1_909' title='bbox 3646 4659 3778 4714; x_wconf 73' lang='lat' dir='ltr'><strong>quae</strong></span> 
     </span>
    </p>
   </div>
   <div class='ocr_carea' id='block_1_106' title="bbox 2175 4728 3775 4810">
    <p class='ocr_par' dir='ltr' id='par_1_106' title="bbox 2175 4728 3775 4810">
     <span class='ocr_line' id='line_1_106' title="bbox 2175 4728 3775 4810; baseline 0.011 -34"><span class='ocrx_word' id='word_1_910' title='bbox 2175 4732 2356 4776; x_wconf 82' lang='lat' dir='ltr'><strong>creata</strong></span> <span class='ocrx_word' id='word_1_911' title='bbox 2404 4731 2556 4789; x_wconf 87' lang='lat' dir='ltr'><strong>sunt,</strong></span> <span class='ocrx_word' id='word_1_912' title='bbox 2596 4728 2839 4794; x_wconf 89' lang='lat' dir='ltr'><strong>quamvis</strong></span> <span class='ocrx_word' id='word_1_913' title='bbox 2882 4743 2943 4782; x_wconf 85' lang='lat' dir='ltr'><strong>ea</strong></span> <span class='ocrx_word' id='word_1_914' title='bbox 2991 4728 3139 4786; x_wconf 86' lang='lat' dir='ltr'><strong>Deus</strong></span> <span class='ocrx_word' id='word_1_915' title='bbox 3175 4731 3360 4788; x_wconf 80' lang='lat' dir='ltr'><strong>fecerit</strong></span> <span class='ocrx_word' id='word_1_916' title='bbox 3395 4734 3531 4791; x_wconf 90' lang='lat' dir='ltr'><strong>bona</strong></span> <span class='ocrx_word' id='word_1_917' title='bbox 3568 4737 3724 4793; x_wconf 90' lang='lat' dir='ltr'><strong>valde</strong></span> <span class='ocrx_word' id='word_1_918' title='bbox 3753 4782 3775 4810; x_wconf 91' lang='lat'><strong>,</strong></span> 
     </span>
    </p>
   </div>
   <div class='ocr_carea' id='block_1_107' title="bbox 2174 4811 3777 4897">
    <p class='ocr_par' dir='ltr' id='par_1_107' title="bbox 2174 4811 3777 4897">
     <span class='ocr_line' id='line_1_107' title="bbox 2174 4811 3777 4897; baseline 0.014 -30"><span class='ocrx_word' id='word_1_919' title='bbox 2174 4811 2414 4869; x_wconf 87' lang='lat' dir='ltr'><strong>Creatori</strong></span> <span class='ocrx_word' id='word_1_920' title='bbox 2441 4823 2618 4872; x_wconf 87' lang='lat' dir='ltr'><strong>tamen</strong></span> <span class='ocrx_word' id='word_1_921' title='bbox 2649 4828 2953 4890; x_wconf 84' lang='lat' dir='ltr'><strong>comparata</strong></span> <span class='ocrx_word' id='word_1_922' title='bbox 2975 4863 2991 4889; x_wconf 91' lang='lat'><strong>,</strong></span> <span class='ocrx_word' id='word_1_923' title='bbox 3023 4838 3122 4878; x_wconf 88' lang='lat' dir='ltr'><strong>nec</strong></span> <span class='ocrx_word' id='word_1_924' title='bbox 3150 4825 3289 4881; x_wconf 90' lang='lat' dir='ltr'><strong>bona</strong></span> <span class='ocrx_word' id='word_1_925' title='bbox 3319 4837 3471 4897; x_wconf 87' lang='lat' dir='ltr'><strong>sunt,</strong></span> <span class='ocrx_word' id='word_1_926' title='bbox 3501 4831 3584 4886; x_wconf 92' lang='lat' dir='ltr'><strong>cui</strong></span> <span class='ocrx_word' id='word_1_927' title='bbox 3609 4846 3777 4887; x_wconf 90' lang='lat' dir='ltr'><strong>com-</strong></span> 
     </span>
    </p>
   </div>
   <div class='ocr_carea' id='block_1_108' title="bbox 2173 4911 3775 4993">
    <p class='ocr_par' dir='ltr' id='par_1_108' title="bbox 2173 4911 3775 4993">
     <span class='ocr_line' id='line_1_108' title="bbox 2173 4911 3775 4993; baseline 0.016 -35"><span class='ocrx_word' id='word_1_928' title='bbox 2173 4915 2361 4978; x_wconf 83' lang='lat' dir='ltr'><strong>parata</strong></span> <span class='ocrx_word' id='word_1_929' title='bbox 2388 4921 2488 4963; x_wconf 89' lang='lat' dir='ltr'><strong>nec</strong></span> <span class='ocrx_word' id='word_1_930' title='bbox 2522 4919 2647 4964; x_wconf 90' lang='lat' dir='ltr'><strong>sunt</strong></span> <span class='ocrx_word' id='word_1_931' title='bbox 2678 4928 2692 4962; x_wconf 90' lang='lat'><strong>:</strong></span> <span class='ocrx_word' id='word_1_932' title='bbox 2721 4911 2982 4970; x_wconf 89' lang='lat' dir='ltr'><strong>altissime</strong></span> <span class='ocrx_word' id='word_1_933' title='bbox 3009 4916 3026 4947; x_wconf 77' lang='grc' dir='ltr'>ί</span> <span class='ocrx_word' id='word_1_934' title='bbox 3055 4917 3252 4988; x_wconf 91' lang='lat' dir='ltr'><strong>quippe</strong></span> <span class='ocrx_word' id='word_1_935' title='bbox 3276 4930 3329 4976; x_wconf 89' lang='lat' dir='ltr'><strong>et</strong></span> <span class='ocrx_word' id='word_1_936' title='bbox 3359 4924 3575 4993; x_wconf 91' lang='lat' dir='ltr'><strong>proprio</strong></span> <span class='ocrx_word' id='word_1_937' title='bbox 3603 4925 3775 4984; x_wconf 90' lang='lat' dir='ltr'><strong>modo</strong></span> 
     </span>
    </p>
   </div>
   <div class='ocr_carea' id='block_1_109' title="bbox 2173 4997 3773 5088">
    <p class='ocr_par' dir='ltr' id='par_1_109' title="bbox 2173 4997 3773 5088">
     <span class='ocr_line' id='line_1_109' title="bbox 2173 4997 3773 5088; baseline 0.014 -38"><span class='ocrx_word' id='word_1_938' title='bbox 2173 4997 2402 5068; x_wconf 86' lang='lat' dir='ltr'><strong>quodam</strong></span> <span class='ocrx_word' id='word_1_939' title='bbox 2431 5001 2499 5054; x_wconf 92' lang='lat' dir='ltr'><strong>de</strong></span> <span class='ocrx_word' id='word_1_940' title='bbox 2524 5015 2584 5056; x_wconf 90' lang='lat' dir='ltr'><strong>se</strong></span> <span class='ocrx_word' id='word_1_941' title='bbox 2612 5001 2728 5073; x_wconf 85' lang='lat' dir='ltr'><strong>ipso</strong></span> <span class='ocrx_word' id='word_1_942' title='bbox 2751 5002 2906 5072; x_wconf 85' lang='lat' dir='ltr'><strong>dixit,</strong></span> <span class='ocrx_word' id='word_1_943' title='bbox 2933 5005 3039 5077; x_wconf 86' lang='lat' dir='ltr'><strong>Ego</strong></span> <span class='ocrx_word' id='word_1_944' title='bbox 3067 5024 3177 5061; x_wconf 85' lang='lat' dir='ltr'><strong>sum</strong></span> <span class='ocrx_word' id='word_1_945' title='bbox 3203 5013 3289 5080; x_wconf 87' lang='lat' dir='ltr'><strong>qui</strong></span> <span class='ocrx_word' id='word_1_946' title='bbox 3312 5029 3422 5066; x_wconf 85' lang='lat' dir='ltr'><strong>sum</strong></span> <span class='ocrx_word' id='word_1_947' title='bbox 3449 5013 3640 5087; x_wconf 75' lang='lat' dir='ltr'><strong>(Exod.</strong></span> <span class='ocrx_word' id='word_1_948' title='bbox 3672 5032 3773 5088; x_wconf 81' lang='lat' dir='ltr'><strong>ill,</strong></span> 
     </span>
    </p>
   </div>
   <div class='ocr_carea' id='block_1_110' title="bbox 2173 5085 3770 5177">
    <p class='ocr_par' dir='ltr' id='par_1_110' title="bbox 2173 5085 3770 5177">
     <span class='ocr_line' id='line_1_110' title="bbox 2173 5085 3770 5177; baseline 0.011 -31"><span class='ocrx_word' id='word_1_949' title='bbox 2173 5085 2283 5160; x_wconf 79' lang='grc'><strong>14).</strong></span> <span class='ocrx_word' id='word_1_950' title='bbox 2329 5089 2418 5146; x_wconf 87' lang='lat' dir='ltr'><strong>Sic</strong></span> <span class='ocrx_word' id='word_1_951' title='bbox 2440 5091 2462 5122; x_wconf 79' lang='grc'>⁸</span> <span class='ocrx_word' id='word_1_952' title='bbox 2495 5090 2696 5147; x_wconf 89' lang='lat' dir='ltr'><strong>dictum</strong></span> <span class='ocrx_word' id='word_1_953' title='bbox 2725 5103 2825 5161; x_wconf 88' lang='lat' dir='ltr'><strong>est,</strong></span> <span class='ocrx_word' id='word_1_954' title='bbox 2864 5095 3030 5152; x_wconf 86' lang='lat' dir='ltr'><strong>Nemo</strong></span> <span class='ocrx_word' id='word_1_955' title='bbox 3067 5098 3246 5169; x_wconf 86' lang='lat' dir='ltr'><strong>bonus,</strong></span> <span class='ocrx_word' id='word_1_956' title='bbox 3278 5104 3377 5158; x_wconf 88' lang='lat' dir='ltr'><strong>nisi</strong></span> <span class='ocrx_word' id='word_1_957' title='bbox 3412 5085 3544 5162; x_wconf 78' lang='lat' dir='ltr'><strong>unus</strong></span> <span class='ocrx_word' id='word_1_958' title='bbox 3581 5085 3770 5177; x_wconf 48' lang='lat' dir='ltr'><strong>Deus}</strong></span> 
     </span>
    </p>
   </div>
   <div class='ocr_carea' id='block_1_111' title="bbox 2237 5247 2740 5284">
    <p class='ocr_par' dir='ltr' id='par_1_111' title="bbox 2237 5247 2740 5284">
     <span class='ocr_line' id='line_1_111' title="bbox 2237 5247 2740 5284; baseline 0 0"><span class='ocrx_word' id='word_1_959' title='bbox 2237 5247 2252 5284; x_wconf 70' lang='grc' dir='ltr'>ί</span> <span class='ocrx_word' id='word_1_960' title='bbox 2278 5247 2406 5284; x_wconf 67' lang='lat' dir='ltr'><strong>Antid</strong></span> <span class='ocrx_word' id='word_1_961' title='bbox 2430 5255 2522 5284; x_wconf 73' lang='lat' dir='ltr'><strong>[nu</strong></span> <span class='ocrx_word' id='word_1_962' title='bbox 2586 5249 2740 5284; x_wconf 67' lang='lat' dir='ltr'><strong>nllicu’</strong></span> 
     </span>
    </p>
   </div>
   <div class='ocr_carea' id='block_1_112' title="bbox 2234 5247 2973 5368">
    <p class='ocr_par' dir='ltr' id='par_1_112' title="bbox 2234 5247 2973 5368">
     <span class='ocr_line' id='line_1_112' title="bbox 2237 5247 2835 5324; baseline 0.015 -29"><span class='ocrx_word' id='word_1_963' title='bbox 2237 5247 2407 5321; x_wconf 61' lang='grc' dir='ltr'><strong>Ἀριιᾴ</strong></span> <span class='ocrx_word' id='word_1_964' title='bbox 2429 5255 2561 5321; x_wconf 61' lang='grc' dir='ltr'>ιρι,</span> 
     </span>
     <span class='ocr_line' id='line_1_113' title="bbox 2234 5310 2973 5368; baseline 0.008 -7"><span class='ocrx_word' id='word_1_965' title='bbox 2234 5311 2255 5342; x_wconf 78' lang='grc'><strong><em>⁸</em></strong></span> <span class='ocrx_word' id='word_1_966' title='bbox 2279 5310 2423 5368; x_wconf 75' lang='lat' dir='ltr'><strong>Etim,</strong></span> <span class='ocrx_word' id='word_1_967' title='bbox 2448 5318 2572 5362; x_wconf 74' lang='lat' dir='ltr'><strong>sicut</strong></span> <span class='ocrx_word' id='word_1_968' title='bbox 2600 5324 2617 5362; x_wconf 89' lang='lat'><strong><em>:</em></strong></span> <span class='ocrx_word' id='word_1_969' title='bbox 2641 5327 2796 5363; x_wconf 76' lang='lat' dir='ltr'><strong>minus</strong></span> <span class='ocrx_word' id='word_1_970' title='bbox 2817 5324 2973 5368; x_wconf 86' lang='lat' dir='ltr'><strong>recte.</strong></span> 
     </span>
    </p>
   </div>
   <div class='ocr_carea' id='block_1_113' title="bbox 2227 5347 3767 5451">
    <p class='ocr_par' dir='ltr' id='par_1_113' title="bbox 2227 5347 3767 5451">
     <span class='ocr_line' id='line_1_114' title="bbox 2227 5347 3767 5451; baseline 0.015 -32"><span class='ocrx_word' id='word_1_971' title='bbox 2227 5347 3020 5451; x_wconf 52' lang='grc' dir='ltr'><strong>ἱᾴοέἱίίέίὲῧιξξέΐᾷἱιε</strong></span> <span class='ocrx_word' id='word_1_972' title='bbox 3042 5379 3126 5451; x_wconf 70' lang='grc' dir='ltr'>ιιι).</span> <span class='ocrx_word' id='word_1_973' title='bbox 3155 5381 3177 5431; x_wconf 87' lang='grc' dir='ltr'><strong>ι</strong></span> <span class='ocrx_word' id='word_1_974' title='bbox 3201 5383 3558 5451; x_wconf 60' lang='lat' dir='ltr'><strong>aesomnium,</strong></span> <span class='ocrx_word' id='word_1_975' title='bbox 3582 5400 3689 5451; x_wconf 70' lang='grc' dir='ltr'><strong>ωρ.</strong></span> <span class='ocrx_word' id='word_1_976' title='bbox 3705 5391 3767 5443; x_wconf 78' lang='lat'><strong>3:</strong></span> 
     </span>
    </p>
   </div>
   <div class='ocr_carea' id='block_1_114' title="bbox 2220 5433 3769 5505">
    <p class='ocr_par' dir='ltr' id='par_1_114' title="bbox 2220 5433 3769 5505">
     <span class='ocr_line' id='line_1_115' title="bbox 2220 5433 3769 5505; baseline 0.014 -22"><span class='ocrx_word' id='word_1_977' title='bbox 2220 5433 2341 5505; x_wconf 70' lang='lat' dir='ltr'><strong>sinu</strong></span> <span class='ocrx_word' id='word_1_978' title='bbox 2361 5435 2508 5505; x_wconf 77' lang='lat' dir='ltr'><strong>aliud,</strong></span> <span class='ocrx_word' id='word_1_979' title='bbox 2536 5453 2558 5481; x_wconf 72' lang='grc' dir='ltr'><strong>ι</strong></span> <span class='ocrx_word' id='word_1_980' title='bbox 2590 5438 2762 5500; x_wconf 85' lang='lat' dir='ltr'><strong>inquit,</strong></span> <span class='ocrx_word' id='word_1_981' title='bbox 2798 5433 3173 5505; x_wconf 59' lang='lat' dir='ltr'><strong>«ammentum</strong></span> <span class='ocrx_word' id='word_1_982' title='bbox 3197 5433 3769 5505; x_wconf 67' lang='grc' dir='ltr'><strong>οκίειίωόἰῐιῖιίοῖἱιὶἆί</strong></span> 
     </span>
    </p>
   </div>
   <div class='ocr_carea' id='block_1_115' title="bbox 2175 5498 3769 5581">
    <p class='ocr_par' dir='ltr' id='par_1_115' title="bbox 2175 5498 3769 5581">
     <span class='ocr_line' id='line_1_116' title="bbox 2175 5498 3769 5581; baseline 0.016 -40"><span class='ocrx_word' id='word_1_983' title='bbox 2175 5511 2200 5542; x_wconf 77' lang='lat' dir='ltr'><strong>s</strong></span> <span class='ocrx_word' id='word_1_984' title='bbox 2224 5498 2468 5581; x_wconf 45' lang='lat' dir='ltr'><strong>Augts‘tziui</strong></span> <span class='ocrx_word' id='word_1_985' title='bbox 2494 5498 2864 5581; x_wconf 40' lang='lat' dir='ltr'><strong>sermonegquo</strong></span> <span class='ocrx_word' id='word_1_986' title='bbox 2898 5498 2959 5581; x_wconf 63' lang='lat' dir='ltr'><strong>ad</strong></span> <span class='ocrx_word' id='word_1_987' title='bbox 2981 5504 3228 5581; x_wconf 65' lang='lat' dir='ltr'><strong>interitum</strong></span> <span class='ocrx_word' id='word_1_988' title='bbox 3251 5498 3480 5581; x_wconf 72' lang='lat' dir='ltr'><strong>quosdam</strong></span> 
     </span>
    </p>
   </div>
   <div class='ocr_carea' id='block_1_116' title="bbox 2176 5558 3768 5634">
    <p class='ocr_par' dir='ltr' id='par_1_116' title="bbox 2176 5558 3768 5634">
     <span class='ocr_line' id='line_1_117' title="bbox 2176 5558 3768 5634; baseline 0.014 -30"><span class='ocrx_word' id='word_1_989' title='bbox 2176 5573 2203 5604; x_wconf 75' lang='grc' dir='ltr'><strong>ι</strong></span> <span class='ocrx_word' id='word_1_990' title='bbox 2222 5558 2361 5607; x_wconf 76' lang='lat' dir='ltr'><strong>nates</strong></span> <span class='ocrx_word' id='word_1_991' title='bbox 2382 5558 2564 5634; x_wconf 55' lang='lat' dir='ltr'><strong>(irruat,</strong></span> <span class='ocrx_word' id='word_1_992' title='bbox 2591 5562 2680 5610; x_wconf 89' lang='lat' dir='ltr'><strong>nisi</strong></span> <span class='ocrx_word' id='word_1_993' title='bbox 2705 5563 2762 5634; x_wconf 78' lang='lat' dir='ltr'><strong>ad</strong></span> <span class='ocrx_word' id='word_1_994' title='bbox 2780 5558 3042 5634; x_wconf 64' lang='lat' dir='ltr'><strong>interitum</strong></span> <span class='ocrx_word' id='word_1_995' title='bbox 3064 5558 3302 5634; x_wconf 81' lang='lat' dir='ltr'><strong>supplicii,</strong></span> <span class='ocrx_word' id='word_1_996' title='bbox 3327 5558 3768 5634; x_wconf 60' lang='lat' dir='ltr'><strong>noxi&#39;tieliét&#39;iTEE.</strong></span> 
     </span>
    </p>
   </div>
   <div class='ocr_carea' id='block_1_117' title="bbox 2183 5621 3767 5690">
    <p class='ocr_par' dir='ltr' id='par_1_117' title="bbox 2183 5621 3767 5690">
     <span class='ocr_line' id='line_1_118' title="bbox 2183 5621 3767 5690; baseline 0.013 -22"><span class='ocrx_word' id='word_1_997' title='bbox 2183 5633 2321 5681; x_wconf 72' lang='lat' dir='ltr'><strong>sque</strong></span> <span class='ocrx_word' id='word_1_998' title='bbox 2345 5621 2406 5690; x_wconf 75' lang='lat' dir='ltr'><strong>ad</strong></span> <span class='ocrx_word' id='word_1_999' title='bbox 2427 5621 2604 5690; x_wconf 78' lang='lat' dir='ltr'><strong>malum</strong></span> <span class='ocrx_word' id='word_1_1000' title='bbox 2627 5624 2961 5690; x_wconf 77' lang='lat' dir='ltr'><strong>quodiujuste</strong></span> <span class='ocrx_word' id='word_1_1001' title='bbox 2984 5621 3242 5680; x_wconf 73' lang='lat' dir='ltr'><strong>admittunt</strong></span> <span class='ocrx_word' id='word_1_1002' title='bbox 3257 5667 3270 5690; x_wconf 96' lang='lat'><strong>,</strong></span> <span class='ocrx_word' id='word_1_1003' title='bbox 3289 5621 3381 5682; x_wconf 70' lang='lat' dir='ltr'><strong>sed</strong></span> <span class='ocrx_word' id='word_1_1004' title='bbox 3406 5635 3464 5684; x_wconf 83' lang='lat' dir='ltr'><strong>ad</strong></span> <span class='ocrx_word' id='word_1_1005' title='bbox 3488 5621 3767 5690; x_wconf 36' lang='lat' dir='ltr'><strong>mue-idtum)</strong></span> 
     </span>
    </p>
   </div>
   <div class='ocr_carea' id='block_1_118' title="bbox 2181 5683 3767 5761">
    <p class='ocr_par' dir='ltr' id='par_1_118' title="bbox 2181 5683 3767 5761">
     <span class='ocr_line' id='line_1_119' title="bbox 2181 5683 3767 5761; baseline 0.013 -30"><span class='ocrx_word' id='word_1_1006' title='bbox 2181 5700 2205 5731; x_wconf 73' lang='grc' dir='ltr'><strong>α</strong></span> <span class='ocrx_word' id='word_1_1007' title='bbox 2221 5694 2369 5744; x_wconf 86' lang='lat' dir='ltr'><strong>quem</strong></span> <span class='ocrx_word' id='word_1_1008' title='bbox 2391 5683 2659 5761; x_wconf 60' lang='lat' dir='ltr'><strong>justissima:</strong></span> <span class='ocrx_word' id='word_1_1009' title='bbox 2682 5683 2951 5761; x_wconf 55' lang='lat' dir='ltr'><strong>(minuitur;</strong></span> <span class='ocrx_word' id='word_1_1010' title='bbox 2975 5703 3074 5740; x_wconf 82' lang='lat' dir='ltr'><strong>nec</strong></span> <span class='ocrx_word' id='word_1_1011' title='bbox 3093 5692 3150 5740; x_wconf 88' lang='lat' dir='ltr'><strong>ad</strong></span> <span class='ocrx_word' id='word_1_1012' title='bbox 3176 5683 3425 5761; x_wconf 76' lang='lat' dir='ltr'><strong>peceatum</strong></span> <span class='ocrx_word' id='word_1_1013' title='bbox 3469 5683 3767 5761; x_wconf 59' lang='grc' dir='ltr'><strong>αἶιᾶᾗῖιίἷῶ</strong></span> 
     </span>
    </p>
   </div>
   <div class='ocr_carea' id='block_1_119' title="bbox 2173 5746 3767 5834">
    <p class='ocr_par' dir='ltr' id='par_1_119' title="bbox 2173 5746 3767 5834">
     <span class='ocr_line' id='line_1_120' title="bbox 2173 5746 3767 5834; baseline 0 1"><span class='ocrx_word' id='word_1_1014' title='bbox 2173 5760 2198 5792; x_wconf 75' lang='grc'><strong><em>⁸</em></strong></span> <span class='ocrx_word' id='word_1_1015' title='bbox 2219 5757 2244 5834; x_wconf 70' lang='grc' dir='ltr'><em>Ξ</em></span> <span class='ocrx_word' id='word_1_1016' title='bbox 2249 5746 3038 5834; x_wconf 50' lang='grc' dir='ltr'><strong>θ⁵ξ¹πέέῖξίίέξξίξω¹³θυθὲίείυυ¹’εδει</strong></span> <span class='ocrx_word' id='word_1_1017' title='bbox 3049 5766 3156 5834; x_wconf 62' lang='lat'><strong>.21?&quot;</strong></span> <span class='ocrx_word' id='word_1_1018' title='bbox 3176 5746 3449 5834; x_wconf 54' lang='lat' dir='ltr'><strong>metuet:</strong></span> <span class='ocrx_word' id='word_1_1019' title='bbox 3487 5746 3577 5834; x_wconf 54' lang='lat' dir='ltr'><strong>an</strong></span> <span class='ocrx_word' id='word_1_1020' title='bbox 3592 5746 3767 5834; x_wconf 48' lang='lat' dir='ltr'><strong>ehi?-</strong></span> 
     </span>
    </p>
   </div>
   <div class='ocr_carea' id='block_1_120' title="bbox 2171 5806 3768 5887">
    <p class='ocr_par' dir='ltr' id='par_1_120' title="bbox 2171 5806 3768 5887">
     <span class='ocr_line' id='line_1_121' title="bbox 2171 5806 3768 5887; baseline -0.002 0"><span class='ocrx_word' id='word_1_1021' title='bbox 2171 5821 2198 5853; x_wconf 77' lang='lat'>‘</span> <span class='ocrx_word' id='word_1_1022' title='bbox 2219 5813 2359 5887; x_wconf 55' lang='lat' dir='ltr'><strong>E9992</strong></span> <span class='ocrx_word' id='word_1_1023' title='bbox 2373 5806 2871 5887; x_wconf 57' lang='lat' dir='ltr'><strong>;‘9‘139.P9E“}9&#39;3il¥13</strong></span> <span class='ocrx_word' id='word_1_1024' title='bbox 2892 5813 3023 5875; x_wconf 70' lang='lat' dir='ltr'><strong>quod</strong></span> <span class='ocrx_word' id='word_1_1025' title='bbox 3045 5814 3142 5887; x_wconf 54' lang='lat' dir='ltr'><strong>illis</strong></span> <span class='ocrx_word' id='word_1_1026' title='bbox 3163 5806 3355 5887; x_wconf 67' lang='lat' dir='ltr'><strong>Propi&#39;ia</strong></span> <span class='ocrx_word' id='word_1_1027' title='bbox 3376 5806 3607 5887; x_wconf 54' lang='lat' dir='ltr'><strong>iniquius</strong></span> <span class='ocrx_word' id='word_1_1028' title='bbox 3617 5806 3768 5884; x_wconf 58' lang='lat' dir='ltr'><strong>iis</strong></span> 
     </span>
    </p>
   </div>
   <div class='ocr_carea' id='block_1_121' title="bbox 2169 5869 3301 5934">
    <p class='ocr_par' dir='ltr' id='par_1_121' title="bbox 2169 5869 3301 5934">
     <span class='ocr_line' id='line_1_122' title="bbox 2169 5869 3301 5934; baseline 0.008 -13"><span class='ocrx_word' id='word_1_1029' title='bbox 2169 5883 2199 5921; x_wconf 73' lang='grc' dir='ltr'><strong>ι</strong></span> <span class='ocrx_word' id='word_1_1030' title='bbox 2219 5869 2345 5932; x_wconf 84' lang='lat' dir='ltr'><strong>parit</strong></span> <span class='ocrx_word' id='word_1_1031' title='bbox 2368 5875 2422 5925; x_wconf 83' lang='lat' dir='ltr'><strong>et</strong></span> <span class='ocrx_word' id='word_1_1032' title='bbox 2442 5869 2648 5934; x_wconf 68' lang='lat' dir='ltr'><strong>aquilas</strong></span> <span class='ocrx_word' id='word_1_1033' title='bbox 2666 5870 2829 5926; x_wconf 77' lang='lat' dir='ltr'><strong>divina</strong></span> <span class='ocrx_word' id='word_1_1034' title='bbox 2849 5869 2983 5930; x_wconf 76' lang='lat' dir='ltr'><strong>bene</strong></span> <span class='ocrx_word' id='word_1_1035' title='bbox 3004 5869 3301 5934; x_wconf 45' lang='lat' dir='ltr'><strong>retribuit...</strong></span> 
     </span>
    </p>
   </div>
  </div>
