3996 6502
147 349 236 408 309
1023 355 1112 410 DE
1147 351 1625 412 PERFECTIONE
1653 351 1982 414 JUSTlTlE
2019 351 2296 412 HOMIle
2333 353 2556 411 LIBER.

147 465 598 542 quemadmodum
645 470 722 528 de
764 469 972 528 Joanne
999 469 1196 526 dictum
1231 477 1333 536 est,
1368 467 1490 523 Non
1531 477 1636 522 erat
1663 467 1750 522 ille

149 564 298 616 lumen
327 559 516 634 (Joan.
551 579 574 622 ι
597 605 615 632 ,
653 561 737 638 8);
766 579 890 622 cum
919 563 1174 618 Dominus
1203 577 1324 618 eum
1353 577 1472 618 esse
1497 561 1640 616 dicat
1669 561 1750 616 lu-

147 671 348 713 cernam
391 653 512 728 (Id.
557 673 622 726 γ,
667 655 788 732 35),
834 657 972 714 sicut
1007 655 1315 726 discipulos,
1355 653 1546 726 quibus
1579 653 1746 722 dixit,

155 749 246 806 Vos
271 749 392 804 estis
423 748 606 804 lumen
630 749 1020 814 mundisnemo
1049 745 1275 802 accendit
1301 747 1560 800 lucernam
1587 755 1632 799 et
1659 761 1752 816 po-

149 846 210 898 nit
235 861 349 898 eam
375 841 473 898 sub
501 843 684 897 modio
716 841 931 916 (Matth.
957 857 1014 908 γ,
1043 841 1130 910 M,
1161 837 1250 914 15)
1283 858 1296 893 :
1327 838 1420 896 sed
1448 839 1501 893 iu
1529 853 1750 908 compa-

149 937 346 990 ratione
383 935 616 990 luminis
658 935 826 1000 illius,
859 933 998 1005 quod
1038 941 1121 990 est
1147 949 1330 988 verum
1375 932 1584 1000 lumen,
1631 931 1752 986 illu-

149 1029 352 1082 minans
395 1043 622 1082 omnem
675 1026 950 1082 hominem
982 1025 1280 1082 venientem
1325 1023 1376 1078 in
1415 1021 1558 1078 hunc
1599 1039 1754 1078 mun-

149 1119 258 1174 dum
289 1117 486 1192 (Joan.
515 1101 571 1186 ι,
602 1117 688 1191 9),
723 1135 829 1172 non
860 1125 974 1172 erat
1001 1117 1090 1172 ille
1115 1117 1316 1170 lumen.
1344 1114 1467 1171 Sive
1497 1115 1618 1186 quia
1651 1113 1754 1184 ipsi

113 1211 116 1216 ’
151 1213 305 1267 etiam
340 1211 438 1266 lilii
469 1211 574 1268 Dei
603 1207 902 1280 comparati
931 1208 1034 1264 sibi
1059 1207 1188 1277 ipsis
1217 1207 1405 1280 quales
1431 1205 1482 1260 in
1515 1205 1604 1260 illa
1635 1219 1756 1276 per-

149 1303 378 1358 fectione
411 1312 618 1358 mterna
646 1299 814 1356 futuri
855 1307 997 1366 sunt,
1041 1301 1111 1353 ita
1149 1299 1274 1354 boni
1306 1307 1450 1364 sunt,
1487 1305 1546 1351 ut
1581 1295 1755 1352 adhuc

153 1407 196 1450 st
217 1395 362 1450 mali
393 1395 524 1448 sint.
559 1393 716 1463 Quod
745 1393 812 1448 de
849 1392 952 1448 illis
980 1392 1160 1447 dicere
1189 1406 1298 1446 non
1327 1387 1578 1444 auderem
1611 1387 1756 1460 (quis

155 1487 286 1542 cnim
337 1486 544 1540 audeat
587 1485 770 1541 dicere
810 1485 982 1539 malos
1025 1497 1168 1550 esse,
1214 1497 1437 1554 quorum
1483 1491 1634 1551 pater
1673 1489 1756 1536 est

153 1577 342 1648 Deus),
377 1577 482 1631 nisi
513 1579 624 1647 ipse
649 1573 908 1630 Dominus
934 1575 1160 1642 diceret,
1191 1573 1253 1630 Si
1281 1590 1398 1646 ergo
1424 1589 1510 1627 vos
1545 1589 1660 1626 cum
1687 1571 1755 1626 si-
1783 1573 1790 1580 ’

155 1667 206 1720 tis
235 1685 324 1720 ma
335 1665 400 1728 li,
433 1667 594 1720 nostis
617 1665 746 1720 bona
773 1666 894 1718 data
919 1665 1041 1718 dare
1063 1665 1183 1734 ﬁliis
1209 1665 1419 1728 vestris;
1443 1671 1628 1735 quanto
1654 1678 1758 1714 ma.

152 1775 214 1830 gis
251 1757 424 1812 Pater
453 1769 636 1824 uester,
663 1759 747 1826 qui
773 1759 828 1810 in
856 1757 992 1810 caelis
1017 1763 1087 1810 est
1107 1797 1122 1822 ,
1158 1755 1296 1810 dabit
1322 1757 1452 1809 bona
1481 1752 1756 1826 petentibus

154 1869 194 1905 se
235 1851 469 1920 (Jlatth.
513 1867 619 1918 vn,
665 1849 794 1922 li)?
835 1847 966 1904 Cum
1009 1851 1082 1903 ait
1121 1849 1316 1920 utique,
1363 1847 1524 1902 Pater
1566 1857 1756 1912 vester;

156 1943 290 1997 ﬁlios
341 1943 444 1996 Dei
485 1943 594 2011 jam
641 1957 760 1996 esse
806 1942 1140 2008 monstravit,
1186 1955 1320 2010 quos
1363 1949 1539 1996 tamen
1583 1939 1756 1993 adhuc

149 2033 326 2087 malos
377 2049 500 2088 esse
539 2049 642 2087 non
683 2033 866 2087 tacuit.
901 2033 992 2087 llle
1033 2041 1210 2087 tamen
1255 2047 1360 2086 non
1399 2031 1578 2098 solvit,
1621 2044 1756 2102 quo—

155 2125 312 2178 modo
333 2135 396 2179 et
411 2125 500 2178 isti
521 2123 642 2178 boni
659 2125 784 2186 sint,
807 2135 860 2179 et
880 2141 1023 2179 nemo
1041 2123 1108 2178 sit
1125 2124 1303 2190 bonus,
1323 2122 1421 2176 nisi
1437 2139 1566 2176 unus
1587 2120 1757 2175 Deus:

155 2217 292 2272 unde
325 2225 418 2272 est
449 2217 542 2272 ille
570 2217 889 2282 admonitus,
919 2217 1008 2287 qui
1039 2217 1459 2287 interrogaverat
1481 2215 1606 2286 quid
1633 2213 1758 2270 boni

157 2309 396 2375 laceret,
429 2319 490 2363 ut
517 2309 660 2362 illum
699 2315 966 2380 quaereret
992 2309 1143 2378 cujus
1167 2307 1339 2378 gratia
1375 2307 1552 2362 bonus
1581 2315 1754 2374 esset,

155 2401 230 2454 cui
263 2400 478 2454 bonum
511 2415 642 2466 esse,
673 2399 776 2454 hoc
800 2407 883 2454 est
913 2399 1083 2471 ipsum
1115 2413 1273 2464 esse;
1307 2399 1430 2470 quia
1459 2397 1759 2454 incommu-

157 2491 404 2546 tabiiitcr
429 2491 614 2558 bonus,
645 2500 700 2546 et
723 2505 832 2545 non
865 2499 1038 2561 potest
1065 2489 1284 2546 omnino
1311 2490 1480 2544 malus
1509 2489 1684 2544 esse‘.

217 2581 470 2638 CAPUT
506 2581 612 2636 XV.
639 2583 820 2638 —55.
871 2601 886 2632 ι
911 2580 1041 2636 Item
1077 2582 1277 2648 dicunt,
1309 2601 1327 2633 ι
1363 2581 1552 2652 inquit,
1589 2599 1606 2631 ι
1637 2579 1762 2646 Quis

157 2672 479 2742 gloriabitur
497 2681 681 2725 castum
705 2687 760 2726 se
779 2671 959 2726 habere
975 2672 1105 2726 cor?
1131 2691 1150 2724 ι
1182 2671 1248 2726 Et
1282 2671 1346 2726 ad
1367 2671 1466 2725 hoc
1491 2669 1764 2740 reSpondit

153 2763 380 2818 multis
425 2763 742 2829 testimoniis,
791 2763 976 2818 volens
1015 2761 1300 2818 ostendere
1345 2775 1502 2832 posse
1545 2777 1664 2816 esse
1709 2761 1762 2815 iu

157 2855 406 2910 nomine
432 2864 624 2909 castum
653 2871 750 2910 cor
775 2871 788 2907 :
821 2868 920 2910 nec
949 2863 1128 2910 tamen
1171 2853 1300 2908 dicit
1323 2853 1590 2924 quomodo
1620 2851 1762 2906 acci-

159 2949 432 3020 piendum
475 2949 560 3014 sit,
606 2948 747 3020 quod
795 2949 1074 3020 proposuit
1112 2957 1298 3004 contra
1345 2963 1404 3004 se
1450 2947 1588 3012 dici,
1638 2947 1764 3014 Quis

162 3041 476 3112 gloriabitur
507 3053 698 3096 castum
737 3059 794 3096 se
819 3041 1000 3096 habere
1037 3057 1146 3110 cor,
1189 3057 1257 3096 ne
1285 3039 1555 3112 Set-iptura
1583 3039 1766 3096 divina

163 3135 208 3190 in
243 3137 364 3190 hoc
401 3135 722 3204 testimonio,
753 3145 806 3190 et
835 3135 888 3190 in
929 3135 1010 3192 bis
1045 3151 1140 3206 per
1171 3149 1290 3205 quae
1328 3133 1761 3209 respondit,_sibi

165 3229 274 3298 ipsa
325 3227 636 3282 adversaria
679 3227 948 3282 videatur.
993 3227 1102 3282 Nos
1146 3235 1325 3282 autem
1371 3225 1496 3282 huic
1540 3241 1764 3298 respon-

167 3319 366 3374 dentes
411 3317 655 3384 dicimus,
685 3317 808 3374 ideo
849 3327 1088 3373 secutum
1118 3333 1258 3382 esse,
1305 3317 1432 3382 Quis
1471 3315 1770 3389 gloriabitur

167 3423 370 3466 aestum
411 3427 468 3464 se
507 3411 686 3465 habere
717 3409 850 3466 cor?
885 3412 1132 3480 quoniam
1177 3409 1475 3482 prmcessit,
1514 3407 1643 3464 Cum
1681 3425 1771 3464 rea:

169 3505 336 3565 iustus
391 3503 576 3556 sederit
625 3503 680 3556 in
729 3501 932 3556 throno.
995 3501 1334 3568 Quantalibet
1380 3501 1522 3555 enim
1565 3499 1770 3570 justitia

167 3601 228 3654 sit
279 3597 549 3670 praeditus
597 3595 794 3666 homo,
842 3597 1077 3668 cogitare
1127 3595 1308 3662 debet,
1356 3610 1424 3648 ne
1467 3593 1666 3664 aliquid
1713 3593 1768 3647 in

169 3691 288 3756 illo,
333 3691 486 3762 quod
521 3690 634 3760 ipse
667 3705 775 3744 non
819 3690 996 3756 videt,
1035 3687 1338 3743 inveniatur
1377 3701 1495 3740 esse
1540 3685 1764 3754 culpan-

137 3851 142 3856 _
169 3784 315 3852 dun,
347 3799 474 3840 cum
505 3799 598 3838 rex
629 3783 800 3852 justus
843 3781 1041 3836 sederit
1071 3782 1123 3834 in
1155 3779 1368 3844 throno,
1402 3777 1554 3848 cujus
1583 3775 1770 3846 cogni-

171 3881 378 3934 tionem
407 3875 590 3946 fugere
611 3873 801 3929 delicta
827 3889 934 3928 non
961 3879 1210 3943 possunt,
1237 3885 1336 3925 nec
1363 3869 1450 3924 illa
1477 3867 1546 3922 de
1574 3867 1768 3938 quibus

171 3970 382 4026 dictum
419 3977 528 4034 est,
571 3967 767 4020 Delicta
803 3967 914 4038 quis
955 3963 1189 4036 intelligit
1229 3961 1400 4034 (Psal.
1446 3975 1600 4026 xvnt,
1644 3957 1773 4030 15)?

173 4063 298 4118 Cum
331 4077 470 4132 ergo
509 4076 603 4114 rex
643 4061 808 4128 iustus
843 4058 1026 4114 sederit
1067 4059 1118 4111 in
1149 4057 1350 4122 throno,
1388 4053 1498 4124 quis
1537 4051 1776 4124 gloriabi-

173 4167 250 4210 tur
285 4163 494 4210 castum
520 4167 574 4206 se
601 4152 782 4206 habere
809 4149 936 4204 cor?
962 4157 1049 4203 aut
1073 4149 1184 4220 quis
1211 4146 1508 4220 gloriabitur
1532 4143 1776 4198 mundum

173 4261 224 4300 se
245 4261 368 4299 esse
397 4261 426 4296 a
451 4251 659 4316 peccato
685 4240 867 4312 (Prov.
899 4255 995 4306 χχ,
1025 4239 1080 4308 8,
1109 4237 1207 4310 9)?
1237 4237 1348 4292 Nisi
1377 4237 1512 4292 forte
1539 4235 1659 4300 isti,
1687 4233 1778 4306 qui

173 4339 368 4394 velum
399 4337 452 4390 in
481 4351 575 4390 sua
597 4333 824 4406 justitia,
853 4349 960 4388 non
990 4332 1043 4386 in
1071 4331 1237 4402 ipsius
1258 4319 1456 4402 judicis
1474 4326 1779 4384 misericor-

175 4433 256 4488 dia
287 4429 546 4504 gloriari.

239 4528 342 4583 53.
379 4525 586 4580 Tamen
615 4522 775 4578 etiam
805 4519 894 4575 illa
917 4534 1041 4574 vera
1071 4525 1218 4584 sunt,
1261 4529 1379 4586 quae
1407 4509 1781 4584 respondendo

173 4617 447 4690 subjecit,
496 4615 638 4688 quod
693 4634 712 4667 ι
765 4613 1007 4670 Salvator
1054 4612 1126 4668 ait
1172 4609 1224 4668 in
1275 4607 1584 4679 Evangelio,
1637 4604 1782 4660 Beati

173 4708 566 4776 mundicordes,
589 4707 826 4779 quoniam
845 4705 944 4776 ipsi
962 4703 1125 4760 Deum
1142 4703 1376 4758 videbunt
1399 4699 1608 4770 (Matth.
1633 4715 1685 4766 v,
1703 4697 1779 4768 8).
1805 4703 1810 4710 ”

175 4803 246 4858 Et
307 4801 460 4872 quod
523 4797 688 4853 David
722 4795 853 4851 dicit
907 4811 919 4848 :
998 4795 1122 4860 Quis
1179 4791 1412 4848 ascendet
1462 4789 1514 4844 in
1568 4795 1784 4842 montem

175 4893 436 4950 Doneini.’
475 4901 565 4944 aut
593 4889 705 4960 quis
733 4887 882 4944 stabit
905 4887 960 4941 in
1000 4885 1109 4940 loco
1139 4893 1310 4938 sancto
1335 4881 1488 4954 ejus?
1534 4879 1786 4934 Innocens

172 4987 424 5042 manibus
477 4991 526 5038 et
571 4983 761 5037 mundo
809 4979 959 5036 corde
1007 4977 1183 5050 (Psal.
1221 4993 1374 5044 χχιιι,
1401 4977 1456 5044 5,
1486 4975 1561 5048 4).
1593 4973 1658 5030 Et
1685 4973 1786 5028 ali-

171 5079 230 5138 bi
291 5097 308 5134 :
377 5077 621 5149 Benefac,
671 5073 922 5140 Domine,
971 5071 1111 5126 bonis
1139 5079 1184 5124 et
1227 5069 1372 5124 rectis
1420 5065 1569 5122 corde
1615 5063 1784 5140 (Psal.

169 5185 376 5235 cxx",
407 5169 490 5240 4).
521 5167 650 5221 item
702 5163 844 5236 apud
895 5163 1238 5220 Salomonem
1293 5179 1306 5215 :
1362 5159 1508 5214 Bona
1562 5167 1635 5212 est
1673 5157 1791 5212 sub-

169 5263 411 5328 stantia,
429 5259 514 5313 cui
542 5275 642 5314 non
670 5267 743 5313 est
765 5265 1022 5328 peccatum
1046 5255 1098 5308 in
1128 5253 1433 5322 conscientia
1459 5249 1646 5326 (Eccli.
1673 5265 1787 5320 χιιι,

169 5355 302 5428 30).
337 5353 474 5409 Item
503 5351 611 5408 illic
636 5369 651 5408 :
681 5347 864 5404 Averte
901 5357 947 5402 te
969 5365 1001 5401 a
1038 5345 1252 5414 delicto,
1298 5352 1344 5399 et
1388 5343 1548 5413 dirige
1590 5359 1790 5412 manus,

127 5431 140 5460 ³
171 5459 226 5505 es
285 5445 358 5501 ab
406 5445 541 5500 omni
569 5443 752 5498 delicto
777 5440 965 5494 munda
991 5457 1078 5494 cor
1102 5447 1240 5492 tuum
1295 5433 1404 5512 (Id.
1433 5450 1654 5504 xxxvm,
1677 5435 1792 5508 10).

171 5539 324 5600 Item
355 5537 412 5594 in
443 5537 680 5610 Epistula
709 5533 934 5590 Joannis
982 5549 996 5586 :
1044 5531 1104 5588 Si
1155 5547 1243 5584 cor
1284 5539 1520 5610 (nostrum
1565 5545 1666 5582 non
1713 5543 1796 5582 re-

175 5632 502 5711 prehendat,
556 5629 808 5703 fiduciam
857 5625 1093 5680 habemus
1135 5623 1202 5678 ad
1253 5609 1436 5690 Deum,
1467 5630 1515 5678 et
1542 5637 1796 5694 quacum.

257 5752 280 5784 ³
307 5757 448 5816 μοι,
480 5748 595 5816 σιτία
615 5736 1795 5816 ωοαπηὲυξαωὲίτπ,έῖί3’¹ἲὲἕι.¹ἓέπέ1²⁰.¹⁴ἔὲ⁸.ἰ.ᾞῗὲἓ²

179 5799 768 5882 μειαὼζᾟίςιιιω
811 5804 998 5867 habent
1035 5799 1420 5856 οειιιιαειθτιει
1463 5799 1790 5862 ωιιιωιριι.

3331 359 3436 420 310

1855 485 1952 540 que
1993 468 2316 538 petierimus,
2345 469 2644 542 accipiemus
2687 467 2751 528 ab
2797 485 2856 526 eo
2891 487 2914 530 ι
2956 467 3184 548 (Nam.
3233 484 3306 534 ιι.
3347 471 3441 536 ﬁl,

1856 557 1968 632 22).
2021 557 2132 614 lloc
2159 560 2300 616 enim
2339 561 2511 632 agitur
2551 563 2840 632 voluntate,
2892 560 3182 630 credendo,
3217 575 3416 636 speras:

1857 649 1948 717 do,
1993 649 2282 724 diligendo,
2329 666 2522 723 corpus
2566 651 2891 724 castigando,
2940 653 3314 728 eleemosynas
3361 649 3413 708 is

1857 743 2068 808 ciendo,
2095 743 2312 812 injurias
2343 745 2688 816 ignoscendo,
2718 745 2976 802 instanter
3000 747 3224 816 orando,
3251 753 3308 802 et
3329 761 3446 818 pro-

1863 835 2071 892 ﬁciendi
2093 837 2234 892 vires
2257 838 2544 910 precando,
2569 839 2931 912 veraciterque
2955 841 3204 910 dicendo,
3233 840 3444 898 Dimitte

1859 929 2020 994 nobis,
2060 929 2186 984 sicut
2213 938 2259 983 et
2287 946 2377 986 nos
2415 929 2748 1000 dimittimus;
2787 939 2872 998 et,
2915 931 2998 988 Ne
3037 933 3228 1006 inferas
3261 950 3354 988 nos
3391 935 3446 988 in

1860 1019 2180 1074 tentationem
2199 1062 2214 1088 ,
2237 1021 2325 1076 sed
2345 1021 2498 1076 libera
2525 1038 2616 1077 nos
2641 1038 2672 1076 a
2697 1023 2830 1076 malo
2856 1019 3067 1096 (Matth.
3097 1041 3146 1082 γι
3163 1067 3178 1090 ,
3212 1025 3302 1092 12,
3330 1023 3442 1098 15).

1863 1109 1972 1164 lloc
2005 1127 2223 1180 prorsus
2257 1115 2452 1182 agitur,
2498 1121 2554 1168 ut
2587 1128 2682 1168 cor
2723 1113 3032 1182 mundetur,
3075 1123 3130 1172 et
3167 1123 3445 1186 peccatum

1860 1217 2018 1258 omne
2053 1202 2292 1270 tollatur;
2325 1213 2377 1260 et
2416 1203 2556 1276 quod
2596 1219 2690 1260 rex
2726 1205 2964 1276 justus‘,
3005 1220 3126 1262 cum
3163 1205 3216 1261 in
3253 1207 3446 1264 throno

1859 1293 2092 1362 sederit,
2143 1295 2409 1350 occultum
2455 1295 2719 1352 invenerit
2763 1298 3048 1368 miuuSque
3095 1297 3444 1366 mundatum,

1859 1387 1974 1460 ejus
2015 1387 2372 1442 misericordia
2398 1389 2735 1456 remittatur;
2777 1398 2834 1444 ut
2873 1390 2982 1446 Deo
3005 1390 3236 1446 videndo
3275 1399 3446 1446 totum

1859 1491 2048 1532 sanum
2078 1477 2442 1550 mundumque
2465 1479 2740 1534 reddatur.
2772 1479 3037 1536 Iudicium
3065 1482 3197 1538 enim
3219 1484 3326 1536 sine
3351 1483 3447 1536 mi-

1859 1569 2149 1635 sericordia,
2185 1569 2276 1624 sed
2304 1571 2380 1624 illi
2405 1572 2490 1642 qui
2529 1588 2630 1626 non
2649 1573 2767 1644 fecit
2799 1573 3218 1628 misericordiam.
3248 1573 3444 1646 Super-

1867 1659 2068 1714 ea‘altat
2110 1671 2278 1716 autent
2327 1662 2675 1716 misericordia
2726 1663 2922 1728 iudicio
2967 1664 3172 1736 (Jacobi
3219 1681 3276 1734 ιι,
3331 1667 3444 1738 15).

1859 1751 2011 1820 Quod
2045 1753 2091 1807 si
2131 1769 2234 1808 non
2275 1762 2438 1822 esset,
2470 1769 2588 1824 qu.e
2627 1769 2753 1826 spes
2795 1757 2974 1812 esset?
3009 1755 3448 1828 Quandoquidem

1859 1857 1974 1896 cum
2013 1859 2102 1898 rea:
2129 1845 2304 1916 justus
2332 1845 2513 1900 sederit
2552 1845 2606 1900 in
2637 1845 2840 1916 throno,
2879 1847 2990 1918 quis
3025 1847 3322 1920 gloriabitur
3355 1863 3448 1902 ca-

1859 1947 1992 1990 stum
2029 1955 2082 1991 se
2119 1937 2301 1994 habere
2339 1940 2471 1994 cor?
2508 1949 2594 1992 aut
2633 1940 2742 2010 quis
2779 1939 3078 2012 gloriabitur
3115 1941 3360 1995 mundum
3395 1957 3452 1996 se

1862 2044 1969 2084 esse
2009 2047 2040 2082 a
2077 2032 2322 2102 peccato?
2367 2031 2514 2088 Tunc
2559 2049 2686 2104 ergo
2729 2049 2823 2102 per
2867 2033 2984 2104 ejus
3031 2033 3450 2092 misericordiam

1857 2120 1986 2192 justi
2027 2123 2183 2194 plene
2213 2123 2554 2196 perfectoque
2591 2127 2850 2194 nnmdati,
2883 2127 3162 2198 fulgebunt
3197 2128 3252 2184 in
3283 2143 3454 2200 regno

1863 2215 2036 2270 Patris
2061 2218 2142 2271 sui
2173 2217 2310 2274 sicut
2335 2219 2416 2274 sol
2445 2219 2656 2290 (Matth.
2689 2236 2806 2286 χιιι,
2838 2219 2953 2292 45).

1935 2309 2022 2364 35.
2067 2309 2212 2366 Tunc
2241 2311 2397 2382 plene
2426 2319 2586 2384 atque
2629 2312 2902 2382 pet-lecte‘
2941 2311 3044 2368 erit
3077 2311 3313 2368 Ecclesxa
3343 2327 3452 2370 non

1865 2397 2069 2455 habens
2107 2403 2367 2458 maculam
2397 2411 2489 2458 aut
2516 2419 2698 2474 rugam
2736 2411 2828 2458 aut
2870 2403 3071 2474 aliquid
3111 2403 3452 2474 bujusmodi,

1864 2493 1986 2564 quia
2027 2503 2152 2548 tunc
2191 2495 2350 2548 etiam
2393 2495 2497 2549 erit
2527 2509 2649 2550 vere
2683 2495 2938 2566 gloriosa.
2979 2495 3114 2550 Cum
3159 2495 3302 2550 enim
3341 2509 3450 2552 non

1867 2591 2070 2638 tantum
2108 2583 2215 2652 ait,
2247 2595 2302 2638 ut
2332 2585 2580 2642 exhiberet
2608 2585 2702 2638 sibi
2731 2585 3010 2640 Ecclesium
3049 2602 3150 2640 non
3189 2585 3452 2640 habentem

1866 2675 2117 2728 maculam
2144 2685 2229 2729 aut
2255 2693 2454 2748 rugam,
2481 2675 2572 2730 sed
2604 2675 2826 2742 addidit,
2853 2676 3124 2748 gloriosam
3153 2673 3370 2750 (Ephes.
3399 2693 3452 2746 v,

1865 2765 1979 2840 27);
2012 2771 2140 2824 satis
2170 2767 2507 2842 signiﬁcavit,
2541 2767 2750 2840 quando
2780 2769 2882 2824 erit
2903 2769 3020 2824 sine
3047 2770 3256 2826 macula
3283 2779 3340 2826 ct
3363 2785 3456 2826 ru-

1866 2877 1930 2932 ga
1961 2871 2054 2916 aut
2080 2861 2257 2932 aliquo
2289 2861 2634 2934 hujusmodi‘
2667 2881 2681 2918 :
2713 2871 2838 2920 tunc
2867 2865 3070 2936 utique,
3102 2864 3314 2934 quando
3339 2865 3460 2936 glo-

1869 2953 2032 3008 riosa.
2063 2953 2180 3008 Non
2203 2953 2344 3010 enim
2369 2955 2534 3010 modo
2559 2955 2610 3010 in
2639 2955 2799 3010 tantis
2827 2955 3002 3022 malis,
3030 2957 3083 3012 in
3115 2957 3276 3012 tantis
3299 2972 3458 3014 scan-

1869 3043 2025 3110 dulis,
2075 3045 2127 3100 iu
2174 3053 2318 3100 tanta
2363 3047 2714 3115 permixtione
2761 3045 3036 3102 hominum
3079 3048 3456 3118 pessimorum,

1871 3135 1924 3190 in
1973 3135 2134 3190 tantis
2181 3135 2482 3206 Opprobriis
2533 3137 2816 3208 impiorum
2869 3139 3157 3194 dicendum
3205 3148 3292 3196 est
3335 3156 3458 3196 eam

1871 3242 1989 3282 esse
2014 3227 2324 3298 gloriosam,
2355 3229 2476 3298 quia
2515 3244 2671 3300 reges
2709 3230 2756 3284 ei
2787 3231 3045 3297 serviunt,
3077 3231 3166 3288 ubi
3199 3239 3284 3288 est
3315 3233 3460 3302 peri-

1871 3319 2107 3374 culosior
2147 3317 2423 3390 majorque
2453 3321 2678 3376 tentatio
2709 3339 2722 3374 :
2751 3321 2846 3378 sed
2879 3331 3002 3378 tunc
3029 3323 3202 3392 potius
3225 3323 3462 3394 gloriosa

1871 3409 1991 3478 erit,
2026 3410 2238 3481 quando
2269 3409 2358 3466 fiet
2392 3411 2532 3482 quod
2557 3411 2704 3468 idem
2735 3413 2810 3468 ait
2837 3413 3130 3484 apostolus,
3157 3412 3284 3470 Cum
3313 3415 3462 3472 Chri-

1873 3512 1978 3558 stus
2007 3503 2300 3575 apparuerit
2323 3505 2424 3557 uita
2450 3514 2632 3574 vestra,
2663 3513 2780 3560 tunc
2807 3513 2852 3560 et
2877 3522 2964 3560 vos
2989 3505 3300 3578 apparebitis
3337 3523 3458 3562 cum

1871 3595 1983 3668 ipso
2011 3597 2060 3649 in
2081 3595 2245 3668 gloria
2274 3595 2491 3672 (Coloss.
2522 3615 2600 3668 tu,
2627 3597 2706 3672 4).
2734 3598 2869 3656 Cum
2895 3600 3038 3654 enim
3063 3599 3322 3656 Dominus
3345 3601 3462 3671 ipse

1874 3687 2162 3744 secundum
2195 3687 2418 3744 formam
2448 3690 2607 3758 servi,
2639 3705 2736 3760 per
2763 3707 2922 3761 quam
2951 3707 3010 3746 se
3037 3691 3304 3746 mediator
3327 3706 3462 3748 eon-

1870 3777 2045 3848 juuxit
2086 3779 2358 3850 Ecclesiae,
2405 3795 2514 3836 non
2542 3781 2703 3838 fuerit
2729 3782 3058 3854 glorificatus
3083 3782 3188 3840 nisi
3217 3799 3460 3840 resurre-

1875 3870 2067 3924 ctionis
2095 3869 2262 3940 gloria
2291 3870 2452 3943 (unde
2487 3870 2686 3926 dictum
2725 3881 2827 3937 est,
2857 3871 3086 3944 Spiritus
3109 3890 3210 3928 non
3237 3882 3346 3930 erat
3367 3875 3468 3928 da-

1880 3969 1960 4014 tus
1979 4002 1993 4028 ,
2030 3961 2148 4032 quia
2173 3961 2326 4016 Jesus
2352 3961 2577 4016 nondum
2603 3966 2771 4038 fuerat
2797 3963 3112 4038 gloriﬁcatus
3147 3962 3327 4038 [Joan.
3355 3981 3462 4034 vn,

1881 4050 2018 4126 59]);
2049 4053 2314 4124 quomodo
2339 4053 2564 4110 dicenda
2592 4064 2675 4110 est
2702 4065 2827 4112 ante
2853 4057 3296 4114 resurrectionem
3313 4073 3468 4114 suam

1881 4143 2116 4200 Ecclesia
2158 4143 2272 4214 ejus
2311 4159 2430 4200 esse
2455 4145 2725 4218 gloriosa?
2761 4146 2980 4204 Mundat
3021 4164 3148 4222 ergo
3175 4165 3294 4206 eam
3321 4165 3467 4208 nunc

1880 4233 2092 4289 lavacro
2126 4251 2279 4305 aqua:
2316 4237 2369 4290 in
2397 4237 2560 4292 verbo
2592 4235 2806 4310 (Ephes.
2833 4253 2890 4308 v,
2925 4239 3040 4312 26),
3076 4240 3297 4302 abluens
3333 4257 3469 4311 pee-

1880 4333 1997 4380 cata
2029 4327 2316 4396 praeterita,
2343 4335 2396 4382 et
2425 4327 2629 4400 pellens
2657 4329 2724 4386 ab
2759 4343 2820 4384 ea
2849 4329 3266 4386 dominationem
3295 4333 3468 4386 malo-

1881 4433 1998 4474 rum
2023 4417 2346 4488 Angelorum
2377 4439 2389 4473 :
2418 4419 2610 4476 deinde
2641 4421 2920 4492 perﬁciens
2938 4423 3058 4494 ejus
3083 4425 3358 4488 sanitates,
3385 4423 3470 4478 fa-

1883 4510 1957 4566 cit
1983 4526 2102 4565 eam
2138 4523 2421 4566 occurrere
2447 4511 2497 4566 in
2525 4511 2666 4566 illam
2695 4511 3005 4584 gloriosam,
3035 4515 3152 4572 sine
3177 4515 3389 4572 macula
3413 4521 3472 4572 et

1883 4615 2034 4672 ruga.
2085 4601 2225 4666 Quos
2272 4601 2416 4658 enim
2457 4603 2863 4682 praedestinavit,
2907 4605 3024 4660 illos
3065 4615 3112 4662 et
3154 4606 3378 4672 uocauit,-
3421 4615 3472 4662 et

1884 4707 2009 4764 quos
2035 4693 2248 4762 vocavit,
2275 4694 2412 4766 ipsos
2437 4704 2482 4748 et
2499 4695 2836 4767 justiﬁcavit;
2863 4713 2991 4768 quos
3015 4706 3184 4754 autem
3211 4700 3474 4770 iustiﬁca-

1886 4783 1956 4838 vit
1974 4826 1988 4852 ,
2018 4781 2132 4839 illos
2161 4793 2208 4838 et
2231 4784 2530 4856 gloriﬁcauit
2558 4783 2736 4858 (Rom.
2769 4803 2882 4855 νιιι,
2914 4789 3030 4860 50).
3057 4789 3119 4844 in
3147 4791 3249 4846 hoc
3277 4799 3477 4864 myste-

1887 4877 1970 4934 rio
1995 4877 2196 4932 dictum
2227 4877 2477 4942 arbitror,
2505 4875 2638 4934 Ecce
2665 4879 2812 4952 ejicio
2847 4881 3121 4950 daemonia,
3153 4893 3200 4937 et
3236 4885 3478 4940 sanitates

1889 4971 2097 5040 perﬁcio
2139 4969 2290 5025 hodie
2326 4979 2373 5026 et
2407 4988 2541 5038 cras,
2579 4981 2625 5026 et
2661 4974 2808 5028 tertia
2848 4973 2930 5029 die
2965 4991 3284 5030 consummor
3320 4975 3474 5046 (Luc.

1889 5077 2002 5127 χιιι,
2037 5061 2152 5134 52),
2194 5061 2249 5116 id
2293 5069 2396 5130 est,
2439 5061 2710 5136 perﬁciar.
2753 5065 2894 5122 Dixit
2931 5067 3074 5126 enim
3117 5067 3219 5123 hoc
3253 5084 3318 5124 ex
3353 5085 3478 5139 per-

1893 5169 2022 5211 sona
2066 5155 2306 5226 corporis
2335 5155 2448 5224 sui,
2479 5157 2622 5230 quod
2649 5165 2732 5216 est
2761 5158 2998 5216 Ecclesia
3029 5177 3048 5218 :
3087 5161 3206 5218 dies
3233 5177 3438 5232 ponens
3456 5165 3480 5194 ⁸

1895 5261 1992 5319 pro
2015 5245 2278 5302 distinctis
2301 5247 2666 5320 ordinatisque
2687 5251 3040 5324 temporibus,
3063 5253 3204 5326 quod
3223 5261 3280 5312 et
3303 5255 3355 5310 in
3381 5269 3480 5312 sua

1896 5341 2289 5400 resurrectione
2318 5341 2634 5414 signiﬁcavit
2671 5343 2724 5398 in
2755 5344 2948 5405 triduo.

1957 5547 1980 5582 ι
2005 5553 2108 5595 Am.
2131 5549 2206 5593 Er.
2231 5548 2436 5608 etlam,
2459 5547 2508 5595 et
2526 5543 2654 5607 quod
2670 5535 3020 5608 jitdexjustus.

1962 5611 1983 5642 ³
2001 5609 2075 5670 sic
2095 5614 2200 5656 Mss.
2226 5606 2346 5670 Editi
2363 5619 2497 5670 vero,
2523 5605 2634 5670 tunc
2656 5605 2798 5670 plena
2818 5605 2958 5670 atque
2981 5605 3210 5670 perfecta.

1963 5643 2798 5740 animusanimus?"
2811 5643 3334 5720 mammam
3351 5672 3482 5728 tt...

1901 5739 1986 5786 aut
2005 5729 2166 5793 aliquo
2188 5729 2478 5793 httjttsntodi.

1925 5857 1937 5868 .
1963 5795 1986 5826 δ
2005 5789 2143 5868 tanti,
2187 5789 2402 5844 Ecclesia
2435 5789 2526 5844 Dei
2553 5801 2788 5858 :ponens.
2819 5791 3141 5846 Emendautur
3161 5805 3192 5843 a
3213 5791 3378 5844 codice
3401 5799 3482 5842 va-
