3996 6486
551 511 556 516 ·
606 492 697 549 56.
737 490 874 548 Puto
914 498 1092 547 autem
1130 486 1388 543 interesse
1429 482 1569 540 inter
1606 490 1811 539 rectum
1848 482 2030 547 corde,
2064 490 2118 536 et

534 585 795 644 mundum
820 583 1013 640 corde.
1031 581 1165 637 Nam
1195 590 1248 635 et
1275 587 1454 634 rectus
1473 575 1634 633 corde
1671 575 1724 630 in
1751 591 1812 630 ea
1851 591 1970 645 qua:
1994 583 2118 628 ante

535 688 663 734 sunt
701 675 1023 739 extenditur,
1064 688 1125 728 ea
1170 687 1289 743 qu:e
1331 678 1474 725 retro
1515 675 1640 724 sunt
1680 667 2018 731 obliviscens,
2062 672 2121 719 ut

535 776 685 824 recto
713 782 896 832 cursu,
926 765 975 820 id
1007 774 1089 820 est
1113 771 1258 818 recta
1285 761 1387 816 fide
1413 756 1572 830 atque
1607 757 1898 813 intentione
1927 771 2119 827 perve-

537 859 666 922 niat,
698 857 785 912 ubi
809 857 1010 911 habitet
1037 853 1268 909 mundus
1291 851 1453 908 corde
1485 851 1744 922 (Philipp.
1772 867 1847 916 ιιι,
1883 850 1974 915 15,
2005 845 2118 920 Μ).

536 948 684 1002 Sicut
714 947 800 1001 illa
838 947 1042 1018 singula
1072 942 1344 1001 reddenda
1373 952 1497 998 sunt
1522 941 1766 1013 singulis,
1802 941 1890 995 ubi
1921 939 2120 994 dictum

535 1047 637 1104 est,
669 1037 792 1104 Quis
817 1038 1048 1092 ascendet
1073 1037 1126 1091 in
1155 1044 1373 1090 montem
1405 1033 1651 1088 Domini?
1675 1041 1762 1086 aut
1786 1032 1870 1102 qui
1895 1030 2040 1085 stabit
2067 1029 2122 1082 in

537 1128 647 1183 loco
676 1140 850 1183 sancto
883 1129 1031 1200 ejus?
1063 1127 1318 1184 Innoccns
1352 1127 1581 1181 manibus
1616 1134 1661 1179 et
1698 1123 1916 1177 mundus
1950 1125 2121 1178 corde.

540 1219 803 1276 lnnocens
831 1221 1074 1276 manibus
1099 1221 1371 1285 ascendet,
1407 1229 1462 1276 et
1489 1217 1717 1274 mundus
1741 1215 1904 1271 corde
1925 1216 2122 1270 stabit:

539 1311 669 1366 illud
699 1312 751 1366 in
783 1327 947 1381 opere
981 1321 1085 1377 est,
1128 1313 1256 1367 illud
1296 1313 1347 1367 in
1387 1313 1492 1366 [inc
1514 1312 1552 1364 ¹.
1599 1309 1667 1364 Ει
1700 1309 1808 1363 illic
1844 1308 2012 1377 magis
2045 1307 2125 1361 in-

540 1403 880 1474 telligendum
906 1404 1048 1474 quod
1077 1403 1275 1458 dictum
1303 1413 1386 1459 est
1407 1447 1422 1471 ,
1454 1403 1598 1458 Bona
1624 1412 1696 1457 est
1717 1402 2019 1468 substantia,
2045 1401 2127 1456 cui

543 1510 643 1547 non
679 1502 750 1548 est
784 1503 1041 1564 peccatum
1069 1495 1122 1548 in
1155 1496 1480 1550 conscientia.
1515 1495 1664 1550 Tunc
1690 1494 1832 1550 enim
1872 1494 1973 1549 crit
2000 1510 2128 1550 vero

538 1587 675 1642 bona
715 1588 1036 1653 substantia,
1069 1588 1122 1642 id
1150 1599 1252 1655 est,
1277 1605 1416 1644 vera:
1446 1588 1664 1654 divitiae,
1697 1603 1816 1642 cum
1859 1587 2130 1642 transierit

539 1686 646 1733 tota
680 1687 984 1748 paupertas,
1013 1679 1066 1733 id
1097 1689 1202 1744 est,
1233 1696 1355 1736 cum
1385 1688 1698 1751 consumpta
1718 1682 1739 1712 ¹
1768 1680 1926 1736 fuerit
1954 1679 2129 1736 omnis

539 1767 841 1824 inﬁrmitas.
872 1770 1026 1826 Nunc
1050 1787 1179 1827 vero
1209 1781 1398 1826 avertat
1431 1789 1484 1828 se
1518 1774 1669 1827 homo
1703 1789 1734 1826 a
1766 1772 1968 1836 delicto,
2006 1788 2126 1827 cum

540 1863 870 1932 proliciendo
911 1864 1034 1918 inde
1075 1864 1337 1933 discedit,
1383 1873 1437 1921 et
1473 1875 1762 1921 renovatur
1786 1865 1807 1897 ⁸
1849 1865 1918 1920 de
1954 1865 2041 1920 die
2076 1865 2129 1920 in

541 1953 714 2019 diem;
743 1965 787 2009 et
816 1955 1002 2027 dirigat
1031 1974 1211 2012 manus
1236 1960 1286 2012 in
1318 1957 1519 2029 opera‘
1546 1958 1959 2024 misericordiae,
1989 1967 2043 2012 et
2068 1957 2130 2012 ab

540 2047 680 2099 omni
715 2047 896 2101 delicto
936 2049 1141 2103 mandet
1167 2066 1255 2104 cor
1292 2065 1472 2114 suum;
1512 2051 1847 2114 misereatur,
1894 2059 1952 2104 ut
1990 2049 2131 2121 quod

542 2148 706 2196 restat
721 2141 764 2209 ',
794 2157 893 2212 per
918 2144 1123 2198 veniam
1168 2144 1482 2200 dimittatur.
1528 2145 1639 2200 Hoc
1675 2145 1817 2199 enim
1848 2144 2133 2199 salubriter

541 2240 595 2286 et
620 2230 736 2286 sine
760 2247 893 2288 vana
920 2234 1437 2306 inaniquejactantia
1465 2237 1602 2292 bene
1629 2237 1959 2306 intelligitur,
1990 2238 2040 2292 in
2067 2253 2133 2293 eo

540 2322 680 2390 quod
711 2322 845 2377 dixit
886 2336 1100 2380 sanctus
1136 2327 1392 2390 Joannes.
1439 2329 1499 2384 Si
1539 2347 1626 2383 cor
1654 2339 1879 2383 nostrum
1911 2347 2002 2383 nos
2032 2346 2134 2385 non

541 2415 896 2484 reprehendat,
930 2419 1170 2488 fiduciam
1207 2421 1446 2476 habemus
1474 2423 1543 2476 ad
1579 2422 1765 2487 Deum,
1798 2431 1845 2477 et
1874 2439 2133 2492 quascum-

543 2521 640 2576 que
677 2509 986 2578 petierimus,
1031 2513 1334 2582 accipiemus
1381 2515 1444 2568 ab
1479 2531 1556 2568 eo.
1598 2514 1712 2569 Hoc
1756 2516 1898 2570 enim
1926 2516 2136 2570 videtur

545 2594 648 2650 isto
692 2597 810 2652 loco
858 2599 1220 2669 admonuisse,
1265 2618 1330 2658 ne
1370 2618 1464 2658 cor
1502 2613 1742 2658 nostrum
1791 2621 1892 2661 nos
1927 2607 1979 2660 in
2021 2607 2133 2677 ipsa

543 2688 785 2744 oratione
822 2699 877 2745 et
907 2692 1161 2761 petitione
1191 2694 1550 2762 reprehendat
1583 2714 1595 2750 :
1629 2696 1735 2753 hoc
1763 2709 1866 2761 est,
1899 2715 1967 2754 ne
1997 2699 2136 2755 forte

541 2790 662 2832 cum
690 2780 1014 2850 coeperimus
1039 2782 1241 2850 dicere,
1271 2783 1483 2840 Dimitte
1515 2788 1676 2852 nobis,
1709 2790 1838 2842 sicut
1868 2800 1915 2843 et
1941 2807 2032 2844 nos
2056 2791 2136 2844 di-

540 2868 820 2932 mittimus;
865 2887 1287 2943 compungamur
1327 2892 1432 2931 non
1478 2877 1654 2934 facere
1697 2881 1838 2950 quod
1885 2881 2132 2948 dicimus,

543 2967 638 3013 aut
662 2961 822 3015 etiam
848 2977 952 3017 non
977 2964 1270 3021 audeamus
1295 2967 1475 3024 dicere
1501 2969 1643 3040 quod
1673 2987 1778 3026 non
1807 2971 2050 3041 facimus,
2083 2983 2134 3030 et

543 3047 788 3104 ﬁduciam
820 3053 1029 3120 petendi
1057 3055 1383 3113 amittamus.

611 3141 838 3200 CAPUT
864 3146 999 3202 XVI.
1026 3179 1096 3188 —
1115 3151 1202 3206 57.
1230 3153 1357 3208 Item
1381 3155 1482 3211 sibi
1503 3158 1751 3228 opposuit
1773 3159 2132 3214 testimonium

542 3229 964 3305 Seripturarum,
995 3241 1134 3311 quod
1159 3243 1236 3298 eis
1265 3244 1369 3300 dici
1395 3247 1564 3315 solet,
1597 3247 1730 3316 Quia
1759 3267 1859 3304 non
1887 3261 1959 3305 est
1983 3251 2134 3306 homo

535 3325 707 3397 justus
731 3329 784 3383 in
813 3339 947 3385 terra
971 3335 1055 3401 qui
1094 3337 1247 3406 faciat
1277 3337 1460 3414 bonum
1479 3380 1494 3405 ,
1521 3350 1694 3402 etnon
1726 3353 1890 3412 peccet
1931 3343 2130 3414 (Eccle.

541 3433 636 3486 vn,
683 3421 800 3491 ‘21).
849 3422 918 3479 Et
957 3427 1107 3496 quasi
1150 3407 1450 3499 reSpondit.
1459 3432 1575 3487 aliis
1621 3407 1968 3500 testimoniis,
2011 3437 2154 3507 quia,

545 3529 568 3566 ι
601 3512 858 3570 Dominus
901 3517 968 3573 de
1007 3530 1192 3576 sancto
1219 3521 1320 3576 Joh
1348 3523 1420 3576 ait
1451 3542 1463 3577 :
1497 3522 1764 3596 Numquid
1805 3528 2132 3584 considerasti

537 3617 738 3658 servum
780 3623 949 3660 meum
980 3605 1137 3663 Job?
1193 3609 1314 3664 Non
1367 3613 1498 3666 enim
1551 3623 1624 3668 est
1668 3616 1716 3668 ei
1759 3617 1940 3671 similis
1987 3620 2130 3686 quis-

537 3709 689 3761 quam
733 3695 786 3750 in
831 3699 1014 3766 terris,
1062 3700 1211 3754 homo
1254 3701 1362 3756 sine
1401 3705 1639 3774 querela,
1693 3720 1836 3761 verus
1878 3706 1974 3761 Dei
2017 3709 2128 3763 cul-

543 3795 651 3853 tor,
679 3786 933 3844 abstinens
961 3808 1015 3845 se
1042 3792 1103 3846 ab
1129 3795 1268 3847 omni
1294 3796 1429 3850 malo
1462 3816 1482 3849 s
1518 3796 1638 3870 (Job
1663 3815 1699 3864 ι,
1731 3799 1809 3870 8).
1843 3799 1994 3856 Unde
2017 3799 2128 3873 jam

537 3877 786 3948 superius
828 3879 1195 3938 disseruimus.
1226 3884 1334 3940 Nec
1363 3895 1540 3960 tamen
1571 3889 1683 3960 ipse
1713 3892 1947 3947 ostendit
1977 3893 2130 3950 nobis

538 3969 806 4038 quomodo
834 3980 888 4027 et
914 3972 1049 4040 Job,
1079 3974 1124 4030 si
1162 3974 1276 4032 hare
1304 3977 1466 4033 verba
1497 3979 1566 4034 ita
1598 3981 1938 4054 intelligenda
1969 3996 2124 4054 sunt,

539 4057 656 4114 sine
685 4061 796 4116 ullo
833 4073 1051 4133 peccato
1091 4064 1251 4122 fuerit
1293 4068 1346 4123 in
1376 4076 1548 4139 terra,
1591 4081 1645 4128 et
1671 4089 1855 4130 verum
1885 4078 1956 4132 sit
1986 4077 2128 4148 quod

539 4153 797 4222 scriptum
823 4169 940 4211 esse
964 4155 1116 4222 dixit,
1147 4157 1271 4214 Non
1308 4170 1380 4216 est
1417 4163 1568 4250 homp
1596 4165 1768 4236 justus
1804 4167 1857 4222 in
1883 4176 2017 4223 terra
2044 4171 2130 4241 qui

538 4241 696 4311 faciat
725 4245 930 4314 bonum,
955 4259 1002 4302 et
1031 4265 1130 4303 non
1161 4260 1347 4320 peccet.

608 4337 836 4396 CAPUT
862 4340 1027 4397 XVII.
1053 4374 1123 4383 —
1146 4345 1234 4400 58.
1265 4347 1425 4402 «Item
1451 4346 1656 4415 dicunt,
1686 4368 1706 4404 ι
1743 4351 1928 4423 inquit,
1961 4353 2127 4421 «Quia

537 4443 641 4484 non
651 4431 1019 4502 justi/imbitur
1039 4433 1092 4488 in
1121 4425 1392 4500 conspectu
1414 4446 1500 4494 tuo
1524 4441 1687 4495 omnis
1712 4443 1876 4498 vivens
1899 4461 1918 4495 ι
1950 4444 2124 4515 (Psal.

535 4534 714 4587 cxur,
768 4521 850 4591 2).
906 4523 972 4578 Et
1017 4523 1142 4582 huic
1189 4529 1492 4586 testimonio
1534 4533 1682 4602 quasi
1739 4535 2014 4604 respondit
2055 4536 2124 4592 ad

536 4609 667 4697 nihil
693 4612 868 4680 aliud,
901 4615 1002 4670 nisi
1031 4625 1088 4671 ut
1115 4615 1404 4688 Scriptum
1432 4630 1630 4678 sancta:
1660 4625 1799 4678 inter
1825 4641 1886 4680 se
1914 4627 2124 4697 ligitare

533 4692 816 4758 videantur
843 4722 858 4759 :
889 4720 1112 4775 quarum
1141 4711 1478 4767 concordiam
1523 4728 1621 4768 nos
1657 4713 1916 4772 debemus
1939 4726 2123 4774 osten-

534 4792 687 4850 dere.
737 4795 827 4851 Ait
849 4798 990 4852 enim
1025 4816 1039 4853 :
1073 4817 1093 4852 ι
1130 4800 1332 4868 Quibus
1374 4805 1800 4874 respondendum
1830 4818 1946 4875 est,
1977 4812 2124 4882 quod

535 4882 603 4939 de
641 4895 828 4941 sancto
870 4887 1128 4945 Zacharia
1175 4902 1231 4948 et
1275 4895 1546 4951 Elisabeth
1591 4900 1912 4971 evangelista
1956 4912 2118 4960 testa-

536 4983 624 5030 tur
645 5017 658 5042 ,
697 4977 880 5034 dicens
905 4997 920 5035 :
949 4980 1110 5037 Erant
1147 4995 1314 5040 autem
1341 4985 1618 5046 Zacharias
1645 5001 1691 5045 et
1711 4991 1968 5050 Elisabeth
1992 5015 2125 5054 uxor

533 5071 643 5138 ejus
672 5069 795 5137 iusti
822 5075 968 5128 ambo
1006 5075 1060 5130 in
1088 5089 1354 5150 conspectu
1386 5080 1625 5151 Domini,
1662 5096 1707 5139 et
1747 5085 2028 5145 incedentes
2069 5093 2122 5147 in

534 5163 766 5217 omnibus
797 5166 1050 5221 mandatis
1080 5177 1126 5223 et
1143 5170 1595 5242 justi/icationibus
1617 5175 1826 5234 Domini
1860 5183 1969 5236 sine
2002 5200 2124 5255 que-

532 5252 640 5309 rela
687 5275 708 5308 ι
744 5254 893 5329 (Luc.
932 5275 984 5326 ι,
1024 5259 1100 5334 6).
1140 5261 1240 5329 Qui
1279 5265 1407 5335 justi
1452 5268 1611 5324 ambo
1655 5272 1836 5343 utique
1885 5252 2123 5345 legerant

589 5369 616 5444 ,ι
638 5370 773 5434 aditi,
799 5370 925 5424 illud
945 5373 995 5424 in
1011 5371 1114 5440 ﬁde
1141 5388 1160 5427 :
1183 5376 1311 5429 male
1333 5391 1391 5431 ac
1428 5380 1830 5436 dissentientibus
1851 5390 2120 5438 manuscri-

531 5438 749 5571 Ῠῗὲάὶιί
771 5504 825 5571 et
844 5502 1153 5566 manuscripti
1176 5511 1356 5566 prater
1377 5519 1528 5556 unum
1544 5521 1573 5558 e
1597 5509 1833 5558 Vaticanis
1853 5509 2118 5571 habebant.

478 5587 480 5590 ν
531 5567 871 5612 οοιιδιωιηιαια.

593 5619 710 5696 ξὲιο
722 5622 891 5696 plures
911 5630 1019 5696 Mss.
1046 5632 1244 5688 AtAnL,
1270 5626 1488 5680 discedat
1503 5635 1549 5680 et
1572 5638 1840 5682 renovetur.
1858 5639 1989 5696 Lov.,
2018 5635 2118 5687 dis-

533 5682 699 5742 cedit;
719 5682 766 5734 et
784 5694 1048 5736 renovetur.

592 5743 612 5816 ξ
636 5743 857 5816 Plerique
875 5755 1001 5816 Mss,
1021 5749 1072 5816 in
1093 5763 1254 5814 opere.
1279 5751 1477 5816 Quidam
1499 5753 1743 5816 codex,in
1757 5768 1895 5816 Opus.

590 5805 850 5889 1.1293331
860 5805 1253 5889 furnishes-2
1272 5805 1468 5889 Met
1490 5827 1574 5889 ςοτ
1589 5805 1748 5889 mihi.
1766 5805 1884 5871 διέεὶι
1903 5834 1990 5887 μεν
2006 5836 2117 5889 ορε-

526 5877 585 5916 ra
603 5868 951 5927 adsericordia:
968 5879 1179 5927 meretur
1201 5868 1253 5928 ut
1273 5875 1404 5943 quod
1422 5882 1582 5944 restat,
1604 5885 1701 5934 etc.

1773 367 1828 424 S.
1871 364 2236 424 AUGUSTINI
2275 362 2579 424 EPISCOPI

3717 362 3828 421 δι’

2232 482 2368 536 inter
2398 481 2508 552 ipsa
2538 477 2802 544 mandata,
2837 474 3284 548 quemadmodum
3305 491 3401 535 sua
3425 486 3646 551 peccata
3665 494 3826 536 muti-

2227 573 2432 628 darent.
2491 572 2623 628 Nam
2663 571 2965 636 Zacharias,
2996 572 3138 643 quod
3165 571 3235 628 de
3263 573 3409 628 omni
3449 573 3726 630 sacerdote
3753 589 3823 632 ex

2228 665 2533 720 hominibus
2577 671 2799 735 accepto
2841 664 2893 718 in
2937 663 3174 734 Epistula
3207 665 3274 720 ad
3304 666 3560 722 Hebraaos
3603 665 3820 734 dicitur,

2227 757 2386 811 etiam
2416 772 2512 827 pro
2533 756 2643 811 suis
2667 757 2897 826 peccatis
2920 757 3099 826 utique
3121 756 3323 812 hostias
3347 757 3608 813 oll'ercbat
3637 755 3822 831 (Hebr.

2227 865 2281 910 ν,
2311 849 2390 919 5).
2419 849 2696 917 Quomodo
2725 857 2900 903 autem
2929 849 3327 920 intelligendum
3349 851 3418 904 sit
3444 850 3588 920 quod
3608 851 3823 918 dicitur,

2227 941 2334 996 sine
2351 941 2572 1012 querela,
2597 943 2705 1011 jam
2736 956 2893 1011 supra
2923 941 3072 1004 satis,
3105 951 3359 1011 quantum
3391 942 3602 1011 opinor,
3635 955 3826 998 osten-

2230 1033 2407 1088 dimus
2452 1030 2616 1104 (Cap.
2661 1034 2757 1098 11,
2803 1050 2854 1086 n.
2899 1031 3110 1104 25-98).
3163 1051 3181 1084 ι
3221 1031 3288 1088 Ει
3318 1033 3540 1100 beatus,
3578 1053 3598 1087 ι
3633 1035 3823 1106 inquit,

2236 1141 2254 1176 t
2297 1127 2578 1195 Apostolus
2607 1126 2701 1192 ait,
2737 1124 2803 1180 Ut
2832 1126 2987 1180 simus
3027 1126 3186 1180 sancti
3229 1135 3275 1179 et
3298 1127 3610 1182 immaculati
3628 1128 3678 1184 in
3700 1145 3867 1186 con-..

2230 1227 2403 1286 specta
2443 1219 2550 1286 ejus
2579 1236 2599 1269 ι
2626 1216 2841 1288 (Ephes.
2867 1235 2905 1283 ι,
2930 1218 3008 1288 4).
3044 1219 3151 1273 lloc
3177 1219 3370 1289 agitur,
3405 1229 3464 1274 ut
3493 1219 3592 1276 hoc
3620 1221 3825 1287 simus;
3850 1213 3863 1235 ³

2231 1312 2275 1365 si
2307 1311 2630 1366 immaculati
2663 1312 2987 1382 intelligendi
3018 1323 3161 1379 sunt,
3189 1314 3280 1384 qui
3313 1314 3532 1370 omnino
3558 1316 3672 1370 sine
3703 1329 3831 1386 pec-

2231 1411 2352 1457 eato
2381 1412 2523 1456 sunt.
2576 1400 2633 1457 Si
2670 1413 2846 1458 autem
2892 1404 3216 1458 inunaeulati
3248 1414 3374 1459 sunt
3397 1449 3411 1472 ,
3443 1406 3530 1476 qui
3560 1415 3683 1460 sunt
3709 1408 3831 1462 sine

2232 1495 2492 1560 crimine;
2536 1495 2696 1550 etiam
2729 1497 2779 1550 in
2810 1497 2906 1551 hac
2935 1497 3039 1550 vita
3073 1497 3233 1552 fuisse
3273 1507 3432 1567 atque
3467 1514 3584 1553 esse
3629 1514 3831 1569 negare

2235 1604 2340 1642 non
2384 1603 2672 1660 possumus
2702 1607 2716 1642 :
2749 1589 2870 1660 quia
2917 1605 3022 1643 non
3051 1589 3170 1643 ideo
3197 1591 3312 1645 sine
3358 1592 3463 1646 ullo
3501 1601 3716 1659 peccato
3745 1600 3831 1646 est

2233 1679 2447 1749 aliquis.
2475 1680 2726 1750 quoniam
2755 1697 2862 1735 non
2894 1681 3055 1736 habet
3087 1683 3348 1735 maculam
3380 1683 3641 1738 criminis.
3674 1681 3832 1739 Unde

2235 1779 2289 1826 et
2317 1772 2600 1842 Apostolus
2629 1787 2749 1826 cum
2783 1773 3053 1826 ministros
3076 1774 3298 1842 eligeret
3326 1773 3653 1827 ordinandus
3676 1815 3691 1839 ,
3721 1789 3832 1828 non

2235 1865 2328 1930 ait,
2356 1866 2410 1920 Si
2437 1865 2554 1936 quis
2582 1866 2697 1920 sine
2728 1875 2976 1934 peccato;
3007 1865 3147 1934 quod
3177 1866 3415 1920 invenire
3439 1867 3453 1896 ¹
3481 1882 3585 1920 non
3614 1876 3828 1937 posset:

2237 1955 2330 2010 sed
2357 1957 2450 2022 ait,
2481 1955 2541 2011 Si
2570 1957 2680 2026 quis
2710 1957 2821 2010 sine
2859 1957 3070 2010 crimine
3108 1955 3235 2026 (Tit.
3267 1973 3305 2022 ι,
3339 1958 3392 2025 6)
3426 1975 3439 2022 ;
3475 1957 3615 2027 quod
3649 1959 3833 2028 utique

2235 2059 2437 2120 posset.
2486 2048 2594 2104 Nec
2628 2057 2803 2104 tamen
2845 2049 2945 2104 iste
2976 2049 3230 2112 ostendit,
3259 2050 3708 2120 quemadmodum
3739 2068 3825 2105 se-

2239 2141 2468 2197 cundum
2500 2158 2651 2196 suam
2689 2157 2901 2197 causam
2931 2142 3222 2198 debeamus
3260 2145 3502 2212 accipere
3523 2143 3663 2214 quod
3693 2145 3835 2199 scri-

2238 2243 2386 2302 ptum
2415 2242 2498 2288 est
2529 2251 2541 2286 :
2579 2233 2830 2300 Quoniam
2858 2250 2957 2288 non
2981 2234 3346 2304 justi/icabitur
3370 2234 3422 2288 in
3447 2244 3714 2304 conspectu
3743 2245 3836 2290 tuo

2237 2325 2396 2377 omnis
2422 2325 2606 2378 vivens.
2639 2326 2834 2393 Aperta
2858 2327 3054 2395 quippe
3073 2327 3336 2381 sententia
3360 2336 3442 2381 est
3467 2325 3535 2381 de
3556 2329 3838 2397 superiore

2238 2433 2393 2472 versu
2439 2417 2697 2471 illustrius
2733 2417 3037 2484 declarata,
3074 2418 3194 2472 Non
3236 2420 3411 2485 intres,
3452 2420 3643 2490 inquit,
3669 2423 3719 2474 in
3736 2423 3836 2492 ju-

2238 2508 2426 2561 dicium
2469 2524 2583 2561 cum
2626 2524 2766 2562 servo
2807 2522 2912 2574 tuo,
2952 2511 3192 2579 quoniam
3231 2527 3333 2563 non
3366 2511 3733 2580 justiﬁcabitur
3777 2513 3836 2567 in

2239 2609 2507 2672 conspectu
2536 2611 2622 2653 tuo
2652 2601 2816 2654 onmis
2839 2601 3023 2654 vivens.
3079 2600 3345 2656 iudicium
3379 2603 3546 2666 timet,
3574 2604 3696 2672 quia
3727 2604 3836 2658 mi-

2237 2669 2580 2747 sericordiam
2610 2692 2898 2756 desiderat.
2927 2709 3046 2764 quae
3073 2695 3432 2764 superexaltat
3455 2669 3674 2764 judicio.
3720 2697 3837 2753 Hoc

2239 2793 2320 2839 est
2348 2785 2489 2839 enim
2513 2827 2528 2853 ,
2560 2783 2644 2839 Ne
2678 2786 2836 2838 intres
2865 2787 2917 2839 in
2947 2786 3204 2856 judicium
3245 2803 3358 2840 cum
3389 2803 3530 2842 servo
3569 2797 3674 2855 tuo,
3724 2789 3837 2845 noli

2239 2891 2324 2930 me
2345 2875 2584 2946 judicare
2609 2877 2899 2932 secundum
2929 2888 3010 2943 te,
3057 2880 3145 2949 qui
3172 2895 3232 2938 es
3259 2881 3378 2936 sine
3418 2890 3636 2952 peccato
3668 2899 3682 2936 :
3713 2883 3839 2953 quia

2239 2984 2340 3020 non
2361 2967 2729 3038 justiﬁcabitur
2749 2969 2802 3023 in
2829 2979 3100 3041 conspectu
3137 2981 3223 3025 tuo
3249 2973 3414 3026 omnis
3437 2974 3646 3039 vivens;
3686 2973 3840 3045 quod

2237 3058 2305 3114 de
2330 3058 2429 3113 hac
2449 3060 2552 3114 vita
2579 3059 2780 3116 dictum
2801 3062 2918 3116 sine
2937 3060 3141 3117 difﬁcili
3165 3065 3460 3133 quzestioue
3487 3063 3836 3136 intelligitur;

2237 3164 2291 3207 et
2318 3152 2456 3222 quod
2484 3154 2590 3219 ait,
2623 3171 2724 3209 non
2740 3156 3141 3226 justiﬁcabitur,
3185 3156 3253 3211 ad
3281 3156 3426 3212 illam
3452 3157 3840 3228 perfectionem

2232 3242 2451 3313 justitiae
2481 3246 2678 3308 retulit,
2705 3263 2823 3316 qua:
2845 3248 2895 3301 in
2928 3247 3026 3302 hac
3055 3249 3161 3303 vita
3196 3259 3430 3327 nonest.

2307 3338 2532 3393 CAPUT
2559 3339 2742 3393 XVIII.
2773 3370 2846 3380 -—
2883 3341 2969 3396 59.
3005 3360 3022 3392 ι
3063 3342 3192 3398 Item
3221 3343 3458 3409 dicuttt,s
3490 3345 3678 3416 inquit,
3717 3364 3736 3398 ι
3771 3344 3840 3402 Si

2237 3428 2512 3484 dixerimus
2536 3431 2654 3499 quia
2682 3441 2939 3502 peccatum
2980 3450 3080 3487 non
3109 3434 3380 3503 habemus,
3412 3437 3512 3507 ipsi
3551 3454 3642 3491 nos
3674 3437 3838 3492 sedu-

2236 3520 2415 3586 cimus,
2439 3530 2485 3575 et
2504 3523 2686 3577 veritas
2706 3525 2760 3576 in
2786 3525 2926 3578 nobis
2951 3542 3051 3579 non
3075 3535 3148 3579 est
3183 3526 3257 3600 s(I
3274 3525 3430 3582 Joan.
3456 3543 3492 3595 ι,
3519 3528 3597 3601 8).
3625 3530 3690 3584 Et
3710 3530 3839 3587 huic

2235 3613 2635 3669 evidentissimo
2666 3616 2972 3672 testimonio
3011 3621 3161 3688 quasi
3201 3621 3482 3676 contrariis
3512 3623 3842 3681 testimoniis

2235 3703 2562 3772 respondere
2609 3718 2831 3763 conatus
2855 3718 2969 3772 est,
3023 3710 3164 3779 quod
3201 3729 3222 3761 ι
3260 3711 3398 3766 idem
3427 3723 3646 3769 sanctus
3668 3715 3840 3771 Joan-

2234 3811 2330 3850 nes
2359 3796 2410 3850 in
2437 3796 2621 3868 eadem
2651 3798 2886 3869 Epistola
2915 3799 3086 3867 dicat,
3120 3800 3230 3856 Hoc
3252 3813 3418 3857 autem
3448 3804 3591 3872 dico,
3621 3809 3837 3876 fratres,

2235 3897 2290 3942 ut
2320 3905 2422 3942 non
2457 3891 2686 3959 peccetis.
2722 3891 2898 3945 Omnis
2925 3894 3012 3962 qui
3039 3902 3188 3948 natus
3211 3905 3287 3948 est
3315 3912 3378 3949 ea:
3415 3895 3541 3962 Deo,
3573 3908 3840 3964 peccatum

2235 3995 2334 4033 non
2368 3979 2511 4049 facit,
2544 3981 2663 4049 quia
2701 3999 2868 4037 semen
2899 3983 3058 4054 ipsius
3086 3985 3137 4038 in
3165 4003 3221 4039 eo
3243 3997 3430 4054 manet,
3467 3997 3514 4041 et
3543 4004 3639 4042 non
3666 3999 3841 4059 potest

2235 4087 2441 4140 peccare
2501 4070 2611 4144 (Id.
2679 4089 2776 4139 ιιι,
2837 4073 2918 4143 9).
2972 4075 3100 4130 Item
3149 4077 3299 4132 illic:
3337 4077 3437 4146 Qui
3472 4090 3619 4134 natus
3657 4091 3731 4135 est
3770 4099 3845 4137 ea:

2232 4161 2364 4228 Deo,
2397 4178 2497 4216 non
2526 4174 2728 4234 peccat,
2766 4166 2884 4234 quia
2909 4169 3164 4236 generatio
3192 4168 3290 4222 Dei
3314 4183 3572 4225 conservat
3611 4187 3757 4241 eum,
3785 4183 3842 4227 et

2232 4253 2483 4325 malignus
2509 4273 2610 4310 non
2649 4259 2808 4326 tangit
2833 4274 2947 4313 eum
2975 4258 3085 4329 (Id.
3119 4277 3170 4328 ν,
3199 4261 3311 4330 IS).
3353 4263 3481 4316 Item
3513 4264 3648 4329 illic,
3674 4283 3693 4317 ι
3744 4265 3843 4321 in-

2232 4345 2372 4416 quit,
2410 4367 2429 4400 ‹
2455 4348 2541 4403 ubi
2568 4348 2636 4405 de
2664 4348 2936 4406 Salvatore
2965 4351 3040 4406 ait
3063 4369 3077 4408 :
3105 4352 3356 4421 Quoniam
3376 4355 3465 4410 ille
3483 4358 3746 4428 apparuit,
3776 4368 3844 4413 ut

2231 4447 2437 4508 peccata
2453 4440 2667 4494 tolleret.
2685 4439 2863 4495 Omnis
2877 4443 2965 4513 qui
2979 4443 3030 4497 in
3049 4461 3106 4498 eo
3124 4456 3306 4510 manet,
3320 4463 3422 4500 non
3438 4459 3629 4518 peccat.
3650 4447 3844 4504 Omnis

2229 4529 2316 4599 qui
2339 4540 2531 4600 peccat,
2563 4548 2664 4587 non
2686 4533 2805 4587 vidit
2825 4551 2960 4602 eum,
2993 4553 3081 4590 nec
3111 4539 3342 4608 cognovit
3367 4556 3500 4594 eum.
3526 4537 3654 4595 Item
3681 4541 3796 4596 illic
3820 4585 3837 4599 .

2230 4618 2552 4688 Charissimi,
2587 4640 2722 4678 nunc
2747 4625 2842 4694 ﬁlii
2875 4625 2971 4680 Dei
3011 4644 3186 4683 sumus
3205 4670 3218 4694 ,
3261 4640 3307 4682 et
3338 4631 3562 4685 nondum
3589 4635 3845 4703 apparuit

2229 4713 2350 4784 quid
2380 4715 2584 4770 erimus.
2616 4715 2820 4772 Scimus
2849 4720 3088 4789 quoniam
3126 4737 3242 4775 cum
3271 4725 3599 4794 apparuerit,
3639 4725 3847 4782 similes

2229 4803 2276 4858 ei
2299 4805 2484 4859 erimus
2503 4848 2518 4873 ,
2547 4809 2786 4877 quoniam
2819 4809 3094 4864 videbimus
3127 4828 3242 4865 eum
3266 4814 3419 4867 sicuti
3449 4823 3561 4868 est:
3592 4826 3637 4868 et
3663 4818 3844 4873 omnis

2227 4895 2314 4964 qui
2336 4895 2482 4950 habet
2508 4912 2648 4967 spem
2681 4897 2810 4952 hanc
2829 4901 2882 4953 in
2909 4916 3045 4966 eum,
3077 4903 3361 4972 sanctiﬁcat
3384 4921 3458 4972 se,
3490 4905 3617 4960 sicut
3643 4915 3688 4960 et
3720 4907 3848 4975 ipse

2228 4999 2430 5043 sanctus
2457 4999 2530 5044 est
2571 4989 2681 5061 (Id.
2709 5007 2797 5060 ιιι,
2831 4993 2884 5061 5,
2919 4995 2970 5058 6,
3002 4995 3058 5062 2,
3091 4997 3164 5064 5).
3195 5015 3213 5049 ι
3248 4996 3315 5051 Et
3344 5007 3522 5054 tamen
3557 5015 3676 5054 cum
3709 4999 3846 5058 haec

2228 5081 2407 5136 omnia
2447 5082 2746 5140 testimonia
2793 5101 2912 5140 vera
2947 5087 3087 5155 sint,
3117 5104 3303 5143 verum
3335 5100 3416 5144 est
3445 5101 3500 5146 et
3525 5091 3656 5146 illud
3681 5093 3844 5163 quod

2228 5173 2524 5241 proposuit,
2547 5183 2602 5229 ct
2630 5191 2735 5230 non
2760 5177 2936 5245 solvit,
2965 5177 3114 5244 Quod
3140 5180 3184 5233 si
3203 5180 3485 5238 dixerimus
3504 5184 3621 5254 quia
3639 5200 3845 5254 pecca-

2227 5270 2332 5314 tum
2351 5279 2452 5317 non
2474 5263 2733 5331 habemus,
2762 5283 2852 5322 nos
2877 5268 3014 5339 ipsos
3037 5271 3345 5336 seducimus,
3379 5283 3424 5328 et
3452 5275 3634 5328 veritas
3657 5276 3709 5328 in
3735 5293 3847 5331 no-

2227 5353 2301 5407 bis
2327 5371 2426 5410 non
2447 5365 2538 5411 est.
2566 5359 2643 5413 Ac
2665 5375 2759 5430 per
2781 5360 2902 5428 hoc,
2923 5362 3217 5417 secundum
3246 5364 3298 5418 id
3323 5366 3464 5434 quod
3490 5384 3553 5422 ex
3580 5369 3686 5422 Deo
3714 5386 3784 5422 na
3795 5371 3843 5426 ti

2225 5460 2440 5512 sumus,
2474 5449 2524 5502 in
2556 5465 2621 5504 eo
2647 5452 2735 5522 qui
2766 5455 3010 5524 apparuit
3037 5464 3092 5533 ut
3119 5469 3332 5526 peccata
3363 5459 3604 5524 tolleret,
3635 5460 3684 5514 id
3713 5471 3848 5532 est,

2225 5538 2280 5593 in
2309 5539 2520 5594 Christo
2548 5559 2855 5611 manemus,
2899 5555 2955 5600 et
2979 5563 3084 5601 non
3115 5565 3434 5618 peccamus;
3467 5551 3568 5606 hoc
3608 5561 3690 5606 cst
3717 5568 3842 5607 au-

2227 5640 2364 5698 tem,
2393 5632 2534 5702 quod
2567 5633 2726 5690 homo
2754 5637 2774 5668 ²
2801 5637 3021 5693 interior
3062 5654 3348 5697 renovatur
3385 5642 3453 5698 de
3477 5643 3565 5698 die
3589 5643 3642 5698 in
3673 5655 3844 5700 diem

2292 5765 2307 5832 ξ
2336 5771 2464 5815 Unus
2486 5779 2517 5815 e
2539 5767 2776 5818 Vaticanis
2795 5773 2924 5832 Bs,
2947 5773 3170 5826 inveniri.

2227 5828 2420 5940 manu
2455 5833 2528 5878 Er.
2552 5836 2604 5879 et
2631 5817 3428 5905 uss.,quod'inieri;r'renovatur,
3461 5850 3638 5891 omissa
3667 5817 3834 5910 voce,
