3996 6480
215 397 329 457 313

222 518 437 595 (ιισοτ.
477 533 558 584 tv,
602 518 742 590 £6):
789 519 1080 577 secundum
1117 530 1296 575 autem
1321 515 1474 590 quod
1515 519 1583 574 de
1626 517 1840 572 homine

222 618 322 672 illo
348 615 459 672 nati
493 630 691 670 sumus
708 657 721 679 ,
747 631 844 686 per
867 631 1023 686 quem
1050 624 1328 686 peccatum
1361 614 1576 669 intravit
1604 614 1656 669 in
1689 630 1842 668 mun-

222 710 379 775 dutn,
409 717 467 764 et
497 723 599 779 per
627 718 908 779 peccatum
931 725 1102 776 mors,
1131 719 1185 764 et
1209 710 1278 763 ita
1301 709 1352 763 in
1383 723 1570 763 omnes
1591 707 1842 764 homines

225 802 544 873 pertransiit
589 801 770 871 (Rom.
805 817 862 862 v.
891 800 1004 870 12),
1045 801 1162 857 sine
1199 810 1416 871 peccato
1462 816 1567 855 non
1615 815 1838 867 sumus;

222 898 353 967 quia
394 897 513 952 sine
540 897 686 952 illius
718 897 1023 966 inﬁrmitate
1049 896 1282 952 nondum
1309 912 1513 963 sumus,
1542 896 1715 951 donec
1752 896 1840 951 illa

223 990 619 1054 renovatione,
646 1005 768 1059 qua:
790 991 848 1043 lit
875 989 941 1044 de
970 989 1055 1043 die
1081 989 1135 1044 in
1157 988 1330 1054 diem,
1361 988 1612 1059 quoniam
1643 1003 1838 1043 secun-

220 1079 359 1133 dum
389 1081 560 1149 ipsam
582 1096 647 1135 ex
673 1082 784 1137 Deo
810 1083 916 1136 nati
939 1097 1142 1144 sumus,
1167 1081 1444 1136 inﬁrmitas
1468 1090 1574 1136 tota
1599 1090 1837 1148 sanetur,

224 1172 277 1226 in
308 1189 428 1243 qua
465 1191 535 1230 ex
559 1176 736 1246 primo
768 1175 983 1231 homine
1009 1176 1117 1230 nati
1149 1190 1332 1230 smnus
1353 1215 1366 1238 ,
1417 1184 1468 1229 et
1495 1176 1546 1230 in
1584 1190 1688 1244 qna
1727 1175 1842 1230 sine

225 1277 467 1334 peccato
490 1282 593 1322 non
616 1281 832 1323 sumus:
854 1268 1004 1338 cujus
1028 1267 1262 1336 reliquiis
1284 1267 1334 1320 in
1354 1265 1566 1321 homine
1589 1266 1842 1321 interiore

223 1361 620 1427 manentibus,
660 1363 902 1432 quamvis
943 1361 1009 1416 de
1052 1361 1138 1415 die
1174 1361 1225 1414 in
1255 1359 1396 1414 diem
1434 1360 1742 1414 minuantur
1786 1360 1840 1414 in

225 1451 652 1520 proﬁcientibus
671 1492 687 1519 ,
726 1454 770 1506 si
796 1453 1072 1507 dixerimus
1099 1452 1217 1523 quia
1247 1462 1506 1520 peccatum
1550 1467 1651 1504 non
1685 1450 1839 1504 habe-

227 1561 391 1610 mus,
422 1561 515 1598 nos
543 1545 676 1615 ipsos
708 1545 990 1601 seducimus
1009 1588 1025 1611 ,
1067 1555 1112 1600 et
1139 1545 1320 1598 veritas
1359 1545 1413 1598 in
1446 1545 1588 1598 nobis
1619 1561 1720 1598 non
1742 1554 1836 1598 est.

227 1634 536 1702 Quomodo
553 1640 692 1693 enim
717 1655 903 1693 verum
929 1648 1030 1703 est,
1059 1637 1234 1692 Omnis
1253 1639 1337 1709 qui
1367 1648 1557 1709 peccat,
1591 1656 1690 1692 non
1717 1639 1841 1692 vidit

230 1746 385 1795 eum,
427 1746 520 1782 nec
557 1732 784 1802 cognovit
823 1749 934 1786 eum
959 1748 977 1785 :
1007 1747 1126 1787 cum
1169 1731 1460 1786 secundum
1505 1733 1761 1786 visionem
1789 1742 1845 1788 et

231 1823 608 1891 cognitionem
629 1840 745 1894 qua!
770 1825 873 1880 erit
900 1826 954 1880 in
977 1826 1175 1896 specie,
1199 1841 1357 1896 nemo
1381 1842 1502 1880 eum
1533 1826 1583 1880 in
1618 1825 1716 1882 hac
1736 1828 1842 1884 vita

235 1916 435 1969 videat
471 1925 630 1987 atque
666 1927 990 1989 cognoscat;
1034 1919 1328 1974 secundum
1359 1930 1537 1974 autem
1580 1920 1840 1974 visionem

232 2017 412 2077 atque
449 2008 804 2078 c0gnitionem
845 2026 963 2080 quae
1008 2020 1090 2066 est
1130 2011 1181 2064 in
1222 2010 1359 2077 ﬁde,
1411 2011 1562 2065 multi
1606 2011 1715 2064 sint
1752 2011 1847 2082 qui.

233 2109 501 2169 peccent,
531 2110 671 2156 certe
713 2101 810 2172 ipsi
835 2110 1089 2172 apostatze
1112 2145 1128 2170 ,
1156 2103 1244 2172 qui
1271 2113 1444 2158 tamen
1482 2104 1534 2158 in
1575 2119 1697 2158 eum
1741 2103 1841 2157 ali-

233 2193 468 2262 quando
498 2194 870 2261 crediderunt,
909 2204 966 2250 ut
995 2195 1061 2250 de
1090 2197 1235 2250 nullo
1269 2211 1454 2250 eorum
1494 2197 1598 2251 dici
1651 2197 1837 2266 possit,

234 2287 546 2340 secundum
574 2289 829 2342 visionem
860 2301 912 2344 et
935 2289 1290 2359 cognitionem
1320 2305 1440 2360 qua:
1460 2289 1633 2344 adhuc
1657 2290 1706 2343 in
1740 2288 1844 2346 lide

235 2389 323 2433 est
353 2423 370 2442 ,
407 2398 510 2434 non
539 2381 656 2434 vidit
685 2398 796 2434 eum
815 2423 830 2448 ,
861 2398 1017 2450 neque
1045 2383 1274 2454 cognovit
1303 2382 1461 2436 eum?
1502 2382 1607 2437 Sed
1643 2382 1842 2437 intelli-

235 2472 484 2542 gendum
511 2473 760 2537 arbitror,
791 2474 912 2543 quia
946 2476 1220 2528 renovatio
1252 2474 1572 2543 perficienda
1618 2474 1763 2529 videt
1789 2483 1843 2530 et

235 2565 532 2634 cognoscit
559 2582 571 2617 :
600 2563 880 2619 inﬁrmitas
903 2581 1030 2620 vero
1059 2565 1383 2622 absumenda
1413 2583 1520 2620 non
1553 2567 1714 2628 videt,
1744 2581 1843 2621 nec

235 2656 531 2724 cognoscit
551 2670 666 2708 eum
698 2671 712 2720 ;
745 2657 798 2710 in
833 2656 984 2725 cujus
1009 2657 1450 2728 quantiscumque
1492 2659 1729 2729 reliquiis
1757 2660 1840 2714 in-

243 2746 436 2800 terius
475 2747 787 2814 constitutis,
849 2748 893 2801 si
945 2747 1224 2803 dixerimus
1265 2751 1388 2817 quia
1439 2761 1697 2821 peccatum
1741 2769 1842 2808 non

236 2836 499 2891 habemus
519 2879 533 2904 ,
559 2854 647 2893 nos
673 2840 809 2908 ipsos
839 2839 1123 2895 seducimus
1141 2883 1156 2906 ,
1183 2851 1228 2896 et
1265 2842 1447 2896 veritas
1480 2843 1534 2896 in
1572 2844 1712 2897 nobis
1742 2860 1843 2898 non

234 2937 337 2980 est.
372 2927 508 2982 Cum
527 2943 648 2999 ergo
672 2945 767 2999 per
784 2931 1006 3000 gratiam
1029 2933 1388 2987 renovationis
1417 2934 1514 3002 ﬁlii
1534 2933 1632 2988 Dei
1652 2935 1840 3001 simus,

236 3031 431 3076 tamen
459 3031 674 3092 propter
702 3024 953 3093 reliquias
994 3024 1317 3080 inﬁrmitatis
1349 3027 1574 3079 nondum
1601 3027 1844 3097 apparuit

231 3113 371 3183 quid
405 3114 594 3168 erimus
621 3130 638 3168 :
671 3117 854 3170 scimus
888 3117 1129 3185 quoniam
1156 3133 1271 3170 cum
1297 3118 1614 3188 apparuerit,
1650 3119 1842 3173 similes

233 3207 278 3260 ei
304 3207 528 3272 erimus,
553 3209 788 3276 quoniam
810 3207 1089 3263 videbimus
1108 3225 1221 3262 eum
1246 3209 1396 3262 sicuti
1423 3219 1512 3264 est.
1543 3207 1692 3265 Tunc
1715 3225 1840 3279 pec-

127 3307 134 3314 ’
231 3307 425 3352 catum
470 3298 671 3352 nullum
701 3298 835 3364 erit,
886 3299 1006 3369 quia
1038 3297 1319 3354 inﬁrmitas
1357 3315 1454 3354 nec
1490 3301 1710 3355 interior
1744 3316 1844 3357 nec

231 3390 484 3445 exterior
517 3389 617 3444 ulla
642 3391 957 3446 remanebit.
992 3390 1057 3445 Et
1083 3392 1246 3446 omnis
1269 3393 1356 3463 qui
1378 3392 1522 3446 habet
1550 3394 1680 3448 hanc
1700 3411 1842 3465 spem

231 3482 282 3534 in
315 3497 463 3547 eunt,
504 3483 782 3552 sanctiﬁcat
807 3484 860 3538 εὶ
878 3525 894 3551 ,
921 3486 1050 3539 sicut
1073 3495 1120 3538 et
1143 3486 1250 3554 ipse
1274 3495 1479 3541 sanctus
1504 3497 1599 3540 est.
1628 3487 1840 3542 Sancti-

232 3572 366 3628 ﬁcat
395 3588 477 3638 se,
511 3588 612 3628 non
641 3589 734 3644 per
760 3589 818 3630 se
845 3575 1040 3645 ipsum,
1073 3575 1169 3630 sed
1195 3575 1469 3632 credendo
1495 3577 1548 3632 in
1594 3578 1745 3632 illum
1780 3588 1842 3634 et

229 3661 548 3718 invocando
572 3664 717 3719 illum
746 3667 837 3735 qui
860 3666 1175 3737 sanctiﬁcat
1220 3677 1436 3722 sanctos
1483 3684 1609 3724 suos
1645 3687 1657 3722 :
1688 3670 1842 3739 cujus

229 3755 682 3812 sanctiﬁcationis
723 3757 1012 3828 perfectio,
1042 3774 1161 3830 qua:
1191 3776 1332 3815 nunc
1360 3760 1571 3831 proﬁcit
1610 3771 1663 3816 et
1687 3777 1840 3818 cres-

228 3850 298 3904 cit
329 3848 408 3903 de
433 3847 523 3904 die
549 3847 602 3903 in
627 3847 798 3916 diem,
833 3865 1020 3907 omnes
1045 3851 1369 3909 inﬁrmitatis
1397 3853 1649 3924 reliquias
1691 3854 1841 3910 abla-

229 3949 355 3996 tura
387 3951 495 3996 est.

299 4073 543 4130 CAPUT
571 4073 710 4129 XIX.
741 4105 814 4116 —-
836 4077 924 4132 40.
959 4095 979 4130 t
1012 4077 1141 4134 Item
1169 4077 1372 4146 dicunt,
1400 4100 1418 4132 ι
1443 4080 1631 4151 inquit,
1667 4100 1685 4134 ‹
1717 4080 1840 4138 Νοη

226 4169 451 4223 volentis
477 4185 637 4240 neque
653 4173 899 4226 currentis
918 4214 933 4236 ,
957 4171 1045 4226 sed
1072 4172 1349 4228 miserentis
1379 4186 1451 4229 est
1481 4173 1575 4230 Dei
1603 4194 1621 4228 ι
1656 4175 1835 4247 (Rom.

227 4277 308 4326 IX,
341 4261 463 4332 16).
493 4260 696 4327 Quibus
727 4281 745 4316 ι
786 4264 1216 4333 respondendum
1246 4281 1365 4322 esse
1397 4288 1414 4318 υ
1441 4267 1602 4335 dicit,
1649 4287 1667 4321 σ
1697 4271 1837 4340 quod

229 4354 384 4410 idem
406 4355 682 4425 apostolus
709 4356 833 4411 alibi
870 4357 938 4411 de
967 4358 1197 4428 quodam
1225 4359 1299 4414 ait
1326 4376 1338 4412 :
1373 4359 1522 4424 Quod
1551 4361 1653 4415 vult
1683 4362 1838 4432 faciat

228 4448 270 4517 (Ι
303 4448 434 4502 Cor.
470 4463 563 4512 vn,
592 4448 704 4519 36).
741 4448 890 4517 Item,
919 4469 936 4501 ι
969 4451 1172 4520 inquit,
1212 4470 1231 4503 ‹
1266 4452 1331 4506 ad
1361 4451 1729 4508 Philemonem
1770 4454 1838 4511 de

223 4540 498 4596 οτιεείωο
521 4559 534 4594 :
567 4540 726 4608 Quem
755 4558 844 4612 ego
865 4543 1118 4596 volueram
1142 4545 1281 4613 apud
1310 4562 1386 4598 me
1409 4545 1645 4612 detinere,
1671 4557 1724 4600 ut
1746 4564 1838 4620 pro

225 4646 274 4690 te
317 4636 454 4688 mihi
496 4635 844 4701 ministraret;
885 4637 972 4690 sed
1006 4638 1112 4690 sine
1149 4639 1359 4692 consilio
1407 4650 1493 4694 tuo
1533 4641 1662 4694 nihil
1700 4640 1838 4696 volui

225 4731 439 4800 fame,
486 4739 540 4782 ut
567 4745 669 4782 non
714 4729 857 4800 quasi
899 4745 961 4784 ex
985 4733 1278 4785 necessitate
1305 4733 1490 4786 bonum
1524 4744 1662 4787 tuum
1687 4744 1832 4802 esset,

221 4825 321 4877 sed
359 4823 702 4876 voluntarium
742 4821 988 4894 (Philem.
1021 4825 1110 4890 15,
1142 4826 1253 4895 III).
1317 4826 1446 4882 Item
1488 4828 1538 4882 in
1581 4828 1838 4884 Deutero—

221 4915 464 4971 nomio:
528 4913 697 4969 Vitam
736 4925 784 4970 et
827 4927 1034 4971 mortem
1077 4918 1215 4971 dedit
1274 4929 1391 4974 ante
1447 4921 1628 4992 faciem
1674 4931 1831 4991 tuam,

220 5010 422 5064 bonum
443 5019 490 5064 et
509 5009 705 5063 malum
727 5025 746 5074 ;
773 5009 899 5080 elige
923 5010 1104 5076 vitam,
1143 5020 1196 5064 ut
1223 5013 1356 5066 vivas
1384 5012 1558 5083 (Deut.
1584 5031 1712 5081 xu,
1745 5015 1834 5082 15,

223 5102 348 5173 19).
396 5100 527 5157 Item
564 5100 703 5172 apud
735 5100 1074 5157 Salomoncm
1104 5120 1116 5157 :
1147 5102 1282 5159 Deus
1311 5104 1372 5158 ab
1398 5106 1542 5161 initio
1581 5107 1837 5162 constituit

220 5196 511 5261 hominem,
556 5204 605 5247 et
631 5195 833 5264 reliquit
862 5212 973 5248 eum
999 5198 1048 5249 in
1093 5214 1245 5250 manu
1272 5199 1472 5252 consilii
1496 5200 1574 5252 sui
1601 5216 1619 5253 :
1648 5202 1836 5272 adjecit

217 5290 270 5343 ei
310 5288 562 5341 mandata
603 5297 649 5340 et
677 5297 968 5358 prwcepta;
1011 5289 1054 5342 si
1081 5289 1214 5342 voles
1246 5300 1528 5361 prwcepta,
1570 5291 1836 5346 servabunt

220 5392 296 5448 te,
333 5382 454 5435 etin
481 5390 738 5452 posterum
773 5380 925 5449 ﬁdem
969 5381 1208 5449 placitam
1247 5386 1429 5452 facere.
1457 5382 1708 5453 Apposuit
1748 5385 1835 5439 tibi

218 5491 420 5546 aquam
458 5483 504 5528 et
540 5474 709 5543 ignem
733 5515 747 5540 ,
789 5471 856 5525 ad
891 5473 1026 5542 quod
1063 5473 1136 5526 vis
1179 5474 1380 5544 porrige
1419 5492 1629 5529 manum
1670 5486 1831 5530 tuam.

217 5569 369 5623 Ante
390 5567 642 5620 hominem
670 5566 854 5620 bonum
875 5575 922 5620 et
946 5567 1155 5631 malum,
1181 5567 1282 5621 vita
1303 5578 1349 5621 et
1377 5586 1529 5635 mors,
1559 5582 1834 5642 paupertas

217 5673 272 5716 et
314 5661 552 5714 honestas
598 5677 631 5713 a
676 5657 892 5712 Domino
935 5657 1044 5714 Deo
1092 5670 1208 5714 sunt
1253 5659 1438 5732 (Eccli.
1483 5679 1573 5729 xv,
1612 5666 1830 5736 M-I8).

217 5752 375 5808 Item
411 5753 547 5822 apud
592 5751 785 5806 Isaiam
830 5769 843 5806 :
889 5749 954 5804 Et
990 5752 1033 5806 si
1066 5751 1326 5810 volueritis
1355 5765 1402 5810 et
1435 5756 1698 5812 audieritis
1733 5775 1830 5823 me,

217 5859 356 5919 qu:
383 5843 510 5901 bona
539 5853 664 5903 sunt
691 5851 840 5899 teme
865 5843 1271 5913 manducabitis;
1307 5848 1352 5905 si
1374 5857 1542 5904 autem
1574 5850 1834 5907 nolueritis

1156 399 1244 457 DE
1285 393 1756 455 PERFI'ZCTIONE
1793 391 2119 450 JUSTITIE
2162 394 2434 456 HOMIle
2471 399 2691 458 LIBER.

3435 415 3536 476 ιιι

1948 530 2038 568 nec
2057 514 2382 572 obaudieritis
2418 536 2516 586 nte,
2553 521 2755 592 gladius
2785 537 2873 578 vos
2893 526 3134 582 comedet.
3175 525 3246 584 Os
3271 525 3404 584 enim
3433 531 3544 590 Do-

1948 608 2069 660 mini
2091 609 2311 663 locutum
2340 620 2412 664 est
2433 612 2540 666 harc
2569 611 2746 682 i(lsai.
2771 629 2809 681 ι,
2839 616 2925 680 19,
2949 615 3061 690 20).
3089 618 3183 674 Hic
3205 635 3351 688 vero,
3375 638 3543 692 quan-

1949 702 2191 756 tumlibet
2215 702 2300 757 isti
2330 717 2388 758 se
2413 704 2685 775 obtegant,
2712 710 3044 777 aperiuntur.
3079 712 3363 770 Declarant
3389 717 3533 773 enim

1948 807 2007 847 se
2047 801 2233 848 contra
2271 794 2361 848 Dei
2388 797 2610 864 gratiam
2655 799 2736 853 vel
2785 800 3205 858 misericordiam
3245 805 3538 878 disputare,

1947 901 2104 956 quam
2134 887 2382 941 volumus
2421 889 2704 959 impetrare
2738 906 2859 946 cum
2889 893 3135 963 dicimus,
3170 897 3287 951 Fiat
3310 901 3542 958 voluntas

1949 987 2038 1032 tua
2075 981 2202 1034 sicut
2240 982 2294 1035 in
2328 983 2452 1036 caelo
2495 991 2541 1036 et
2574 983 2626 1037 in
2657 994 2832 1050 terra;
2877 989 2982 1051 vel,
3017 988 3097 1043 Ne
3138 1008 3228 1046 nos
3263 993 3456 1064 inferas
3482 996 3538 1050 in

1948 1077 2291 1143 tentationem,
2327 1078 2418 1132 sed
2441 1079 2596 1132 libera
2617 1097 2709 1134 nos
2735 1097 2766 1134 a
2794 1082 2927 1136 malo
2953 1083 3164 1154 (Matth.
3197 1102 3266 1150 vt,
3297 1087 3383 1152 10,
3422 1088 3536 1161 13).

1949 1164 2144 1236 thuid
2190 1169 2332 1222 enim
2375 1170 2471 1224 ista
2501 1171 2704 1226 orando
2752 1182 2899 1228 tanto
2937 1177 3134 1245 gemitu
3181 1179 3436 1246 petimus,
3487 1180 3537 1236 si

1948 1258 2173 1313 volentis
2223 1259 2452 1316 hominis
2505 1273 2558 1317 et
2603 1269 2910 1332 currentis,
2961 1283 3066 1321 non
3111 1269 3416 1326 miserentis
3457 1281 3541 1328 est

1947 1351 2085 1405 Dei?
2113 1351 2227 1405 Non
2253 1354 2371 1423 quia
2400 1354 2501 1410 hoc
2526 1355 2642 1410 sine
2683 1357 2959 1413 voluntate
2999 1369 3180 1414 nostra
3217 1363 3410 1432 agitur,
3441 1363 3537 1418 sed

1947 1443 2069 1512 quia
2110 1443 2352 1499 voluntas
2391 1462 2494 1501 non
2546 1448 2729 1516 implet
2775 1449 2914 1519 quod
2949 1451 3085 1521 agit,
3137 1453 3237 1506 nisi
3285 1454 3542 1510 divinitus

1946 1535 2241 1604 adjuvetur.
2267 1537 2392 1594 Haec
2411 1549 2494 1594 est
2517 1539 2637 1595 ﬁdei
2658 1541 2876 1605 sanitas,
2899 1559 3015 1612 (ιιιλυ
3039 1560 3134 1599 nos
3155 1542 3280 1599 facit
3299 1561 3542 1616 quaerere

1948 1637 2008 1681 ut
2050 1630 2411 1696 inveniamus,
2466 1643 2650 1703 petere
2706 1644 2764 1688 ut
2809 1635 3160 1720 accipiamus,
3214 1640 3426 1709 pulsare
3483 1648 3543 1695 ut

1948 1723 2216 1790 aperiatur
2255 1723 2408 1777 nobis
2450 1724 2598 1793 (Luc.
2644 1741 2716 1791 ιι,
2749 1726 2826 1796 9).
2881 1729 3075 1782 Contra
3113 1730 3267 1784 istam
3308 1732 3397 1800 qui
3427 1731 3542 1786 dis-

1950 1823 2131 1884 putat,
2166 1827 2351 1871 contra
2381 1833 2440 1872 se
2478 1819 2649 1888 ipsum
2697 1821 2897 1876 claudit
2939 1824 3134 1877 ostium
3160 1824 3544 1883 misericordia

1951 1905 2068 1961 Dei.
2114 1907 2247 1962 Nolo
2295 1909 2445 1978 plura
2493 1910 2669 1967 dicere
2724 1912 2792 1968 de
2839 1929 2898 1968 re
2943 1925 3121 1979 tanta,
3175 1916 3296 1986 quia
3350 1918 3543 1974 melius

1949 2014 2066 2053 eam
2093 2002 2370 2057 committo
2397 2003 2630 2060 ﬁdelium
2657 2005 2942 2078 gemitibus
2963 2051 2977 2074 ,
3015 2026 3175 2080 quam
3205 2013 3544 2070 sermonibus

1949 2094 2101 2147 meis.

2019 2184 2109 2238 41.
2154 2184 2339 2242 Videte
2367 2196 2568 2256 tamen,
2609 2191 2853 2256 obsecro,
2884 2193 3041 2263 quale
3070 2195 3158 2261 sit,
3192 2195 3312 2252 ideo
3339 2197 3542 2253 volenti

1949 2282 2002 2329 et
2031 2279 2264 2332 currenti
2297 2280 2714 2338 misericordiam
2747 2285 2838 2339 Dei
2868 2302 2974 2340 non
3005 2301 3128 2342 esse
3157 2290 3536 2360 necessariam,

1949 2384 2071 2438 quze
2102 2370 2249 2424 illum
2280 2372 2437 2427 etiam
2469 2378 2757 2444 praevenit,
2787 2386 2843 2433 ut
2867 2392 3128 2448 curreret,
3161 2384 3283 2452 quia
3310 2383 3378 2438 de
3403 2381 3538 2454 quo-

1949 2461 2071 2515 dam
2097 2464 2171 2516 ait
2199 2465 2516 2533 Apostolus,
2551 2469 2700 2535 Quod
2725 2471 2828 2524 vult
2856 2473 3010 2542 faciat
3038 2490 3056 2527 :
3084 2474 3174 2539 ibi,
3207 2485 3263 2529 ut
3287 2476 3536 2544 arbitror,

1949 2553 2038 2606 ubi
2067 2556 2305 2624 sequitur
2333 2566 2386 2612 et
2415 2559 2572 2622 dicit,
2603 2559 2723 2614 Non
2751 2575 2946 2632 peccat,
2977 2566 3020 2618 si
3050 2566 3223 2619 nubat.
3253 2567 3413 2634 Quasi
3444 2583 3540 2638 pro

1949 2660 2142 2714 magno
2179 2646 2480 2702 habendum
2512 2651 2599 2716 sit,
2635 2653 2770 2707 velle
2801 2655 3026 2717 nubere.
3062 2657 3146 2710 ubi
3179 2657 3243 2710 de
3270 2657 3540 2727 adjutorio

1947 2728 2142 2784 divina:
2172 2732 2552 2789 misericordia:
2583 2738 2863 2805 operosius
2901 2739 3222 2809 disputatur.
3267 2745 3373 2797 Aut
3413 2758 3542 2799 vero

1948 2823 2110 2878 etiam
2138 2824 2210 2878 ibi
2237 2825 2456 2894 prodest
2475 2829 2678 2899 aliquid
2708 2831 2862 2897 velle,
2892 2832 2995 2886 nisi
3021 2833 3162 2888 Deus
3185 2835 3538 2903 providentia,

1947 2929 2049 2983 qua
2077 2917 2342 2984 gubernat
2367 2919 2543 2973 omnia
2562 2961 2576 2983 ,
2607 2936 2807 2976 marem
2847 2922 3202 2994 feminamque
3231 2927 3537 2996 conjungat.

1948 3005 2056 3057 Aut
2096 3006 2346 3075 quoniam
2387 3009 2454 3064 ad
2483 3009 2848 3067 Philemonem
2876 3015 3088 3084 scripsit
3119 3017 3432 3088 Apostolus,
3471 3016 3540 3072 Ut

1948 3113 2049 3151 non
2076 3101 2222 3169 quasi
2250 3118 2312 3155 ex
2336 3105 2628 3158 necessitate
2656 3107 2840 3159 bonum
2870 3107 2986 3178 ejus
3014 3120 3158 3178 esset,
3187 3111 3276 3166 sed
3304 3112 3536 3166 volunta-

1946 3192 2078 3244 rium
2108 3207 2127 3244 :
2151 3193 2302 3262 quasi
2333 3195 2488 3249 aliter
2516 3197 2584 3251 sit
2613 3198 2967 3253 voluntarium
3001 3201 3229 3268 bonum,
3275 3202 3375 3257 nisi
3416 3218 3536 3257 cum

1950 3283 2087 3338 Deus
2117 3297 2356 3353 operatur
2382 3287 2435 3341 in
2463 3289 2608 3342 nobis
2632 3299 2676 3344 et
2706 3292 2831 3344 velle
2859 3301 2905 3345 et
2931 3295 3151 3361 operari,
3181 3312 3274 3365 pro
3305 3297 3434 3348 bona
3462 3312 3539 3350 voc

1949 3374 2142 3432 luntate
2170 3376 2427 3450 (Philipp.
2461 3397 2517 3447 tt,
2555 3383 2688 3454 15).
2723 3386 2826 3439 Aut
2855 3387 2975 3455 quia
3022 3388 3074 3441 in
3121 3388 3536 3446 Deuteronomio

1948 3469 2204 3538 scriptum
2235 3481 2336 3536 est,
2393 3472 2560 3528 Vitam
2590 3486 2637 3530 et
2668 3486 2875 3532 mortem
2906 3479 3042 3532 dedit
3069 3491 3186 3534 ante
3223 3482 3402 3551 [aciem
3426 3484 3535 3539 lto-

1947 3564 2125 3631 minis,
2151 3566 2334 3620 bonum
2355 3577 2400 3621 et
2420 3569 2634 3634 malum;
2657 3580 2709 3625 et
2729 3570 3002 3626 admonuit
3024 3581 3080 3626 ut
3098 3573 3320 3643 eligeret
3335 3574 3495 3631 vitam
3519 3595 3535 3633 :

1945 3659 2096 3728 quasi
2144 3668 2197 3712 et
2227 3660 2338 3729 ipsa
2367 3660 2660 3716 admonitio
2693 3680 2796 3718 non
2829 3664 2896 3719 de
2925 3665 3286 3722 misericordia
3320 3668 3530 3737 veniat;

1945 3750 2027 3805 vel
2053 3751 2248 3821 aliquid
2275 3754 2549 3822 prodesset
2581 3757 2778 3824 eligere
2797 3757 2978 3822 vitam,
3005 3757 3104 3811 nisi
3146 3759 3284 3814 Deus
3304 3759 3534 3830 eligendi

1945 3846 2257 3902 charitatem
2277 3848 2576 3918 inspiraret,
2595 3851 2880 3906 etelectam
2907 3851 3104 3906 habere
3117 3862 3392 3922 praestaret
3423 3873 3435 3908 :
3467 3856 3537 3910 de

1944 3954 2050 4009 quo
2078 3938 2278 3995 dictum
2319 3950 2420 4008 est,
2465 3941 2715 4008 Quomam
2743 3943 2823 3995 ira
2861 3943 2913 3996 in
2943 3943 3289 4015 indignatione
3325 3947 3454 4016 ejus,
3485 3955 3534 4000 et

1944 4031 2045 4084 vita
2073 4031 2127 4085 in
2156 4031 2413 4086 voluntate
2451 4035 2562 4104 ejus
2597 4032 2767 4103 (Psal.
2809 4050 2970 4102 XXIX,
3015 4034 3116 4104 6).
3150 4039 3253 4092 Aut
3290 4039 3412 4108 quia
3447 4038 3533 4093 di-

1945 4130 2087 4178 ctum
2112 4135 2230 4190 est,
2259 4123 2320 4178 Si
2350 4126 2482 4179 voles
2511 4136 2794 4196 praecepta,
2826 4128 3091 4181 servabunt
3121 4139 3168 4183 te
3193 4145 3212 4182 :
3237 4130 3387 4200 quasi
3427 4146 3532 4186 non

1944 4214 2135 4271 debeat
2175 4218 2282 4272 Deo
2321 4233 2478 4288 agere
2516 4220 2737 4289 gratias,
2779 4221 2898 4290 quia
2926 4234 3187 4290 praecepta
3228 4223 3411 4287 voluit,
3443 4225 3533 4294 qui

1943 4308 2185 4369 desertus
2212 4310 2356 4364 omni
2392 4311 2591 4366 lumine
2617 4313 2854 4366 veritatis
2885 4312 2999 4366 haec
3023 4313 3162 4368 velle
3191 4329 3296 4368 non
3329 4324 3530 4383 posset.

1945 4401 2137 4456 Positis
2165 4412 2288 4457 ante
2317 4402 2585 4457 hominem
2617 4405 2737 4474 igne
2767 4414 2820 4459 et
2847 4419 3000 4475 aqua,
3033 4421 3139 4475 quo
3167 4407 3278 4460 vult
3315 4405 3529 4477 quidem

1942 4495 2163 4564 porrigit
2187 4511 2422 4561 manum,
2450 4495 2543 4550 sed
2570 4496 2726 4550 altior
2747 4497 2763 4527 ¹
2789 4506 2871 4551 est
2895 4498 2984 4567 qui
3013 4506 3166 4552 vocat
3187 4497 3346 4553 altius
3371 4515 3530 4569 quant

1943 4587 2118 4641 omnis
2146 4587 2374 4641 humana
2403 4588 2654 4658 cogitatio
2683 4605 2694 4641 :
2723 4589 3151 4660 quandoquidem
3185 4590 3390 4644 initium
3421 4605 3535 4645 cor-

1943 4682 2144 4752 rigendi
2185 4697 2278 4736 cor
2307 4681 2439 4737 ﬁdes
2467 4691 2569 4750 est,
2613 4683 2753 4738 sicut
2779 4685 3038 4754 scriptum
3080 4693 3182 4749 est,
3235 4684 3436 4751 Venies,
3478 4695 3526 4741 et

1943 4775 2241 4845 pertransies
2269 4774 2330 4827 ab
2366 4775 2510 4830 initio
2547 4775 2667 4844 ﬁdei
2712 4775 2881 4848 (Cant.
2930 4793 3016 4844 tv,
3055 4793 3158 4835 sec.
3186 4776 3330 4832 LXX
3363 4779 3418 4850 );
3477 4788 3533 4834 et

1942 4867 2166 4936 quisque
2188 4867 2258 4921 ita
2285 4868 2431 4938 eligit
2452 4867 2671 4935 bonum,
2701 4869 2831 4922 sicut
2853 4870 3121 4942 unicuique
3142 4869 3282 4925 Deus
3306 4873 3532 4942 partitus

1893 4981 1902 4987 ·
1942 4966 2014 5012 est
2043 4974 2330 5012 mensuram
2359 4960 2478 5027 ﬁdei
2511 4957 2530 5033 (
2560 4959 2710 5014 Rom.
2756 4977 2828 5016 xu
2854 5003 2870 5028 ,
2901 4962 2936 5017 5
2965 4961 2983 5033 )
3011 4978 3026 5027 ;
3054 4971 3141 5027 et,
3175 4961 3338 5018 Nemo
3369 4974 3530 5034 potest

1942 5051 2010 5104 ad
2038 5067 2114 5104 me
2141 5051 2322 5117 venire,
2357 5054 2430 5107 ait
2467 5053 2720 5124 Princeps
2758 5054 2901 5122 ﬁdei,
2935 5056 3033 5109 nisi
3072 5055 3228 5110 Pater
3267 5058 3352 5130 qui
3394 5058 3528 5113 misit

1941 5161 2037 5210 me,
2079 5146 2287 5199 traxerit
2327 5163 2459 5200 eum.
2498 5147 2650 5216 Quod
2688 5147 2756 5202 de
2794 5147 2900 5203 ﬁde
2935 5149 3134 5204 dictum
3177 5166 3299 5206 esse
3333 5167 3438 5222 qua
3477 5151 3531 5206 in

1943 5254 2062 5294 cum
2090 5241 2340 5307 creditur,
2371 5243 2499 5296 satis
2527 5242 2802 5298 evidenter
2829 5254 3008 5314 postea
3035 5247 3300 5314 explanat,
3332 5246 3418 5300 ubi
3447 5244 3530 5299 di-

1943 5333 2056 5387 cit:
2103 5331 2258 5387 Verba
2286 5350 2398 5404 qua:
2427 5352 2516 5406 ego
2558 5336 2753 5390 locutus
2790 5355 2899 5390 sum
2926 5337 3075 5402 vobis,
3111 5339 3315 5408 spiritus
3353 5349 3398 5390 et
3429 5338 3528 5392 vita

1941 5437 2091 5493 sunt;
2117 5429 2204 5481 sed
2231 5429 2436 5498 quidam
2461 5440 2577 5484 sunt
2602 5447 2664 5484 ex
2684 5429 2819 5485 vobis
2838 5432 2924 5501 qui
2943 5449 3040 5485 non
3061 5432 3290 5484 credunt.
3323 5430 3528 5486 Sciebat

1942 5524 2076 5578 enim
2104 5527 2167 5578 ab
2194 5525 2336 5579 initio
2360 5523 2542 5590 Iesus,
2589 5527 2674 5596 qui
2700 5537 2861 5581 essent
2889 5527 3170 5593 credentes,
3199 5538 3244 5581 et
3273 5527 3384 5596 quis
3413 5544 3527 5582 eum

1943 5616 2224 5672 traditurus
2251 5629 2375 5674 esset
2397 5636 2415 5685 ;
2443 5628 2488 5673 et
2514 5620 2736 5686 dicebat,
2774 5617 3046 5691 PrOpterea
3075 5619 3183 5674 dixi
3209 5619 3376 5688 vobis,
3405 5619 3527 5690 quia

2009 5756 2027 5790 ι
2054 5765 2203 5808 vetus
2221 5758 2375 5808 codex
2391 5759 2700 5809 Corbeiensis
2721 5759 2811 5809 hoc
2829 5766 2880 5810 et
2902 5756 3055 5808 altero
3075 5725 3200 5817 loco,
3223 5755 3386 5809 altius.
3406 5763 3526 5809 Oun-

2039 5819 2120 5869 alii
2141 5829 2345 5884 quatuor
2359 5822 2668 5885 manuscripti
2682 5831 2890 5889 utroque
2907 5821 3013 5872 loco
3027 5827 3310 5878 constanter
3324 5819 3529 5892 habent,

1943 5893 1972 5930 a
2012 5894 2102 5931 tor.

1943 5893 2102 5935 amor.
