3996 6540
385 459 490 518 318

384 588 534 638 nemo
559 580 722 644 potest
747 576 816 627 ad
841 587 922 625 me
945 569 1132 632 venire,
1161 567 1259 620 nisi
1287 565 1437 638 fuerit
1464 565 1510 619 ei
1543 563 1719 618 datam
1743 578 1776 617 a
1800 559 1960 616 Patre

385 683 497 722 meo
527 664 724 739 (Jun.
755 680 830 731 νι,
857 663 948 729 ﬂ,
973 660 1064 728 64,
1093 661 1183 727 65,
1211 657 1282 714 66
1306 658 1347 730 ).

456 758 546 814 £2.
575 758 820 828 Magnum
850 765 1030 810 autem
1059 754 1258 824 aliquid
1295 767 1395 826 pro
1423 766 1522 808 sua
1550 765 1712 806 causa
1736 764 1795 804 se
1821 749 1971 803 inve-

387 851 531 908 uisse
546 850 832 905 arbitratus
859 856 942 902 est
964 846 1102 917 apud
1125 845 1310 901 Isaiam
1334 845 1669 915 pr0phetam,
1688 841 1808 913 quia
1829 841 1973 895 Deus

386 941 538 1004 dixit,
561 940 620 995 Si
645 938 904 993 volueritis
923 947 970 991 et
995 937 1254 991 audieritis
1278 952 1375 1001 me,
1395 951 1508 1006 qua
1525 934 1654 989 bona
1679 941 1795 987 sunt
1829 941 1975 986 terra

387 1032 786 1098 manducabitis;
807 1031 852 1086 si
887 1040 1054 1085 autem
1079 1029 1344 1084 nolueritis
1382 1038 1426 1083 et
1444 1045 1547 1082 non
1571 1026 1838 1082 audieritis
1870 1041 1970 1092 me,

387 1126 585 1196 gladius
606 1141 693 1178 vos
718 1124 962 1178 comedet.
1003 1122 1074 1178 0s
1100 1123 1231 1178 enim
1263 1121 1471 1176 Domini
1501 1121 1723 1175 locutum
1745 1126 1817 1173 est
1843 1117 1972 1174 hac.

387 1218 548 1285 Quasi
574 1233 679 1272 non
709 1217 796 1273 lex
827 1225 933 1271 tota
960 1214 1262 1287 huiusmodi
1288 1212 1677 1270 conditionibus
1707 1211 1862 1282 plena
1886 1209 1974 1264 sit:

388 1322 480 1367 aut
513 1311 583 1366 ob
616 1310 761 1365 aliud
801 1310 1047 1379 superbis
1094 1317 1355 1378 praecepta
1393 1305 1495 1361 ista
1535 1305 1658 1360 data
1706 1303 1834 1368 sint,
1876 1299 1978 1356 nisi

387 1404 511 1475 quia
535 1404 619 1460 lex
639 1403 1064 1475 prevaricationis
1086 1402 1250 1471 gratia
1279 1402 1443 1470 posita
1476 1407 1571 1462 est,
1594 1396 1754 1451 donec
1794 1394 1982 1449 veniret

387 1511 557 1550 nomen
579 1496 659 1549 cui
681 1495 982 1564 promissum
1001 1503 1072 1547 est
1095 1491 1288 1566 (Galat.
1311 1507 1390 1557 Ill,
1418 1489 1528 1560 19).
1554 1487 1708 1546 Unde
1727 1487 1982 1542 subintra-

393 1589 462 1642 ait
488 1597 544 1641 ut
579 1588 858 1642 abundaret
897 1587 1176 1650 delictum;
1215 1595 1260 1640 et
1283 1584 1368 1638 ubi
1406 1583 1679 1638 abundavit
1706 1581 1981 1647 delictum;

389 1681 814 1753 superabundavit
839 1682 1000 1752 gratia
1028 1678 1203 1753 (Rom.
1241 1695 1306 1746 ν,
1323 1676 1417 1746 20)
1443 1695 1456 1732 :
1480 1675 1532 1730 id
1555 1687 1656 1743 est,
1687 1683 1746 1730 ut
1774 1673 1984 1743 accipe-

391 1781 474 1826 ret
499 1771 660 1827 homo
688 1780 970 1842 prmeepta,
992 1770 1224 1842 superbe
1248 1769 1316 1824 de
1341 1769 1451 1824 suis
1477 1768 1676 1822 viribus
1716 1765 1905 1829 ﬁdens,
1928 1765 1984 1820 in

395 1861 586 1932 quibus
611 1860 868 1916 deﬁciens
892 1871 947 1916 et
971 1860 1142 1916 lactus
1168 1860 1329 1916 etiam
1363 1858 1762 1929 praevaricator,
1789 1857 1984 1912 libera-

393 1960 563 2008 torem
590 1954 1015 2022 salvatoremque
1038 1952 1361 2021 requireret;
1388 1958 1548 2020 atque
1565 1949 1636 2004 ita
1663 1963 1784 2003 eum
1825 1947 1985 2001 timor

392 2044 526 2115 legis
553 2045 808 2102 humilem
829 2045 1050 2109 factum,
1081 2057 1334 2114 tanquam
1378 2042 1693 2114 paadagogus
1721 2041 1788 2096 ad
1821 2040 1984 2095 ﬁdem

392 2138 725 2207 gratiamque
767 2136 1208 2207 perduceretJta
1259 2135 1622 2204 multiplicatis
1666 2133 1985 2188 infirmitati-

393 2227 492 2284 bus
524 2239 705 2297 postea
733 2228 1161 2283 acceleraverunt
1191 2227 1212 2299 ('
1242 2225 1390 2280 Psal.
1414 2241 1502 2292 xv,
1534 2229 1570 2281 4
1596 2221 1648 2298 ),
1677 2225 1868 2296 quibus
1895 2239 1984 2279 sa-

394 2319 582 2374 nandis
608 2327 904 2389 opportune
923 2319 1169 2374 Christus
1203 2317 1446 2373 advenit.
1471 2317 1528 2373 In
1571 2317 1723 2387 cujus
1760 2317 1985 2388 gratiam

394 2412 555 2468 ctiam
574 2411 699 2482 justi
723 2411 924 2483 antiqui
948 2411 1311 2478 crediderunt,
1331 2411 1517 2466 eadem
1539 2411 1654 2480 ipsa
1681 2410 1848 2480 gratia
1871 2409 1986 2478 ejus

397 2503 582 2572 adjuti,
623 2512 680 2558 ut
718 2503 1007 2573 gaudentes
1045 2518 1166 2560 eum
1210 2511 1635 2574 pre-noscerent,
1667 2510 1723 2557 et
1771 2501 1985 2570 quidam

399 2595 557 2650 ctiam
593 2596 1009 2665 praenuntiarcnt
1052 2609 1173 2652 esse
1211 2593 1638 2650 venturumzvel
1661 2594 1714 2649 in
1759 2594 1848 2648 illo
1888 2607 1988 2662 po-

397 2687 521 2756 pulo
547 2685 726 2752 Israel,
754 2687 889 2743 sicut
914 2687 1143 2759 Moyses,
1173 2696 1229 2742 et
1267 2687 1424 2743 Jesus
1461 2686 1622 2754 Nave,
1652 2697 1708 2742 et
1745 2685 1984 2752 Samuel,

397 2785 453 2836 et
477 2777 659 2842 David,
693 2787 746 2832 ct
769 2778 950 2834 caeteri
983 2779 1147 2843 tales;
1179 2777 1263 2833 vel
1299 2787 1447 2834 extra
1479 2778 1652 2848 ipsum
1705 2777 1986 2846 populum,

398 2863 535 2918 sicut
570 2862 805 2928 Job;ch
843 2871 968 2918 ante
995 2863 1168 2932 ipsum
1207 2863 1483 2933 populum,
1513 2862 1652 2916 sicut
1685 2861 1983 2926 Abraham,

399 2956 536 3010 sicut
561 2953 696 3021 Noe,
727 2964 786 3010 et
819 2956 1134 3026 quicumque
1162 2955 1255 3008 alii
1293 2963 1438 3020 sunt,
1470 2971 1604 3024 quos
1632 2955 1715 3008 vel
1748 2968 1988 3008 comme-

400 3057 575 3104 morat
601 3046 685 3102 vel
717 3056 855 3102 tacet
882 3047 1154 3116 Scriptura
1176 3046 1356 3100 divina
1373 3083 1389 3099 .
1419 3045 1565 3102 Unus
1590 3046 1730 3100 enim
1761 3045 1919 3111 Deus,
1939 3055 1993 3100 et

403 3153 540 3193 unus
567 3137 827 3192 mediator
857 3138 948 3192 Dei
973 3145 1029 3194 et
1053 3137 1348 3204 homin‘tm,
1377 3137 1540 3192 homo
1563 3137 1810 3192 Christus
1835 3135 1992 3192 Iesus

402 3226 447 3302 (ι
489 3229 528 3283 Τ
530 3231 692 3293 im.u,
723 3228 949 3301 5),sine
987 3229 1140 3300 cujus
1178 3231 1348 3301 gratia
1391 3245 1554 3285 nemo
1593 3247 1623 3284 a
1663 3229 1990 3285 condemna-

405 3321 548 3377 tione
575 3321 828 3380 liberatur
857 3364 874 3390 ,
896 3324 1014 3380 sive
1055 3338 1212 3393 quam
1251 3324 1416 3378 traxit
1437 3339 1506 3378 ex
1537 3324 1628 3378 illo
1651 3323 1704 3378 in
1734 3339 1840 3395 quo
1876 3338 1994 3377 om-

403 3428 499 3473 nes
519 3421 874 3483 peccaverunt
903 3453 919 3481 .
939 3414 1054 3472 sive
1073 3430 1234 3486 quam
1268 3423 1452 3486 postea
1483 3416 1597 3472 suis
1629 3414 1992 3486 iniquitatibus

403 3504 624 3567 addidit.

473 3596 700 3656 CAPUT
735 3596 857 3657 XX.
875 3627 948 3640 --
965 3598 1056 3657 45.
1075 3596 1246 3667 Quale
1269 3605 1355 3654 est
1378 3605 1580 3665 autem,
1602 3595 1744 3667 quod
1776 3595 1876 3651 iste
1898 3609 1994 3666 po-

403 3687 512 3743 suit
553 3689 608 3743 in
654 3699 894 3746 extremo
931 3706 945 3744 :
979 3707 1000 3742 (
1031 3687 1088 3744 Si
1132 3689 1252 3759 quis
1295 3688 1512 3756 dixerit,
1559 3688 1742 3747 Potest
1781 3685 1897 3741 ﬁeri
1933 3695 1994 3742 ut

405 3777 568 3836 homo
611 3779 692 3837 vel
735 3779 897 3838 verbo
932 3794 1040 3836 non
1077 3779 1299 3850 peccet?
1344 3779 1776 3852 respondendum
1817 3787 1930 3847 est,
1968 3797 1988 3832 ι

405 3869 620 3940 inquit,
642 3888 663 3923 ι
694 3869 757 3929 Si
776 3871 890 3926 vult
917 3871 1079 3938 Deus,
1111 3880 1320 3942 potest:
1355 3871 1464 3928 vult
1489 3873 1633 3927 enim
1677 3871 1838 3938 Deus,
1865 3873 2024 3941 ergo'

406 3969 608 4030 potest.
646 3979 667 4020 ι
690 3960 822 4022 Item
861 3961 966 4018 ait:
997 3960 1088 4020 «Si
1135 3963 1256 4033 quis
1296 3962 1513 4030 dixerit,
1544 3963 1683 4018 Fieri
1716 3969 1892 4032 potest
1934 3970 1996 4017 ut

405 4051 569 4108 homo
604 4068 712 4112 non
757 4054 813 4110 in
856 4055 1175 4125 cogitatione
1210 4055 1516 4127 delinquat?
1557 4056 1988 4127 respondendum

405 4155 508 4212 est,
526 4144 581 4202 Si
601 4146 712 4202 vult
727 4145 888 4210 Deus,
911 4156 1086 4218 potest
1109 4165 1123 4204 :
1147 4148 1260 4208 vult
1279 4149 1419 4204 enim
1438 4150 1597 4216 Deus,
1612 4166 1740 4220 ergo
1759 4160 1954 4221 potest.
1967 4169 1987 4202 ι

408 4236 594 4292 Videte
633 4237 1081 4312 quemadmodum
1125 4239 1360 4298 noluerit
1378 4240 1580 4308 dicere,
1612 4242 1671 4298 Si
1714 4243 1856 4298 Deus
1898 4243 1995 4298 ad-

405 4329 576 4400 juvet,
606 4340 808 4403 potest;
841 4333 927 4388 cui
951 4333 1168 4398 dicitur,
1195 4333 1418 4405 Adjutor
1441 4351 1582 4390 meus
1605 4345 1729 4402 esto,
1758 4351 1820 4390 ne
1839 4336 1990 4390 dere-

407 4420 604 4493 linquas
629 4439 710 4480 me
733 4422 904 4496 (Prol.
931 4440 1080 4490 xxvi.
1113 4425 1172 4497 9)
1205 4442 1220 4482 :
1250 4440 1358 4483 non
1385 4427 1566 4498 utique
1603 4427 1672 4483 ad
1699 4428 1994 4496 corporalia

407 4512 544 4568 bona
582 4515 907 4588 capessenda
933 4525 988 4574 et
1017 4517 1156 4574 male
1202 4517 1459 4585 cavenda,
1485 4519 1581 4575 sed
1609 4519 1675 4575 ad
1707 4520 1994 4590 gerendam

406 4606 888 4678 perliciendamque
910 4607 1192 4678 jusﬁtiam;
1219 4620 1439 4681 propter
1473 4612 1615 4682 quod
1641 4611 1883 4679 dicimus,
1914 4613 1998 4671 Ne

406 4712 497 4751 nos
518 4687 708 4768 inferas
727 4698 780 4753 in
799 4701 1140 4768 luctationem,
1157 4703 1247 4759 sed
1268 4704 1426 4763 libera
1446 4721 1538 4759 nos
1563 4721 1598 4758 a
1619 4705 1755 4759 malo
1777 4703 1991 4778 (Matth.

406 4803 482 4856 vt,
509 4788 620 4860 13).
648 4789 1081 4862 Neeadjuvatur,
1111 4795 1212 4855 nisi
1251 4797 1419 4868 quiet
1461 4798 1576 4866 ipse
1612 4798 1808 4869 aliquid
1850 4800 1992 4871 agit:

408 4881 688 4952 adjuvatnr
723 4893 924 4952 autem,
955 4887 1002 4948 si
1045 4888 1278 4954 invocat.
1308 4893 1353 4948 si
1391 4889 1580 4956 credit,
1622 4891 1668 4948 si
1701 4892 1997 4949 secundum

412 4974 742 5046 propositum
766 4988 988 5032 vocatus
1009 4987 1094 5034 est
1117 4996 1130 5032 :
1163 4982 1412 5049 quoniam
1443 4997 1570 5050 quos
1589 4991 1707 5036 ante
1725 4985 1995 5053 prcscivit,

411 5077 458 5123 et
481 5069 854 5141 prcedestinavit
879 5077 1164 5144 conformes
1185 5073 1418 5143 imaginis
1457 5074 1580 5130 Filii
1608 5079 1706 5145 sui,
1726 5089 1783 5133 ut
1808 5081 1874 5134 sit
1893 5081 2002 5151 ipse

409 5163 772 5234 primogenita:
790 5165 844 5220 in
883 5167 1056 5222 multis
1090 5169 1330 5238 fratribus
1353 5185 1514 5238 :quos
1537 5183 1702 5227 autem
1733 5174 1999 5245 praedesti-

407 5255 566 5322 navit,
594 5254 709 5310 illos
728 5265 775 5310 et
800 5259 1027 5323 vocavit;
1044 5275 1170 5329 quos
1190 5270 1357 5316 autem
1383 5264 1593 5331 vocavit,
1617 5265 1735 5322 illos
1754 5277 1807 5320 et
1841 5267 2000 5338 justi-

408 5346 612 5415 ﬁcaoit;
638 5364 762 5417 quos
783 5358 945 5404 autem
959 5351 1280 5423 justiﬁcavit,
1303 5353 1418 5412 illos
1439 5366 1483 5409 et
1505 5356 1802 5427 gloriﬁcarit
1820 5356 1996 5433 (Rom.

410 5452 522 5504 vru,
563 5437 654 5506 29,
682 5439 750 5495 30
771 5437 813 5513 ).
837 5440 1113 5499 Currimus
1155 5459 1305 5514 ergo,
1330 5463 1449 5502 cum
1491 5451 1826 5518 proﬁcimus,
1870 5453 1997 5510 dum

407 5529 608 5585 sanitas
653 5540 831 5587 nostra
867 5532 919 5588 in
958 5533 1356 5609 proﬁcientibus
1402 5539 1568 5596 currit
1618 5539 1796 5613 (sicut
1839 5545 2001 5601 etiam

409 5619 628 5677 cicatrix
661 5638 881 5680 currere
909 5625 1119 5695 dicitur,
1151 5630 1364 5699 quando
1391 5631 1528 5688 bene
1563 5636 1752 5693 vulnus
1777 5637 2000 5708 diligen-

410 5718 598 5783 terque
626 5713 917 5789 curatur):
951 5725 1007 5771 ut
1033 5732 1100 5773 ex
1124 5721 1270 5774 omni
1301 5731 1446 5790 parte
1489 5723 1708 5793 perfecti
1751 5729 1866 5783 sine
1898 5731 2002 5794 ulla

410 5805 580 5860 simus
617 5810 836 5868 omnino
873 5811 1183 5868 inﬁrmitate
1223 5817 1458 5885 peccati;
1491 5819 1632 5892 quod
1679 5838 1787 5878 non
1825 5826 2001 5884 solum

411 5896 530 5956 vult
557 5897 720 5970 Deus,
742 5917 929 5959 verum
959 5903 1122 5961 etiam
1146 5911 1208 5963 ut
1229 5905 1514 5978 impleatur
1547 5909 1675 5970 facit
1713 5925 1872 5989 atque
1904 5917 2000 5974 ad-

703 402 708 406 )
819 457 880 516 s.
918 452 1284 514 AUGUSTINI
1322 395 1624 509 scissor!
1679 449 1768 505 ne
1807 445 2284 504 PERFECTIONE
2322 445 2645 504 Jusmm
2684 445 2959 504 llOMlNlS
2995 447 3219 505 LIBER.

3549 451 3665 507 516

2076 557 2255 630 juvat.
2296 559 2363 614 Et
2408 560 2510 615 hoc
2556 559 2829 616 nobiscum
2866 561 2975 633 agit
3011 563 3178 632 gratia
3213 559 3307 616 Dei
3346 575 3443 633 per
3481 560 3677 620 Iesum

2075 649 2346 707 Christum
2383 651 2664 706 Dominum
2704 664 2968 719 nostrum,
2997 669 3104 707 non
3142 653 3313 708 solum
3359 657 3672 726 prtcceptis,

2075 743 2440 808 sacramentis,
2473 744 2762 812 exemplis;
2805 743 2898 798 sed
2927 745 3086 798 ctiam
3117 743 3317 815 Spiritu
3343 757 3548 814 sancto,
3574 763 3678 820 per

2076 848 2235 902 quem
2259 835 2487 890 latenter
2515 834 2826 890 didunditur
2844 836 3075 892 charitas
3096 839 3149 892 in
3169 838 3419 894 cordibus
3465 839 3674 895 nostris

2080 922 2254 996 (Rom.
2285 941 2340 990 v,
2357 925 2447 991 25,
2471 926 2548 998 5),
2578 942 2696 996 quze
2721 927 2739 960 ⁸
2765 927 3067 998 interpellat
3094 929 3382 999 gentilibus
3409 931 3681 986 inenarra-

2078 1016 2272 1074 bilibus
2293 1017 2404 1090 (Id.
2431 1035 2544 1087 vm,
2573 1019 2665 1075 26.
2695 1018 2740 1092 ),
2768 1020 2940 1096 donec
2975 1022 3028 1077 in
3052 1022 3206 1078 nobis
3250 1023 3554 1094 perﬁciatur
3581 1038 3679 1079 sa-

2081 1111 2238 1177 nitas,
2277 1121 2333 1167 et
2377 1114 2516 1169 Deus
2557 1114 2712 1170 sicuti
2756 1126 2859 1186 est,
2899 1114 3194 1172 vldendus'
3223 1126 3423 1173 aeterna
3444 1117 3678 1174 veritate

2081 1211 2406 1258 monstretur
2419 1245 2435 1260 .
2697 1206 2699 1208 ’

2147 1294 2374 1352 CAPUT
2407 1295 2547 1352 XXI.
2575 1327 2647 1338 —
2669 1299 2758 1354 44.
2798 1297 3048 1371 Quisquis
3077 1315 3204 1372 ergo
3233 1301 3397 1358 fuisse
3437 1303 3520 1358 vel
3550 1318 3679 1360 esse

2084 1385 2138 1442 in
2176 1386 2276 1442 hac
2304 1389 2408 1441 vita
2447 1388 2678 1458 aliquem
2709 1389 3001 1458 hominem,
3044 1391 3130 1446 vel
3170 1391 3377 1462 aliquos
3421 1393 3673 1450 homines

2085 1487 2256 1550 putat,
2279 1488 2506 1549 excepto
2531 1496 2637 1536 uno
2659 1481 2948 1539 Mediatore
2971 1483 3063 1538 Dei
3085 1492 3139 1539 ct
3160 1485 3451 1551 hominum,
3478 1487 3680 1557 quibus

2085 1573 2386 1626 necessaria
2411 1588 2514 1627 non
2536 1572 2696 1628 fuerit
2715 1574 2960 1630 remissio
2983 1585 3345 1645 peccatorum,
3373 1579 3681 1637 contrarius

2086 1671 2172 1718 est
2212 1662 2403 1719 divina;
2443 1665 2759 1734 Scriptum,
2793 1667 2880 1721 ubi
2911 1667 3201 1737 Apostolus
3231 1668 3304 1723 ait
3334 1686 3347 1722 :
3378 1667 3482 1723 Per
3518 1685 3684 1724 unum

2088 1753 2342 1810 hominem
2384 1768 2641 1827 peccatum
2673 1758 2881 1812 intravit
2919 1761 2974 1814 in
3009 1759 3270 1825 mundum,
3305 1769 3352 1814 et
3382 1778 3470 1832 per
3496 1778 3688 1832 pecca-

2089 1853 2196 1899 tum
2221 1863 2374 1912 mors,
2403 1856 2452 1900 et
2485 1848 2561 1901 ita
2585 1849 2637 1903 in
2665 1865 2837 1904 omnes
2865 1850 3092 1905 homines
3132 1850 3443 1920 pertransiit,
3483 1851 3537 1906 in
3575 1868 3683 1924 quo

2088 1955 2259 1994 omnes
2285 1950 2609 2008 peccaverunt
2631 1940 2740 2014 (Id.
2771 1957 2823 2009 v,
2858 1943 2924 1997 12
2953 1942 2992 2014 ).
3033 1942 3098 1997 Ει
3123 1957 3344 1998 necesse
3374 1950 3458 1998 est
3485 1952 3542 1997 ut
3570 1944 3683 1998 im-

2088 2031 2174 2100 pia
2198 2034 2540 2088 contentione
2563 2042 2792 2098 asserat,
2825 2048 2944 2089 esse
2971 2049 3125 2104 posse
3150 2033 3419 2100 homines,
3446 2035 3534 2105 qui
3560 2035 3687 2091 sine

2088 2126 2378 2182 media-lore
2405 2126 2614 2181 Christo
2645 2127 2904 2182 liberante
2930 2135 3090 2197 atque
3120 2127 3358 2182 salvnnte
3387 2126 3493 2182 sint
3522 2127 3685 2182 liberi

2089 2217 2326 2287 salt-ique
2350 2234 2378 2271 a
2407 2228 2644 2288 peccato;
2674 2234 2794 2272 cum
2828 2219 2913 2274 ille
2940 2218 3152 2285 dixerit,
3184 2219 3307 2273 Non
3336 2229 3405 2274 est
3435 2235 3562 2291 Opus
3587 2236 3686 2274 sa-

2091 2307 2168 2361 nis
2188 2309 2432 2374 medicus,
2447 2310 2535 2363 sed
2547 2309 2676 2362 male
2696 2309 3007 2364 habentibus.
3035 2307 3156 2364 Non
3174 2311 3287 2364 veni
3302 2327 3477 2364 vocare
3487 2312 3681 2381 justos,

2096 2399 2185 2454 sed
2223 2411 2505 2470 peccatores
2533 2399 2742 2473 (Matth.
2775 2416 2848 2467 IX,
2872 2400 2957 2464 12,
2987 2401 3110 2472 15).
3131 2401 3386 2472 Quisquis
3407 2411 3580 2456 autem
3598 2402 3689 2456 di-

2091 2491 2183 2554 cit,
2214 2500 2332 2560 post
2357 2501 2626 2561 acceptam
2648 2493 3015 2548 remissionem
3039 2503 3378 2562 peccatorum
3401 2493 3472 2546 ita
3495 2507 3687 2562 quem-

2091 2598 2249 2652 quam
2275 2582 2544 2637 hominem
2567 2583 2707 2652 juste
2732 2583 2933 2640 vixisse
2954 2584 3007 2638 in
3034 2585 3132 2639 hac
3156 2599 3340 2651 carne,
3368 2585 3450 2638 vel
3477 2585 3681 2649 vivere,

2093 2685 2151 2730 ut
2171 2676 2375 2730 nullout
2397 2676 2830 2732 habeatomnino
2867 2688 3173 2748 peccatum,
3199 2679 3519 2735 contradicit
3551 2695 3691 2751 apo-

2093 2769 2232 2824 stolo
2257 2769 2447 2824 Joanni
2471 2771 2560 2840 qui
2599 2771 2674 2825 ait
2702 2788 2716 2825 :
2745 2768 2803 2826 Si
2831 2771 3107 2826 dixerimus
3144 2773 3262 2845 quia
3290 2782 3552 2843 peccatum
3579 2792 3692 2829 non

2095 2858 2365 2924 habemus,
2407 2878 2500 2916 nos
2525 2861 2664 2931 ipsos
2690 2861 3002 2929 seducimus,
3037 2872 3081 2918 et
3118 2864 3301 2919 veritas
3330 2865 3381 2918 in
3400 2865 3552 2919 nobis
3581 2883 3692 2920 non

2104 2961 2178 3008 est
2217 2950 2270 3024 (l
2294 2952 2452 3006 Joan.
2481 2968 2521 3020 ι,
2548 2953 2639 3024 8).
2668 2953 2782 3008 Non
2812 2954 2955 3009 enim
2982 2955 3075 3022 ait,
3107 2955 3423 3024 habuimus;
3449 2957 3565 3024 sed,
3598 2958 3694 3011 ha-

2095 3041 2285 3098 bemus.
2315 3043 2470 3111 Quod
2499 3045 2546 3098 si
2575 3046 2853 3116 quisquam
2881 3047 3072 3101 asserit
3098 3047 3166 3103 de
3194 3047 3286 3102 illo
3315 3057 3533 3119 peccato
3561 3063 3694 3105 esse

2097 3133 2296 3190 dictum
2319 3176 2334 3202 ,
2367 3136 2508 3206 quod
2540 3135 2741 3193 habitat
2768 3138 2821 3192 in
2851 3153 3012 3193 carne
3041 3138 3252 3192 ntortali
3283 3146 3464 3194 nostra
3489 3154 3693 3194 secun-

2096 3227 2222 3283 dum
2261 3229 2445 3282 vitium
2483 3229 2624 3297 quod
2655 3232 2924 3299 peccantis
2951 3231 3108 3300 primi
3139 3230 3371 3285 hominis
3409 3233 3692 3288 voluntate

2096 3327 2424 3373 contractum
2451 3327 2554 3383 est,
2582 3320 2732 3390 cujus
2756 3320 2955 3390 peccati
2980 3320 3260 3376 desideriis
3287 3336 3354 3376 ne
3373 3321 3695 3380 obediamus

2097 3408 2292 3464 Paulus
2312 3410 2600 3479 Apostolus
2624 3412 2867 3482 praecipit
2911 3412 3100 3481 (Rom.
3123 3429 3194 3480 vi,
3218 3414 3286 3468 l2
3303 3411 3345 3486 );
3375 3429 3482 3469 nou
3505 3423 3693 3472 autem

2096 3517 2349 3572 peccare,
2379 3503 2471 3573 qui
2497 3503 2672 3560 eidem
2699 3515 2918 3575 peccato
2937 3548 2952 3574 ,
2983 3509 3225 3577 quamvis
3254 3509 3306 3563 in
3337 3525 3497 3565 carne
3532 3509 3694 3564 habi-

2098 3593 2259 3658 tanti,
2304 3593 2370 3647 ad
2397 3593 2598 3648 nullum
2624 3610 2758 3665 opus
2787 3597 2985 3651 malum
3012 3599 3232 3653 omnino
3257 3601 3528 3655 consensit
3545 3642 3561 3668 ,
3599 3601 3695 3657 vel

2096 3682 2241 3751 facti,
2267 3686 2350 3740 vel
2369 3685 2512 3753 dicti,
2541 3688 2627 3743 vel
2644 3688 2882 3758 cogitati,
2907 3691 3151 3760 quamvis
3171 3691 3283 3762 ipsa
3305 3694 3696 3763 concupiscen-

2099 3775 2172 3830 tia
2200 3786 2498 3846 moveatur,
2526 3794 2646 3850 qute
2673 3780 2779 3834 alio
2807 3781 2967 3836 modo
2995 3771 3206 3853 peccati
3228 3799 3425 3840 nomen
3455 3785 3687 3856 accepit,

2098 3868 2238 3938 quod
2274 3869 2327 3925 ei
2362 3871 2666 3927 consentire
2701 3887 2925 3941 peccare
2963 3874 3062 3940 sit,
3097 3874 3356 3946 nobisque
3401 3886 3696 3932 moveatur

2099 3962 2278 4022 invitis
2311 3980 2324 4018 :
2357 3963 2621 4018 subtiliter
2661 3964 2872 4035 quidem
2913 3965 3014 4020 ista
3049 3965 3335 4035 discernit,
3380 3967 3474 4023 sed
3511 3968 3698 4024 videat

2098 4053 2223 4125 quid
2243 4063 2429 4125 agatur
2447 4053 2515 4110 de
2538 4053 2803 4112 dominica
2823 4057 3084 4123 oratione,
3116 4057 3204 4115 ubi
3223 4058 3447 4118 dicimus
3467 4076 3480 4112 :
3500 4058 3694 4116 Dimit-

2100 4155 2148 4202 te
2169 4147 2307 4206 nobis
2325 4147 2495 4204 debita
2515 4159 2690 4205 nostra
2712 4165 2732 4206 :
2750 4150 2910 4221 quod,
2936 4151 3040 4206 nisi
3060 4149 3237 4219 fallor,
3264 4166 3370 4208 no
3391 4167 3524 4222 opus
3539 4161 3697 4208 esset

2100 4239 2298 4307 dicere,
2327 4240 2371 4295 si
2399 4257 2688 4312 nunquam,
2714 4243 2803 4298 vel
2823 4241 2877 4297 in
2898 4243 3051 4316 lapsu
3077 4243 3288 4314 linguae,
3338 4245 3421 4302 vel
3455 4245 3509 4302 in
3533 4244 3692 4300 oble-

2099 4331 2290 4386 ctanda
2305 4333 2645 4405 cogitatione,
2664 4333 2901 4408 ejusdem
2919 4336 3123 4406 peccati
3149 4335 3424 4394 desideriis
3446 4337 3698 4408 aliquan-

2101 4423 2269 4480 tulum
2296 4427 2752 4492 consentiremus;
2781 4426 2875 4484 sed
2903 4429 3264 4485 tantummodo
3290 4429 3572 4486 dicendum
3597 4445 3694 4492 es-

2100 4525 2202 4584 set,
2251 4515 2336 4571 Ne
2391 4535 2481 4572 nos
2506 4518 2694 4590 inferas
2735 4520 2787 4573 in
2835 4521 3174 4590 tentationem,
3219 4522 3310 4578 sed
3329 4523 3486 4581 libera
3523 4539 3617 4580 nos
3655 4541 3696 4582 ο

2101 4609 2237 4664 malo
2255 4608 2465 4682 (Matth.
2483 4625 2556 4675 vt,
2577 4609 2660 4678 l2,
2682 4608 2790 4684 l3).
2808 4611 2917 4667 Nec
2931 4611 3159 4668 Jacobus
3177 4615 3449 4685 apostolus
3459 4614 3692 4685 diceret,

2103 4699 2169 4756 In
2197 4702 2367 4755 multis
2397 4701 2700 4769 o/fendimus
2727 4719 2898 4760 omnes
2941 4702 3156 4777 (Jacobi
3184 4722 3261 4775 tu,
3292 4706 3370 4779 2).
3397 4706 3513 4766 Non
3542 4709 3696 4772 enim

2103 4789 2358 4859 olféndit,
2391 4793 2492 4848 nisi
2517 4795 2602 4848 cui
2627 4793 2768 4852 mala
2805 4797 3234 4868 concupiscentia
3263 4807 3450 4855 contra
3469 4799 3696 4869 justiti;

2102 4886 2361 4942 rationem
2388 4885 2685 4956 appetendo
2705 4901 2800 4946 seu
2820 4887 3056 4956 vitando,
3080 4886 3380 4948 faciendum
3402 4889 3488 4950 vel
3509 4889 3698 4949 dicen-

2103 4981 2229 5040 dum
2265 4981 2349 5036 vel
2388 4980 2728 5052 cogitandum
2756 4980 2988 5053 aliquid,
3019 4982 3161 5054 quod
3191 4999 3298 5038 non
3324 4983 3539 5052 debuit,
3573 4983 3698 5044 sive

2103 5071 2314 5136 fallens,
2344 5073 2456 5127 sive
2482 5073 2773 5144 praevalens
2799 5073 3101 5145 persuadet.
3130 5074 3410 5133 Postremo
3429 5117 3444 5142 ,
3472 5077 3518 5134 si
3541 5092 3700 5134 exce-

2104 5175 2196 5236 pto
2217 5166 2306 5222 illo
2328 5164 2512 5236 Capite
2535 5177 2740 5234 nostro,
2765 5167 2845 5221 sui
2867 5167 3107 5240 corporis
3128 5170 3418 5239 salvatore,
3441 5187 3702 5234 asserun-

2106 5268 2192 5315 tur
2218 5259 2305 5314 vel
2331 5259 2512 5327 l'uisse,
2536 5261 2619 5314 vel
2642 5275 2762 5316 esse
2789 5261 2840 5316 in
2862 5260 2963 5318 hac
2984 5261 3094 5316 vita
3112 5262 3273 5334 aliqui
3293 5263 3538 5322 homines
3557 5265 3693 5336 justi

2105 5350 2221 5406 sine
2246 5352 2422 5426 aliquo
2447 5359 2686 5422 peccato,
2717 5353 2828 5409 sive
2854 5368 3122 5424 nunquam
3147 5355 3529 5412 consentieudo
3549 5355 3689 5413 desi-

2106 5441 2268 5499 deriis
2297 5445 2432 5514 ejus,
2457 5445 2568 5499 sive
2593 5444 2714 5514 quia
2736 5459 2831 5514 pro
2852 5444 2998 5500 nullo
3022 5453 3242 5517 peccato
3263 5444 3563 5504 habendum
3583 5455 3693 5517 est,

2109 5539 2250 5612 quod
2289 5549 2491 5595 tantum
2532 5550 2613 5596 est
2633 5582 2648 5607 ,
2680 5551 2737 5604 ut
2764 5539 2868 5596 hoc
2889 5541 3072 5614 pietati
3108 5541 3130 5574 ³
3161 5557 3273 5605 non
3299 5543 3525 5615 imputet
3547 5542 3696 5606 Deus

2173 5678 2192 5711 ι
2215 5676 2322 5728 Sola
2344 5676 2494 5742 editio
2515 5681 2644 5737 Lov.,
2663 5675 2766 5742 qui.

2172 5742 2288 5789 'sic
2319 5739 2550 5794 meliores
2741 5746 2798 5792 At
2840 5739 2993 5803 editi,
3039 5745 3086 5793 et
3131 5748 3261 5796 Deus
3299 5741 3427 5796 stcta
3455 5739 3700 5798 vitandus

2109 5808 2788 5994 :mcgbeiensiscodexet
2831 5863 3476 5932 mandatasqu
3520 5865 3701 5920 atlas
