3996 6478
179 375 304 442 ﬂ?
1063 377 1440 438 annorum
1469 379 1546 439 Π
1573 379 1836 442 LIBRI]!
1869 379 1966 442 DE
1981 383 2232 444 GES’I'IS
2261 385 2562 447 PELAGil.
2735 391 2740 394 ’
3379 397 3490 458 Bis

185 490 492 564 (quantis
515 490 688 550 aliter
713 491 788 552 sit
809 491 996 550 beatus
1017 493 1138 552 sine
1159 505 1402 566 peccato,
1433 495 1590 552 aliter
1619 504 1796 553 autem
1901 513 1972 554 ne
2009 499 2266 558 intremus
2291 505 2355 558 "in
2393 505 2736 570 tentationcm
2777 501 2804 578 (
2830 513 2990 578 negat
3023 513 3204 564 autem
3245 508 3352 566 hoc
3392 510 3484 582 qui

185 584 392 646 heat-us
407 585 496 644 cui
519 602 630 644 non
651 588 884 658 imputat
903 588 1158 646 Dominus
1175 591 1794 664 peecatu(Psat.nn,
1899 593 2171 648 eoruendit
2213 593 2280 650 ad
2316 611 2422 652 non
2459 599 2782 667 peccandum
2815 599 2998 672 gratias
3025 599 3119 655 Dei
3159 597 3480 670 adiutorium

185 677 242 736 9.
261 679 308 749 j,
337 693 452 734 non
483 679 649 738 nimis
673 679 930 738 existimo
953 681 1340 740 reluctandum.
1363 682 1490 738 Scio
1511 684 1654 738 enim
1675 685 1800 755 qui-
1901 697 2006 740 non
2035 699 2156 742 esse
2189 685 2390 742 homini
2423 694 2810 758 necessarium,
2845 691 2940 748 sed
2969 691 3080 748 sola
3108 691 3226 762 lege
3253 700 3471 760 accepta

187 769 422 826 busdam
473 785 598 827 esse
636 772 816 828 visum
837 814 854 838 ,
896 787 1120 854 quorum
1149 773 1220 830 de
1245 773 1348 830 hac
1381 791 1444 834 ne
1479 777 1798 832 saltemiam
1899 774 2186 832 Murenam
2213 777 2458 836 sufﬁcere
2481 781 2880 854 voluntatem);
2907 781 2974 837 ab
2997 781 3213 837 auribus
3237 782 3476 836 omnium

189 878 296 916 non
339 861 522 918 audeo
561 851 992 934 reprehendere,
1037 881 1338 938 quanquam
1375 883 1474 924 nec
1511 867 1800 926 defendere
1902 870 2306 942 removendum,
2329 881 2384 930 et
2403 889 2496 932 ore
2513 876 2751 932 omnium
2771 851 3220 933 anathemandum
3239 889 3358 932 esse
3379 891 3484 932 non

189 954 406 1010 valeam
427 955 446 986 ι
467 994 484 1008 .
511 954 622 1012 Sed
639 956 800 1028 plane
817 957 1060 1030 quisquis
1075 967 1256 1030 negat,
1279 975 1382 1016 nos
1399 974 1558 1016 orare
1571 961 1794 1029 debere,
1897 959 2108 1020 debite.

247 1086 1684 1156 ‘lanusu-iptitresmmmnietduontiam,m

1331 1343 2390 1480 ADMONITIO

1219 1555 1306 1619 IN
1344 1557 1646 1621 LIBRUM
1685 1557 1792 1618 DE
1835 1557 2109 1620 GESTIS
2149 1559 2492 1624 PELAGI].

1669 1697 2040 1758 τελε-ωηο

257 1805 642 1864 AnnoCbristi
667 1807 778 1864 ‘15
797 1807 1040 1880 Pelagius
1062 1810 1202 1882 apud
1227 1811 1566 1870 Paimstinam
1593 1812 1812 1870 haeresis
1851 1815 2172 1890 postulatus,
2193 1814 2250 1870 in
2283 1814 2540 1886 judicium
2569 1815 2736 1874 semel
2761 1821 2928 1886 atque
2953 1813 3146 1874 iterm
3183 1811 3490 1872 adducitu.

203 1895 256 1952 In
293 1899 484 1968 primo
505 1900 720 1970 quidem
765 1899 985 1970 judicio,
1017 1902 1158 1972 quod
1196 1901 1433 1960 Joannes
1479 1903 1938 1978 Jerosolymorum
1987 1907 2272 1978 cpiscopus
2297 1906 2351 1962 in
2381 1908 2814 1979 presbyterorum
2859 1915 3132 1962 conventu
3159 1905 3249 1961 die
3273 1905 3492 1960 circiter

199 1991 480 2060 trigesima
506 1992 626 2062 julii
649 1993 855 2058 habuit,
882 1994 1024 2048 nulla
1069 2004 1216 2064 gesta
1245 1995 1486 2052 confecta
1516 2011 1636 2054 esse
1668 1999 1853 2056 scribit
1879 2001 2204 2070 Augustinus
2233 2000 2286 2054 in
2327 2001 2686 2071 subsequente
2709 1999 2869 2065 libro,
2905 2015 2995 2054 nn.
3025 1997 3226 2064 53,55.
3257 1997 3492 2067 Tempus

199 2081 376 2154 hujus
393 2093 691 2140 conventus
727 2100 794 2140 ac
817 2085 958 2140 diem
989 2085 1137 2144 licuit
1159 2087 1226 2144 ab
1261 2087 1451 2148 Orosio
1493 2089 1730 2162 Hispano
1767 2093 2078 2164 presbytero
2119 2091 2348 2156 discere,
2373 2091 2466 2162 qui
2509 2091 2796 2148 conventui
2837 2091 3014 2146 eidem
3044 2087 3303 2154 interfuit,
3331 2096 3386 2143 et
3421 2103 3488 2142 ex

195 2175 312 2244 ejus
347 2177 486 2231 actis
507 2177 760 2231 nonnulla
801 2187 1096 2234 memoratu
1120 2177 1276 2249 digna
1307 2180 1499 2236 litteris
1518 2182 1848 2252 consignavit
1875 2183 1925 2238 in
1955 2183 2210 2254 Apologia
2237 2199 2328 2238 sua
2361 2181 2437 2254 (a)
2467 2183 2592 2238 :ubi
2624 2183 2796 2236 multis
2822 2197 2889 2236 ex
2929 2191 3152 2252 utraque
3171 2187 3322 2249 parte
3349 2178 3482 2232 acti-

197 2269 314 2322 tatis
331 2269 552 2324 tandem
580 2268 834 2326 Joannem
857 2270 1148 2341 episcopum
1167 2269 1490 2328 novissimam
1515 2275 1810 2330 sententiam
1827 2275 2100 2346 protulisse
2123 2275 2274 2344 dicit,
2303 2285 2358 2332 ut
2386 2274 2455 2332 ad
2483 2276 2682 2330 beatum
2707 2273 3064 2328 Innocentium
3083 2287 3272 2346 papam
3299 2269 3490 2326 Roma-

195 2379 320 2418 num
355 2367 542 2436 fratres
567 2375 614 2421 et
631 2367 860 2436 epistolis
885 2368 1221 2436 mitterentur,
1253 2369 1498 2423 universis
1521 2368 1658 2440 quod
1685 2369 1772 2423 ille
1799 2369 2082 2424 decerneret
2107 2368 2375 2424 secuturis.

259 2455 522 2512 Alterum
565 2469 750 2530 postea
773 2449 1034 2530 judicium
1061 2477 1180 2516 cum
1210 2471 1482 2532 gestorum
1517 2463 1908 2532 conscriptione
1933 2461 2170 2518 habitum
2201 2461 2302 2516 fuit
2325 2459 2466 2530 apud
2508 2459 2824 2529 Diospolim,
2859 2459 3158 2514 Palmstinm
3179 2457 3391 2522 urbem,
3419 2453 3490 2510 ab

193 2547 476 2624 episcopis
487 2550 908 2620 quatuordecitn.
941 2553 1192 2626 Singulos
1211 2554 1492 2624 episcopos
1531 2556 1642 2610 suis
1671 2555 1907 2626 ipsorum
1947 2555 2250 2610 nominibus
2277 2553 2456 2608 laudat
2484 2553 2809 2624 Augustinus
2839 2553 2890 2606 in
2941 2551 3078 2606 libro
3105 2551 3280 2626 primo
3298 2557 3490 2608 contra

191 2640 505 2706 lulianum,
533 2659 620 2698 un.
649 2645 740 2711 19,
779 2645 1002 2714 52,1:oc
1030 2648 1219 2710 ordine
1245 2667 1257 2702 :
1283 2647 1590 2718 Eulogium,
1633 2649 1916 2717 Joannem,
1939 2649 2374 2716 Auammnianum,
2403 2649 2778 2722 Porphyrium,
2803 2649 3112 2712 Eutonium,
3139 2647 3494 2720 Porpher

195 2731 620 2802 aliumJ-‘idum,
639 2735 924 2805 Zoninum,
955 2738 1326 2808 Zoboennum,
1351 2740 1752 2812 Nymphidium,
1771 2743 2156 2806 Chromatium,
2183 2742 2453 2808 Jovinum,
2483 2743 2866 2806 Eleutiterium,
2892 2753 2945 2798 et
2959 2741 3294 2797 Clematium.
3325 2741 3494 2796 Porro

191 2824 342 2896 quin
375 2823 615 2897 Eulogius
635 2828 754 2898 ipse
777 2827 1140 2887 Caisareessis
1171 2833 1456 2902 episcopus
1475 2847 1539 2888 ac
1576 2833 1864 2902 provincia!
1895 2833 2191 2888 Palaestina:
2221 2833 2418 2903 primas
2447 2831 2621 2898 fuerit,
2665 2831 2885 2902 ambigit
2923 2846 3081 2886 nemo
3111 2849 3125 2886 :
3157 2832 3352 2902 quippe
3369 2823 3495 2888 cum

201 2915 338 2976 aliis
361 2915 608 2976 tredecim
631 2920 920 2990 episcopis,
945 2921 1162 2992 ipsisnet
1187 2923 1346 2980 etiam
1363 2923 1554 2978 Joanui
1579 2923 2048 2994 Jerosolymitano,
2083 2931 2392 2978 «instanter
2423 2921 2493 2977 ab
2522 2921 2818 2993 Augustino
2843 2931 3201 2992 prteponatur.

265 3008 550 3080 Synodum
590 3010 764 3066 Natali
792 3012 1066 3068 Dominico
1094 3014 1406 3070 imminente
1427 3015 1752 3072 celebratam
1781 3014 2125 3086 intelligimus
2149 3031 2218 3070 ex
2245 3013 2464 3070 Luciani
2496 3013 2720 3085 epistola
2747 3013 2814 3070 de
2857 3011 3208 3069 Rcvclatione
3249 3012 3496 3084 corporis

193 3098 472 3174 Stephani
499 3102 746 3172 martyris
773 3101 870 3175 (to).
913 3102 1046 3160 Nam
1091 3105 1182 3159 ubi
1201 3105 1442 3160 narravit
1463 3113 1574 3160 tres
1605 3105 1840 3160 visiones
1867 3119 2010 3160 anno
2039 3105 2144 3160 us
2163 3105 2264 3160 sibi
2291 3104 2544 3160 divinitus
2569 3113 2833 3168 ostensus,
2865 3103 3090 3175 primam
3109 3103 3195 3160 die
3221 3102 3375 3159 tertia
3396 3103 3494 3160 de-

195 3191 464 3260 cembris,
491 3193 776 3254 secundam
807 3193 900 3252 die
927 3194 1153 3262 decima,
1185 3197 1396 3252 tertiam
1427 3196 1514 3253 die
1535 3196 1746 3252 decima
1789 3196 2038 3266 septima,
2063 3205 2282 3267 tumque
2311 3211 2372 3252 se
2393 3195 2582 3251 Joanni
2619 3195 2758 3266 apud
2801 3195 3191 3268 Jerosolymam
3217 3211 3330 3250 rem
3355 3211 3496 3250 nun-

199 3285 394 3353 tiasse,
409 3285 514 3340 sibi
541 3301 668 3346 vero
693 3286 760 3342 ab
782 3286 992 3344 Joanne
1031 3289 1240 3358 jussum
1259 3297 1320 3344 ut
1342 3289 1646 3360 sepulcrum
1681 3287 1877 3343 eli'ossa
1921 3295 2062 3342 terra
2085 3294 2384 3357 quaereret:
2413 3295 2640 3342 testatur
2683 3287 2878 3342 deinde
2912 3299 2972 3340 se
2999 3293 3214 3356 reperto
3241 3285 3487 3355 sepulcro

197 3393 330 3434 mox
355 3378 428 3440 ad
451 3378 714 3438 Joannem
759 3395 976 3440 rursum
999 3381 1222 3450 adiisse,
1243 3398 1360 3436 cum
1385 3391 1532 3450 esset,
1563 3384 1658 3450 ait,
1677 3383 1732 3436 in
1758 3379 1945 3444 Udda,
1975 3395 2091 3449 quat
2117 3389 2190 3436 est
2238 3379 2514 3450 Diospotis,
2547 3378 2800 3451 synodum
2827 3393 3000 3450 agens.
3032 3378 3146 3433 Hoc
3163 3377 3412 3432 nimirum
3441 3379 3498 3434 in

199 3472 352 3530 dicta
375 3458 594 3530 circite
645 3475 958 3546 vigesimum
1001 3477 1230 3546 pristiam
1255 3476 1556 3534 decembris
1593 3475 1823 3532 incidit:
1855 3473 2117 3544 siquidem
2167 3474 2342 3544 pergit
2383 3473 2668 3539 Luciauus,
2692 3471 2950 3528 Joannem
2989 3469 3275 3539 assumptis
3315 3481 3498 3526 secum

345 3563 562 3624 duobus
579 3567 871 3638 episcopis,
894 3569 1124 3624 Eutonio
1139 3569 1468 3634 Sebasteusi,
1509 3577 1565 3624 et
1591 3565 1901 3623 Eleutherio
1923 3565 2310 3634 Jerichontino,
2329 3566 2560 3634 venisse,
2577 3575 2742 3636 atque
2775 3563 2840 3620 iis
2872 3562 3222 3634 praesentibus
3247 3559 3498 3634 Martyris

199 3663 458 3734 reliquias
485 3662 574 3720 die
601 3665 858 3736 vigesima
877 3674 1026 3726 senta
1053 3666 1298 3738 ejusdem
1319 3665 1521 3722 mensis
1543 3665 1829 3720 translatas
1853 3660 2036 3718 fuisse.

269 3755 482 3827 Pelagii
501 3771 718 3812 causam
747 3759 802 3812 in
831 3759 1038 3830 synodo
1075 3757 1382 3816 defendisse
1423 3759 1696 3814 Annianus
1721 3755 1938 3827 quidam
1975 3755 2232 3810 diaconus
2257 3751 2566 3808 Celedcnsis
2605 3757 2838 3822 putatur,
2866 3747 3088 3804 eruditis
3135 3745 3404 3802 nonnullis
3429 3745 3499 3808 de

201 3849 770 3922 inediam,qu
809 3853 876 3908 de
925 3853 1172 3924 Pelagio,
1209 3853 1414 3909 facilius
1465 3847 1940 3922 interpretantibus
1983 3851 2365 3922 Hieronymum
2415 3849 2606 3920 Alypio
2635 3857 2688 3902 ct
2717 3847 3033 3918 Augustino,
3073 3844 3298 3916 epistola
3343 3843 3482 3898 inter

199 3945 628 4016 Aquiliana
641 3944 770 4009 202,
799 3961 858 4000 ιι.
883 3945 940 4012 2,
983 3947 1302 4004 scribentem
1325 3965 1338 4000 :
1371 3945 1631 4016 Quidquid
1659 3947 1789 4000 enim
1809 3945 1862 3998 in
1885 3945 1976 3998 illa
2005 3943 2276 3996 miserabili
2296 3941 2488 4009 synodo
2521 3940 2874 4012 Diospolittma
2909 3939 3096 3994 dixisse
3113 3955 3166 3994 se
3191 3941 3422 4010 denegat,
3444 3937 3500 3992 in

199 4037 296 4092 hc
343 4053 506 4108 open
550 4039 838 4108 proﬁtetur.
867 4038 968 4094 Ubi
1013 4039 1425 4110 Diospolitanam
1473 4037 1738 4112 synodum
1763 4037 2116 4108 Hieronymus
2165 4035 2526 4090 miserabilem
2552 4033 2704 4101 dixit,
2758 4049 2861 4088 non
2907 4033 2976 4087 ob
3001 4032 3162 4098 aliud,
3194 4031 3494 4102 opinamur,

199 4129 468 4201 nisiqllod
499 4145 530 4185 a
556 4130 770 4202 Pelagio
797 4130 1039 4187 delusam
1061 4147 1129 4188 ex
1149 4133 1282 4190 actis
1305 4141 1670 4204 cognosceret.
1701 4131 2042 4188 Innocentius
2079 4143 2212 4200 papa
2239 4129 2369 4183 visis
2411 4127 2600 4183 iisdem
2649 4127 2782 4183 actis
2833 4127 3106 4198 professus
3145 4134 3246 4194 est,
3293 4140 3351 4180 se
3397 4141 3500 4178 non

201 4236 372 4290 posse,
415 4222 794 4292 episcoporum
841 4223 1044 4278 illorum
1093 4239 1183 4278 nec
1226 4225 1468 4293 culpare,
1511 4241 1600 4279 nec
1643 4225 1924 4296 approbare
1961 4221 2216 4294 judicium
2261 4221 2452 4292 (epist.
2503 4219 2623 4283 185,
2667 4221 2798 4274 inter
2843 4219 3238 4292 Augustinianas
3259 4259 3272 4284 ,
3325 4235 3378 4272 η.
3407 4217 3488 4290 4).

205 4313 482 4372 Caluum
509 4315 836 4386 Augustinus
889 4317 1010 4372 iiios
1035 4317 1092 4372 in
1139 4315 1500 4387 subsequente
1528 4316 1684 4383 libro,
1719 4333 1772 4370 η.
1818 4317 1874 4386 4,
1903 4317 2020 4387 pios
2055 4313 2285 4384 judices,
2313 4321 2365 4367 et
2389 4313 2528 4366 libro
2574 4311 2748 4382 primo
2785 4320 2968 4366 contra
2995 4310 3284 4374 Iulianum,
3313 4325 3368 4363 u.
3403 4307 3496 4376 l9,

203 4409 508 4464 catholicos
527 4410 736 4480 judices
763 4421 934 4478 vocat,
977 4413 1068 4483 qui
1110 4412 1384 4483 Pelagium
1410 4412 1651 4484 objectos
1698 4413 1799 4468 sibi
1831 4427 2042 4469 errores
2071 4411 2388 4482 cjurantem,
2419 4410 2660 4466 arbitrati
2711 4409 3059 4478 catholicum,
3103 4407 3448 4466 absolverunt
3477 4421 3494 4460 ι

203 4519 350 4576 sape
377 4519 516 4561 vero
537 4506 758 4564 eosdem
785 4507 1186 4580 quaiuordecim
1215 4507 1480 4562 antistites
1502 4507 1970 4566 contraJulianum
1991 4505 2228 4566 veritatis
2253 4505 2532 4564 catholica:
2561 4512 2724 4560 testes
2751 4506 2901 4564 citat.

271 4599 357 4656 De
377 4599 580 4674 Synodi
609 4601 792 4671 gestis,
823 4609 1018 4671 praeter
1055 4600 1315 4666 sudium,
1343 4601 1476 4656 nihil
1503 4601 1702 4656 habere
1729 4617 1790 4656 se
1829 4599 2160 4672 signiﬁcabat
2193 4600 2247 4654 in
2277 4599 2522 4672 epistolis
2553 4599 2678 4664 175,
2709 4615 2763 4654 n.
2797 4599 2909 4668 4,et
2931 4599 3056 4668 177,
3083 4613 3136 4654 n.
3157 4595 3216 4668 2,
3243 4595 3310 4654 ad
3325 4595 3488 4654 inno-

201 4693 444 4750 centium
471 4691 612 4748 datis
633 4707 774 4747 anno
793 4693 918 4749 416.
937 4693 1002 4748 Ει
1015 4691 1272 4750 Joannem
1299 4691 1802 4764 Jerosolymitamun
1833 4701 1890 4750 ut
1917 4693 2000 4750 illa
2041 4693 2143 4752 sibi
2185 4692 2589 4760 transmitteret,
2617 4692 2776 4750 enixe
2827 4691 3058 4762 petebat,
3087 4691 3314 4761 epistula
3339 4689 3443 4746 l79
3471 4729 3493 4756 ,

203 4805 260 4846 ιι.
281 4790 342 4844 ι.
361 4785 474 4844 Sed
521 4801 586 4844 ea
611 4801 780 4857 penes
801 4786 978 4858 ipsum
1003 4803 1097 4844 era
1112 4796 1194 4856 nt,
1223 4803 1344 4844 cu
1365 4789 1644 4858 epistolam
1671 4786 1780 4842 {86
1803 4786 1870 4842 ad
1901 4787 2177 4841 Paulinum
2207 4787 2350 4842 circa
2395 4785 2630 4840 medium
2655 4801 2856 4842 ann-um
2879 4786 2983 4842 417
3013 4785 3244 4860 scripsit.
3273 4783 3372 4846 Hic
3391 4783 3475 4844 ita

201 4897 306 4954 ῃε
335 4881 634 4950 liber,th
653 4889 873 4950 accepta
904 4887 1050 4950 gesta
1071 4881 1324 4936 continuo
1351 4881 1544 4948 editus,
1591 4880 1656 4934 ad
1683 4879 1890 4936 initium
1917 4877 2156 4949 ejusdem
2177 4878 2302 4934 anni
2337 4877 2441 4934 H7
2463 4885 2764 4936 revocatur.

271 4973 398 5030 Etsi
422 4983 604 5028 autem
629 4971 734 5030 hoc
752 4989 889 5052 opus
918 4973 970 5029 in
983 4974 1118 5030 libro
1141 4973 1206 5030 de
1230 4975 1454 5030 Peccato
1491 4972 1756 5044 originali,
1805 4988 1862 5032 n.
1893 4972 1981 5038 l5,
2003 4981 2236 5038 vocetur,
2265 4969 2344 5028 De
2373 4969 2538 5026 Gestis
2583 4968 2908 5038 Palaestinis;
2941 4983 3049 5040 quo
3067 4967 3120 5026 id
3149 4969 3322 5040 ipsum
3343 4966 3494 5026 titnie

203 5067 456 5138 designat
479 5065 714 5138 Prosper
739 5067 791 5122 in
841 5067 978 5123 libro
1002 5079 1186 5133 contra
1229 5065 1568 5134 Collatorem,
1591 5081 1709 5142 cap.
1737 5065 1834 5132 45;
1864 5073 2039 5120 tanten
2071 5063 2348 5122 retinenda
2377 5064 2674 5133 inscriptio,
2709 5064 2785 5120 De
2825 5061 2988 5120 (ἔδειξε
3029 5062 3249 5134 Pelagii,
3277 5077 3399 5134 quas
3439 5070 3496 5116 et

201 5159 444 5231 antiquis
457 5159 874 5230 exemplaribus,
899 5147 956 5222 Et
981 5161 1084 5232 ipsi
1110 5159 1490 5220 Betractationi
1529 5161 1708 5230 operis
1731 5159 1750 5228 (
1775 5158 1996 5212 Iietraot.
2026 5157 2116 5212 lib.
2145 5157 2182 5211 2
2205 5197 2222 5224 ,
2257 5174 2375 5230 cap.
2407 5158 2476 5214 47
2501 5158 2542 5228 ),
2570 5157 2637 5212 ab
2666 5157 2960 5230 Augustino
2987 5158 3281 5232 recognita,
3307 5155 3496 5234 pruni-

203 5255 372 5324 gitur.
395 5251 488 5309 Sic
505 5251 760 5309 videlicet
785 5269 922 5323 opus
945 5252 1236 5324 inscripsit,
1258 5253 1370 5308 sive
1393 5253 1534 5324 quod
1565 5253 1678 5322 jam
1705 5251 1861 5321 vulgo
1887 5259 2159 5320 receptum
2191 5259 2352 5314 esset,
2377 5257 2433 5306 ut
2458 5259 2606 5322 gesta
2637 5249 2834 5321 Pelagii
2865 5250 3300 5322 purgationisque
3332 5247 3496 5318 ipsi“

205 5343 523 5400 dicerentur
545 5341 638 5415 (c),
656 5343 854 5414 quibus
873 5358 930 5399 se
952 5344 1098 5398 illum
1135 5354 1410 5414 purgatum
1453 5343 1722 5413 jactabat;
1755 5343 1868 5398 sive
1895 5343 2038 5412 quod
2063 5342 2152 5396 hic
2179 5341 2444 5414 agendum
2481 5350 2628 5399 esset
2656 5342 2725 5398 de
2747 5343 2875 5414 ipsis
2911 5344 3074 5414 gestis
3093 5353 3210 5414 quae
3237 5341 3378 5396 idem
3403 5339 3492 5400 ille

205 5437 364 5506 prius
403 5437 660 5494 emiserat
702 5435 940 5494 breviata
981 5446 1038 5493 et
1089 5445 1382 5508 corrupta.-
1410 5436 1545 5492 Hinc
1585 5433 1860 5492 Possidius
1913 5435 1966 5490 in
2012 5433 2270 5504 lndiculo,
2319 5451 2444 5508 cap.
2503 5436 2573 5504 4,
2627 5433 2817 5494 Contra
2871 5435 3022 5498 Gesta
3066 5433 3268 5506 Pelagii
3306 5431 3500 5493 librum

210 5529 556 5600 nuncupavit.
765 5543 772 5550 ·

293 5622 380 5682 Ex
405 5637 471 5678 eo
496 5622 636 5678 libro
681 5619 906 5677 Photius
933 5611 1316 5692 Diospolitante
1355 5617 1810 5694 synodinotitiam
1837 5617 1982 5694 cepit
2003 5633 2266 5700 perquam
2301 5627 2624 5694 accuratam,
2651 5625 2708 5678 et
2739 5617 3080 5680 bibliothecae
3101 5629 3218 5676 suae
3235 5611 3413 5676 codici
3429 5609 3505 5672 54

295 5735 352 5798 ᾳ)
384 5735 500 5786 vide
523 5735 672 5796 infra,
695 5734 913 5798 Append.
939 5743 1076 5796 parte
1098 5734 1146 5784 2.

295 5747 330 5784 a
384 5735 500 5786 vide
523 5735 672 5796 infra,
695 5734 913 5798 Append.
939 5743 1076 5796 parte
1098 5734 1128 5784 2

273 5734 352 5926 Ξὺξ
381 5805 540 5850 Exstat
561 5801 614 5849 in
639 5797 1058 5872 Appendiceutomi
1080 5799 1128 5847 7.

297 5874 324 5912 ε
379 5861 474 5912 Lib.
497 5861 568 5912 de
588 5867 758 5912 Gestts
781 5858 974 5923 Pelagii,
1007 5873 1058 5910 n.
1080 5861 1128 5912 ii

297 5858 348 5923 ε)
379 5861 474 5912 Lib.
497 5861 568 5912 de
588 5858 758 5912 Gestis
781 5858 974 5923 Pelagii,
1007 5873 1058 5910 n.
1080 5861 1161 5912 εει.
