3996 6496
175 542 325 619 quod
352 543 406 599 in
433 505 713 600 libro.suo
737 542 968 615 quodam
992 541 1210 611 scribit,
1251 559 1273 595 ι
1318 539 1434 598 Νοη
1476 555 1636 612 posse
1663 557 1782 598 esse

176 638 300 694 sine
327 645 581 706 peccato,
609 634 716 691 nisi
747 636 838 707 qui
867 634 996 706 legis
1019 633 1297 689 scientiam
1330 631 1593 688 habuerit.
1626 652 1644 686 ι
1671 632 1788 701 Quo

175 730 413 787 recitato
453 727 715 802 Synodus
747 729 882 784 dixit
907 747 920 782 :
950 747 968 780 ι
998 729 1077 783 Tu
1106 729 1204 783 hoc
1229 727 1478 794 edidisti,
1501 728 1724 799 Pclagi?
1765 749 1784 782 ι

176 823 245 879 At
273 822 375 877 ille
403 822 689 892 respondit
715 839 729 876 :
774 840 794 873 ι
823 823 942 894 Ego
959 821 1175 892 quidem
1213 820 1360 886 dixi,
1391 820 1487 876 sed
1519 837 1623 876 non
1654 822 1792 878 sicut

176 914 248 970 illi
281 915 610 985 intelligunt
635 931 649 967 :
676 929 784 968 non
807 913 938 980 dixi,
957 928 1060 968 non
1082 928 1242 984 posse
1259 929 1480 983 peccare
1505 914 1592 983 qui
1616 914 1790 968 scien-

176 1008 305 1061 tiam
346 1007 486 1078 legis
509 1005 794 1071 habuerit;
823 1004 939 1068 sed,
963 1004 1204 1075 adjuvari
1232 1021 1326 1075 per
1350 1006 1480 1076 legis
1511 1006 1788 1060 scientiam

175 1102 238 1157 ad
265 1081 780 1170 noupeccandum,
812 1099 951 1170 sicut
973 1098 1229 1168 scriptum
1259 1107 1362 1160 est.
1396 1097 1580 1168 Legem
1609 1099 1662 1152 in
1691 1099 1789 1152 ad-

170 1196 444 1268 jutor-ium
472 1195 611 1248 dedit
638 1193 744 1249 illis
769 1213 787 1246 ι
809 1191 960 1266 (hat.
985 1193 1208 1260 vin,20,
1232 1209 1328 1247 sec.
1356 1193 1542 1257 LXX).
1564 1193 1676 1248 Hoc
1691 1209 1788 1248 au-

176 1288 315 1349 dito,
357 1286 615 1358 Synodus
640 1285 810 1342 dixit:
845 1305 865 1339 ι
899 1285 1016 1340 Non
1049 1295 1174 1341 sunt
1203 1287 1374 1341 aliena
1413 1287 1481 1342 ab
1519 1287 1789 1356 Ecclesia,

177 1395 296 1448 quae
353 1378 503 1433 dicta
540 1387 664 1434 sunt
706 1392 734 1431 a
778 1377 1011 1449 Pelagio.
1049 1397 1067 1431 ι
1104 1378 1270 1434 Plane
1296 1379 1470 1433 aliena
1498 1393 1602 1434 non
1631 1389 1788 1447 sunt,

179 1486 300 1540 qua:
357 1467 832 1539 respondttzillud
859 1483 986 1524 vero
1009 1469 1150 1539 quod
1192 1469 1259 1524 de
1301 1470 1437 1524 libro
1465 1471 1582 1540 ejus
1618 1471 1793 1540 prola-

181 1571 289 1614 tum
330 1569 445 1627 est,
481 1559 625 1614 aliud
653 1568 826 1615 sonat.
858 1559 963 1616 Sed
993 1564 1094 1616 hoc
1120 1560 1379 1632 episcopi,
1408 1559 1582 1617 Graeci
1614 1561 1791 1617 homi-

182 1667 297 1714 nes,
334 1662 399 1706 et
427 1664 495 1705 ea
521 1651 681 1706 verba
706 1667 803 1721 per
831 1652 1175 1723 interpretem
1203 1652 1501 1719 audientes,
1525 1653 1794 1710 discutere

183 1761 289 1800 non
330 1754 626 1811 curarunt;
658 1746 762 1801 hoc
790 1753 992 1814 tantum
1022 1746 1310 1813 intuentes,
1335 1748 1460 1819 quid
1489 1749 1578 1803 ille
1601 1749 1692 1820 qui
1715 1749 1796 1803 in-

185 1838 611 1908 terrogabatur,
648 1839 884 1894 sensisse
910 1854 969 1895 se
995 1839 1224 1908 diceret,
1256 1857 1361 1896 non
1391 1843 1584 1912 quibus
1616 1843 1795 1899 verbis

186 1929 390 1986 eadem
419 1932 686 1987 sententia
718 1931 772 1986 itt
802 1931 920 2002 ejus
949 1932 1085 1988 libro
1113 1935 1310 2005 scripta
1339 1935 1628 1992 diceretur.

253 2025 322 2080 3.
365 2022 528 2078 Aliud
559 2032 641 2078 est
666 2033 844 2079 autem
868 2065 884 2092 ,
915 2023 1186 2082 hominem
1228 2043 1322 2098 per
1347 2028 1622 2084 scientiam
1663 2029 1795 2100 legis

189 2115 250 2169 ad
287 2129 406 2168 non
436 2114 765 2184 peccandum
793 2115 1061 2185 adjuvari;
1091 2128 1144 2172 et
1169 2119 1310 2174 aliud
1341 2130 1452 2186 est,
1480 2137 1586 2177 non
1630 2137 1789 2193 posse

189 2221 317 2262 esse
362 2207 483 2261 sine
522 2216 776 2276 peccato,
809 2209 910 2263 nisi
937 2210 1027 2279 qui
1057 2211 1333 2266 scientiam
1366 2213 1499 2284 legis
1531 2213 1794 2271 habuerit.

191 2298 332 2354 Cum
359 2298 508 2353 enim
532 2299 548 2329 ¹
572 2298 868 2366 videamus,
891 2304 1119 2372 exempli
1146 2305 1338 2374 gratia,
1367 2314 1423 2360 et
1447 2307 1561 2360 sine
1588 2308 1797 2363 tribulis

191 2405 360 2445 areas
399 2389 672 2454 triturari,
702 2392 946 2461 quamvis
973 2392 1232 2463 adjuvent
1269 2395 1313 2449 si
1357 2395 1563 2462 adsint;
1595 2406 1650 2451 et
1683 2399 1798 2453 sine

192 2482 512 2553 paedagogis
535 2498 693 2553 posse
715 2499 910 2553 pueros
936 2501 1160 2557 pergere
1191 2488 1244 2543 in
1272 2489 1530 2557 scholam,
1556 2494 1797 2561 quamvis

192 2572 259 2628 ad
289 2573 407 2628 hoc
433 2589 540 2628 non
567 2574 674 2629 sint
700 2574 905 2630 inutilia
934 2577 1342 2648 pmdagOgorum
1369 2581 1710 2646 adiumenta;
1745 2591 1800 2640 ct

192 2666 417 2720 multos
462 2665 575 2721 sinc
623 2666 847 2722 medicis
894 2668 962 2723 ab
1014 2671 1331 2741 aegritudine
1381 2675 1796 2741 convalescere,

194 2755 462 2826 quamvis
491 2756 761 2811 manifesta
787 2758 896 2813 sint
920 2759 1182 2830 adjutoria
1212 2763 1571 2825 medicorum;
1601 2775 1656 2820 et
1681 2766 1799 2820 aliis

193 2848 350 2905 cibis
369 2848 481 2904 sine
505 2864 637 2919 pane
657 2849 904 2906 homines
923 2851 1126 2920 vivere,
1151 2855 1388 2925 quamvis
1414 2857 1565 2925 panis
1589 2857 1801 2927 adjuto-

194 2941 351 2997 rium
381 2943 557 2998 valere
600 2945 886 3014 plurimum
925 2962 1030 3001 non
1071 2959 1322 3018 negetur;
1373 2960 1427 3005 et
1464 2952 1565 3005 alia
1597 2953 1798 3020 multa,

198 3049 328 3104 quze
362 3034 520 3088 nobis
549 3037 844 3091 tacentibus
869 3039 1122 3108 cogitanti
1151 3039 1306 3096 facile
1339 3052 1658 3098 occurrunt:
1680 3060 1802 3114 pro-

197 3125 347 3182 fecto
375 3126 724 3184 admonemur
748 3130 1134 3200 adjutoriorum
1161 3149 1357 3203 genera
1386 3151 1507 3190 eSse
1531 3135 1657 3190 duo.
1682 3137 1800 3192 Alia

199 3220 408 3289 quippe
433 3230 581 3285 sunt,
613 3221 732 3276 sine
759 3223 952 3290 quibus
979 3222 1106 3277 illud
1139 3225 1203 3279 ad
1233 3226 1373 3296 quod
1399 3227 1683 3297 adjuvant,
1717 3228 1799 3283 ef-

198 3310 288 3367 ﬁci
335 3327 447 3365 non
495 3320 697 3382 potest;
725 3313 865 3368 sicut
888 3315 1004 3370 sine
1030 3317 1152 3370 navi
1182 3318 1390 3388 navigat
1415 3335 1604 3383 nemo,
1643 3335 1802 3374 nemo

199 3406 323 3460 sine
349 3419 488 3459 voce
512 3405 764 3474 loquitur,
794 3422 950 3462 nemo
972 3407 1088 3464 sine
1116 3410 1337 3479 pedibus
1363 3411 1618 3480 graditur,
1645 3428 1803 3467 nemo

199 3497 324 3552 sine
373 3496 498 3552 luce
543 3499 809 3566 intuetur,
857 3510 912 3556 et
953 3503 1114 3556 multa
1161 3503 1501 3574 hujusmodi:
1542 3507 1680 3560 unde
1722 3517 1804 3562 est

199 3589 372 3643 etiam
417 3587 547 3643 illud
571 3631 588 3657 ,
621 3589 760 3660 quod
790 3606 947 3646 nemo
975 3593 1092 3650 sine
1134 3595 1228 3650 Dei
1272 3595 1438 3666 gratia
1478 3608 1627 3652 recte
1656 3599 1799 3652 vivit.

201 3679 326 3734 Alia
356 3695 494 3736 vero
529 3689 653 3736 sunt
687 3681 950 3752 adjutoria
971 3726 986 3751 ,
1018 3685 1212 3758 quibus
1256 3688 1334 3742 sic
1379 3687 1712 3759 adjuvamur,
1746 3698 1804 3744 ut

201 3775 373 3829 etiam
410 3774 459 3829 si
497 3773 707 3842 desint,
741 3777 908 3846 possit
943 3779 1048 3833 alio
1082 3781 1242 3835 modo
1275 3782 1388 3837 fieri
1417 3793 1632 3854 propter
1660 3785 1802 3854 quod

203 3880 266 3921 ea
306 3866 642 3937 requirimus
675 3885 690 3921 :
727 3868 864 3924 sicut
899 3868 987 3924 illa
1031 3881 1154 3926 sunt
1191 3888 1311 3943 quas
1354 3879 1800 3944 commemoravi;

201 3958 402 4013 tribnla
430 3958 502 4013 ad
528 3959 707 4030 fruges
728 3962 995 4031 terendas,
1018 3965 1340 4037 predagogus
1359 3969 1425 4023 ad
1462 3987 1680 4039 puerum
1704 3973 1804 4028 du-

201 4053 464 4117 cendum,
496 4053 942 4110 medicamentum
968 4055 1200 4113 humana
1227 4069 1344 4116 arte
1368 4062 1668 4121 confectum
1690 4069 1710 4099 ²
1737 4069 1803 4125 ad

205 4142 576 4212 recipiendam
605 4144 852 4211 salutem,
877 4157 932 4203 et
955 4159 1152 4206 caetera
1176 4151 1317 4206 talia.
1339 4152 1695 4220 Quzerendum
1724 4171 1805 4216 est

205 4235 406 4305 igitur,
450 4251 520 4290 ex
561 4252 668 4308 quo
714 4237 941 4295 duorum
985 4241 1206 4298 istorum
1257 4261 1512 4316 generum
1558 4249 1628 4303 sit
1674 4251 1803 4322 legis

210 4327 436 4382 scientia
455 4327 503 4393 ⁸,
522 4327 573 4382 id
601 4339 705 4394 est,
723 4331 993 4401 quomodo
1008 4333 1224 4404 adjuvet
1238 4339 1302 4393 ad
1325 4358 1427 4396 non
1451 4346 1800 4413 peccandum.

209 4417 266 4473 Si
309 4433 381 4474 eo
426 4419 624 4486 modo,
658 4430 717 4476 ut
755 4422 871 4477 sine
917 4425 1003 4478 illa
1044 4425 1146 4482 hoc
1170 4427 1192 4459 ⁸
1219 4445 1322 4484 non
1356 4436 1524 4503 possit
1556 4437 1802 4508 impleri;

208 4525 314 4565 non
341 4512 520 4566 solum
549 4513 798 4586 Pelagius
825 4531 1009 4572 verum
1045 4522 1321 4591 respondit
1359 4526 1411 4581 in
1447 4512 1679 4598 judicio,
1710 4532 1805 4588 sed

208 4604 374 4658 etiam
401 4619 593 4660 verum
633 4607 852 4678 scripsit
895 4610 948 4665 in
985 4611 1124 4669 libro
1151 4633 1165 4670 :
1193 4616 1238 4671 si
1265 4633 1395 4674 vero
1423 4636 1488 4676 eo
1515 4623 1708 4694 modo,
1750 4636 1806 4682 ut

209 4697 431 4767 adjuvet
453 4697 669 4768 quidem
690 4703 735 4755 si
755 4701 1009 4771 adfuerit,
1034 4710 1202 4777 possit
1224 4721 1400 4769 tamen
1425 4716 1552 4772 illud
1575 4719 1640 4774 ad
1663 4721 1803 4790 quod

203 4791 392 4861 juvat,
416 4791 528 4846 alio
555 4793 716 4848 modo
742 4794 857 4851 fieri
879 4839 893 4863 ,
919 4799 1127 4856 etiamsi
1169 4803 1268 4858 ista
1312 4805 1574 4875 defuerit;
1618 4829 1804 4884 verum

207 4885 428 4956 quidem
468 4887 748 4956 respondit
790 4891 842 4944 in
880 4891 1116 4962 judicio,
1146 4899 1290 4966 quod
1319 4903 1510 4956 merito
1538 4905 1806 4977 episcOpis

209 4977 429 5047 placuit,
459 4998 480 5031 ι
514 4979 756 5050 adjuvari
783 4981 1055 5042 hominem
1085 4989 1154 5044 ad
1181 5006 1286 5047 non
1316 4996 1643 5063 peccandum
1673 4999 1806 5070 legis

207 5072 464 5139 scientia;
503 5092 522 5125 ι
555 5075 650 5129 sed
700 5091 806 5132 non
852 5093 1035 5136 verum
1081 5084 1297 5156 scripsit
1343 5089 1395 5143 in
1445 5090 1610 5161 libro,
1646 5111 1666 5145 ι
1699 5111 1804 5152 ηοη

207 5180 331 5222 esse
363 5164 636 5223 hominem
665 5169 782 5224 sine
813 5163 1066 5241 peccato,
1097 5177 1198 5232 nisi
1239 5180 1328 5249 qui
1367 5181 1644 5239 scientiam
1674 5187 1807 5259 legis

208 5255 481 5324 habuerit,
513 5278 533 5312 ι
561 5260 704 5331 quod
729 5261 1086 5322 indiscussum
1112 5268 1320 5338 judices
1349 5274 1696 5345 reliquerunt,
1729 5255 1808 5337 la-

209 5350 307 5406 tini
330 5353 602 5408 sermonis
630 5354 824 5426 ignari,
851 5365 905 5412 et
930 5358 1046 5429 ejus
1063 5361 1155 5432 qui
1177 5377 1390 5420 causam
1419 5367 1652 5438 dicebat,
1679 5387 1808 5428 con-

208 5439 446 5499 fessione
472 5448 745 5513 contenti;
787 5452 1082 5518 praesertim
1126 5455 1214 5511 ubi
1255 5472 1322 5512 ex
1359 5459 1586 5517 adverso
1629 5463 1808 5522 nullus

215 5536 443 5605 astabat,
471 5541 559 5610 qui
587 5541 754 5595 verba
781 5541 900 5598 libri
931 5544 1048 5614 ejus
1067 5549 1384 5617 exponendo
1406 5554 1616 5622 aperire
1643 5556 1808 5613 inter-

279 5669 301 5762 :
323 5671 1348 5762 Elicuemaheeimmnmpﬁs
1369 5689 1648 5754 adiecimus-

322 5736 520 5808 tn‘.nss.,
546 5736 854 5808 humanitate
875 5736 1155 5808 confectum.

283 5794 303 5861 ἓ
326 5798 472 5849 Editio
488 5794 648 5861 suam,
671 5801 736 5851 sit
759 5802 870 5855 talis
889 5794 1100 5859 scientia.

215 5857 312 5971 ﬁ;
327 5861 438 5914 Editi
463 5871 518 5915 et
541 5857 679 5926 MssL,
706 5863 832 5918 hinc.
859 5857 1132 5934 Legendum
1155 5876 1364 5940 videtur,
1388 5878 1508 5944 lex;
1530 5880 1613 5936 vel
1629 5886 1806 5948 potius,

1634 423 1840 482 LIBER
1875 423 2079 483 UNUS.

1901 551 2102 613 pretem
2128 553 2363 616 cogeret,
2385 555 2544 620 atque
2561 547 2705 606 unde
2729 549 2920 608 fratres
2943 566 3048 609 non
3080 553 3272 612 frustra
3293 572 3482 617 move-

1897 647 2100 702 rentur,
2123 638 2424 693 ostendere.
2449 640 2758 698 Paucissimi
2777 646 2970 716 quippe
2991 656 3115 702 sunt
3140 649 3270 720 legis
3292 651 3476 721 periti:

1897 727 2287 782 multitudinem
2310 739 2486 784 autem
2511 734 2870 789 membrorum
2888 737 3079 792 Christi
3101 755 3480 813 usquequaque

1896 817 2163 886 ditl‘usam,
2193 829 2248 875 et
2275 821 2406 891 legis
2439 831 2544 876 tam
2578 825 2854 892 profunda:
2883 843 2946 884 ac
2974 831 3282 901 multiplicis
3311 834 3482 905 impe-

1896 911 2074 974 ritam,
2103 912 2359 982 simplicis
2385 913 2504 970 fidei
2535 916 2704 985 pietas
2732 926 2785 971 et
2811 933 2933 989 spes
2960 920 3262 977 firmissima
3286 925 3337 978 in
3368 925 3481 981 Deo

1898 1011 1952 1057 et
1976 1002 2207 1058 Charitas
2247 1006 2453 1061 sincera
2489 1010 2864 1078 commendat,
2898 1027 3015 1082 qua:
3045 1013 3130 1071 bis
3158 1016 3312 1071 donis
3340 1034 3482 1089 prte-

1896 1094 2004 1150 dita
2031 1139 2043 1160 ,
2077 1099 2242 1168 gratia
2272 1099 2365 1154 Dei
2395 1113 2454 1154 se
2483 1102 2703 1156 conlidit
2732 1118 2759 1156 a
2794 1107 3022 1173 peccatis
3055 1123 3208 1176 posse
3235 1110 3482 1167 mundari

1897 1202 1994 1258 per
2017 1187 2195 1242 Jesum
2225 1189 2495 1246 Christum
2526 1193 2810 1249 Dominum
2838 1208 3100 1252 nostrum.

1967 1279 2194 1336 CAPUT
2233 1281 2298 1336 ll.
2327 1313 2398 1322 —
2425 1284 2478 1338 4.
2511 1284 2592 1339 Ad
2625 1286 2724 1341 hoc
2747 1287 2789 1341 si
2820 1287 2960 1344 forte
2986 1289 3230 1361 Pelagius
3255 1306 3484 1363 respon-

1897 1370 2068 1439 deret,
2100 1371 2234 1428 hanc
2263 1375 2430 1444 ipsam
2453 1391 2511 1431 se
2531 1376 2730 1432 dixisse
2757 1379 3032 1435 scientiam
3064 1381 3219 1452 legis,
3240 1383 3356 1438 sine
3381 1401 3485 1455 qua

1897 1480 2004 1520 non
2045 1475 2220 1535 potest
2259 1467 2417 1522 homo
2458 1468 2594 1524 liber
2618 1485 2738 1525 esse
2766 1486 2795 1525 a
2827 1473 3092 1542 peccatis,
3116 1491 3234 1544 quae
3263 1493 3359 1544 per
3385 1477 3486 1532 do-

1897 1557 2124 1612 ctrinam
2157 1558 2276 1614 fidei
2302 1559 2585 1633 neophytis
2611 1571 2770 1634 atque
2801 1563 2852 1618 in
2883 1563 3098 1620 Christo
3123 1568 3354 1636 parvulis
3377 1577 3488 1624 tra-

1897 1649 2059 1713 ditur,
2086 1667 2187 1721 qua
2214 1652 2373 1706 etiam
2401 1651 2705 1722 baptizandi
2733 1657 3149 1726 catecbizantur,
3182 1668 3238 1715 ut
3267 1661 3488 1734 Symbo-

1900 1741 2006 1796 lum
2033 1743 2308 1804 noverint;
2341 1758 2447 1797 non
2473 1743 2685 1813 quidem
2714 1746 2812 1800 ista
2840 1747 3059 1819 intelligi
3087 1750 3244 1817 solet,
3272 1751 3487 1821 quando

1900 1831 2098 1887 habere
2127 1833 2408 1904 quisquam
2435 1835 2714 1890 scientiam
2743 1837 2875 1908 legis
2901 1838 3128 1907 dicitur;
3158 1841 3251 1896 sed
3284 1842 3366 1896 illa
3399 1858 3492 1898 se-

1900 1926 2131 1982 cundum
2158 1942 2315 1997 quam
2345 1928 2477 1999 legis
2512 1930 2666 1999 periti
2695 1932 3071 2000 appellantur:
3096 1945 3487 2004 verumtamen,

1900 2017 1944 2072 si
1989 2015 2104 2072 hate
2144 2017 2304 2073 verba
2325 2061 2340 2086 ,
2373 2036 2491 2089 quae
2520 2036 2683 2090 pauca
2714 2038 2936 2076 numero
2957 2065 2972 2089 ,
3002 2023 3097 2078 sed
3140 2042 3329 2097 magna
3367 2035 3492 2083 sunt

1902 2109 2171 2179 pondere,
2199 2118 2253 2164 et
2290 2124 2438 2165 more
2464 2111 2701 2166 omnium
2732 2113 3095 2170 Ecclesiarum
3129 2116 3355 2173 fideliter
3391 2119 3490 2174 ba-

1901 2201 2164 2274 ptizandis
2183 2202 2514 2270 intimantur,
2536 2208 2813 2259 scientiam
2833 2205 2962 2276 legis
2978 2217 3324 2278 nuncuparet,
3345 2225 3494 2266 asse-

1901 2313 2028 2352 rens
2053 2299 2120 2353 dc
2149 2298 2249 2354 hac
2273 2315 2332 2355 se
2362 2300 2378 2330 ί
2405 2300 2624 2364 dixisse,
2655 2319 2672 2351 ι
2703 2317 2811 2356 non
2835 2317 2954 2357 esse
2975 2303 3090 2357 sine
3121 2314 3361 2374 peccato,
3390 2307 3493 2362 nisi

1903 2390 1992 2460 qui
2021 2391 2296 2445 scientiam
2323 2391 2452 2462 legis
2481 2391 2749 2458 habuerit,
2780 2411 2798 2445 ι
2822 2410 2942 2464 qua:
2964 2409 3183 2452 necesse
3210 2407 3291 2451 est
3318 2397 3494 2454 trada-

1905 2489 1988 2536 tur
2029 2483 2401 2550 credentibus,
2449 2493 2734 2555 antequam
2781 2486 2849 2540 ad
2901 2487 3068 2556 ipsam
3120 2490 3491 2546 remissionem

1902 2573 2117 2626 veniant
2146 2584 2520 2642 peccatorum;
2550 2575 2710 2629 etiam
2736 2577 2814 2631 sic
2841 2577 3196 2634 circumdaret
3222 2595 3364 2646 eum,
3385 2597 3493 2636 non

1903 2663 2306 2734 diSputantium,
2328 2666 2423 2721 sed
2444 2668 2768 2738 vagientium
2797 2670 3184 2740 baptizatorum
3209 2672 3494 2730 multitudo

1905 2754 2310 2812 innumerabilis
2342 2760 2682 2828 parvulorum
2706 2802 2720 2825 ,
2750 2761 2841 2831 qui
2872 2777 2977 2816 non
3005 2763 3182 2818 verbis
3202 2805 3217 2832 ,
3254 2764 3348 2820 sed
3380 2765 3494 2837 ipsa

1904 2847 2224 2903 innocentia:
2273 2851 2499 2906 veritate
2545 2852 2870 2920 clamarent,
2915 2853 3052 2921 Quid
3087 2864 3204 2923 est,
3243 2855 3368 2927 quid
3413 2865 3498 2913 est

1905 2940 2048 3010 quod
2093 2942 2387 3010 scripsisti,
2424 2962 2443 2994 ι
2475 2959 2580 2998 non
2615 2960 2770 3014 posse
2799 2960 2919 3000 esse
2947 2947 3062 3002 sine
3105 2957 3356 3019 peccato,
3393 2949 3497 3006 nisi

1907 3033 1994 3101 qui
2024 3033 2298 3087 scientiam
2329 3035 2459 3104 legis
2481 3035 2759 3092 habuerit?
2788 3056 2806 3089 ι
2840 3039 2974 3093 Ecce
3001 3054 3099 3094 nos
3123 3056 3251 3110 grex
3274 3057 3497 3112 magnus

1907 3137 2162 3190 agnorum
2185 3127 2300 3179 sine
2323 3134 2538 3193 peccato
2561 3141 2766 3194 sumus,
2790 3138 2843 3183 et
2865 3131 2993 3199 legis
3016 3139 3191 3186 tatnen
3218 3131 3494 3189 scientiam

1908 3229 2012 3267 non
2041 3213 2316 3270 habemus.
2343 3217 2544 3287 Nempe
2572 3219 2656 3273 isti
2685 3236 2805 3276 eum
2838 3223 3045 3284 saltem,
3066 3223 3239 3295 lingua
3263 3234 3494 3295 tacente,

1908 3313 2085 3360 tacere
2103 3309 2531 3376 'compellerent,
2578 3319 2670 3363 aut
2714 3310 2851 3366 forte
2893 3314 3051 3367 etiam
3096 3316 3375 3383 conﬁteri,
3414 3319 3497 3374 vel

1908 3414 2049 3454 nunc
2069 3415 2126 3453 se
2147 3399 2214 3454 ab
2232 3400 2316 3454 illa
2338 3402 2682 3470 perversitate
2694 3414 2996 3474 correptum
3021 3404 3115 3476 (a),
3133 3407 3214 3461 vel
3233 3418 3379 3464 certe
3395 3410 3499 3466 hoc

1907 3508 1967 3548 se
1996 3494 2207 3563 quidem
2236 3503 2290 3548 et
2316 3503 2440 3550 ante
2471 3497 2738 3565 sensisse,
2773 3498 2914 3570 quod
2955 3516 3094 3555 nunc
3141 3501 3191 3556 in
3236 3503 3494 3558 ecclesia—

1909 3585 2043 3640 stico
2072 3585 2205 3639 dixit
2233 3587 2507 3653 examine;
2546 3589 2637 3643 sed
2669 3588 2785 3660 ejus
2827 3592 3105 3646 sententia:
3142 3608 3245 3648 non
3290 3609 3348 3668 se
3385 3595 3495 3650 cir-

1909 3687 2212 3746 cumspecta
2241 3679 2399 3733 verba
2431 3681 2701 3748 posuisse,
2728 3690 2783 3738 et
2821 3682 2938 3737 ideo
2979 3683 3136 3740 fidem
3176 3702 3328 3742 suam
3375 3703 3495 3744 esse

1910 3767 2341 3836 approbandam,
2395 3768 2585 3825 librmn
2635 3773 3049 3830 emendandum.
3104 3777 3196 3832 Est
3223 3780 3388 3846 enim,
3436 3789 3496 3838 ut

1910 3862 2165 3930 scriptum
2201 3851 2318 3929 est,
2360 3863 2448 3934 qui
2488 3865 2674 3918 labitur
2711 3866 2766 3919 in
2809 3865 3010 3938 lingua,
3040 3877 3087 3922 et
3127 3887 3229 3925 non
3268 3872 3320 3925 in
3347 3874 3499 3928 corde

1909 3952 2098 4024 (Eccli.
2119 3973 2231 4020 χιχ,
2258 3957 2368 4026 l6).
2400 3957 2550 4026 Quod
2580 3959 2621 4012 si
2649 3960 2872 4024 diceret,
2898 3961 2979 4015 vel
3009 3961 3052 4015 si
3074 3961 3232 4028 dicat,
3260 3965 3377 4034 quis
3400 3966 3500 4022 eis-

1911 4045 2032 4100 dem
2063 4047 2242 4101 verbis
2271 4048 2535 4103 incautius
2565 4051 3020 4123 ncgligentiusque
3045 4056 3360 4127 conscriptis
3391 4074 3496 4114 non

1913 4135 2160 4192 facillime
2187 4139 2461 4207 ignoscat,
2491 4155 2611 4195 cum
2640 4144 2958 4198 sententiam
2981 4186 2995 4209 ,
3028 4161 3186 4215 quatn
3216 4150 3377 4203 verba
3407 4150 3495 4205 illa

1911 4231 2182 4284 continent
2202 4272 2216 4296 ,
2247 4247 2351 4285 non
2383 4231 2653 4299 defendat,
2684 4235 2777 4289 sed
2809 4224 2926 4290 eam
2955 4236 3097 4291 dicat
3121 4255 3268 4292 suam
3291 4279 3306 4305 ,
3336 4255 3496 4311 quam

1910 4323 2106 4376 veritas
2139 4324 2360 4392 probat?
2391 4325 2500 4378 Hoc
2528 4327 2686 4380 etiam
2716 4329 2829 4397 pios
2849 4329 3056 4398 judiccs
3083 4334 3343 4401 cogitasse
3374 4351 3499 4390 cre-

1911 4413 2141 4468 dendum
2172 4423 2254 4469 est
2291 4432 2304 4468 :
2345 4418 2389 4470 si
2423 4425 2600 4472 tamen
2634 4417 2734 4473 hoc
2764 4420 2905 4490 quod
2933 4421 2986 4474 in
3019 4421 3154 4476 libro
3185 4424 3299 4494 ejus
3331 4425 3495 4484 latino

1911 4514 1994 4560 est
2031 4506 2313 4576 diligenter
2341 4508 2773 4580 interpretatum,
2830 4513 2961 4567 satis
2988 4514 3282 4586 intelligere
3310 4529 3501 4588 potue.

1913 4607 2056 4664 rttnt,
2075 4599 2206 4652 sicut
2231 4600 2346 4668 ejus
2367 4603 2770 4671 responsionem
2787 4620 2966 4676 graeco
2983 4608 3192 4679 eloquio
3215 4612 3495 4683 prolatam,

1912 4701 1967 4748 et
1994 4693 2064 4747 ob
2091 4692 2193 4749 hoc
2219 4693 2369 4750 facile
2395 4695 2743 4765 intellectam,
2771 4699 2999 4756 alienam
3029 4719 3132 4758 non
3160 4721 3280 4760 esse
3307 4707 3373 4763 ab
3397 4709 3500 4766 Ec-

1913 4786 2070 4841 clesia
2094 4786 2488 4855 judicaverunt.
2519 4787 2623 4843 Sed
2647 4789 2757 4858 jam
2784 4803 2976 4847 caetera
3006 4795 3296 4851 videamus.

1985 4877 2208 4933 CAPUT
2249 4877 2337 4932 Ill.
2383 4909 2454 4919 —
2479 4879 2532 4934 5.
2574 4881 2782 4950 Adjeoit
2829 4885 2971 4938 enim
3009 4887 3324 4958 episc0palis
3363 4890 3502 4962 Syn-

1913 4971 2082 5036 odus,
2119 4981 2172 5027 et
2199 4973 2272 5026 ait
2306 4991 2319 5028 :
2360 4992 2378 5025 ‹
2413 4973 2642 5045 Legatur
2679 4984 2734 5031 et
2761 4977 2901 5031 aliud
2929 4981 3238 5050 capitulum.
3275 5003 3292 5036 ›
3329 4985 3394 5040 Ει
3424 4985 3503 5041 lc-

1914 5075 2055 5121 ctum
2100 5074 2184 5121 est
2231 5066 2282 5121 in
2329 5067 2520 5123 eodem
2572 5069 2709 5124 libro
2752 5083 2850 5125 suo
2901 5075 3142 5141 posuisse
3195 5076 3499 5146 Pelagium,

1921 5177 1939 5210 ι
1977 5159 2175 5214 Omnes
2203 5159 2480 5215 voluntate
2526 5161 2736 5232 pr0pria
2765 5165 2895 5234 regi.
2937 5182 2955 5215 ι
3001 5165 3119 5232 Quo
3165 5167 3305 5223 lecto
3348 5169 3501 5224 Pela-

1913 5253 2032 5323 gius
2061 5252 2336 5322 reSpondit
2369 5271 2380 5306 :
2423 5272 2443 5306 ι
2481 5254 2546 5308 Et
2579 5253 2677 5311 ltoc
2716 5254 2825 5310 dixi
2871 5266 3089 5328 propter
3114 5259 3334 5315 liberum
3363 5261 3505 5316 arbi-

1918 5344 2098 5411 trium,
2131 5344 2218 5400 cui
2250 5345 2386 5400 Deus
2406 5345 2618 5414 adjutor
2633 5355 2714 5402 est
2739 5347 2952 5419 eligenti
2982 5350 3164 5430 bona:
3191 5352 3352 5408 homo
3379 5369 3506 5408 vero

1918 5451 2167 5508 peccans,
2194 5438 2307 5507 ipse
2333 5438 2384 5492 in
2415 5439 2566 5509 culpa
2598 5449 2698 5507 est,
2729 5442 2877 5511 quasi
2908 5443 3060 5499 liberi
3087 5444 3313 5500 arbitrii.
3343 5464 3360 5496 ι
3387 5445 3503 5514 Quo

1916 5531 2096 5586 audito
2139 5533 2371 5603 episcopi
2417 5533 2667 5588 dixerunt
2702 5551 2715 5589 :
2750 5554 2768 5588 ι
2805 5535 2986 5608 Neque
3017 5539 3118 5594 hoc
3162 5540 3389 5595 alienum
3421 5551 3503 5595 est

1917 5623 1985 5677 ab
2014 5625 2376 5680 ecclesiastica
2403 5626 2666 5683 doctrina.
2705 5648 2724 5680 ι
2773 5628 2903 5696 Quis
2941 5631 3081 5686 enim
3125 5631 3505 5688 condemnaret

1917 5713 2140 5770 liberum
2169 5717 2447 5772 arbitrium
2473 5761 2490 5785 ,
2541 5720 2626 5774 vel
2658 5731 2874 5792 negaret
2894 5762 2909 5788 ,
2939 5737 3056 5776 cum
3087 5738 3192 5792 quo
3225 5722 3316 5777 Dei
3347 5722 3502 5794 adju-

1982 5828 2424 5900 {Altam-lbertinus
2445 5831 2641 5900 codex._
2665 5839 2719 5881 At
2760 5833 2927 5896 plures
2950 5832 3207 5900 editiones,
3235 5832 3297 5886 de
3317 5832 3409 5887 hac
3432 5847 3504 5889 re.

1917 5890 2063 5940 Editio
2086 5892 2300 5949 Masiana,
2327 5892 2386 5940 de
2403 5890 2493 5942 hac
2515 5893 2745 5946 oratione.
2760 5890 2774 5896 ’
3191 5890 3200 5912 ί

1982 5953 2056 6016 (a)
2088 5959 2244 6018 Forte,
2271 5959 2555 6024 correctum.
