3996 6480
516 511 715 570 torium
757 502 1116 582 praedicatur?
1154 501 1487 573 Quapropter
1513 505 1567 554 et
1590 495 1849 553 sententia
1875 505 2098 582 responf

517 597 698 661 dentis
725 580 917 658 merito
948 596 1211 669 episcopis
1249 593 1444 665 placuit
1472 600 1563 646 :et
1588 600 1764 644 tamen
1792 584 1920 641 illud
1957 580 2098 654 quod

517 692 575 752 in
602 694 740 751 libro
766 690 884 762 ejus
907 690 1140 762 positum
1163 696 1265 754 est,
1301 705 1321 739 ι
1349 684 1552 741 Omnes
1584 682 1857 739 voluntate
1883 676 2100 751 propria

516 785 667 858 regi,
700 804 721 839 ι
755 782 947 839 fratres
986 781 1076 853 qui
1115 785 1373 836 noverant
1404 776 1530 849 quid
1560 774 1816 831 adversus
1844 772 1936 827 Dei
1980 784 2102 841 gra-

518 876 646 933 tiam
675 874 761 931 isti
786 873 994 929 soleant
1018 872 1290 942 disputare
1311 911 1329 937 ,
1376 868 1559 939 procul
1587 865 1749 922 dubio
1777 863 1961 919 debuit
1980 876 2102 932 per—

518 982 755 1024 movere.
806 965 897 1022 Sic
940 964 1083 1020 enim
1130 962 1326 1018 dictum
1371 967 1490 1027 est,
1533 977 1553 1011 ‹
1588 958 1788 1013 Omnes
1830 955 2103 1011 voluntate

518 1055 736 1128 propria
760 1055 895 1126 regi,
934 1072 955 1106 ι
988 1062 1239 1124 tanquam
1269 1051 1408 1106 Deus
1429 1050 1696 1104 neminem
1724 1055 1894 1117 regat,
1921 1052 1973 1100 et
2001 1043 2103 1100 fru—

517 1158 627 1204 stra
660 1148 915 1219 scriptum
945 1145 1045 1214 sit,
1072 1143 1283 1201 Salvum
1304 1143 1388 1213 [ac
1412 1141 1658 1213 pupulum
1679 1148 1818 1193 tuum
1838 1179 1855 1205 ,
1889 1144 1935 1192 et
1957 1135 2103 1190 bene-

518 1240 602 1296 dic
618 1240 961 1297 hereditatem
990 1248 1131 1292 tuam
1144 1252 1168 1302 ;
1194 1244 1241 1291 et
1265 1251 1381 1306 rege
1398 1250 1501 1301 eos,
1531 1242 1577 1287 et
1597 1231 1779 1287 extollo
1813 1230 1929 1284 illos
1951 1243 2105 1298 usque

518 1328 574 1387 in
616 1330 858 1389 saeculum
887 1326 1059 1405 (Psal.
1090 1343 1240 1385 xxvn
1259 1368 1275 1393 ,
1306 1326 1362 1397 9)
1396 1345 1411 1381 :
1439 1341 1506 1381 ne
1550 1330 1865 1380 remaneant
1896 1314 2100 1390 utique,

518 1418 567 1478 si
592 1420 864 1479 voluntate
905 1420 1119 1493 pr0pria
1159 1418 1276 1475 sine
1306 1418 1417 1473 Deo
1454 1424 1711 1487 reguntur
1735 1455 1752 1481 ,
1794 1411 1941 1468 velut
1977 1423 2106 1466 oves

519 1528 628 1569 non
652 1511 912 1570 habentes
940 1519 1207 1583 pastorem
1236 1508 1429 1583 (Marc.
1464 1523 1548 1573 vi,
1579 1504 1700 1578 5i);
1741 1503 1883 1575 quod
1909 1501 2048 1557 absit
2074 1515 2104 1556 a

521 1602 701 1660 nobis.
748 1598 880 1660 Nam
916 1601 1104 1675 procul
1147 1600 1309 1657 dubio
1354 1600 1473 1671 plus
1498 1604 1585 1654 est
1606 1598 1690 1669 agi
1712 1638 1730 1665 ,
1767 1611 1925 1667 quam
1955 1594 2103 1665 regi:

520 1695 612 1769 qui
639 1695 785 1753 enim
806 1694 1035 1768 regitur,
1056 1691 1252 1765 aliquid
1281 1693 1424 1763 agit;
1456 1701 1511 1747 et
1536 1706 1566 1745 a
1595 1691 1704 1745 Deo
1730 1689 1932 1760 regitur
1961 1687 1979 1718 ⁸
2003 1728 2019 1751 .
2049 1694 2108 1740 ut

520 1795 671 1844 recte
693 1795 853 1858 agat;
896 1786 987 1858 qui
1014 1795 1194 1842 autem
1220 1784 1423 1854 agitur,
1464 1797 1623 1853 agere
1651 1778 1848 1852 aliquid
1875 1779 1990 1849 ipse
2021 1778 2105 1832 vix

520 1874 874 1948 intelligitur:
902 1885 956 1932 et
1004 1885 1183 1933 tamen
1240 1882 1443 1930 tantum
1493 1880 1707 1943 praestat
1746 1869 2108 1925 voluntatibus

518 1969 720 2026 nostris
748 1969 913 2042 gratia
960 1964 1287 2035 Salvatoris,
1336 1976 1394 2020 ut
1432 1981 1536 2019 non
1576 1963 1783 2019 dubitet
1822 1960 2107 2031 Apostolus

522 2058 737 2130 dicere,
768 2058 1025 2133 Quotquot
1050 2060 1230 2132 spiritu
1260 2058 1357 2112 Dei
1381 2065 1599 2129 aguntur
1618 2097 1633 2123 ,
1671 2056 1723 2109 lii
1748 2052 1843 2125 ﬁlii
1869 2063 1985 2109 sunt
2010 2051 2109 2107 Dei

527 2150 706 2228 (Rom.
734 2171 861 2221 vni,
891 2156 1003 2227 14).
1036 2154 1144 2210 Nec
1167 2152 1362 2224 aliquid
1403 2152 1454 2205 in
1490 2150 1643 2207 nobis
1674 2149 1837 2203 libera
1862 2146 2109 2201 voluntas

523 2238 718 2305 melius
733 2262 893 2321 agere
910 2255 1109 2318 potest,
1125 2260 1282 2316 quam
1310 2252 1367 2298 ut
1380 2243 1454 2298 illi
1471 2257 1531 2298 se
1558 2240 1814 2312 agendam
1836 2252 2111 2293 commen-

522 2339 615 2397 det
637 2340 682 2407 ',
712 2334 805 2412 qui
833 2338 970 2394 male
998 2354 1156 2409 agere
1179 2352 1284 2393 non
1312 2344 1517 2407 potest;
1545 2342 1599 2390 et
1628 2335 1729 2389 hoc
1753 2348 1872 2388 cum
1901 2331 2104 2396 fecerit,

521 2428 592 2487 ab
619 2428 709 2488 illo
732 2446 792 2488 se
821 2440 879 2486 ut
917 2426 1159 2498 faceret,
1200 2427 1436 2498 adjutam
1460 2440 1581 2481 esse
1619 2440 1727 2479 non
1755 2422 1994 2488 dubitet,
2022 2420 2107 2476 cui

519 2520 717 2582 dicitur
743 2526 795 2579 in
821 2518 1064 2589 Psalmo,
1100 2520 1242 2577 Deus
1265 2536 1406 2575 meus
1421 2559 1438 2588 ,
1463 2514 1810 2573 misericordia
1834 2516 1945 2587 ejus
1971 2528 2108 2585 prae-

521 2620 681 2677 ueniet
700 2637 779 2677 me
804 2618 976 2694 (Psal.
1005 2634 1128 2676 Lvm
1148 2661 1163 2686 ,
1193 2617 1308 2691 11).

595 2708 653 2770 ϐ.
681 2710 919 2785 Denique
947 2711 1000 2768 in
1025 2712 1118 2768 illo
1143 2710 1282 2767 libro
1307 2752 1322 2778 ,
1352 2710 1440 2767 ubi
1485 2708 1572 2764 illa
1600 2707 1836 2778 capitula
1867 2706 2111 2778 Pelagius

522 2802 756 2878 scripsit,
784 2800 913 2860 huic
939 2803 1189 2877 positioni
1216 2800 1239 2834 ³
1260 2842 1277 2869 ,
1303 2816 1405 2873 qua
1432 2800 1585 2866 dixit,
1644 2818 1664 2852 ‹
1698 2797 1897 2856 Omnes
1924 2798 2112 2854 volun—

526 2905 637 2954 tate
680 2897 895 2968 propria
942 2892 1093 2967 regi,
1141 2902 1198 2950 et
1239 2908 1337 2949 suo
1380 2890 1646 2947 desiderio
1685 2902 2113 2960 unumquemque

527 2982 760 3056 dimitti,
789 3007 811 3042 ι
857 2985 1081 3058 subjecit
1121 2983 1319 3056 aliquid
1348 2982 1416 3038 de
1461 2981 1766 3038 testimonio
1806 2980 2109 3050 Scriptura-

526 3094 645 3135 rum
671 3121 687 3149 ,
716 3094 823 3149 quo
852 3077 982 3132 satis
1005 3083 1259 3148 appareat
1282 3089 1386 3129 non
1415 3088 1474 3130 se
1492 3072 1595 3128 sibi
1618 3072 1888 3128 hominem
1917 3085 2113 3140 regen-

527 3170 655 3229 dum
677 3171 875 3230 debere
898 3170 1252 3228 committere.
1282 3168 1369 3224 Ait
1388 3168 1530 3223 enim
1552 3165 1621 3222 de
1638 3166 1741 3221 hoc
1764 3164 1883 3235 ipso
1901 3164 2113 3234 Sapien-

526 3266 603 3322 tia
629 3264 653 3299 ‘
674 3262 981 3323 Salomonis
1009 3281 1022 3317 :
1050 3261 1182 3320 Sum
1219 3261 1421 3333 quidem
1453 3269 1501 3315 et
1539 3275 1630 3331 ego
1671 3258 1901 3313 mortalis
1939 3257 2110 3325 homo,

526 3358 711 3416 similis
730 3358 979 3422 omnium,
1010 3371 1073 3412 ex
1089 3371 1271 3428 genere
1289 3363 1483 3409 terreno
1508 3351 1647 3406 illius
1664 3349 1753 3422 qui
1773 3352 1914 3419 prior
1928 3348 2115 3418 [iustus

526 3462 599 3509 est
627 3449 683 3519 ⁸;
729 3458 786 3508 et
826 3459 1019 3506 caetera
1062 3462 1230 3520 usque
1266 3445 1334 3502 ad
1373 3461 1495 3500 eum
1524 3443 1739 3514 capituli
1785 3442 1980 3508 linem,
2024 3439 2115 3495 ubi

526 3543 742 3618 legitur,
778 3540 924 3599 Unus
944 3557 1063 3614 ergo
1092 3554 1323 3595 omnibus
1342 3535 1576 3591 introitus
1599 3533 1670 3587 ad
1696 3534 1871 3598 vitam,
1901 3540 1950 3586 et
1968 3529 2114 3585 simi-

529 3639 594 3694 lis
621 3637 786 3693 exitus
814 3651 833 3691 :
856 3642 1059 3704 propter
1091 3630 1186 3686 hoc
1215 3630 1408 3702 optavi,
1439 3636 1487 3682 et
1513 3626 1665 3680 datus
1686 3633 1758 3680 est
1781 3624 1905 3678 mihi
1920 3638 2113 3690 sensus,

529 3739 578 3784 et
604 3725 857 3792 inuocaui,
884 3736 936 3779 et
962 3724 1097 3778 venit
1130 3723 1187 3777 in
1212 3737 1292 3774 me
1314 3719 1522 3791 spiritus
1543 3716 1805 3788 sapientiai
1833 3713 1986 3786 (Sep.
2016 3729 2113 3782 vn,

530 3816 668 3889 1-7).
723 3812 912 3872 Nonne
955 3815 1076 3869 luce
1120 3811 1316 3868 clarius
1362 3816 1617 3881 apparet,
1669 3803 2118 3877 quemadmodum

524 3904 632 3966 iste
657 3905 991 3965 considerata
1022 3902 1237 3960 miseria
1264 3896 1557 3971 fragilitatis
1582 3898 1859 3966 humanae,
1897 3912 2005 3952 non
2034 3903 2121 3953 est

530 4015 694 4058 ausus
717 4014 776 4055 se
804 3995 1098 4069 regendum
1138 3992 1243 4052 sibi
1269 3992 1641 4057 committere;
1671 3989 1766 4044 sed
1793 3989 2037 4062 optavit,
2063 3995 2121 4044 et

531 4089 686 4153 ﬂtus
710 4099 793 4149 est
816 4090 865 4145 ei
898 4104 1088 4146 sensus
1108 4129 1123 4156 ,
1148 4087 1219 4144 de
1244 4101 1349 4158 quo
1378 4085 1510 4140 dicit
1537 4083 1823 4155 Apostolus
1841 4124 1856 4150 ,
1891 4080 2004 4138 Nos
2027 4098 2122 4136 au-

534 4192 633 4239 tem
672 4199 874 4238 sensum
911 4176 1118 4236 Domini
1156 4178 1395 4235 habemus
1432 4176 1477 4248 (l
1504 4174 1623 4232 Cor.
1654 4191 1691 4231 ιι
1715 4217 1730 4243 ,
1762 4174 1886 4248 16);
1941 4183 1996 4232 et
2033 4174 2121 4231 in-

514 4264 782 4342 ‘voeavit,
828 4281 885 4330 et
932 4274 1082 4330 venit
1127 4273 1181 4327 in
1227 4286 1348 4327 eum
1395 4268 1613 4340 spiritus
1648 4267 1961 4341 sapientiae?
2008 4267 2123 4324 Hoc

533 4367 679 4424 enim
710 4365 899 4438 spiritu
918 4407 932 4433 ,
959 4381 1067 4421 non
1095 4362 1296 4420 viribus
1322 4362 1555 4434 propriae
1582 4361 1898 4431 voluntatis,
1926 4376 2125 4433 regun-

532 4467 622 4516 tur
650 4469 702 4516 et
723 4467 951 4532 aguntur
978 4459 1067 4530 qui
1098 4456 1196 4513 ﬁlii
1216 4467 1341 4512 sunt
1360 4455 1478 4513 Dei.

605 4552 660 4610 7.
698 4551 833 4609 Nam
859 4562 914 4609 et
955 4551 1087 4607 illud
1122 4550 1265 4623 quod
1306 4551 1485 4622 posuit
1508 4548 1576 4605 de
1616 4548 1830 4605 Psalmo
1855 4546 1908 4604 in
1931 4546 2122 4604 eodem

533 4636 899 4715 Capitulorum
936 4642 1079 4699 libro
1102 4685 1117 4711 ,
1168 4649 1229 4697 ut
1255 4642 1405 4712 quasi
1432 4640 1715 4712 probaret,
1753 4658 1772 4692 ι
1801 4641 1999 4697 Omnes
2025 4657 2122 4696 vo-

526 4731 737 4791 luntate
752 4734 967 4805 propria
993 4732 1127 4805 regi,
1158 4751 1178 4786 ι
1201 4730 1393 4788 Dileazit
1412 4733 1764 4801 maledictum,
1792 4742 1838 4788 et
1862 4733 2020 4788 veniet
2042 4733 2124 4800 ei;

538 4837 586 4884 et
627 4828 790 4884 noluit
830 4826 1220 4884 benedictionem
1242 4869 1261 4893 ,
1305 4837 1353 4882 et
1390 4826 1707 4900 elongabitur
1747 4826 1811 4882 ab
1849 4842 1906 4881 eo
1951 4824 2119 4899 (Psal.

538 4937 685 4990 cvm,
711 4918 800 4996 18)
829 4940 844 4975 :
874 4918 994 4996 quis
1025 4921 1228 4979 nesciat
1249 4922 1350 4979 hoc
1371 4920 1557 4976 vitium
1582 4935 1702 4976 esse
1720 4962 1735 4985 ,
1766 4936 1871 4976 non
1898 4931 2122 4989 natum,

538 5015 679 5071 sicut
721 5030 839 5071 eam
888 5013 1127 5071 condidit
1164 5014 1343 5083 Deus,
1390 5012 1487 5071 sed
1524 5013 1811 5069 voluntatis
1854 5012 2122 5081 humanae,

540 5120 661 5178 quae
706 5105 931 5161 recessit
956 5121 987 5162 a
1014 5102 1167 5162 Deo?
1213 5103 1594 5161 Verumtamen
1624 5105 1671 5163 si
1710 5120 1816 5161 non
1851 5104 2125 5162 dilexisset

539 5194 974 5256 maledictionem
998 5240 1015 5267 ,
1058 5206 1113 5255 et
1152 5198 1454 5256 voluisset‘
1480 5198 1944 5266 benedictionem,
1981 5206 2035 5254 et
2070 5196 2123 5253 in

594 5376 625 5442 ’ἲ
655 5372 833 5442 Eadem
855 5372 1005 5442 editio
1026 5380 1244 5442 M33139?)
1268 5382 1313 5428 εί
1330 5375 1440 5428 ideo
1463 5377 1665 5442 rediim-

1030 5415 1931 5514 WW
1820 5513 1846 5514 κέ
1895 5433 2125 5514 sed?!

536 5498 703 5566 lectio,
740 5498 910 5566 quam'
923 5498 1192 5566 sequimur,
1225 5498 1721 5564 editionis'uasianaa,
1742 5513 1856 5565 quae
1889 5511 1923 5551 a
1952 5506 2126 5552 vetere

536 5563 706 5614 codice
726 5562 1346 5615 Colbertino‘conﬁrmatur.

604 5626 628 5691 _’
656 5631 711 5675 In
728 5626 1004 5691 Coibertino
1025 5635 1127 5691 sis,

602 5688 625 5751 ξ
657 5688 876 5739 Nonnulli
902 5697 1028 5749 Mss,
1051 5687 1103 5740 in
1125 5687 1379 5751 Sapientia.

600 5742 625 5782 ³
657 5755 808 5815 suam,
833 5751 987 5814 factus
1008 5742 1094 5803 est.
1120 5742 1251 5812 luas,
1277 5748 1417 5815 ﬁctus
1449 5757 1536 5803 est.
1585 5748 1752 5801 Primae
1793 5746 2035 5802 editiones
2073 5755 2125 5802 et

976 5881 1082 5941 Is.,
1099 5878 1148 5928 et
1166 5872 1409 5930 noluisset.
1824 5862 1827 5865 ’

1534 378 1627 438 DE
1662 374 1905 437 GESTIS
1943 367 2236 431 PELAGII,
2276 367 2339 423 S.
2375 365 2735 422 AUGUSTINI

3671 372 3783 431 ω

2210 485 2312 539 hoc
2336 485 2451 555 ipso
2470 486 2797 545 voluntatem
2825 499 2979 541 suam
2999 484 3175 543 divina
3195 486 3364 558 gratia
3389 494 3610 561 negaret
3635 487 3792 561 adiuv

2206 585 2314 632 tam
2340 594 2355 645 ;
2387 577 2625 646 ingratus
2660 586 2820 648 atque
2849 578 3041 645 impius
3069 579 3170 634 sibi
3200 579 3465 651 regendus
3484 580 3791 640 dimittere-

2206 679 2320 737 tur,
2369 677 2430 725 ut
2466 669 2583 725 sine
2608 679 2818 726 rectore
2856 671 2968 726 Deo
3010 671 3369 741 praecipitatus
3390 712 3407 740 ,
3448 687 3555 728 non
3583 687 3643 730 se
3669 687 3703 727 a
3728 688 3793 731 se

2205 762 2323 834 ipso
2362 762 2471 833 regi
2511 765 2782 836 potuisse,
2827 764 3002 834 pceuis
3039 765 3388 836 experiretur.
3435 765 3527 822 Sic
3550 765 3711 823 etiam
3737 766 3791 823 in

2206 857 2300 913 illo
2339 857 2680 922 testimonio,
2724 857 2870 927 quod
2916 858 2968 913 in
3007 857 3197 913 eodem
3243 857 3382 914 libro
3415 858 3592 915 eidem
3635 859 3792 917 titulo

2205 948 2476 1016 subdidit,
2521 948 2769 1020 Apposuit
2798 948 2891 1003 tibi
2912 965 3095 1021 aquam
3118 958 3165 1005 et
3193 951 3401 1021 ignem,-
3446 950 3514 1006 ad
3549 952 3686 1023 quod
3718 954 3792 1010 vis

2208 1041 2410 1112 porrige
2445 1056 2648 1094 manum
2669 1048 2805 1094 luant
2833 1056 2852 1095 :
2877 1049 2993 1095 ante
3020 1042 3270 1096 hominem
3297 1041 3482 1096 bonum
3506 1051 3553 1097 et
3576 1044 3790 1112 malum,

2207 1134 2310 1187 vita
2338 1142 2386 1186 et
2412 1149 2579 1200 mors;
2619 1133 2756 1205 quod
2781 1134 3027 1203 placuerit
3045 1135 3114 1202 ei,
3142 1122 3342 1188 dabitur
3364 1135 3442 1193 illi
3478 1133 3667 1206 (Eccli.
3698 1153 3790 1199 xv.

2211 1226 2277 1281 l7
2328 1235 2373 1280 et
2403 1226 2492 1299 18)
2518 1244 2533 1281 :
2561 1226 2897 1283 manifestum
2923 1237 3025 1296 est,
3048 1227 3189 1298 quod
3210 1228 3256 1282 si
3284 1227 3351 1282 ad
3379 1229 3554 1299 ignem
3574 1243 3793 1284 manum

2209 1318 2400 1387 mittit,
2440 1328 2493 1374 et
2524 1318 2721 1374 malum
2749 1332 2812 1374 ac
2840 1333 2987 1374 mors
3015 1318 3065 1373 ei
3102 1319 3276 1388 placet
3294 1359 3311 1385 ,
3340 1318 3392 1372 id
3416 1317 3658 1373 voluntas
3689 1319 3794 1374 bo-

2209 1409 2370 1465 minis
2394 1418 2681 1480 operatur;
2705 1411 2748 1464 si
2769 1419 2947 1465 autem
2978 1410 3174 1465 bonum
3206 1417 3262 1464 et
3278 1408 3440 1465 vitam
3467 1410 3653 1480 diligit,
3681 1425 3793 1465 non

2209 1499 2379 1553 solum
2406 1498 2650 1555 voluntas
2677 1499 2729 1555 id
2769 1500 2877 1570 agit
2895 1541 2911 1565 ,
2943 1500 3037 1555 sed
3064 1498 3317 1554 divinitus
3340 1500 3637 1570 adiuvatur.
3668 1498 3799 1555 Suf-

2211 1589 2321 1645 ﬁcit
2346 1591 2489 1646 enim
2518 1590 2617 1647 sibi
2646 1591 2836 1647 oculus
2862 1590 2927 1647 ad
2953 1606 3059 1648 non
3097 1590 3381 1649 videndum
3406 1632 3425 1659 ,
3449 1591 3554 1657 hoc
3575 1599 3689 1658 est,
3722 1591 3795 1647 ad

2212 1682 2462 1737 tenebras
2492 1701 2505 1736 :
2534 1682 2602 1738 ad
2650 1682 2936 1739 videndum
2983 1698 3114 1739 vero
3157 1682 3359 1738 lumine
3402 1699 3500 1741 suo
3538 1699 3644 1740 non
3688 1685 3795 1741 sibi

2210 1773 2406 1828 sui‘licit
2425 1816 2440 1840 ,
2483 1775 2585 1829 nisi
2624 1775 2696 1829 illi
2727 1776 3057 1831 extrinsecus
3082 1775 3403 1846 adiutorium
3424 1777 3552 1832 clari
3577 1778 3797 1835 luminis

2212 1866 2530 1936 praebeatur.
2580 1866 2734 1923 Absit
2773 1876 2952 1923 autem
2995 1878 3051 1923 ut
3080 1868 3116 1925 ii
3141 1868 3233 1939 qui
3270 1869 3563 1926 secundum
3590 1886 3795 1943 propo.

2211 1958 2369 2013 situm
2406 1958 2579 2013 vocati
2606 1968 2763 2024 sunt,
2808 1974 2943 2030 quos
2978 1960 3283 2030 prmscivit,
3314 1970 3370 2017 et
3392 1961 3798 2032 praedestinavit

2211 2050 2512 2105 conformes
2542 2051 2786 2119 imaginis
2816 2049 2934 2106 Filii
2960 2053 3043 2107 sui
3072 2050 3246 2127 (Rom.
3277 2069 3389 2120 vui,
3422 2052 3514 2128 29)
3536 2097 3552 2123 ,
3582 2070 3701 2123 suo,
3735 2064 3799 2112 ut

2213 2150 2465 2212 pereant,
2494 2142 2760 2199 desiderio
2786 2144 3118 2201 dimittantur
3146 2145 3185 2198 ⁸.
3216 2145 3327 2201 Hoc
3351 2147 3492 2202 enim
3522 2149 3800 2218 patiuntur

2212 2248 2338 2289 vasa
2360 2234 2485 2301 iraa,
2517 2250 2635 2306 quae
2655 2234 2888 2305 perlecta
2917 2242 3037 2290 sunt
3064 2235 3131 2290 ad
3160 2236 3509 2307 perditionem
3542 2256 3556 2293 :
3589 2239 3639 2293 in
3667 2254 3802 2311 quo-

2211 2343 2329 2382 rum
2374 2326 2533 2383 etiam
2569 2327 2681 2399 ipsa
2725 2326 3019 2398 perditione
3049 2338 3202 2384 notas
3244 2329 3370 2385 facit
3396 2331 3538 2387 Deus
3579 2333 3802 2389 divitias

2212 2419 2395 2490 gloria:
2421 2435 2531 2475 suae
2574 2420 2627 2476 in
2671 2436 2796 2478 vasa
2843 2422 3225 2479 misericordiae
3270 2438 3383 2478 suae
3428 2422 3544 2494 (Id.
3580 2441 3673 2491 lx,
3702 2425 3800 2496 29.,

2210 2509 2324 2582 εδ).
2373 2510 2597 2585 Propter
2640 2508 2743 2569 hoc
2783 2512 2965 2581 enim,
3006 2530 3126 2569 cum
3163 2507 3419 2583 dixisset,
3465 2515 3607 2572 Deus
3632 2534 3800 2587 naeus,

2213 2603 2561 2657 misericordia
2606 2606 2716 2676 ejus
2764 2606 3031 2677 prameniet
3072 2623 3186 2671 me;
3232 2607 3486 2662 continuo
3533 2609 3799 2678 subjecit,

2213 2694 2352 2751 Deus
2394 2712 2532 2750 meus
2575 2696 2937 2751 demonstravit
2973 2696 3097 2751 mihi
3131 2698 3182 2751 in
3220 2698 3438 2753 inimicis
3471 2700 3594 2754 meis
3619 2697 3799 2770 (Psal.

2215 2802 2372 2851 Lvm,
2407 2788 2467 2842 ll
2488 2830 2503 2852 ,
2536 2786 2649 2859 12).
2698 2787 2807 2843 illis
2831 2803 2959 2859 ergo
2985 2786 3041 2845 iit
3070 2789 3214 2859 quod
3238 2790 3491 2861 scriptum
3520 2800 3636 2859 est,
3668 2791 3804 2847 Trs-

2216 2876 2344 2933 didit
2370 2878 2489 2934 illos
2514 2878 2652 2934 Deus
2677 2880 2729 2934 in
2754 2881 3004 2935 desideria
3024 2883 3191 2937 cordis
3215 2898 3388 2938 eorum
3408 2883 3582 2955 (Rom.
3613 2900 3657 2949 ι,
3677 2884 3800 2953 2b).

2214 2970 2331 3027 Non
2358 2981 2535 3028 autem
2562 2971 2623 3027 lit
2647 2972 3063 3044 praedestinatis,
3093 2990 3229 3047 quos
3258 2977 3394 3047 regit
3415 2976 3642 3048 Spiritus
3666 2977 3802 3045 Dei;

2217 3067 2467 3138 quoniam
2514 3082 2620 3123 non
2656 3068 2830 3124 inanis
2862 3078 2947 3124 est
2978 3083 3083 3124 vox
3119 3082 3302 3125 eorum
3333 3087 3350 3124 :
3383 3068 3468 3125 Ne
3498 3070 3673 3127 tradas
3696 3088 3803 3140 nte,

2217 3154 2464 3224 Domine,
2507 3176 2539 3213 a
2563 3160 2810 3214 desiderio
2850 3177 2962 3216 meo
2987 3161 3235 3232 peccatori
3260 3160 3433 3232 (Psal.
3464 3177 3689 3229 CXXXIX,
3720 3162 3805 3235 9).

2217 3248 2661 3324 Quandoquidem
2706 3262 2761 3309 et
2801 3263 2988 3311 contra
3024 3254 3137 3325 ipsa
3176 3254 3443 3313 desideria
3471 3257 3549 3311 sic
3591 3265 3810 3315 oratu.

2217 3355 2328 3410 est,
2368 3355 2425 3401 ut
2451 3344 2720 3401 diceretur
2737 3387 2759 3415 ,
2783 3347 2943 3417 Aufer
2969 3364 3002 3402 a
3026 3363 3105 3401 me
3133 3346 3561 3419 concupiscendus
3594 3349 3807 3417 uentris,

2218 3448 2265 3494 et
2315 3438 2615 3493 desiderium
2660 3439 2954 3495 concubitus
2991 3456 3056 3495 ne
3098 3440 3447 3510 apprehendat
3489 3457 3568 3495 me
3612 3440 3808 3512 (Eccli.

2218 3546 2368 3597 χχιιι,
2400 3528 2475 3603 6).
2506 3530 2730 3586 Prmstat
2772 3529 2875 3586 hoc
2906 3532 3044 3586 Deus
3072 3531 3175 3586 illis
3201 3546 3336 3601 quos
3360 3531 3604 3587 subditos
3626 3532 3806 3602 regit;

2220 3637 2326 3676 non
2353 3633 2532 3677 autem
2563 3621 2668 3677 illis
2696 3622 2786 3693 qui
2832 3637 2889 3676 se
2920 3622 3142 3681 idoneos
3168 3622 3236 3678 ad
3268 3637 3327 3679 se
3374 3623 3518 3693 ipsos
3542 3622 3815 3693 regendos

2220 3720 2428 3784 putant,
2459 3721 2515 3769 et
2539 3713 2834 3785 prmiidenti
2856 3713 3065 3769 cervice
3083 3713 3310 3785 propria:
3332 3712 3623 3769 voluntatis
3649 3712 3812 3771 illum

2221 3805 2579 3879 dedignantur
2597 3806 2796 3863 habere
2816 3815 3104 3863 rectorem.

2294 3921 2348 3977 8.
2373 3921 2501 3991 Qua:
2520 3937 2642 3978 eum
2671 3922 2746 3977 ita
2770 3922 2913 3988 sint,
2946 3921 3041 3977 lilii
3065 3920 3160 3978 Dei
3182 3921 3277 3993 qui
3298 3921 3721 3987 bacnomsnt,
3750 3931 3817 3979 α

2222 4030 2282 4073 se
2308 4017 2403 4072 Dei
2430 4017 2631 4087 Spiritu
2656 4016 2771 4086 regi
2798 4024 2855 4072 et
2875 4017 2958 4087 agi
2980 4014 3317 4086 gratulantur
3333 4054 3352 4081 ,
3394 4015 3666 4086 quomodo
3691 4029 3821 4069 mo-

2223 4111 2336 4167 veri
2364 4118 2653 4183 potuerunt
2671 4151 2685 4175 ,
2731 4124 2853 4165 cum
2878 4108 3127 4165 audirent
3158 4109 3243 4164 vel
3267 4108 3510 4179 lupi-ent
3535 4122 3567 4162 ι
3592 4106 3820 4179 Pelagio

2225 4203 2523 4274 scriptum,
2566 4220 2587 4256 ι
2618 4200 2818 4259 Omnes
2845 4201 3117 4257 voluntate
3160 4200 3375 4271 propria
3418 4200 3570 4272 regi,
3611 4208 3668 4256 et
3708 4215 3823 4257 suo

2226 4295 2495 4351 desiderio
2546 4309 2979 4365 unumquemque
3012 4293 3249 4350 dimitti?
3278 4311 3305 4346 ›
3359 4293 3426 4349 Et
3462 4302 3641 4348 tam
3684 4292 3821 4363 quin

2227 4387 2585 4458 interrogatus
2629 4386 2700 4441 ab
2743 4386 3046 4457 episcopis,
3086 4383 3222 4455 quid
3269 4385 3395 4440 nauli
3434 4378 3690 4441 sument
3716 4384 3823 4442 illa

2232 4480 2393 4535 verba
2426 4477 2710 4550 persensit,
2735 4477 3115 4547 responditque
3144 4495 3179 4532 ιι
3199 4494 3225 4530 ι
3254 4476 3449 4534 hocse
3466 4476 3663 4532 diuisae
3684 4490 3825 4546 pro-

2228 4580 2349 4644 pter
2370 4572 2597 4629 liberum
2625 4571 2944 4638 arbitrum;
2976 4588 3001 4619 ι
3048 4572 3309 4631 conﬂatm
3331 4570 3641 4643 wbjiciens,
3668 4588 3695 4623 ε
3721 4573 3824 4629 eli

2229 4667 2379 4723 Deus
2417 4665 2629 4737 adiutor
2655 4674 2738 4722 est
2758 4664 2975 4737 eligenti
3003 4664 3181 4730 bona;
3220 4664 3391 4721 boum
3408 4676 3538 4721 vero
3561 4676 3826 4737 poem,

2231 4759 2346 4832 ipse
2381 4760 2435 4815 in
2460 4759 2612 4828 culpa
2642 4767 2758 4823 est,
2797 4757 2949 4829 (praei
2991 4758 3143 4815 liberi
3177 4757 3385 4815 arbitrii
3415 4776 3431 4813 :
3467 4777 3488 4811 ι
3512 4758 3651 4813 bane
3674 4772 3831 4827 qun-

2231 4867 2335 4922 que
2357 4850 2677 4907 Sententiam
2697 4850 2767 4920 pii
2788 4849 2999 4920 iudices
3020 4850 3400 4920 approbantes.
3421 4864 3589 4921 quam
3602 4850 3833 4907 incaute

2230 4942 2315 4998 vel
2342 4957 2447 5013 quo
2468 4957 2627 4997 sensu
2652 4941 2738 4996 illa
2770 4940 2828 4996 in
2851 4939 2988 4997 libro
3015 4940 3132 5012 ejus
3151 4940 3317 4997 verba
3339 4941 3446 4996 sint
3466 4940 3653 5011 posita,
3682 4950 3880 5041 θοι-ι,

2232 5035 2471 5091 siderare
2498 5034 2584 5090 vel
2606 5049 2847 5105 qmemre
2871 5033 3196 5100 noluerunt;
3232 5033 3482 5091 sufficere
3507 5033 3834 5089 existimas»
3854 5033 3869 5053 τ

2231 5136 2313 5184 tes
2356 5128 2425 5182 ita
2468 5143 2591 5185 eum
2631 5125 2937 5183 confessum
2967 5138 3087 5183 esse
3126 5125 3355 5183 libeth
3396 5126 3721 5194 arbitrium.
3756 5138 3837 5185 It

2231 5216 2447 5291 eligenti
2475 5219 2615 5276 bona
2644 5219 2785 5275 Deus
2812 5224 2960 5274 esset
2984 5217 3198 5288 adiutor
3217 5257 3232 5281 ,
3258 5232 3493 5288 peccans
3519 5232 3649 5273 vero
3668 5216 3837 5276 esset

2231 5310 2283 5369 in
2304 5313 2481 5385 culpa,
2513 5311 2581 5367 ad
2602 5311 2703 5369 hoc
2725 5310 2827 5368 sibi
2856 5310 3153 5369 sufﬁciente
3174 5311 3386 5381 promis
3415 5310 3711 5369 voluntate.
3739 5312 3840 5371 hc

2226 5424 2327 5483 per
2361 5400 2464 5464 hoc
2502 5407 2648 5465 Deus
2684 5407 2853 5479 regit,
2891 5405 3087 5476 quibus
3123 5405 3338 5475 adiutor
3377 5414 3464 5462 est
3495 5404 3838 5477 eligam

2229 5500 2390 5557 bona.
2431 5501 2497 5557 Et
2526 5499 2645 5557 ideo
2672 5499 2809 5555 bene
2829 5506 3021 5573 regunt
3038 5496 3295 5570 quidquid
3317 5504 3506 5569 regunt
3524 5536 3541 5565 ,
3564 5496 3836 5565 (pl-ian

2231 5595 2332 5665 ipsi
2359 5601 2616 5665 reguntur
2641 5607 2671 5646 a
2697 5592 2859 5646 bono.

2302 5688 2355 5744 9.
2386 5688 2513 5743 item
2560 5686 2839 5741 recitatum
2880 5692 2959 5741 cst
2982 5683 3126 5757 quod
3160 5683 3213 5740 in
3251 5681 3389 5739 libro
3425 5696 3524 5740 suo
3563 5677 3834 5751 Pelagius

2298 5866 2319 5902 ι
2349 5872 2504 5928 ωιτη
2536 5861 2885 5930 mm.
