3996 6474
188 463 410 542 poeuit,
439 481 461 517 ι
497 462 562 520 In
597 464 694 522 die
712 464 903 537 judicii
943 464 1140 537 iniquis
1181 473 1236 522 et
1276 467 1644 538 peccatoribus
1689 483 1796 524 non

191 572 311 614 esse
338 557 696 627 parcendum,
718 556 814 612 sed
834 557 1046 612 azteruis
1059 572 1154 613 eos
1177 557 1385 628 ignibus
1411 575 1475 614 ex
1487 559 1736 615 urendos.
1769 579 1791 614 ι

189 649 346 721 Quod
375 649 495 704 ideo
526 648 725 704 fratres
749 659 1010 717 moverat,
1035 660 1094 704 ut
1113 649 1469 720 objiciendum
1495 659 1792 722 putaretur,

190 743 344 815 quod
397 744 469 797 ita
517 740 727 796 dictum
777 750 894 808 est,
948 750 1197 812 tanquam
1250 757 1438 798 omnes
1486 754 1793 812 peccatores

190 845 404 891 aeterno
439 842 629 890 essent
667 834 933 904 supplicio
979 835 1267 904 puniendi,
1313 852 1419 891 non
1450 837 1527 891 eis
1556 839 1792 908 exceptis

188 930 279 1000 pi
306 928 723 984 fundamentum
765 927 964 983 habent
991 927 1266 984 Christum
1285 970 1300 996 ,
1332 931 1574 999 quamvis
1601 948 1793 1002 super-

189 1021 468 1078 uiﬁcent
495 1021 658 1091 ligna,
684 1020 887 1087 fenum,
910 1021 1182 1091 stipulam,
1205 1022 1272 1077 de
1293 1023 1488 1093 quibus
1507 1024 1640 1080 dicit
1661 1029 1796 1096 Apo-

188 1113 413 1167 stolus:
444 1112 506 1168 Si
524 1113 670 1183 cujus
696 1129 827 1182 aptis
856 1122 1086 1168 uitatum
1113 1113 1300 1183 fuerit,
1323 1113 1676 1170 detrimentum
1701 1135 1794 1187 pa-

189 1206 349 1258 tietur
374 1223 398 1270 ξ
420 1206 531 1276 ipse
548 1214 720 1272 autem
738 1205 914 1259 saluus
934 1205 1049 1272 erit,
1074 1206 1148 1260 sic
1168 1215 1334 1260 tamen
1356 1208 1499 1277 quasi
1520 1226 1608 1278 per
1627 1209 1792 1280 ignem

190 1294 234 1367 (l
257 1295 396 1350 Cor.
426 1309 508 1362 tu,
539 1296 646 1364 l5).
688 1295 798 1351 Sed
818 1311 938 1350 cum
959 1296 1323 1366 respondisset
1347 1299 1610 1370 Pelagius,
1646 1319 1664 1353 ι
1692 1301 1794 1358 hoc

190 1387 504 1443 mundum
529 1388 877 1456 Evangelium
901 1403 960 1443 se
981 1387 1183 1444 dixisse
1200 1429 1215 1452 ,
1242 1390 1332 1444 ubi
1352 1391 1546 1446 dicitur
1579 1392 1648 1448 de
1679 1409 1794 1463 pec-

191 1478 517 1544 catoribus,
566 1477 658 1532 Illi
706 1479 852 1532 ibunt
890 1479 942 1533 in
993 1480 1296 1550 supplicium
1337 1491 1616 1550 aternum;
1660 1485 1792 1554 justi

189 1581 406 1637 deus,
448 1573 502 1625 in
542 1572 696 1626 vitam
733 1582 972 1626 tetanum
1007 1591 1028 1626 ι
1061 1571 1274 1647 (Matth.
1301 1591 1405 1629 xxv
1427 1616 1446 1642 ,
1469 1574 1566 1647 46)
1597 1592 1612 1630 z
1643 1577 1792 1634 nullo

191 1663 370 1718 ludo
411 1664 584 1733 potuit
621 1663 929 1720 ebristianis
964 1665 1233 1734 judicibus
1269 1669 1570 1738 evangelica
1610 1679 1664 1725 et
1693 1671 1791 1726 do-

191 1756 402 1812 minica
445 1756 731 1825 displicere
784 1759 1047 1813 sententia
1071 1799 1087 1825 ,
1149 1759 1508 1816 nescientibus
1560 1763 1684 1833 quid
1733 1763 1786 1818 iu

192 1847 384 1902 verbis
407 1845 476 1902 de
510 1847 645 1902 libro
673 1848 872 1918 Pelagii
910 1849 1136 1919 prolatis
1165 1853 1393 1907 moverit
1433 1853 1658 1923 fratres,
1696 1855 1787 1925 qui

190 1938 599 2009 disputationes
623 1938 741 2009 ejus
779 1940 862 1995 vel
889 1939 1269 2011 discipulorum
1306 1943 1423 2014 ejus
1445 1945 1628 2001 audire
1655 1960 1786 2002 con-

190 2039 525 2096 moverant;
567 2030 780 2101 quando
807 2032 891 2087 his
915 2032 1225 2090 absentibus
1268 2038 1356 2106 qui
1402 2037 1634 2093 libellum
1661 2054 1788 2096 oon-

193 2130 272 2177 tn
299 2122 584 2192 Pulagium
611 2134 796 2178 sancto
817 2125 1067 2195 episcopo
1096 2127 1322 2198 Eulogio
1350 2129 1628 2195 dederunt,
1661 2133 1786 2188 nul-

190 2213 272 2270 las
317 2214 582 2284 urgebat,
625 2224 683 2268 ut
721 2223 1030 2284 peccatores
1072 2234 1168 2289 per
1205 2219 1382 2290 ignem
1427 2221 1711 2277 salvandos
1752 2239 1784 2278 a

191 2308 572 2378 peccatoribus
611 2316 814 2364 aeterno
850 2310 1109 2380 supplicio
1151 2312 1431 2381 puniendis
1473 2313 1649 2384 aliqua
1693 2323 1788 2370 ex-

191 2400 450 2468 ceptione
473 2397 858 2469 distingueret,
900 2409 956 2456 et
985 2416 1056 2456 eo
1077 2401 1235 2456 modo
1263 2403 1674 2474 intelligentibus
1693 2406 1784 2476 ju-

191 2487 408 2544 dieihus
433 2505 530 2544 cur
551 2489 710 2544 fuerit
734 2489 858 2545 illud
871 2491 1158 2562 objectuni,
1188 2493 1234 2548 si
1255 2494 1419 2550 nollet
1438 2496 1782 2568 distinguere,

188 2580 398 2635 nerito
421 2581 741 2650 culparetur.

267 2670 374 2725 10.
399 2671 540 2738 Quod
561 2682 743 2727 autem
767 2672 974 2728 addidit
1002 2673 1248 2746 Pelagius
1268 2719 1281 2742 ,
1318 2695 1337 2729 ‹
1370 2678 1435 2732 Et
1464 2679 1507 2733 si
1538 2679 1656 2749 quis
1684 2679 1784 2735 ali-

189 2769 281 2816 ter
309 2762 516 2827 credit,
542 2761 840 2832 Origenista
867 2773 949 2820 est
979 2783 992 2818 :
1029 2784 1048 2818 )
1086 2765 1187 2822 hoc
1213 2770 1780 2839 acceperuntjudices,

189 2851 344 2922 quod
370 2868 548 2908 revera
587 2854 638 2908 in
664 2854 896 2926 Origene
931 2857 1238 2927 dignissime
1281 2859 1576 2916 detestatur
1600 2863 1786 2920 Eccle-

190 2945 294 3010 sia,
327 2944 385 2999 id
406 2953 512 3012 est,
532 2947 672 3016 quod
698 2948 859 3002 etiam
886 2949 959 3003 illi
985 2965 1120 3020 quos
1149 2950 1406 3009 Dominus
1430 2953 1558 3010 dicit
1583 2963 1784 3011 artemo

194 3039 468 3109 supplicio
510 3041 842 3110 puniendos,
885 3053 938 3099 et
979 3045 1094 3115 ipse
1130 3046 1371 3103 diabolus
1407 3059 1566 3120 atque
1605 3053 1780 3123 angeli

111 3187 123 3195 ,
189 3130 330 3200 ejus,
361 3141 482 3200 post
509 3142 715 3203 tempus
744 3135 868 3190 licet
887 3139 1154 3206 prolixum
1176 3141 1380 3212 purgati
1409 3143 1779 3202 liberabuntur

189 3237 218 3275 a
243 3224 468 3292 penis,
513 3235 568 3280 et
593 3228 792 3282 sanctis
829 3244 950 3284 cum
992 3230 1103 3286 Deo
1147 3235 1488 3303 regnantibus
1529 3237 1783 3294 societate

187 3313 542 3370 beatitudinis
579 3317 954 3374 adhmrebunt.
1001 3321 1114 3376 lloc
1161 3338 1291 3395 ergo
1338 3325 1584 3397 Synodus
1624 3328 1778 3398 dixit,

193 3425 215 3459 ι
245 3408 490 3463 alienum
534 3424 638 3464 non
683 3426 803 3466 esse
845 3412 913 3467 ab
956 3413 1232 3483 Ecclesia,
1270 3435 1290 3469 ι
1336 3432 1444 3472 non
1487 3420 1779 3476 secundum

191 3500 466 3572 Pelagium
489 3542 506 3569 ,
544 3503 640 3558 sed
680 3504 858 3573 potius
898 3507 1190 3563 secundum
1225 3509 1565 3582 Evangelium
1590 3555 1606 3581 ,
1636 3515 1779 3585 quod

191 3593 320 3647 tales
345 3594 514 3664 iniqui
554 3603 614 3650 et
635 3606 946 3666 peccatores
971 3601 1184 3658 aeternis
1210 3602 1420 3673 ignibus
1464 3617 1774 3677 exurentur,

189 3687 371 3757 quales
406 3687 500 3741 tali
541 3689 806 3758 supplicio
847 3690 1038 3762 dignos
1073 3693 1278 3763 judicat
1302 3697 1679 3771 Evangelium;
1723 3710 1778 3756 et

186 3775 326 3846 quod
372 3777 766 3835 detestabiliter
812 3796 934 3836 cum
979 3781 1212 3855 Origene
1257 3789 1490 3854 sentiat,
1537 3793 1777 3864 quisquis

185 3869 379 3925 dixerit
399 3871 691 3942 aliquando
713 3888 895 3928 eorum
922 3874 1060 3931 ﬁniri
1085 3892 1240 3948 posse
1267 3881 1606 3952 supplicium,
1633 3887 1772 3956 quod

186 3961 442 4017 Dominus
471 3963 608 4018 dixit
645 3974 930 4021 aeternum.
976 3969 1054 4024 De
1097 3970 1201 4025 illis
1228 3987 1354 4027 vero
1383 3978 1770 4046 peccatoribus,

183 4066 312 4121 quos
338 4053 473 4108 dicit
502 4056 824 4125 Apostolus,
861 4068 1054 4116 exusto
1079 4077 1264 4119 eorum
1290 4080 1452 4136 Opere
1472 4110 1504 4146 ,ἢ
1525 4079 1774 4142 tanquam

184 4160 276 4216 per
317 4148 500 4218 ignem
530 4149 708 4205 salvos
736 4150 940 4231 futuros
963 4195 982 4222 ,
1023 4157 1272 4226 quoniam
1314 4159 1443 4230 nihil
1470 4162 1682 4234 Pelagio
1708 4165 1777 4222 de

184 4239 246 4296 iis
272 4242 561 4298 evidenter
581 4227 850 4312 objectum
881 4256 962 4301 est
981 4283 998 4313 ,
1033 4249 1162 4303 nihil
1190 4227 1772 4323 judicavérunthua-

182 4346 421 4406 ruptor,
455 4337 549 4407 qui
579 4337 708 4394 dicit
734 4339 950 4409 iniquos
973 4349 1028 4395 et
1057 4352 1385 4411 peccatores,
1411 4362 1544 4416 quos
1568 4357 1772 4405 aeterno

179 4430 448 4500 supplicio
470 4431 672 4486 veritas
688 4431 910 4486 damnat
929 4475 946 4500 ,
975 4435 1263 4505 aliquando
1299 4438 1422 4494 inde
1452 4456 1609 4509 posse
1636 4444 1770 4500 libe-

179 4525 286 4578 rari
306 4564 328 4590 ,
373 4539 487 4580 non
535 4524 978 4583 inconvenienter
1001 4543 1122 4584 eum
1147 4529 1393 4601 Pelagius
1418 4532 1769 4604 Origenistam

179 4624 336 4670 vocat
364 4632 379 4670 :
411 4614 512 4672 sed
556 4632 783 4684 rursus,
828 4618 919 4689 qui
963 4620 1165 4676 nullum
1213 4632 1545 4692 peccatorem
1583 4625 1638 4681 in
1679 4627 1773 4684 Dei

173 4704 377 4775 ﬁdicio
423 4706 790 4764 misericordia
825 4709 1046 4781 dignum
1083 4712 1380 4781 existimat,
1423 4716 1564 4788 quod
1591 4719 1700 4773 vult
1723 4720 1772 4775 ei

179 4814 378 4855 nomn
407 4801 688 4870 imponat,
735 4801 862 4857 dum
890 4812 1064 4859 tamen
1093 4814 1148 4860 et
1174 4805 1314 4862 hunc
1338 4824 1574 4865 errorem
1603 4812 1774 4868 eccle-

176 4894 393 4948 siastica
417 4893 648 4949 veritate
683 4909 794 4950 non
833 4897 999 4967 recipi
1029 4896 1309 4968 intelligat.
1337 4899 1600 4957 Judicinm
1626 4904 1770 4959 enim

173 4987 294 5041 sine
322 4985 695 5042 misericordia
720 4986 812 5043 ﬁet
831 4987 929 5056 illi,
955 4989 1046 5061 qui
1071 5005 1176 5045 non
1204 4991 1326 5048 fecit
1350 4993 1769 5052 misericordiam

177 5077 385 5150 (Jacobi
408 5096 469 5144 ιι,
503 5079 619 5150 is).

242 5172 343 5226 11.
371 5171 660 5238 Quomodo
684 5179 860 5228 autem
903 5172 995 5229 ﬁet
1021 5174 1124 5230 hoc
1154 5174 1410 5246 judicium
1430 5219 1446 5247 ,
1476 5179 1694 5239 diﬁicile
1717 5183 1769 5239 in

171 5261 472 5334 Scripturis
509 5265 712 5320 sanctis
755 5267 1135 5337 comprehendi
1182 5277 1356 5338 potest
1388 5289 1402 5325 :
1433 5273 1603 5330 modis
1627 5277 1769 5333 enim

173 5356 359 5412 multis
382 5356 739 5425 signiﬁcatur,
767 5358 910 5428 quod
925 5375 1031 5415 uno
1052 5361 1212 5416 modo
1230 5361 1460 5419 futurum
1482 5377 1582 5422 est.
1605 5368 1770 5426 Nam-

173 5465 281 5520 que
324 5449 620 5521 aliquando
662 5450 794 5506 dicit
837 5451 1097 5509 Dominus
1137 5454 1394 5512 adversus
1419 5473 1513 5514 eos
1551 5477 1689 5532 quos
1717 5464 1769 5520 in

171 5557 578 5616 suumregnum
607 5561 715 5601 non
738 5546 943 5617 recipit,
973 5549 1167 5604 ostium
1187 5564 1246 5605 se
1267 5551 1566 5608 clausurum
1592 5557 1632 5625 ¹,
1656 5557 1768 5613 cla-

169 5640 558 5711 nutibusque
599 5640 706 5695 illis
745 5649 799 5696 et
841 5642 1167 5707 dicentibus,
1210 5643 1365 5714 Aperi
1393 5648 1570 5715 nobis;
1597 5651 1650 5704 in
1677 5669 1770 5707 no-

174 5735 315 5786 ενὰπε
357 5741 447 5787 tuo
488 5733 908 5788 manducavimus
935 5744 980 5788 et
1021 5734 1232 5790 bibimus
1255 5777 1270 5803 ,
1319 5747 1373 5791 et
1412 5749 1603 5796 uetera
1647 5758 1766 5814 quin

237 5863 1594 5935 tummmm

1629 352 1833 410 LIBER
1870 351 2068 417 UNUS.

1908 470 2028 527 illos
2051 472 2229 534 dicere
2253 480 2505 552 scriptum
2527 493 2632 556 est,
2641 487 2713 545 'se
2732 505 3136 564 responsurum,
3167 499 3355 558 Nescio
3378 521 3488 574 vos,

1905 562 1991 636 qui
2031 572 2307 664 operamini
2349 576 2654 648 iniquitatem
2693 562 2840 655 (Luc.
2883 603 3011 655 xui,
3054 562 3163 658 26,
3212 592 3325 664 27).
3373 562 3486 651 Ali:

1905 663 2119 729 quando
2157 663 2429 734 iussurum
2469 687 2528 726 se
2567 689 2982 748 commemorat,
3011 693 3068 736 ut
3102 683 3155 739 hi
3182 663 3459 756 quinolue

1906 759 2030 805 runt
2057 768 2176 808 eum
2207 773 2457 827 regnare,
2489 762 2588 816 sibi
2615 765 2978 838 adducantur,
3020 784 3075 829 et
3101 775 3485 836 interficiantur

1903 856 2083 900 coram
2115 847 2206 902 illo
2231 848 2340 920 (Id.
2372 868 2491 921 xix,
2517 854 2634 926 27).
2678 861 2974 932 Aliquando
3001 880 3282 924 venturum
3309 887 3367 927 se
3396 874 3482 926 di-

1903 937 1977 991 cit
1997 952 2116 993 cum
2148 942 2368 1013 Angelis
2387 947 2498 1002 suis
2525 949 2575 1002 in
2605 951 2882 1022 majestate
2907 972 2998 1010 sua
3016 999 3030 1022 ,
3065 970 3125 1015 ut
3151 978 3480 1034 congregen-

1905 1035 2138 1110 tutante
2177 1049 2297 1087 eum
2337 1050 2525 1094 omnes
2551 1050 2738 1110 gentes
2759 1083 2776 1109 ,
2821 1054 2878 1099 et
2900 1047 3240 1122 dividaleas,
3271 1063 3326 1109 et
3347 1056 3482 1110 alios

1901 1132 2066 1191 ponat
2087 1124 2154 1179 ad
2178 1126 2448 1184 dexteram
2473 1172 2491 1198 ,
2533 1149 2757 1204 quorum
2802 1138 2939 1195 bona
2965 1155 3125 1210 opera
3151 1160 3480 1203 commemo-

1901 1227 2061 1281 rans,
2113 1221 2393 1286 reportet‘
2423 1222 2475 1277 in
2526 1226 2686 1280 vitam
2715 1239 3010 1298 azternam;
3059 1236 3191 1290 alios
3237 1237 3307 1293 ad
3348 1241 3480 1295 sini-.

1899 1312 2095 1375 stram,
2140 1310 2334 1380 quibus
2372 1312 2633 1372 bonorum
2678 1323 3008 1379 sterilitatem
3057 1328 3357 1398 imputans,
3387 1347 3482 1387 eos

1898 1404 2101 1454 aeterno
2145 1401 2266 1471 igne
2306 1405 2628 1465 condemnet
2669 1411 2879 1485 (Matth.
2920 1433 3059 1483 xxv,
3101 1421 3317 1496 51-46).
3371 1425 3484 1479 Ali-

1897 1490 2108 1559 quando
2150 1509 2363 1551 servum
2412 1514 2636 1569 nequam
2685 1511 2741 1558 et
2783 1506 3024 1577 pigrum,
3071 1512 3160 1581 qui
3203 1490 3479 1582 pecuniam

1897 1580 2012 1649 ejus
2042 1583 2272 1652 neglexit
2296 1587 2604 1657 impendere
2631 1591 2779 1664 (Luc.
2811 1613 2931 1662 XIX,
2961 1580 3148 1671 22-274)
3167 1644 3186 1668 ,
3205 1580 3296 1658 rvel
3319 1606 3477 1662 etiam

1898 1672 2164 1728 hominem
2215 1676 2485 1733 inventqu
2533 1683 2586 1735 iu
2631 1687 2874 1742 convivio
2919 1705 3023 1743 non
3065 1690 3342 1748 habentem
3388 1711 3481 1751 ve-

1896 1771 2030 1817 stem
2073 1767 2408 1836 nuptialem,
2454 1770 2608 1842 jubet
2654 1775 2828 1847 ligatis
2870 1783 3114 1837 manibus
3156 1793 3210 1839 et
3257 1788 3480 1855 pedibus

1894 1856 2032 1910 mitti
2085 1858 2138 1912 in
2196 1861 2443 1918 tenebras
2498 1868 2813 1925 exteriores.
2867 1872 3170 1942 Aliquando
3217 1881 3479 1949 susceptis

1893 1951 2128 2020 quinque
2179 1954 2568 2024 prudentibus,
2623 1963 2818 2016 ostium
2873 1975 3059 2020 contra
3110 1969 3300 2025 stultas
3345 1972 3480 2030 alias

1895 2042 2131 2111 quinque
2165 2045 2394 2115 Virgines
2431 2050 2626 2106 claudit
2653 2051 2866 2126 (Matth.
2894 2073 2997 2112 xxv
3020 2099 3036 2126 ,
3067 2059 3276 2133 10-12).
3331 2063 3477 2134 llaec,

1893 2140 1946 2186 et
1973 2134 2019 2188 si
2058 2136 2183 2205 quid
2215 2146 2298 2191 est
2329 2139 2470 2194 aliud
2498 2143 2641 2212 quod
2677 2145 2729 2199 in
2769 2150 3051 2218 pmsentia
3089 2167 3200 2206 non
3221 2155 3473 2223 occurrit,

1892 2223 1961 2278 de
2004 2225 2203 2296 judicio
2244 2230 2494 2288 dicuntur
2531 2234 2749 2304 futuro,
2799 2240 2982 2311 utique
3022 2258 3129 2298 non
3165 2246 3217 2299 in
3262 2263 3366 2302 uno
3391 2249 3477 2305 vel

1891 2320 2144 2390 quinque,
2183 2323 2278 2380 sed
2304 2325 2358 2392 in
2389 2328 2576 2383 multis
2593 2331 2914 2388 exercendo.
2943 2335 3074 2391 Nam
3104 2338 3148 2392 si
3179 2355 3315 2394 unus
3336 2350 3480 2398 esset

1895 2414 1982 2479 qui
2006 2413 2075 2466 de
2101 2416 2367 2484 convivio,
2397 2420 2538 2489 quod
2561 2437 2670 2478 non
2689 2423 2922 2481 habebat
2940 2438 3140 2484 vestem
3163 2432 3474 2503 nuptialem,

1892 2499 1945 2554 in
1978 2503 2224 2560 tenebras
2260 2506 2444 2575 jussus
2467 2521 2548 2566 est
2586 2514 2720 2566 mitti
2749 2531 2764 2580 ;
2810 2531 2915 2571 non
2942 2520 3194 2575 continuo
3219 2499 3474 2592 sequere-

1894 2600 1994 2660 tur,
2027 2605 2077 2650 et
2104 2595 2308 2654 diceret
2341 2600 2496 2657 Multi
2517 2605 2649 2658 enim
2675 2617 2794 2661 sunt
2817 2612 2996 2676 uocati,
3020 2614 3170 2682 pauci
3196 2629 3309 2670 vero
3335 2618 3478 2671 electi

1894 2680 2004 2756 (1d.
2047 2701 2186 2754 xxu,
2236 2689 2422 2763 11-14)
2454 2709 2468 2746 :
2498 2708 2620 2748 cum
2667 2698 2843 2766 potius
2883 2715 2988 2755 uno
3021 2680 3274 2772 projecto
3316 2715 3477 2777 atque

1892 2771 2146 2831 damnato
2172 2818 2187 2843 ,
2236 2781 2389 2835 multi
2418 2783 2471 2836 in
2497 2783 2656 2839 domo
2681 2789 3001 2845 remansisse
3031 2793 3328 2851 videantur.
3367 2797 3475 2854 Sed

1893 2863 1960 2920 de
1981 2865 2064 2920 liis
2085 2869 2331 2926 omnibus
2355 2888 2495 2929 nunc
2518 2885 2771 2945 quantum
2796 2880 2925 2934 satis
2948 2890 3031 2936 est
3061 2881 3331 2953 disputare
3355 2903 3478 2959 per-

1901 2955 2117 3026 longum
2138 2968 2236 3015 est.
2269 2961 2379 3018 Hoc
2409 2976 2584 3020 tamen
2605 2965 2838 3025 breviter
2867 2986 3080 3040 possum
3109 2973 3322 3042 dicere,
3355 2955 3478 3036 sine

1898 3048 2204 3118 priejudicio
2229 3051 2389 3123 (quod
2418 3055 2470 3108 in
2498 3059 2820 3126 pecuniariis
2849 3062 3141 3119 rationibus
3162 3066 3265 3121 dici
3292 3068 3475 3141 solet),

1894 3139 2133 3196 melioris
2161 3142 2536 3214 discussionis,
2569 3164 2732 3203 unum
2757 3150 2987 3221 aliquem
3023 3156 3207 3224 judicii
3234 3159 3473 3230 inodum,

1891 3230 1982 3301 qui
2011 3241 2095 3287 est
2131 3234 2490 3293 inscrutahilis
2518 3241 2673 3296 nobis
2691 3283 2708 3309 ,
2738 3255 2947 3301 servata
2977 3245 3232 3304 duntaxat
3260 3253 3311 3305 in
3340 3269 3478 3322 prai-

1891 3324 2016 3380 miis
2036 3334 2090 3380 et
2114 3329 2286 3396 poenis
2311 3329 2617 3388 diversitate
2642 3336 2986 3403 meritorum,
3019 3341 3198 3396 multis
3219 3359 3314 3414 per
3332 3345 3476 3402 Scri-

1889 3425 2073 3485 pturas
2110 3429 2322 3475 sanctas
2362 3422 2648 3492 signiﬁcari
2687 3426 2878 3481 modis.
2927 3429 3081 3496 Quod
3125 3443 3301 3488 autem
3347 3435 3473 3492 huic

1887 3522 2061 3563 causa:
2086 3550 2101 3575 ,
2153 3510 2218 3565 de
2261 3527 2363 3582 qua
2407 3529 2550 3570 nunc
2584 3516 2789 3588 agitur,
2839 3520 2968 3574 satis
3006 3530 3089 3576 est
3120 3540 3134 3577 :
3161 3524 3206 3577 si
3250 3524 3472 3582 dixisset

1885 3598 2154 3671 Pelagius,
2195 3617 2385 3659 omnes
2433 3607 2650 3660 omnino
2695 3619 3001 3679 peccatores
3025 3623 3227 3670 interno
3255 3617 3376 3687 igne
3414 3628 3469 3674 et

1881 3700 2086 3747 mterno
2107 3695 2366 3764 supplicio
2393 3697 2687 3765 puniendos
2711 3716 2728 3765 ;
2749 3702 2986 3772 quisquis
3015 3704 3063 3758 id
3093 3705 3350 3775 judicium
3382 3710 3466 3781 (α)

1885 3785 2232 3852 approbasset
2256 3827 2271 3850 ,
2311 3787 2447 3842 inse
2483 3789 2652 3857 ipsum
2698 3793 2944 3860 primitus
2981 3798 3300 3852 sententiam
3344 3815 3471 3869 pro-

1887 3873 2110 3927 tulisset.
2157 3875 2281 3939 Quis
2305 3877 2448 3933 enim
2481 3879 2781 3949 gloriabitur
2805 3899 2858 3936 se
2883 3885 3124 3938 mundum
3153 3904 3258 3942 esse
3285 3905 3316 3941 a
3343 3907 3467 3961 pec-

1889 3966 2011 4018 catis
2038 3965 2218 4038 (Prov.
2247 3984 2336 4033 xx,
2367 3969 2421 4032 9,
2449 3987 2552 4024 sec.
2579 3971 2783 4045 LXX)?
2829 3975 2957 4041 Quia
2986 3991 3110 4030 vero
3141 3993 3238 4033 nec
3281 3994 3469 4038 omnes

1889 4056 2022 4111 dixit
2047 4100 2060 4124 ,
2092 4075 2191 4113 nec
2215 4063 2494 4130 quosdam,
2540 4063 2632 4118 sed
2673 4063 2946 4120 iudelinite
2984 4069 3236 4138 posuit',
3279 4080 3333 4126 et
3369 4072 3472 4130 hoc

1891 4153 2183 4207 secundum
2236 4154 2578 4225 Evangelium
2626 4171 2683 4211 se
2725 4157 2921 4213 dixisse
2968 4162 3242 4230 respondit
3281 4182 3294 4218 :
3342 4181 3468 4221 vera

1881 4242 2097 4313 quidem
2140 4244 2403 4297 sententia
2445 4245 2732 4314 episcOpali
2764 4256 2846 4301 est
2887 4247 3197 4304 confirmata
3228 4252 3463 4323 judicio;

1880 4334 1974 4388 sed
2020 4335 2194 4388 adhuc
2236 4335 2362 4405 quid
2408 4337 2910 4406 sentiat’Pelagius
2953 4356 3058 4395 non
3101 4355 3360 4414 apparet,
3412 4358 3468 4404 et

1881 4437 2001 4496 post
2031 4425 2132 4480 hoc
2159 4426 2316 4479 etiam
2341 4427 2642 4498 episcopale
2673 4427 2930 4498 judicium
2955 4447 3060 4486 non
3083 4432 3419 4505 impudenter
3440 4438 3462 4471 ⁸

1880 4519 2181 4590 inquiritur.

1948 4609 2177 4666 CAPUT
2217 4607 2303 4664 lV.
2329 4607 2514 4665 -12.
2546 4609 2821 4681 Objectum
2853 4623 2936 4671 est
2967 4625 3022 4671 et
3056 4614 3185 4677 illud
3224 4617 3463 4696 Pelagio,

1879 4711 2127 4773 tanquam
2159 4705 2212 4759 in
2239 4718 2339 4759 suo
2356 4704 2490 4758 libro
2512 4705 2801 4775 scripserit,
2841 4725 2861 4760 (
2884 4705 3078 4766 Malum
3109 4729 3207 4769 nec
3234 4715 3284 4770 in
3313 4713 3462 4789 cogi-

1879 4798 2133 4852 tationem
2175 4797 2375 4853 venire.
2404 4817 2424 4851 δ
2472 4798 2764 4870 Respondit
2808 4809 3006 4869 autem,
3055 4805 3211 4864 «Hoc
3247 4827 3350 4867 non
3392 4815 3463 4870 ita

1876 4889 2186 4960 posuimus;
2217 4889 2309 4944 sed
2329 4889 2579 4956 diximus,
2607 4889 2803 4948 debere
2833 4895 3048 4952 studere
3076 4896 3460 4971 Christianum,

1879 4995 1949 5036 ne
1973 4981 2108 5035 male
2135 4981 2328 5051 cogitet
2353 4999 2366 5036 :
2396 5000 2415 5034 ι
2437 4981 2601 5053 quod,
2635 4983 2772 5037 sicut
2798 4983 2991 5049 decuit,
3020 4988 3253 5062 episcopi
3276 5005 3463 5064 appro-

1877 5071 2090 5130 barunt.
2122 5069 2252 5141 Quis
2276 5073 2417 5128 enim
2449 5073 2670 5141 dubitat,
2700 5075 2896 5130 malum
2925 5079 3143 5150 cogitari
3169 5099 3271 5138 non
3300 5100 3462 5156 apor-

1879 5164 2030 5220 tere?
2071 5164 2136 5218 Et
2173 5179 2356 5219 revera
2399 5167 2450 5219 in
2488 5164 2623 5220 libro
2651 5180 2749 5220 suo
2781 5168 2920 5238 quod
2958 5171 3052 5237 ait,
3089 5191 3108 5223 ‹
3133 5176 3328 5230 malum
3362 5194 3462 5236 nec

1877 5256 2120 5329 cogitari,
2149 5274 2170 5310 ι
2205 5257 2248 5312 si
2275 5257 2346 5312 ila
2375 5257 2580 5329 legitur,
2619 5275 2638 5310 ‹
2661 5273 2759 5315 nec
2796 5261 3131 5334 cogitandum
3171 5269 3405 5341 quidem,
3432 5291 3454 5327 ι

1941 5395 2015 5460 (a)
2047 5403 2206 5458 Forte,
2221 5393 2471 5460 judicans.

1923 5492 1961 5567 '1
2000 5501 2155 5565 vlgn.,
2181 5506 2396 5560 reponat.
2419 5507 2558 5567 Forte
2579 5499 2863 5567 legendum,
2891 5517 2972 5558 eos
2990 5512 3160 5567 portet.

1943 5564 2192 5634 finiam.
2240 5571 2301 5634 e_t_
2337 5567 2384 5614 lu
2427 5564 2556 5615 Vols.
2597 5564 2656 5616 et
2697 5564 3168 5634 Suarﬁlegebatur,
3224 5573 3313 5624 sed
3365 5587 3459 5628 nec

1877 5623 2316 5710 θυζείῗνξίίθνοδηίτ·
2635 5697 2798 5710 ,πη
2903 5623 2979 5710 ff.

1944 5691 1965 5722 ³
1991 5688 2156 5760 iidem
2191 5699 2292 5740 MSS.
2343 5695 2394 5739 et
2432 5688 2556 5764 Vols.
2602 5697 2654 5764 et
2684 5699 2815 5764 suam
2839 5727 2869 5764 λ
2897 5695 2987 5764 sed
3018 5695 3239 5764 adiutem
3269 5698 3458 5764 aliquid

1877 5727 2404 5813 εεητίὶὶί”’ἑέοιιὶἔ“ξρνῖ›”,
2575 5727 2789 5804 ιιὶὲηὲιῖρῖ
2801 5727 2987 5808 iulio-‘2'}?

1941 5813 1965 5846 δ
1979 5814 2068 5893 sic
2083 5813 2211 5866 vels.
2230 5821 2362 5866 suat.
2392 5820 2442 5865 et
2455 5820 2562 5865 Mss.
2597 5823 2652 5867 At
2687 5818 2981 5881 posteritnies
3002 5819 3260 5890 editiones,
3281 5823 3468 5893 supra
