3996 6500
561 382 665 440 397

559 497 661 553 hoc
702 495 921 568 intelligi
963 493 1098 551 solet
1113 492 1154 559 ί,
1187 492 1382 548 malum
1414 505 1512 546 nec
1540 490 1758 559 cogitari
1790 488 1984 542 debere
2024 489 2142 556 qui-

559 591 700 668 dem.
729 591 838 646 Hoc
865 598 1041 644 autem
1070 587 1158 656 qui
1189 594 1362 655 negat,
1384 585 1508 655 quid
1535 583 1676 638 aliud
1697 582 1844 649 dicit,
1865 597 2020 652 quam
2047 581 2144 634 tle-

559 682 686 737 bere
709 681 928 752 cogitari
959 679 1193 734 malum?
1219 678 1367 745 Quod
1391 678 1435 731 si
1463 691 1646 731 verum
1677 684 1838 740 esset,
1871 691 1975 728 non
1998 675 2144 728 dice-

559 784 707 829 retur
739 774 790 826 in
830 770 985 826 laude
1022 771 1314 836 charitatis,
1353 769 1476 824 Non
1514 770 1699 840 cogitat
1731 767 1921 820 malum
1952 767 1993 835 (Ι
2021 765 2142 823 Cor.

562 879 693 929 xm,
735 863 807 934 5)
857 861 1053 916 ιΝοιι²
1101 862 1283 917 venire
1308 881 1326 913 ι
1371 870 1549 916 tamen
1594 879 1614 912 ι
1639 860 1690 914 in
1723 858 2094 929 cogitationem
2119 877 2139 911 ι

558 955 823 1024 justorum
855 964 1014 1024 atque
1033 959 1360 1018 sanctorum,
1395 951 1512 1006 ideo
1540 966 1642 1005 non
1675 960 1779 1004 tam
1813 950 1976 1019 probe
1996 965 2143 1005 asse-

557 1047 711 1114 ritur,
740 1047 862 1117 quia
883 1046 1133 1116 cogitatio
1161 1045 1336 1098 vocari
1367 1044 1505 1098 solet
1523 1044 1682 1097 etiam
1713 1058 1834 1097 cum
1865 1042 2058 1112 aliquid
2091 1042 2144 1096 in

488 1143 502 1154 '
559 1147 792 1193 mentem
817 1137 984 1204 venit,
1011 1138 1112 1192 etsi
1141 1135 1423 1191 consensio
1445 1151 1554 1190 non
1579 1143 1851 1205 sequatur.
1886 1132 2144 1201 Cogitatio

559 1247 686 1287 vero
723 1248 838 1303 qua:
878 1231 1085 1301 culpam
1131 1231 1428 1296 contrahit,
1471 1238 1527 1286 et
1567 1230 1758 1284 merito
1801 1229 2140 1299 prohibetur,

559 1327 908 1380 consensione
931 1341 1034 1380 non
1057 1334 1222 1381 caret.
1252 1325 1430 1380 Potuit
1449 1340 1577 1395 ergo
1606 1324 1720 1378 ﬁeri
1753 1331 1810 1378 ut
1830 1322 2143 1378 mendosum

559 1416 796 1472 codicem
836 1417 1089 1487 legerent,
1124 1417 1213 1486 qui
1256 1417 1356 1471 hoc
1399 1416 1468 1470 ita
1508 1414 1862 1484 objiciendum
1903 1413 2144 1469 arbitrati

559 1516 702 1573 sunt,
731 1516 978 1577 tanquam
1008 1507 1250 1578 Pelagius
1273 1506 1488 1570 dixerit,
1532 1524 1550 1557 ι
1576 1505 1768 1559 Malum
1797 1520 1895 1560 nec
1924 1508 1975 1558 in
2002 1505 2146 1576 cogi-

560 1598 812 1653 tationem
846 1598 1028 1654 venire
1048 1641 1062 1664 ,
1091 1619 1109 1652 ι
1141 1598 1192 1654 id
1217 1607 1317 1665 est,
1340 1599 1497 1669 justis
1526 1607 1579 1653 et
1605 1598 1802 1652 sanctis
1829 1599 1881 1652 in
1907 1607 2140 1652 mentem

559 1707 663 1746 non
697 1693 878 1747 venire
908 1693 1049 1763 quod
1076 1694 1270 1748 malum
1307 1703 1408 1748 est.
1455 1693 1585 1761 Qua:
1614 1691 1875 1747 sententia
1904 1689 2146 1760 profecto

557 1781 936 1838 absurdissima
976 1793 1088 1848 est;
1139 1799 1261 1838 cum
1306 1784 1447 1838 enim
1493 1783 1628 1836 mala
1671 1781 2141 1853 reprehendimus,

559 1872 660 1928 nisi
684 1875 909 1943 cogitata
931 1875 1109 1930 verbis
1134 1875 1413 1929 enuntiare
1440 1889 1544 1928 non
1576 1889 1856 1943 possumus
1880 1891 1894 1928 :
1917 1874 2010 1928 sed
2033 1874 2142 1940 illa,

558 1972 618 2019 ut
645 1965 894 2034 diximus,
928 1968 1203 2037 culpabilis
1232 1967 1532 2037 appellatur
1564 1967 1818 2037 cogitatio
1850 1967 1996 2033 mali,
2026 1983 2144 2038 quae

515 2059 520 2068 ί
559 2059 966 2112 consensionem
996 2058 1176 2113 trahit.

630 2147 854 2204 CAPUT
893 2147 958 2204 V.
983 2150 1156 2203 —-t5.
1202 2147 1334 2204 Cum
1379 2163 1508 2219 ergo
1549 2155 1604 2203 et
1643 2147 1779 2203 hanc
1816 2149 2014 2219 Pelagii
2058 2165 2146 2205 re-

560 2241 901 2311 Sponsionem
922 2239 1130 2309 judices
1147 2239 1552 2308 approbassent,
1574 2239 1851 2293 recitatum
1878 2249 1960 2295 est
1977 2240 2140 2308 aliud,

558 2330 698 2402 quod
726 2331 777 2384 in
805 2345 902 2385 suo
929 2330 1107 2385 libello
1127 2330 1360 2399 scripsit,
1397 2349 1415 2382 ι
1444 2330 1680 2400 Regnum
1707 2331 1960 2385 malorum
1985 2332 2142 2387 etiam

559 2421 612 2478 in
637 2423 816 2478 Veteri
836 2422 1174 2477 Testamento
1193 2423 1562 2492 promissum.»
1594 2421 1675 2476 Ad
1700 2423 1838 2492 quod
1867 2422 2142 2492 Pelagius:

453 2533 464 2543 ·
503 2521 506 2524 ’
565 2534 584 2568 ι
604 2515 715 2571 Hoc
741 2526 793 2572 et
820 2532 912 2586 per
940 2515 1238 2586 Scripturas
1261 2515 1470 2586 probari
1495 2515 1745 2585 possibile
1769 2524 1886 2570 est:
1909 2515 2144 2571 ha'retici

564 2619 740 2666 autem
785 2611 837 2664 in
864 2610 1110 2679 injuriam
1149 2609 1356 2664 Veteris
1393 2607 1757 2674 Testamenti,
1791 2608 1891 2662 hoc
1927 2614 2140 2678 negant.

562 2703 672 2770 Ego
708 2717 837 2756 vero
884 2701 1275 2771 Scripturarum
1327 2701 1698 2755 auctoritatem
1749 2709 1962 2754 secutus
2011 2700 2142 2767 dixi,

559 2790 806 2866 quoniam
837 2797 888 2850 in
921 2795 1177 2865 propheta
1221 2795 1436 2848 Daniele
1478 2794 1734 2863 scriptum
1770 2802 1872 2856 est,
1902 2790 1966 2844 Et
2007 2792 2143 2844 acci-

561 2887 692 2954 pient
722 2886 881 2939 sancti
901 2902 1111 2956 regnum
1137 2885 1409 2938 Altissimii
1442 2883 1600 2956 (Dan.
1632 2899 1724 2949 vn,
1750 2881 1861 2954 18).
1889 2881 2000 2948 Qua
2029 2882 2146 2952 ejus

559 2985 775 3047 accepta
799 2976 1165 3044 responsione,
1195 2973 1444 3046 Synodus
1471 2974 1620 3038 dixit,
1651 2992 1669 3025 ι
1695 2973 1876 3044 Neque
1898 2972 2000 3028 hoc
2018 2973 2144 3029 alie-

562 3081 686 3120 num
715 3077 796 3120 est
823 3081 853 3119 a
885 3066 985 3121 tide
1014 3065 1392 3120 ecclesiastica.
1417 3083 1436 3116 ι

641 3157 724 3211 Η.
754 3155 1140 3226 Numquidnam
1165 3172 1291 3226 ergo
1314 3155 1502 3220 fratres
1527 3163 1758 3222 nostros,
1778 3163 1836 3210 ut
1861 3155 2018 3210 etiam
2042 3155 2146 3211 hoc

563 3252 699 3303 inter
730 3257 921 3303 caetera
955 3248 1248 3318 objiccrent
1267 3291 1282 3315 ,
1318 3250 1432 3303 sine
1457 3263 1616 3302 causa
1641 3247 1800 3302 verba
1829 3247 1942 3302 ista‘
1960 3263 2143 3304 move-

560 3338 720 3394 runt?
773 3337 889 3392 Non
945 3342 1126 3408 utique
1157 3359 1168 3393 :
1199 3339 1296 3394 sed
1343 3339 1547 3394 Veteris
1576 3339 1904 3394 Testamenti
1946 3355 2142 3396 nomen

563 3430 734 3484 modis
754 3431 960 3485 duobus
987 3431 1088 3485 dici
1116 3430 1272 3497 solet,
1305 3447 1408 3485 uno
1435 3431 1594 3485 modo
1622 3431 1914 3485 secundum
1939 3430 2143 3485 divina-

562 3535 678 3575 rum
716 3523 1104 3594 Scriptutarum
1146 3525 1545 3590 auctoritatem,
1591 3525 1694 3578 alio
1728 3524 2018 3579 secundum
2058 3526 2142 3580 lo-

560 3615 752 3684 quenda
777 3616 1188 3683 vulgatissimam
1208 3616 1665 3671 consuetudinem.
1697 3616 1892 3670 Paulus
1912 3633 2142 3688 namque

557 3717 828 3770 apostotus
872 3707 998 3762 dicit
1035 3707 1103 3761 ad
1143 3707 1357 3763 Galatas
1388 3725 1400 3760 :
1429 3707 1594 3762 Dicite
1635 3709 1778 3774 mihi,
1823 3709 2012 3779 inquit,
2052 3710 2141 3764 sub

560 3806 664 3869 lege
704 3800 918 3853 volentes
957 3816 1091 3866 esse,
1141 3801 1299 3870 legem
1342 3817 1442 3854 non
1480 3802 1730 3855 audistis?
1770 3801 2028 3872 Scriptum
2069 3814 2143 3858 est

557 3893 690 3944 enim
709 3892 842 3960 quod
858 3891 1110 3944 Abraham
1130 3893 1255 3946 duos
1281 3892 1416 3961 ﬁlios
1441 3892 1630 3957 habuit,
1658 3909 1814 3945 unum
1844 3896 1904 3946 de
1930 3895 2138 3963 ancilla,

559 3985 774 4038 alterum
812 3986 873 4039 de
911 3986 1067 4040 libera
1098 4003 1117 4040 :
1139 4002 1251 4056 qua:
1285 3995 1401 4039 sunt
1439 3987 1493 4039 in
1521 3984 1763 4055 allegoria
1781 3986 1821 4039 ⁸.
1859 3986 1981 4040 Hice
2012 3989 2143 4041 enim

559 4087 677 4133 sunt
702 4079 803 4133 duo
828 4077 1183 4144 Testamenta;
1223 4095 1378 4132 unum
1418 4077 1618 4148 quidem
1647 4078 1699 4131 in
1727 4078 2012 4132 servitutem
2051 4094 2142 4148 ge-

557 4191 758 4238 nerans,
786 4173 919 4244 quod
957 4182 1028 4228 est
1066 4172 1222 4242 Agar.
1263 4172 1391 4227 Sina
1417 4188 1558 4224 mons
1597 4179 1667 4224 est
1707 4171 1759 4224 in
1795 4170 2000 4233 Arabia,
2031 4187 2144 4240 quae

557 4267 827 4335 conjuncta
866 4274 937 4319 est
975 4265 1019 4318 ei
1053 4281 1164 4334 qua:
1200 4280 1332 4317 nunc
1365 4271 1437 4316 est
1474 4261 1790 4325 Jerusalem;
1824 4263 1972 4316 servit
2010 4262 2143 4316 enim

554 4375 670 4412 cum
695 4358 817 4428 ﬁliis
844 4357 950 4412 suis
973 4372 993 4410 :
1018 4373 1132 4428 qua:
1158 4365 1323 4409 autent
1352 4371 1550 4408 sursum
1574 4363 1644 4406 est
1661 4353 1966 4416 Jerusalem,
1987 4353 2142 4406 libera

554 4463 646 4519 est,
664 4468 776 4522 qtae
789 4462 862 4506 est
882 4461 1040 4506 mater
1059 4461 1252 4505 nostra.
1269 4448 1401 4504 Cum
1417 4464 1544 4519 ergo
1562 4448 1725 4503 Vetus
1741 4447 2140 4502 Testamentum

553 4546 622 4602 ad
647 4547 956 4601 servitutem
989 4546 1269 4614 pertineat,
1301 4543 1442 4598 unde
1469 4544 1626 4597 etiam
1648 4541 1844 4596 dictum
1867 4549 1967 4605 est,
1995 4538 2143 4610 Ejice

553 4638 792 4694 ancillam
819 4637 864 4692 et
892 4639 1055 4707 ﬁlium
1091 4638 1222 4708 ejus,
1249 4653 1348 4690 non
1385 4635 1516 4689 enim
1554 4634 1710 4688 hwres
1744 4635 1836 4685 erit
1875 4633 2014 4700 ﬁlius
2041 4647 2140 4685 an-

553 4732 686 4788 cilla:
709 4749 822 4786 cum
849 4732 955 4800 [ilio
980 4747 1086 4784 meo
1115 4728 1264 4783 Isaac
1295 4726 1501 4800 (Galat.
1533 4741 1606 4793 tv,
1637 4721 1846 4796 21-50)
1872 4739 1885 4789 ;
1918 4739 2138 4793 regnum

552 4836 728 4881 autem
768 4825 1025 4880 caelorum
1062 4822 1128 4877 ad
1169 4821 1464 4875 libertatem
1501 4837 1514 4872 :
1546 4815 1812 4888 quomodo
1853 4815 2011 4870 etiam
2055 4829 2142 4868 re-

551 4937 714 4994 gnum
745 4921 1003 4975 caelorum
1039 4916 1104 4972 ad
1133 4915 1298 4970 Vetus
1320 4913 1550 4986 pertinet
1577 4907 2012 4966 Testamentum?
2033 4907 2140 4963 Sed

552 5015 821 5086 quoniam,
853 5022 910 5066 ut
951 5009 1080 5073 dixi,
1109 5009 1268 5065 etiam
1311 5007 1389 5062 sic
1424 5005 1656 5060 solemus
1692 5003 1854 5074 loqui,
1893 5010 1952 5056 ut
1998 5000 2141 5056 Scri-

551 5117 734 5182 pturas
757 5121 942 5160 omnes
969 5104 1125 5176 Legis
1153 5113 1206 5159 et
1236 5101 1643 5172 Pr0phetarum,
1675 5115 1793 5169 quae
1818 5106 1941 5152 ante
1966 5097 2139 5150 incar-

615 5223 632 5252 ι
668 5226 816 5271 locus
838 5221 932 5269 iste
954 5218 1317 5267 amanuensium
1339 5212 1601 5279 vitio__ltede
1621 5217 1881 5279 corruptus
1900 5210 1950 5257 in
1972 5220 2139 5279 manu-

549 5285 741 5342 scriptis
763 5283 833 5332 sic
855 5280 1092 5342 habebat:
1119 5285 1358 5342 Etgrevcra
1379 5274 1431 5342 in
1449 5274 1570 5342 libro
1589 5287 1675 5342 suo
1696 5271 1979 5342 adjinalam
1999 5271 2138 5342 cuius

549 5298 641 5334 801⁸1
665 5298 741 5334 ιῑιε
763 5298 833 5332 SIC
857 5298 1063 5330 υᾶυθιεὶιι
1081 5298 1092 5328 Ζ
1119 5298 1172 5328 ιιι
1191 5298 1358 5328 Τευιτιι
1379 5298 1430 5326 ιη
1449 5298 1570 5326 ιιυῑυ
1589 5298 1675 5323 auo
1696 5298 1758 5322 uu
1786 5298 1965 5321 "tum!"
1999 5298 2138 5331 τριυηο

549 5344 616 5396 ita
638 5298 832 5411 legitur,
855 5339 1290 5411 neccogitandttm,
1307 5340 1431 5403 quod
1455 5339 1512 5411 in.
1528 5332 1845 5411 hac‘i'tteltigi
1866 5332 2002 5411 solet.

549 5391 854 5458 iniiinii}:
874 5391 1151 5455 \elser'iana
1172 5391 1404 5459 editione,
1427 5401 1514 5450 sed
1538 5407 1723 5449 tantum
1750 5391 1850 5459 pro,
1879 5396 1944 5443 art
1959 5391 2139 5459 malum

549 5454 728 5534 Ξὶᾱξιῖῑ
738 5454 782 5530 ᾗ
807 5454 956 5532 pesita
981 5466 1141 5534 fuerat
1161 5465 1218 5513 ad
1239 5477 1373 5534 oram
1393 5454 1505 5534 libri
1528 5454 1824 5534 conjectura,
1844 5454 2138 5534 sedamis-

555 5551 578 5578 α
601 5521 737 5582 ἲιίειιίι
758 5521 818 5580 :i
857 5541 1002 5588 quam
1026 5527 1158 5577 nullo
1189 5525 1487 5588 suffragante
1513 5521 1670 5588 veteri
1693 5521 1862 5570 codice
1901 5521 2138 5588 posterio-

547 5580 634 5645 res
647 5580 845 5658 quidam
869 5580 1012 5654 hujus
1035 5590 1145 5640 libri
1176 5580 1390 5638 editoré's
1425 5594 1613 5636 temere
1637 5584 1688 5632 in
1712 5589 1902 5632 textum
1934 5580 2140 5630 induxe-

548 5665 748 5768 nu'uittic
765 5697 956 5776 deerat,
981 5727 1091 5765 non.
1137 5720 1190 5763 Et
1210 5713 1331 5762 infra
1356 5725 1462 5822 pro,
1483 5707 1596 5763 ideo
1615 5720 1706 5758 non
1729 5713 1854 5765 tam,
1880 5704 2139 5769 legebatur

550 5783 698 5822 m-ima
744 5790 836 5822 nm
859 5787 1020 5822 notum
1048 5791 1064 5822 :
1088 5777 1344 5822 manifesto
1385 5775 1667 5822 ibrariorum
1691 5770 1844 5822 lapsu.

550 5783 699 5844 prius,
734 5790 836 5844 [leo
859 5770 1020 5830 notum
1047 5791 1064 5827 :
1088 5770 1667 5844 manifesto-librariorum
1691 5770 1844 5840 lapsu.

553 5834 869 5954 ὠει
886 5850 1159 5906 Suar.,quaz
1175 5843 1284 5892 sunt
1304 5834 1557 5902 allegoria;
1573 5835 1766 5906 omisso,
1783 5834 1850 5884 in.
1873 5837 2012 5910 Forte
2030 5842 2135 5896 pro,

1594 373 1682 430 DE
1721 371 1960 430 GESTIS
1997 371 2287 439 PELAGII,
2327 372 2384 428 S.
2427 373 2792 432 AUGUSTINI

3723 373 3833 433 328

2255 490 2521 544 nationem
2572 491 2778 545 Domini
2825 492 3154 556 ministrata},
3210 492 3523 549 auctoritate
3573 489 3829 549 canonica

2251 582 2625 646 continentur,
2683 583 2895 637 nomine
2937 583 3262 638 Testamenti
3304 583 3515 639 Veteris
3555 599 3829 656 nuncupeo

2251 689 2398 740 mus;
2439 677 2557 745 quis
2596 676 2966 730 ecclesiasticis
3005 676 3195 730 litteris
3225 677 3304 730 vel
3344 677 3680 731 mediocriter
3703 691 3824 732 eru«

2251 765 2393 821 ditus
2418 768 2658 837 ignorat,
2687 769 2754 822 ita
2779 767 3068 838 Scripturis
3093 768 3198 822 illis
3225 768 3459 838 promitti
3484 769 3718 838 potuisse
3741 783 3834 823 re-

2252 873 2413 929 gnum
2439 859 2717 927 caelorum,
2760 860 2896 914 sicut
2936 860 3095 913 etiam
3139 859 3270 913 illud
3299 858 3699 914 Testamentum
3720 858 3830 914 No-

2253 967 2396 1014 vum,
2425 951 2491 1005 ad
2517 951 2656 1021 quod
2685 952 2913 1022 pertinet
2941 966 3163 1022 regnum
3189 952 3478 1007 caelorum?
3505 952 3663 1008 Certe
3689 953 3831 1006 enim

2250 1041 2304 1096 in
2345 1041 2448 1096 illis
2487 1041 2697 1097 Litteris
2741 1043 3073 1113 apertissime
3111 1042 3366 1114 scriptum
3403 1051 3486 1098 est
3518 1061 3533 1098 :
3561 1042 3694 1098 Ecce
3728 1041 3835 1096 dies

2249 1136 2470 1199 veniunt,
2497 1136 2616 1188 dicit
2644 1134 2919 1204 Dominus,
2948 1145 2994 1189 et
3022 1135 3378 1190 consummabo
3396 1136 3569 1189 domui
3595 1133 3762 1190 Israel
3784 1141 3834 1187 et

2250 1224 2422 1278 domui
2445 1224 2604 1278 Iacob
2644 1225 3010 1279 Testamentum
3043 1225 3264 1292 Novum,
3297 1241 3398 1279 non
3430 1227 3706 1280 secundum
3735 1223 3835 1277 Τεσ-

2250 1326 2547 1371 stamentum
2571 1317 2704 1386 quod
2733 1301 2957 1388 disposui
2983 1319 3210 1387 patribus
3233 1333 3428 1382 eorum,
3449 1317 3504 1371 in
3523 1315 3605 1370 die
3623 1331 3721 1386 qua
3739 1332 3834 1384 ap-

2251 1409 2491 1481 prehendi
2517 1426 2720 1462 manum
2749 1425 2939 1473 eorum,
2967 1418 3022 1462 ut
3048 1409 3306 1463 educerem
3329 1425 3411 1462 eos
3431 1409 3495 1462 de
3509 1418 3644 1462 terra
3659 1405 3834 1479 Egy-

2251 1500 2324 1570 pti
2369 1498 2595 1571 (Jerem.
2623 1516 2766 1566 xxxx,
2797 1501 2884 1565 3|,
2914 1501 3037 1569 52).
3083 1500 3194 1554 Hoc
3235 1501 3376 1554 enim
3420 1499 3616 1554 factum
3663 1508 3746 1553 est
3778 1499 3835 1553 in

2250 1599 2432 1646 monte
2473 1592 2620 1647 Sina.
2671 1591 2818 1646 Tunc
2855 1601 3035 1646 autem
3077 1591 3259 1646 Daniel
3299 1591 3560 1660 propheta
3598 1589 3836 1645 nondum

2250 1694 2367 1740 erat
2399 1685 2489 1756 qui
2526 1685 2784 1750 dixerat',
2823 1685 3076 1755 Accipient
3111 1685 3277 1738 sancti
3315 1699 3524 1755 regnum
3569 1681 3836 1737 ditissimi.

2251 1777 2346 1833 llis
2365 1779 2506 1833 enim
2546 1779 2720 1834 verbis
2743 1780 3041 1849 praemium,
3066 1794 3171 1833 non
3197 1778 3426 1846 Veteris,
3457 1777 3550 1833 sed
3577 1777 3708 1833 Novi
3729 1775 3838 1833 Te-

2250 1871 2494 1925 stamenti
2536 1869 2885 1940 pr0phetabat
2914 1888 2926 1924 :
2959 1873 3095 1925 sicut
3128 1871 3300 1940 ipsum
3339 1869 3609 1924 Christum
3650 1878 3840 1924 ventu-

2250 1978 2369 2018 rum
2406 1962 2564 2016 iidem
2603 1962 2884 2032 PrOphetze
2921 1963 3360 2033 praenuntiarunt,
3393 1963 3545 2032 cujus
3577 1962 3840 2032 sanguine

2248 2055 2547 2110 dedicatum
2565 2063 2647 2108 est
2665 2054 3058 2109 Testamentum
3075 2053 3282 2109 Novum
3309 2072 3322 2109 :
3341 2053 3494 2124 cujus
3506 2053 3842 2108 Testamenti

2249 2148 2476 2204 ministri
2506 2149 2744 2217 Apostoli
2769 2147 2891 2202 lacti
2912 2157 3056 2214 sunt,
3076 2147 3286 2202 dicente
3312 2147 3620 2201 beatissimo
3646 2146 3838 2211 Paulo,

2207 2303 2209 2305 ι
2253 2240 2354 2307 Qui
2386 2249 2430 2292 et
2455 2239 2660 2293 idoneos
2686 2255 2776 2293 nos
2802 2239 2918 2310 fecit
2944 2238 3196 2292 ministros
3221 2236 3357 2291 Novi
3382 2235 3700 2302 Testamenti,
3735 2253 3842 2290 non

2203 2359 2213 2365 -
2251 2333 2435 2398 littera,
2462 2333 2549 2386 sed
2579 2332 2780 2400 spiritu.
2821 2330 3014 2384 Littera
3040 2331 3173 2385 enim
3200 2330 3405 2394 occidit,
3437 2329 3644 2398 spiritus
3669 2339 3842 2382 autem

2249 2426 2466 2493 viviﬁcat
2495 2425 2562 2493 (ll
2591 2424 2707 2479 Cor.
2733 2441 2806 2488 ιιι,
2832 2425 2911 2495 6).
2959 2422 3016 2478 In
3047 2424 3139 2478 illo
3165 2439 3292 2478 vero
3321 2423 3664 2478 Testamento
3686 2422 3837 2493 quod

2250 2518 2463 2587 proprie
2489 2525 2638 2571 vetus
2681 2517 2895 2582 dicitur,
2925 2523 2980 2571 et
3025 2515 3206 2570 datum
3246 2524 3328 2570 est
3374 2515 3428 2569 in
3465 2523 3644 2568 monte
3683 2513 3842 2581 Sina,

2250 2624 2356 2664 non
2398 2609 2666 2664 invenitur
2703 2609 2939 2679 promitti
2973 2609 3326 2678 apertissime,
3351 2607 3451 2662 nisi
3480 2616 3688 2662 terrena
3715 2605 3844 2662 feli-

2249 2704 2401 2757 citas.
2434 2702 2583 2758 Unde
2608 2701 2695 2756 illa
2720 2712 2878 2767 terra,
2902 2717 3008 2772 quo
3037 2711 3119 2756 est
3148 2701 3370 2771 populus
3399 2699 3756 2768 introductus,
3786 2709 3842 2756 et

2250 2809 2345 2864 per
2387 2809 2626 2848 eremum
2665 2793 2874 2858 ductus,
2920 2802 3058 2848 terra
3098 2791 3466 2862 promissionis
3494 2800 3746 2858 vocatur;
3786 2791 3844 2846 in

2249 2901 2351 2957 qua
2380 2880 2480 2955 pax
2506 2893 2560 2939 et
2589 2900 2828 2954 regnum,
2852 2894 2906 2939 et
2932 2884 3000 2938 ab
3029 2884 3254 2938 inimicis
3281 2883 3620 2937 victoriarum
3651 2897 3845 2953 repor-

2249 2978 2400 3042 talio,
2421 2987 2473 3032 et
2495 2975 2814 3030 abundantia
2841 2975 3066 3030 ﬁliorum
3093 2990 3155 3029 ac
3182 2975 3446 3029 fructuum
3477 2983 3843 3042 terrenorum,

2247 3077 2302 3124 et
2321 3069 2364 3121 si
2385 3084 2486 3139 qua
2511 3067 2832 3138 hujusmodi,
2852 3067 2965 3122 haec
2997 3076 3120 3120 sunt
3143 3067 3398 3136 promissa
3419 3066 3629 3122 Veteris
3652 3065 3847 3120 Testa—

2250 3162 2452 3216 menti:
2484 3161 2677 3232 quibus
2711 3162 2812 3216 etsi
2850 3161 3143 3230 ﬁgurantur
3178 3159 3244 3213 ad
3289 3158 3494 3214 Novum
3524 3159 3849 3214 Testamen-

2248 3262 2358 3308 tum
2380 3255 2697 3326 pertinentia
2720 3255 3030 3323 spiritualia,
3053 3243 3340 3330 tamenqui
3370 3263 3586 3324 propter
3610 3253 3705 3306 illa
3736 3261 3849 3329 ter-

2247 3361 2376 3401 rena
2415 3347 2635 3416 suscipit
2677 3347 2844 3416 legem
2874 3345 2999 3411 Dei,
3033 3347 3145 3415 ipse
3174 3354 3256 3400 est
3281 3345 3453 3399 hzeres
3477 3344 3690 3399 Veteris
3732 3343 3848 3399 Te-

2249 3441 2516 3496 stamenti.
2561 3439 2638 3493 Ea
2676 3441 2870 3510 quippe
2913 3438 3208 3494 secundum
3233 3438 3395 3492 Vetus
3433 3437 3846 3492 Testamentum

2248 3535 2628 3604 promittuntur
2653 3542 2810 3601 atque
2841 3533 3160 3595 tribuuntur,
3189 3546 3308 3602 quae.
3333 3530 3626 3585 secundum
3654 3529 3845 3583 homi-

2247 3641 2368 3680 nem
2394 3634 2627 3678 vetcrem
2655 3624 3120 3693 concupiscuntur.
3155 3622 3284 3690 Quae
3311 3631 3490 3677 autem
3510 3621 3619 3676 illic
3640 3621 3711 3675 ad
3736 3620 3851 3676 No-

2245 3732 2370 3771 vum
2404 3715 2800 3777 Testamentum
2837 3715 3154 3786 pertinentia
3191 3714 3503 3784 ﬁgurantur,
3535 3727 3706 3767 novos
3740 3713 3851 3768 ho-

2247 3811 2419 3865 mines
2439 3818 2705 3879 quaerunt.
2727 3808 2909 3878 Neque
2936 3807 3362 3862 nesciebatenim
3384 3806 3507 3876 quid
3531 3806 3852 3874 loqueretur

2249 3912 2428 3958 tantus
2466 3903 2771 3972 Apostolus,
2803 3905 2890 3972 qui
2927 3901 3031 3955 duo
3075 3900 3416 3955 Testamenta
3457 3899 3511 3952 in
3550 3897 3747 3952 ancilla
3792 3907 3853 3952 et

2247 3996 2438 4061 libera,
2470 3995 2752 4066 allegorica
2783 3993 3164 4064 significatione
3187 3991 3434 4046 distincta
3458 4003 3577 4044 esse
3602 3989 3850 4053 dicebat,

2246 4089 2414 4143 veteri
2462 4088 2599 4143 ﬁlios
2641 4091 2844 4152 carnis,
2893 4101 3031 4141 novo
3076 4086 3214 4140 ﬁlios
3259 4083 3626 4156 promissionis
3677 4084 3852 4136 attri-

2245 4169 2460 4234 buens':
2497 4176 2618 4232 Non
2659 4179 2743 4249 qni
2782 4178 2878 4247 ﬁlii
2918 4183 3104 4241 carnis,
3139 4176 3325 4246 inquit,
3357 4175 3409 4228 hi
3452 4175 3545 4244 ﬁlii
3589 4172 3721 4237 Dei;
3756 4175 3857 4227 sed

2246 4271 2342 4341 ﬁlii
2383 4270 2729 4341 promissionis
2769 4269 3076 4338 deputantur
3111 4269 3165 4321 in
3210 4283 3376 4322 semen
3403 4264 3594 4337 (Rom.
3632 4280 3710 4326 Ix,
3746 4261 3854 4335 8).

2245 4363 2365 4418 Filii
2411 4379 2538 4433 ergo
2575 4362 2752 4418 carnis
2792 4362 3059 4430 pertinent
3092 4360 3157 4414 ad
3199 4370 3463 4415 terrenam
3503 4357 3854 4426 Jerusalem,

2246 4470 2364 4525 qua:
2385 4454 2553 4508 servit
2575 4469 2697 4507 cum
2720 4452 2840 4507 ﬁliis
2869 4453 2979 4507 suis
3013 4470 3026 4505 :
3057 4451 3146 4505 lilii
3172 4459 3347 4505 autem
3376 4450 3755 4520 promissionis
3779 4450 3856 4505 ad

2245 4565 2362 4605 eam
2409 4563 2526 4618 qua:
2572 4562 2783 4602 sursum
2827 4555 2930 4612 est,
2970 4535 3190 4600 liberam
3228 4552 3451 4598 matrem
3499 4552 3746 4597 nostram
3797 4543 3859 4598 in

2246 4643 2396 4698 caelis
2420 4651 2693 4696 aeternam.
2745 4639 2891 4695 Unde
2915 4639 3230 4708 perspicitur
3259 4637 3347 4706 qui
3371 4636 3438 4689 ad
3467 4650 3688 4704 regnum
3725 4644 3859 4690 ter-

2245 4751 2453 4799 renum,
2486 4746 2540 4789 et
2565 4733 2653 4802 qui
2683 4733 2983 4804 pertineant
3007 4730 3071 4783 ad
3106 4743 3324 4798 regnum
3353 4727 3632 4782 caelorum.
3670 4726 3862 4782 Istam

2244 4826 2637 4884 distinctionem
2670 4825 2756 4894 qui
2783 4824 2941 4877 etiam
2970 4822 3060 4875 illo
3088 4829 3324 4888 tempore
3355 4833 3448 4889 per
3482 4818 3574 4873 Dei
3608 4819 3862 4886 gratiam

2245 4920 2630 4990 intelligentes,
2657 4916 2750 4969 ﬁlii
2780 4913 3149 4984 promissionis
3179 4899 3350 4966 eﬁ'eéti
3382 4918 3542 4975 sunt,
3571 4908 3709 4963 Novi
3743 4909 3864 4966 Te-

2245 5010 2493 5068 stamenti
2543 5007 2786 5061 haeredes
2836 5006 2886 5058 in
2933 5005 3141 5058 occulto
3193 5003 3286 5056 Dei
3333 5000 3556 5055 consilio
3595 4999 3866 5068 deputati

2245 5113 2397 5170 sunt,
2426 5101 2634 5158 etiamsi
2664 5099 2826 5153 Vetus
2846 5098 3246 5152 Testamentum
3274 5109 3368 5164 per
3393 5103 3695 5162 temporum
3728 5092 3864 5149 dis-

2244 5193 2620 5252 tributioncm'
2649 5191 2901 5245 divinitus
2927 5188 3108 5243 datum
3132 5185 3328 5256 populo
3345 5183 3508 5238 veteri
3535 5197 3868 5252 congrue“-

2245 5301 2325 5346 ter
2349 5287 2798 5343 ministraverunt.
3096 5289 3100 5292 '

2316 5382 2402 5437 15.
2436 5377 2714 5446 Quomodo
2742 5389 2869 5442 ergo
2897 5387 3004 5428 non
3031 5372 3222 5426 merito
3251 5373 3728 5424 commoverentur
3760 5368 3874 5424 ﬁlii

2245 5469 2633 5546 promissionis,
2668 5467 2760 5520 ﬁlii
2789 5465 2967 5519 libera:
2991 5462 3285 5518 Jerusalem
3322 5461 3373 5514 in
3403 5459 3556 5514 coeli;
3590 5467 3869 5528 aeternae,
3894 5462 3911 5503 ⁸

2245 5584 2366 5623 cum
2407 5568 2504 5620 ista
2539 5563 2790 5618 discretio
2828 5559 3119 5630 apostolica
3153 5565 3312 5627 atque
3339 5554 3603 5610 catholica
3629 5553 3874 5626 Pelagii

2244 5661 2421 5717 verbis
2451 5658 2720 5713 videretur
2743 5651 2962 5718 auferri,
2989 5660 3045 5706 et
3072 5651 3212 5722 Agar
3235 5647 3466 5720 quodam
3497 5645 3660 5702 modo
3686 5645 3880 5706 Sam

2310 5822 2328 5854 ι
2361 5827 2518 5875 Forte.
2539 5816 2738 5868 diceret.

2308 5885 2331 5916 ³
2360 5873 2514 5933 ωιιῶ
2532 5889 2689 5943 Suar.,
2711 5889 2801 5944 pro
2815 5881 3081 5942 temporum
3100 5873 3448 5926 distributione.
