3996 6490
173 489 490 548 crederetur
515 491 764 562 aquari?
792 491 887 548 Ille
906 491 1061 562 igitur
1081 489 1326 546 haeretica
1353 489 1620 562 impietate
1641 488 1774 544 scri-

173 594 353 654 ptura:
374 582 590 639 Veteris
619 585 952 641 Tcstamcnti
987 583 1110 640 facit
1146 585 1411 654 injuriatn,
1443 584 1531 654 qtti
1564 598 1680 637 eam
1709 598 1773 637 ex

175 679 282 731 Deo
309 678 477 742 bono,
501 692 722 732 summo
750 687 804 734 ct
830 693 974 738 vero.
1005 677 1177 732 fronte
1197 678 1470 746 sacrilega:
1492 677 1776 746 impietatis

173 779 345 839 negat
373 789 386 822 :
409 769 544 824 sicut
571 769 834 836 Marcion,
863 771 999 826 sicut
1025 770 1366 837 Manichacus,
1388 780 1443 824 et
1468 769 1512 824 si
1534 785 1652 838 quae
1674 769 1773 821 alia

173 861 360 928 pestis
389 859 488 913 hoc
511 860 691 915 sentit.
724 861 1078 932 Quapropter,
1108 869 1164 913 ut
1189 861 1256 914 de
1283 861 1381 916 bac
1407 876 1465 915 re
1486 859 1623 928 quod
1650 875 1775 914 scn-

174 952 270 1015 Iio,
315 969 429 1021 qua
471 967 686 1022 possunt
732 949 993 1008 brevitate
1031 955 1356 1023 complectar
1387 973 1401 1009 :
1433 955 1570 1008 sicut
1601 953 1774 1009 Veteri

171 1044 558 1110 Testamento,
588 1045 633 1100 si
664 1061 784 1102 esse
818 1064 882 1102 ex
920 1048 1026 1101 Deo
1053 1046 1192 1101 bono
1214 1055 1268 1101 ct
1287 1061 1496 1102 summo
1520 1055 1773 1117 negetur;

173 1139 238 1191 ita
275 1147 346 1192 et
376 1137 521 1194 Novo
546 1139 603 1192 fit
624 1138 836 1208 injuria,
860 1141 902 1192 si
922 1139 1081 1194 veteri
1108 1150 1365 1209 a‘quctur.
1395 1139 1498 1194 Sed
1531 1155 1649 1192 cttnt
1682 1139 1779 1193 Pe-

174 1229 365 1299 lagius
389 1229 768 1298 respondisti,
787 1245 888 1284 cur
905 1231 1062 1285 etiam
1086 1230 1279 1285 dixerit
1304 1231 1355 1285 in
1384 1229 1571 1284 Vetere
1591 1229 1776 1283 Testa-

175 1334 382 1375 mento
407 1322 641 1392 promitti
673 1337 892 1392 regnum
918 1324 1171 1378 cmlorttm
1196 1362 1210 1386 ,
1246 1321 1474 1376 Danielis
1507 1320 1778 1390 propheta:

175 1426 627 1468 cottimetttorans
666 1415 1046 1480 testimonium,
1081 1414 1168 1482 qui
1211 1423 1425 1467 sanctos
1462 1425 1778 1482 accepturos

179 1518 422 1573 regnum
459 1503 734 1569 Altissiuti,
760 1504 1096 1572 apertissime
1133 1503 1486 1573 propltetavit,
1519 1520 1622 1556 non
1660 1519 1780 1558 esse

180 1595 284 1650 hoc
331 1595 575 1648 alienum
603 1611 631 1647 a
663 1593 766 1649 fide
796 1594 1076 1658 Catholica,
1109 1594 1298 1648 merito
1326 1593 1618 1663 iudicatum
1651 1605 1730 1648 est
1763 1611 1776 1647 :

184 1703 299 1740 non
362 1685 657 1740 secundum
699 1685 841 1739 illaut
884 1684 1275 1739 distinctionem
1301 1725 1317 1750 ,
1357 1699 1457 1753 qua
1503 1684 1554 1738 in
1600 1695 1780 1741 monte

180 1777 314 1832 Sina
349 1779 616 1847 promissa
639 1786 846 1831 terrena
872 1777 938 1831 ad
966 1776 1126 1831 Vetus
1147 1776 1544 1830 Testamentum
1569 1778 1782 1848 proprie

183 1871 473 1940 pertinere
510 1880 902 1933 monstrantur;
947 1885 1045 1924 nec
1081 1879 1254 1924 tamen
1296 1870 1555 1939 improbe,
1586 1885 1782 1924 secun-

183 1963 319 2015 dum
383 1967 520 2016 hanc
571 1962 817 2031 loquendi
861 1961 1320 2028 consuetudinem,
1365 1978 1469 2033 qna
1522 1961 1784 2018 universa:

185 2053 496 2122 Scriptura:
519 2055 790 2108 canonica:
828 2062 950 2128 ante
986 2053 1401 2108 incarnationem
1443 2053 1649 2107 Domini
1682 2053 1781 2106 mi-

190 2145 446 2197 nisti-ala:
493 2143 690 2198 Veteris
729 2143 1051 2200 Testantcnti
1081 2144 1436 2213 appellatione
1477 2155 1780 2200 censentur.

188 2237 310 2293 Non
343 2237 496 2292 enim
523 2236 661 2290 aliud
689 2245 770 2291 cst
795 2252 1016 2306 regnum
1041 2236 1335 2302 Altissinti,
1367 2251 1524 2306 quam
1569 2236 1658 2290 Dei
1697 2251 1784 2291 re-

186 2344 394 2400 gnum;
423 2338 516 2380 aut
539 2328 817 2397 quisquam
847 2327 1172 2382 contendere
1205 2327 1452 2394 audebit,
1493 2327 1636 2382 aliud
1667 2343 1786 2384 esse

191 2423 286 2476 Dei
323 2437 573 2492 regnum,
600 2420 741 2475 aliud
772 2435 991 2490 regnum
1013 2422 1291 2475 canorum.

258 2512 502 2568 CAPUT
532 2511 708 2566 γι-
735 2511 821 2566 16.
857 2512 980 2565 Post
1021 2511 1134 2565 ιιωο
1180 2511 1443 2580 objectum
1485 2520 1596 2574 est.
1643 2511 1786 2582 quod

191 2603 449 2674 Pelagius
482 2603 532 2656 in
557 2603 744 2658 eodem
771 2602 904 2656 libro
923 2602 1194 2672 scripserit
1219 2617 1336 2668 suo,
1372 2619 1392 2653 α
1424 2602 1586 2657 Posse
1611 2601 1786 2658 homi-

190 2710 328 2749 nem
347 2734 365 2756 ,
390 2693 438 2748 si
471 2694 628 2757 velit,
661 2707 780 2748 esse
809 2693 926 2747 sine
952 2701 1168 2762 peccato
1192 2709 1205 2745 :
1238 2711 1257 2744 t
1289 2700 1345 2746 ct
1374 2692 1513 2762 qttod
1543 2693 1787 2749 scribens

187 2787 260 2840 ad
301 2786 516 2840 viduam
544 2785 840 2839 adulatorie
867 2785 1080 2850 dixerit,
1113 2803 1132 2837 ι
1165 2784 1408 2842 Inveniat
1433 2786 1572 2856 apud
1596 2796 1648 2842 te
1676 2786 1788 2856 pie-

191 2890 312 2940 tas,
351 2893 474 2946 quae
504 2893 758 2945 nusquam
800 2876 1033 2938 invenit,
1066 2876 1239 2931 locum
1267 2893 1282 2931 :
1311 2876 1548 2931 inveniat
1591 2879 1788 2948 ubique

191 2970 486 3040 peregrina
510 2971 559 3023 itt
591 2979 640 3035 te
665 2968 1067 3036 sedentjustitia
1095 2985 1108 3022 :
1139 2968 1338 3023 veritas
1369 2983 1526 3038 quam
1549 2969 1660 3038 jam
1693 2984 1789 3024 ne-

193 3079 283 3115 mo
304 3062 606 3130 CttgttoSt'il,
635 3060 927 3115 domestica
954 3059 1044 3113 tibi
1072 3067 1127 3114 ct
1150 3061 1321 3114 antica
1349 3059 1438 3115 fiat
1465 3078 1480 3115 :
1511 3069 1564 3115 et
1589 3061 1672 3116 lex
1696 3060 1790 3116 Dei

191 3168 316 3221 qua:
355 3153 424 3205 ab
467 3152 714 3206 omnibus
743 3166 908 3220 prope
937 3149 1238 3204 hominibus
1265 3153 1642 3210 contemnitur.
1675 3167 1704 3204 a
1739 3162 1791 3208 te

189 3246 310 3298 sola
343 3242 656 3297 honoretur.
693 3262 714 3295 ›
747 3243 813 3297 Et
839 3243 1027 3298 iterum
1052 3242 1117 3296 ad
1148 3242 1314 3308 ipsam
1340 3259 1356 3296 :
1383 3259 1402 3294 t
1431 3242 1476 3297 0
1506 3251 1557 3297 te
1580 3242 1788 3298 felicem

191 3344 248 3388 et
292 3334 514 3387 beatam
533 3373 547 3396 ,
578 3334 624 3386 si
648 3333 874 3402 justitia,
903 3349 1020 3403 qua:
1050 3333 1100 3386 in
1131 3333 1267 3388 cutio
1297 3343 1497 3387 tantum
1524 3348 1645 3390 esse
1673 3349 1790 3390 cre-

191 3427 372 3482 denda
397 3437 506 3489 est,
528 3425 668 3495 apttd
699 3436 749 3480 te
772 3425 943 3480 solant
973 3425 1272 3481 inveniatur
1298 3425 1350 3479 in
1381 3425 1567 3481 terris!
1600 3445 1620 3479 ι
1649 3426 1714 3480 Ει
1737 3427 1789 3481 itt

193 3521 300 3575 alio
324 3520 393 3572 ad
417 3520 590 3588 ipsam
617 3519 777 3584 libro,
797 3528 927 3596 post
953 3519 1248 3574 orationem
1278 3519 1484 3574 Domini
1519 3530 1576 3576 et
1602 3518 1789 3577 Salva-

197 3612 330 3666 toris
378 3610 582 3673 nostri,
628 3609 831 3664 docens
871 3609 1317 3679 quemadmodum
1357 3610 1585 3665 debeant
1623 3611 1791 3667 sancti

193 3716 384 3760 orare.
411 3701 490 3754 ait
517 3717 530 3753 :
567 3719 586 3750 ι
621 3700 716 3755 llic
746 3701 813 3754 ad
846 3701 1007 3754 Deunt
1049 3700 1210 3770 digne
1239 3701 1414 3758 elevat
1443 3717 1632 3758 manus
1651 3743 1668 3770 ,
1700 3703 1791 3758 ille

193 3793 499 3847 onttionettt
522 3792 660 3846 bona
679 3792 1000 3846 conscientia
1017 3791 1260 3858 elfundit,
1283 3791 1372 3861 qui
1397 3801 1571 3862 potest
1589 3793 1789 3860 dicere,

195 3883 277 3938 Tu
304 3884 448 3936 nosti
473 3925 488 3945 ,
517 3883 770 3946 Domine,
805 3898 961 3953 quam
1000 3892 1228 3948 sanctae,
1267 3893 1322 3938 et
1365 3883 1702 3950 innocentes,
1739 3891 1794 3938 et

197 3974 414 4028 munda:
440 3982 572 4029 sunt
599 3975 665 4028 ab
692 3974 840 4028 Ottttti
871 3973 1114 4030 molestia
1139 3975 1155 4005 ¹
1183 3983 1238 4028 et
1267 3973 1547 4046 iniquitate
1570 3984 1626 4029 et
1648 3976 1790 4046 rapi-

197 4081 287 4130 na,
313 4081 453 4134 quas
483 4065 548 4119 ad
582 4074 634 4118 te
661 4064 892 4120 extendo
929 4080 1148 4130 manus;
1176 4066 1621 4135 quemadmodum
1646 4065 1789 4137 jnsta

196 4170 247 4211 et
273 4157 477 4210 munda
510 4155 671 4219 labia,
701 4166 757 4210 et
783 4156 851 4209 ab
876 4157 1020 4210 omni
1051 4155 1335 4212 mendacio
1365 4156 1531 4212 libera
1551 4197 1567 4223 ,
1599 4159 1793 4228 quibus

196 4249 369 4302 offero
413 4248 512 4302 tibi
553 4247 1023 4317 deprecationem,
1056 4258 1112 4303 ut
1139 4248 1270 4303 ntilii
1299 4249 1619 4304 miserearis.
1655 4268 1675 4302 ι
1711 4251 1790 4305 Ad

201 4340 302 4394 hoc
329 4350 512 4394 autent
537 4339 780 4409 Pelagius
801 4338 1130 4410 respondens
1149 4341 1223 4394 ait
1245 4359 1260 4396 :
1283 4341 1447 4396 Posse
1464 4341 1678 4411 quidem
1701 4342 1794 4396 lto-

200 4433 400 4486 tuinem
430 4431 551 4486 sine
576 4442 798 4500 peccato
826 4446 946 4486 esse
964 4472 982 4499 ,
1012 4440 1067 4486 et
1094 4432 1187 4488 Dei
1216 4433 1464 4488 mandata
1489 4433 1789 4498 custodire,

199 4526 243 4578 si
272 4523 435 4588 Velit,
472 4521 743 4576 diximus:
777 4521 913 4576 ltanc
941 4521 1083 4577 enim
1117 4523 1523 4591 possibilitatem
1555 4523 1692 4576 Deus
1714 4523 1787 4577 illi

201 4612 366 4666 dedit.
400 4612 520 4667 Non
545 4622 722 4666 autem
751 4612 984 4667 diximus
1009 4611 1149 4683 quod
1176 4612 1472 4667 inveniann
1491 4612 1700 4684 aliquis,
1727 4615 1793 4670 ab

203 4705 426 4758 infantia
455 4719 626 4774 usque
645 4701 712 4757 ad
733 4711 1026 4769 senectam,
1049 4703 1140 4772 qui
1165 4719 1432 4772 nunquam
1459 4707 1788 4773 peccaverit:

202 4798 296 4851 sed
328 4797 590 4868 quoniam
616 4812 645 4849 a
681 4795 911 4864 peccatis
937 4810 1261 4861 conversus,
1290 4795 1506 4865 proprio
1532 4796 1712 4850 labore
1737 4807 1792 4852 et

207 4889 296 4944 Dei
326 4889 504 4960 gratia
532 4888 702 4957 possit
725 4902 846 4942 esse
874 4887 989 4942 sine
1017 4896 1263 4957 peccato;
1298 4903 1397 4943 nec
1437 4904 1529 4957 per
1572 4887 1672 4943 ltoc
1717 4899 1791 4944 ta-

201 4995 328 5035 men
377 4979 431 5034 in
487 4988 759 5049 posterum
803 4979 1244 5034 inconversibilis.
1272 4979 1490 5048 Reliqua
1523 4994 1648 5034 vero
1677 4997 1794 5048 qua:

201 5071 584 5140 subiecerunt,
612 5085 786 5140 neque
815 5069 868 5123 in
899 5069 1046 5123 libris
1068 5071 1263 5123 nostris
1288 5078 1440 5134 sunt,
1469 5085 1652 5142 neun
1671 5071 1791 5126 talia

204 5176 441 5229 unquam
469 5161 722 5215 diximus.
753 5181 772 5212 ι
807 5160 898 5214 llis
922 5160 1114 5214 auditis
1135 5160 1383 5232 Synodus
1402 5161 1533 5215 dixit
1558 5179 1570 5214 :
1605 5180 1623 5214 ι
1652 5162 1796 5229 Quo-

157 5295 164 5307 .
203 5253 351 5306 uiam
389 5267 555 5323 negas
596 5261 647 5307 te
699 5251 825 5306 talia
868 5252 1176 5322 scripsisse,
1220 5252 1636 5306 anathematizas
1675 5251 1795 5307 illos

207 5339 300 5406 qui
325 5344 402 5400 sic
429 5345 646 5399 tenent?
679 5363 698 5396 ι
728 5343 968 5413 Pelagius
1001 5342 1309 5414 respondit:
1344 5360 1363 5395 t
1393 5342 1795 5398 Anatltentatizo

207 5428 365 5498 quasi
393 5435 604 5496 Stultos,
634 5451 742 5490 non
773 5434 923 5504 quasi
953 5433 1264 5498 haereticos;
1291 5434 1549 5504 siquidem
1583 5449 1685 5487 non
1713 5443 1795 5488 est

208 5521 428 5590 dogma.
477 5539 496 5572 υ
541 5519 744 5574 Deinde
797 5526 1168 5586 iudicaverunt
1220 5526 1454 5596 episcopi
1507 5525 1789 5581 dicenles:

214 5629 235 5664 ι
271 5611 424 5666 Nunc
452 5611 700 5681 quoniam
748 5610 962 5678 propria
997 5633 1118 5672 voce
1146 5616 1610 5679 anatltcmatizavit
1640 5617 1792 5671 Pola.

273 5751 292 5780 ⁸
335 5750 624 5810 Posteriores
658 5744 991 5810 editionesex
1027 5745 1212 5795 Antonii
1235 5742 1438 5806 Vclseri,
1464 5759 1516 5796 ιιι
1553 5759 1789 5810 putamus,

211 5812 496 5873 emjectura.
519 5809 582 5859 ab
602 5805 737 5858 omni
761 5805 963 5854 malitia.

482 5896 723 5958 Sacr.
783 5891 1056 5949 Accnsr.
1094 5889 1176 5949 Χ.

1612 375 1816 434 unt-1n
1865 376 2062 464 usus.

1881 489 2000 561 gius
2024 491 2283 549 incertum
2306 495 2707 566 stultiloquium,
2732 507 2876 555 recte
2902 501 3247 570 respondens,
3279 507 3459 562 bouu-

1883 597 2002 637 nent
2028 599 2148 638 cum
2177 585 2442 655 adjutorio
2474 587 2563 642 Dei
2591 598 2641 643 et
2665 591 2830 659 gratia
2858 605 3013 660 posse
3031 607 3154 650 esse
3180 596 3298 652 sine
3321 611 3462 668 pec:

1880 686 2020 745 cato,
2046 679 2366 748 respondeat
2391 691 2445 735 et
2467 680 2534 736 ad
2563 681 2665 737 alia
2685 684 2933 751 capitula.
2965 702 2986 738 t

1957 771 2043 825 l7.
2073 771 2336 840 Numquid
2367 771 2454 826 ltic
2483 782 2725 842 poterant
2748 774 2986 841 judiccs,
3027 777 3114 836 vel
3151 778 3419 836 debebant
3439 823 3454 841 .

1885 861 2146 932 incognita
2182 874 2236 917 ct
2279 863 2476 916 incerta
2513 863 2795 929 danniare,
2834 866 3045 934 quando
3077 883 3232 924 nemo
3269 879 3454 925 contra

1882 953 2085 1020 aderat,
2115 954 2204 1024 qui
2229 970 2290 1009 ea
2315 971 2433 1025 quae
2457 954 2525 1008 ad
2556 954 2766 1009 viduam
2794 957 3225 1025 reprehensibilia
3253 963 3452 1032 scripta

1883 1045 2215 1113 dicebantur,
2240 1048 2507 1118 Pelagium
2527 1048 2806 1117 scripsisse
2824 1051 3194 1107 convinceret?
3211 1053 3308 1110 Ubi
3327 1072 3423 1124 pro
3437 1083 3455 1097 ο

1883 1135 2023 1194 fecto
2055 1154 2236 1207 parum
2265 1151 2407 1195 esset
2448 1139 2686 1194 codicem
2730 1139 2902 1207 ferre,
2933 1151 2987 1196 et
3010 1142 3079 1198 de
3102 1146 3312 1212 scriptis
3341 1146 3459 1215 ejus

1884 1229 1999 1284 lta-c
2024 1229 2220 1300 legere,
2250 1230 2348 1284 nisi
2380 1239 2436 1285 et
2462 1239 2626 1286 testes
2649 1231 3049 1298 adhiberentur,
3075 1232 3120 1288 si
3152 1235 3236 1290 illa
3260 1237 3454 1307 scripta

1883 1337 1978 1375 sua
2014 1336 2167 1386 esse,
2199 1323 2358 1376 etiam
2395 1337 2517 1376 cunt
2549 1323 2920 1389 recitarentur,
2963 1334 3198 1392 negaret.
3228 1325 3457 1384 Verum~

1887 1422 2060 1467 tamen
2086 1414 2137 1467 iit
2167 1411 2248 1466 bis
2270 1429 2478 1482 quoque
2497 1411 2977 1483 feceruntjudices,
2999 1415 3138 1484 quod
3160 1415 3337 1473 facere
3361 1433 3459 1488 po-

1887 1515 2117 1572 tuerunt,
2149 1506 2538 1576 interrogantes
2565 1504 2655 1560 f‘el
2675 1505 2832 1574 iginm
2854 1545 2870 1572 ,
2899 1515 3074 1560 ntruut
3099 1507 3456 1564 anathemati-

1886 1607 2030 1652 taret
2087 1597 2207 1652 illos
2253 1597 2342 1666 qui
2393 1597 2514 1651 talia
2571 1597 2844 1658 sentiunt.
2907 1598 3082 1667 qualia
3134 1613 3194 1655 se
3247 1601 3464 1670 negavit

1885 1685 2195 1756 scripsisse,
2223 1688 2340 1742 sive
2369 1686 2568 1742 dixisse
2598 1706 2610 1740 :
2642 1703 2774 1758 quos
2804 1687 2892 1742 ubi
2916 1689 2931 1719 ⁸
2960 1702 3020 1743 se
3051 1699 3296 1759 tanquam
3323 1691 3460 1745 stul-

1889 1790 1971 1834 tos
1996 1779 2442 1835 anatltematizare
2471 1780 2761 1850 respondit,
2787 1779 2914 1851 quid
2939 1780 3166 1850 amplius
3188 1780 3258 1836 de
3279 1782 3379 1837 bac
3401 1797 3461 1838 re

1884 1871 2091 1941 judices
2106 1913 2120 1936 ,
2154 1873 2474 1927 adversariis
2499 1871 2836 1939 absentibus,
2863 1888 3103 1942 qtuerere
3125 1872 3464 1929 debuerunt?

1962 1961 2047 2018 t8.
2088 1965 2168 2016 An
2212 1972 2268 2018 et
2310 1962 2436 2018 illud
2483 1963 2710 2041 fortasse
2751 1963 3081 2018 tractandum
3126 1973 3242 2038 est,
3281 1974 3462 2020 utrum

1888 2063 2035 2108 recte
2063 2053 2261 2108 dictum
2291 2054 2360 2109 sit
2387 2073 2405 2104 ε
2436 2070 2540 2109 non
2579 2065 2828 2124 tanquam
2870 2053 3180 2122 baareticos,
3213 2055 3309 2111 sed
3340 2065 3461 2112 tan-

1889 2158 2047 2213 quam
2092 2143 2286 2200 stnltos
2332 2143 2856 2198 anathematizandos
2905 2145 2992 2213 qui
3042 2143 3116 2199 ita
3160 2145 3460 2214 sentirent,

1889 2237 2138 2308 quoniam
2177 2235 2366 2306 dogma
2409 2251 2514 2290 non
2556 2236 2738 2292 esset?
2770 2254 2789 2289 ι
2824 2235 2927 2292 Sed
2955 2236 3022 2291 ab
3050 2235 3149 2291 ltac
3171 2235 3464 2306 quatstione

1891 2343 1996 2383 non
2023 2327 2147 2395 ievi,
2180 2327 2268 2381 ubi
2296 2325 2569 2398 qumritur,
2603 2337 2864 2396 quatenus
2891 2327 2961 2382 sit
2988 2325 3320 2383 definiendus
3352 2328 3462 2382 lun-

1893 2420 2115 2485 reticus,
2140 2429 2287 2475 recte
2313 2434 2372 2474 se
2397 2418 2448 2472 itt
2479 2418 2760 2488 praesentia
2794 2417 3004 2487 judices
3027 2417 3400 2474 abstinuerunt
3419 2421 3463 2472 ³.

1891 2512 2006 2567 Non
2034 2511 2174 2565 enim
2193 2550 2209 2577 ,
2232 2511 2274 2566 si
2305 2510 2613 2581 quisquam,
2643 2510 2784 2564 verbi
2809 2511 2976 2581 gratia
3000 2549 3016 2577 ,
3049 2509 3240 2565 dixerit
3261 2511 3469 2580 aquila-

1891 2619 2008 2659 rum
2038 2602 2211 2673 pullos
2250 2611 2470 2672 paterno
2510 2616 2680 2671 ungue
2717 2615 3005 2670 suspensos
3042 2609 3098 2655 et
3125 2599 3297 2676 radiis
3335 2601 3468 2656 solis

1891 2695 2130 2760 oblatos,
2161 2693 2205 2748 si
2234 2693 2404 2748 oculis
2431 2691 2831 2762 palpitaverint,
2861 2699 3108 2760 tanquam
3139 2690 3468 2746 adulterinos

1893 2788 1946 2842 in
1973 2796 2188 2852 terram,
2215 2786 2330 2841 luce
2354 2784 2580 2855 quodam
2603 2783 2759 2838 modo
2783 2785 3149 2848 convincente,
3179 2784 3392 2848 dintitti,
3422 2784 3470 2840 si

1894 2880 2030 2936 forte
2058 2881 2158 2934 hoc
2187 2878 2378 2934 falsum
2415 2887 2532 2944 est,
2579 2877 2861 2932 ltarreticns
2901 2876 3216 2947 judicandus
3257 2885 3360 2932 est.
3403 2877 3473 2935 Et

1895 2971 2026 3038 hoc,
2065 2971 2185 3043 quia
2227 2971 2278 3024 in
2310 2969 2585 3024 hominum
2622 2966 2901 3024 doctorum
2948 2967 3139 3024 litteris
3185 2967 3470 3035 invenitur,
3527 3009 3530 3012 .

1895 3065 2134 3133 famaque
2159 3062 2425 3135 vulgatum
2450 3071 2533 3116 est
2551 3101 2566 3126 ,
2595 3076 2693 3116 nec
2717 3060 2876 3116 stulte
2901 3059 3002 3117 dici
3033 3058 3320 3130 putandum
3350 3069 3468 3125 est,

1893 3153 2052 3210 etiam
2081 3153 2125 3207 si
2154 3167 2336 3208 verum
2362 3167 2465 3205 non
2493 3161 2606 3216 est;
2640 3165 2738 3205 nec
2764 3149 2918 3204 tidem
2949 3158 3182 3202 nostram
3207 3190 3222 3213 ,
3251 3157 3472 3218 prapter

1893 3260 2050 3316 quam
2080 3243 2264 3298 ﬁdeles
2292 3257 2565 3308 vocamur,
2595 3251 2686 3297 aut
2709 3240 2966 3295 creditum
2989 3239 3009 3270 ³
3038 3240 3210 3306 Ιιῐεάἱι,
3237 3248 3326 3293 aut
3353 3253 3472 3294 cre-

1894 3337 2059 3392 ditum
2077 3335 2245 3406 juvat.
2274 3335 2459 3396 Porro.
2481 3333 2526 3389 si
2543 3350 2606 3389 ex
2632 3334 2731 3388 ltoc
2756 3349 2915 3388 sensu
2933 3331 3058 3402 'quis
3073 3331 3093 3363 "
3113 3331 3469 3396 contenderit,

1893 3430 2100 3486 animas
2130 3428 2469 3484 rationabiles
2496 3427 2673 3482 inesse
2700 3425 3033 3491 volucribus,
3060 3441 3125 3479 ex
3155 3440 3219 3479 co
3245 3425 3382 3494 quod
3417 3425 3470 3483 in

1895 3536 1986 3578 cas
2012 3521 2348 3575 revolvantur
2377 3517 2658 3572 humanae:
2684 3524 2792 3570 tuttt
2821 3529 2946 3570 vero
2977 3523 3225 3584 tanquam
3259 3514 3470 3568 Ita-reti-

1893 3627 1954 3667 ca
1984 3611 2180 3682 pestis,
2211 3611 2278 3664 ab
2303 3609 2519 3663 auribus
2551 3609 2837 3676 aninmque
2882 3606 3119 3677 pellenda
3157 3616 3270 3671 est;
3308 3620 3470 3674 agen-

1895 3703 2126 3772 dumque
2153 3711 2207 3757 et
2233 3699 2702 3756 demonstrandum
2728 3738 2745 3764 ,
2776 3697 2934 3754 etiam
2973 3698 3018 3752 si
3063 3698 3160 3751 boc
3186 3696 3250 3751 de
3279 3696 3470 3766 aquilis

1895 3811 2077 3850 vermn
2106 3802 2187 3848 est
2209 3832 2226 3859 ,
2257 3791 2392 3848 sicut
2420 3792 2584 3844 multa
2618 3790 2749 3846 ntira
2784 3797 2907 3844 ante
2945 3788 3126 3844 oculos
3157 3796 3368 3841 nostros
3403 3785 3470 3840 de

1895 3885 2081 3955 apibus
2107 3899 2230 3938 vera
2263 3891 2419 3949 sunt,
2447 3883 2604 3954 longe
2635 3890 2809 3935 tamen
2838 3881 2904 3934 ab
2932 3878 3230 3948 bujusmodi
3263 3878 3473 3932 irratio-

1897 3977 2148 4032 nabiliutn
2171 3975 2534 4036 animantium,
2559 3972 2798 4043 quamvis
2823 3970 3047 4024 mirabili
3073 3984 3250 4033 sensu,
3274 3969 3472 4022 distare

1897 4067 2177 4132 rationem,
2201 4069 2318 4135 qua:
2345 4081 2448 4118 nott
2477 4051 2848 4116 liominibus'et
2870 4061 3163 4130 pecoribus,
3189 4059 3278 4114 sed
3304 4059 3472 4112 Itomi-

1899 4160 2052 4213 nibtts
2096 4157 2413 4227 Angelisqne
2455 4154 2750 4209 Communis
2794 4162 2894 4208 est.
2937 4151 3094 4206 Multa
3140 4166 3266 4205 vero
3311 4151 3470 4205 etiam

1895 4251 2054 4306 stulta
2085 4249 2330 4302 dicuntur
2353 4245 2418 4300 ab
2447 4244 2704 4314 imperitis
2730 4253 2782 4298 ct
2815 4243 2963 4296 vanis
2986 4282 3000 4306 ,
3030 4257 3128 4296 nec
3154 4250 3330 4294 tamen
3363 4239 3472 4294 lite-

1899 4340 2106 4404 reticis;
2155 4337 2327 4408 qualia
2374 4344 2495 4389 sunt
2541 4349 2723 4390 eorum
2767 4325 2853 4403 qui
2900 4333 2966 4386 de
3011 4331 3196 4386 alienis
3238 4331 3470 4399 artibus,

1898 4449 2030 4505 quas
2056 4449 2159 4485 non
2189 4429 2517 4485 didicerunt,
2553 4436 2746 4479 temere
2769 4423 3042 4492 jndicant,
3087 4431 3176 4474 aut
3215 4421 3473 4475 immode—

1899 4538 2016 4584 rato
2045 4537 2097 4582 et
2125 4540 2268 4581 αι·οο
2306 4522 2493 4576 aliectu
2539 4521 2616 4573 vel
2667 4517 2881 4572 laudant
2925 4533 3056 4587 quos
3095 4515 3351 4584 diligunt,
3381 4513 3468 4569 vei

1897 4621 2196 4688 vituperant
2217 4628 2351 4685 quos
2371 4612 2629 4674 oderunt;
2654 4619 2706 4664 et
2731 4606 2978 4677 quidquid
3007 4606 3145 4660 aliud
3173 4607 3222 4659 in
3244 4620 3462 4660 consoc-

1899 4714 2081 4770 tudine
2110 4709 2372 4765 sermonis
2400 4703 2612 4758 Innnaui
2634 4743 2648 4768 ,
2685 4716 2787 4755 non
2828 4709 3024 4753 statuto
3063 4699 3346 4768 dogmate,
3374 4697 3468 4751 sed

1898 4806 2115 4878 passim,
2147 4811 2203 4854 ttt
2229 4800 2292 4853 ad
2326 4809 2532 4868 tempus
2558 4793 2865 4855 occurri-rit,
2903 4807 2998 4860 per
3022 4790 3255 4843 stultitim
3277 4789 3468 4843 levita-

1902 4909 2029 4962 tent,
2051 4895 2132 4948 vel
2160 4908 2252 4946 ore
2275 4889 2554 4958 profertur,
2582 4885 2658 4936 vel
2686 4883 2809 4937 stilo
2824 4883 2982 4936 etiam
3012 4880 3300 4947 litterisilue
3317 4894 3469 4933 emn-

1899 4987 2140 5042 tnitlitnr.
2171 4982 2358 5036 Multos
2386 4978 2614 5044 denique
2640 4974 2707 5028 de
2740 4972 2820 5026 ltis
2853 4971 3115 5040 paululum
3147 4970 3469 5035 admonitos,

1901 5081 2024 5135 talia
2052 5077 2247 5132 dixisse
2270 5087 2389 5126 mox
2418 5070 2636 5140 pmnitet
2663 5086 2675 5120 :
2701 5068 2768 5120 ita
2800 5080 2860 5119 ca
2893 5081 2995 5118 non
3030 5063 3219 5133 placito
3243 5062 3473 5132 quodam

1901 5173 2002 5229 ﬁxa
2025 5169 2343 5230 retinebant,
2376 5163 2469 5216 sed
2497 5161 2645 5230 quasi
2675 5159 3041 5227 undecumque
3070 5165 3213 5224 rapta
3234 5195 3248 5220 ,
3281 5164 3335 5210 et
3364 5169 3470 5208 non

1899 5262 2230 5320 considerata
2252 5298 2265 5320 ,
2299 5253 2658 5326 profuderant.
2691 5250 2784 5304 Vix
2828 5259 2909 5304 est
2937 5260 3112 5302 autem
3140 5261 3322 5302 carere
3351 5246 3472 5300 istis

1963 5441 1978 5472 ¹
2007 5439 2139 5499 aliti,
2163 5449 2278 5500 quos
2299 5431 2369 5484 ibi
2391 5445 2408 5495 ;
2430 5429 2528 5489 vel,
2554 5443 2668 5493 quos
2691 5427 2791 5478 ille.
2825 5427 3130 5476 Colbertinus
3159 5423 3333 5482 uidex,
3357 5433 3478 5484 quos

1900 5503 1997 5554 ubi-
2345 5559 2356 5565 -
3101 5545 3166 5565 _._,

1964 5542 2060 5613 ίίη
2092 5571 2194 5611 Mss.
2217 5567 2266 5608 et
2289 5559 2437 5620 prima
2461 5555 2670 5604 editione
2842 5564 2898 5599 ac
2917 5557 3069 5607 Suam,
3093 5542 3405 5597 abstulerunt.

1964 5628 1984 5658 ι
2013 5612 2165 5672 Blitio
2186 5612 2431 5674 semotas,
2455 5623 2535 5665 om
2553 5627 2642 5665 non
2666 5612 2921 5662 rreditmu.
2993 5672 3002 5678 _
3384 5673 3393 5678 Α
3426 5664 3435 5678 ,

1963 5689 1984 5719 δ
2185 5667 2243 5732 ex
2262 5667 2542 5741 Veraniolum
2565 5683 2826 5741 correctus.
2865 5681 2910 5741 In
2936 5672 3090 5740 prima
3107 5667 3318 5741 editiqne
3351 5667 3477 5741 etin

1901 5727 2436 5811 λιιιιιξᾶἷίίῆιλίίεδιῇἷιἦέ
2476 5739 2747 5801 legebatur,
2780 5748 2842 5785 ea:
2880 5727 2964 5783 lto'c
2991 5729 3115 5781 senis
3151 5727 3270 5791 (vel,
3303 5727 3476 5790 scutis}

1903 5810 2046 5874 quad.

2923 5874 3187 5951 (O-nze.)
