3996 6474
549 497 702 554 Italis
730 515 745 554 :
767 507 821 554 et
845 497 964 569 quis
991 495 1186 566 estqui
1215 509 1321 549 non
1350 493 1544 548 labitur
1579 492 1754 562 lingua
1776 535 1791 558 ,
1819 500 1874 547 et
1901 488 2122 546 oﬂendit

545 591 598 644 in
627 589 796 646 verbo
820 586 986 661 (Επιί
1013 601 1130 653 ιιι,
1161 587 1248 652 ili,
1276 594 1323 640 et
1351 584 1529 639 Jacobi
1555 599 1636 649 ιιι,
1657 584 1750 656 2)?
1775 583 1880 640 Sed
1904 582 2125 638 interest

543 687 822 747 quantum,
843 677 1068 733 interest
1093 676 1256 743 unde,
1284 675 1501 731 interest
1531 683 1802 745 postremo
1827 683 2002 727 utrum
2027 671 2126 726 ad-

542 770 777 825 monitus
817 768 1076 841 corrigat,
1115 783 1182 822 an
1227 767 1565 838 pertinaciter
1593 765 1930 821 defendendo
1962 764 2124 820 etiam

541 860 732 931 dogma
749 858 926 924 faciat,
943 857 1083 928 quod
1099 859 1330 926 levitate,
1351 875 1456 914 non
1475 857 1722 929 dogmate
1741 857 1968 912 dixerat.
1990 856 2123 912 Cum

543 951 704 1023 igitur
719 951 894 1007 omnis
913 950 1196 1009 haereticus
1211 958 1600 1023 consequenter
1617 960 1670 1007 et
1693 951 1887 1006 stultus
1906 949 1995 1016 sit,
2017 965 2123 1003 non

540 1054 719 1102 autem
743 1045 919 1103 omnis
940 1045 1132 1101 stultus
1158 1045 1411 1101 continuo
1439 1045 1508 1101 sit
1531 1042 1881 1114 appellandus
1907 1041 2123 1097 lucreti-

541 1153 665 1204 eus;
696 1148 840 1197 recte
856 1139 1061 1211 judices
1078 1138 1338 1195 incertum
1358 1137 1742 1208 stultiloquium
1764 1135 1977 1206 propria
1994 1149 2124 1189 voce

542 1231 813 1302 Pelagium
841 1229 1314 1286 anathematizasse
1340 1229 1590 1284 dixerunt
1613 1244 1627 1283 :
1650 1228 1774 1299 quia
1803 1225 1926 1281 etsi
1949 1225 2122 1280 haere-

541 1321 618 1376 sis
651 1330 825 1388 esset,
871 1320 1055 1391 procul
1092 1320 1256 1376 dubio
1291 1318 1673 1390 stultiloquium
1701 1327 1864 1372 esset.
1895 1315 2126 1370 Proinde

540 1412 795 1484 quidquid
834 1413 962 1470 illud
999 1413 1105 1480 sit,
1133 1411 1396 1484 generalis
1421 1411 1534 1466 vitii
1574 1409 1789 1466 nomine
1815 1407 2124 1479 appellave-

542 1514 686 1562 runt.
718 1505 903 1563 Utrum
926 1515 1104 1561 autem
1131 1520 1200 1562 ex
1223 1505 1402 1576 aliquo
1428 1505 1678 1574 dogmate
1701 1503 1798 1558 ista
1827 1501 2120 1568 sintdicta,

541 1613 614 1652 an
636 1609 768 1658 vero
785 1613 890 1653 non
908 1598 1009 1653 lixa
1033 1598 1327 1668 placitaque
1343 1596 1627 1662 sententia,
1650 1593 1746 1649 sed
1763 1592 1917 1649 facile
1937 1607 2122 1648 emen-

545 1687 710 1742 dabili
738 1687 970 1743 vanitate
989 1726 1005 1752 ,
1033 1687 1282 1758 quoniam
1319 1686 1407 1740 ille
1431 1685 1518 1756 qui
1547 1683 1882 1748 audiebatur,
1913 1696 2125 1753 quoquo

543 1781 704 1838 modo
728 1781 866 1837 dicta
892 1789 1092 1846 essent,
1123 1795 1218 1836 sua
1247 1795 1366 1836 esse
1395 1785 1698 1849 negaverat,
1729 1774 2122 1833 discutiendum

544 1871 596 1928 in
624 1872 907 1942 praesentia
937 1887 1044 1927 non
1075 1880 1346 1942 putarunt.

615 1965 704 2022 l9.
727 1963 836 2020 Nos
855 1980 986 2022 sane
1004 1981 1125 2020 cum
1149 1965 1284 2020 hanc
1298 1963 1493 2035 Pelagii
1509 1961 1876 2019 defensionem
1895 1962 1913 1995 ⁸
1936 1961 1988 2015 in
2011 1958 2118 2027 illa,

541 2075 700 2131 quam
730 2059 878 2129 prius
903 2058 1207 2129 accepimus
1227 2099 1241 2122 ,
1283 2055 1524 2112 chartula
1565 2055 1862 2125 legeremus
1892 2051 1992 2125 (α),
2024 2050 2123 2106 ati-

541 2157 694 2205 erant
716 2149 930 2222 quidam
956 2150 1124 2205 sancti
1156 2148 1347 2204 fratres
1367 2189 1382 2214 ,
1409 2148 1498 2219 qui
1526 2162 1586 2203 se
1611 2145 1806 2216 Pelagii
1838 2143 2002 2200 libros
2029 2160 2124 2199 ex-

543 2241 866 2298 hortatorias
911 2241 992 2297 vel
1031 2239 1421 2296 consolatorios
1466 2237 1532 2294 ad
1575 2235 1860 2308 quamdam
1911 2235 2122 2290 viduam

541 2331 904 2401 conscriptos,
935 2331 1088 2402 cujus
1129 2345 1322 2386 nomen
1349 2345 1454 2386 non
1482 2338 1564 2385 est
1593 2341 1903 2398 expressum
1935 2323 2033 2400 (b),
2065 2340 2124 2381 se

543 2423 742 2480 habere
757 2423 1000 2479 dixerunt
1020 2439 1034 2489 ;
1054 2433 1108 2478 et
1122 2422 1512 2477 admonuerunt
1530 2417 1928 2490 requirendum,
1944 2427 2121 2472 utrum

543 2517 654 2573 illic
683 2516 784 2570 ista
821 2531 942 2587 quae
983 2531 1076 2570 sua
1107 2515 1350 2585 negavit,
1393 2520 1575 2569 essent
1615 2512 1751 2567 forte
1792 2510 2122 2579 conscripta;

541 2609 789 2678 quoniam
813 2609 915 2664 hoc
938 2616 992 2662 et
1015 2607 1114 2678 ipsi
1135 2622 1193 2662 se
1213 2606 1457 2675 ignorare
1481 2603 1810 2660 asserebant.
1836 2602 1972 2658 Tum
1995 2617 2124 2657 vero

541 2715 664 2755 cum
689 2699 847 2755 iidem
877 2698 994 2754 libri
1019 2699 1087 2753 ab
1111 2697 1330 2752 exordio
1359 2697 1677 2766 legerentur,
1709 2694 1929 2765 quaesita
1957 2701 2010 2748 et
2039 2692 2122 2746 in-

541 2804 696 2849 venta
743 2801 887 2847 sunt.
935 2790 1288 2846 Affirmabant
1332 2799 1508 2845 autem
1551 2787 1627 2842 illi
1669 2787 1758 2854 qui
1791 2785 2122 2856 protulerant

540 2885 799 2949 codicem.
829 2893 954 2939 ante
980 2890 1206 2954 quatuor
1236 2880 1403 2936 ferme
1429 2893 1599 2934 attnos
1626 2892 1684 2934 se
1714 2878 1844 2932 istos
1871 2883 2121 2947 tanquam

541 2975 738 3046 Pelagii
757 2975 924 3031 libros
941 2973 1138 3028 habere
1160 2973 1410 3042 cmpisse,
1435 2985 1534 3025 nec
1554 2983 1785 3039 unquam
1809 2976 1985 3023 utrum
2008 2966 2126 3037 ejus

541 3074 756 3133 essent,
797 3065 865 3120 ab
904 3064 1088 3136 aliquo
1111 3079 1172 3120 se
1201 3063 1414 3118 audisse
1441 3061 1693 3117 dubitari.
1711 3058 2124 3116 Considerantes

544 3159 720 3230 itaque
744 3159 944 3230 optime
970 3159 1123 3215 nobis
1145 3173 1426 3216 servorum
1454 3157 1548 3213 Dei
1572 3157 1839 3227 cognitam
1870 3154 2027 3210 [idem
2054 3153 2123 3211 de

542 3251 645 3308 hac
671 3268 728 3308 re
756 3268 861 3308 non
887 3266 1044 3324 posse
1071 3252 1304 3322 mentiri,
1329 3262 1532 3308 restare
1554 3251 1854 3317 videbatur,
1875 3258 1936 3306 ut
1963 3248 2119 3304 Pela-

541 3344 685 3413 gium
726 3345 902 3414 potius
945 3344 998 3401 in
1029 3344 1315 3415 episcopali
1339 3342 1542 3415 judicio
1579 3342 1921 3400 crederemus
1961 3339 2125 3398 fuisse

545 3435 844 3502 mentitum,
868 3435 968 3492 nisi
997 3436 1110 3492 fieri
1143 3434 1378 3506 potuisse
1401 3435 1784 3507 cogitaremus,
1812 3432 1970 3490 etiam
2001 3441 2125 3489 ante

541 3542 712 3583 annos
733 3536 840 3583 tam
862 3528 1056 3584 multos
1075 3527 1275 3599 aliquid
1297 3528 1395 3584 sub
1415 3527 1531 3599 ejus
1554 3527 1793 3594 nomine,
1818 3540 1923 3582 non
1946 3534 2126 3580 tamen

545 3618 732 3672 abillo
772 3618 934 3674 fuisse
964 3620 1361 3690 conscriptum:
1387 3633 1563 3690 neque
1589 3618 1732 3674 enim
1775 3617 1865 3674 isti
1903 3615 2122 3673 eosdem

548 3709 710 3762 libros
735 3708 802 3764 ab
825 3709 938 3779 ipso
965 3724 1023 3766 se
1042 3711 1332 3780 accepisse,
1358 3710 1442 3766 vel
1466 3709 1609 3782 quod
1635 3709 1801 3780 ipsius
1834 3717 2034 3774 essent,
2056 3709 2127 3765 ab

546 3798 736 3853 eodem
765 3797 977 3855 audisse
1004 3799 1270 3856 dicebant.
1293 3800 1424 3856 Nam
1453 3809 1508 3857 et
1533 3799 1664 3856 mihi
1685 3800 1899 3872 quidam
1930 3799 2126 3858 fratres

549 3890 715 3944 nostri
743 3891 995 3946 nonnulla
1021 3891 1278 3962 opuscula
1319 3892 1422 3948 sub
1463 3907 1583 3948 meo
1611 3893 1825 3948 nomine
1858 3893 1911 3948 in
1941 3893 2126 3963 llispa-

552 3983 690 4036 iniam
721 3983 930 4038 venisse
966 3983 1256 4051 dixerunt,
1297 3999 1416 4056 qute
1451 3983 1665 4056 quidem
1703 3984 1770 4040 ab
1800 3985 1864 4040 iis
1904 3985 1993 4058 qui
2022 3985 2125 4046 alia

552 4075 729 4131 nostra
760 4077 1043 4148 legissent.
1075 4091 1180 4132 non
1207 4088 1660 4149 agnoscerentur;
1690 4079 1758 4134 ab
1784 4079 1906 4136 aliis
1945 4088 2125 4136 samem

553 4179 730 4223 nostra
762 4173 880 4225 esse
905 4169 1274 4226 crederentur.

620 4261 712 4317 20.
740 4261 872 4316 Illud
908 4276 1037 4318 sane
1065 4261 1206 4334 quod
1243 4261 1490 4335 Pelagius
1516 4278 1668 4319 suum
1705 4278 1826 4319 esse
1851 4262 2128 4320 confessus

549 4362 653 4418 est,
679 4354 852 4410 adhuc
877 4353 1200 4411 latebrosum
1235 4363 1356 4410 est:
1385 4355 1479 4410 sed
1509 4365 1636 4425 puto
1658 4356 1798 4427 quod
1824 4357 1875 4411 iu
1907 4357 2132 4412 istorum

551 4455 818 4514 gestorum
839 4445 1287 4516 consequentibus
1312 4445 1548 4516 partibus
1573 4446 1821 4502 elucebit.
1839 4446 1928 4502 Ait
1950 4447 2125 4502 enim:

511 4609 514 4614 Δ
560 4545 576 4588 t
611 4538 772 4592 Posse
807 4536 1021 4607 quidem
1058 4535 1330 4592 hominem
1355 4552 1476 4593 esse
1513 4537 1633 4592 sine
1669 4547 1922 4608 peccato,
1953 4548 2010 4593 et
2037 4537 2130 4593 Dei

557 4627 800 4680 mandata
827 4625 1113 4692 custodire,
1136 4627 1182 4680 si
1209 4626 1358 4692 velit,
1384 4626 1614 4680 diximus
1638 4645 1652 4680 :
1678 4626 1813 4682 hanc
1839 4629 1980 4684 enim
2008 4643 2131 4698 pos-

556 4717 857 4770 sibilitatem
891 4717 1029 4771 Deus
1060 4717 1132 4770 illi
1158 4715 1326 4772 dedit.
1356 4715 1470 4771 Non
1508 4725 1684 4772 autem
1725 4717 1954 4772 diximus
1990 4719 2130 4789 quod

560 4807 856 4862 inveniatur
883 4807 1106 4878 aliquis,
1145 4807 1213 4862 ab
1255 4806 1473 4861 infantia
1516 4821 1682 4878 usque
1721 4807 1787 4861 ad
1830 4819 2130 4876 senectam,

559 4898 649 4967 qui
680 4913 943 4967 utinquam
969 4896 1263 4968 peccaverit
1287 4915 1300 4952 :
1325 4895 1420 4952 sed
1443 4898 1691 4966 quoniam
1715 4913 1744 4951 a
1765 4899 1993 4968 peccatis
2007 4914 2137 4954 con-

561 5003 750 5044 versus
769 5031 784 5055 ,
814 4988 1027 5058 preprio
1057 4987 1234 5043 labore
1259 4995 1315 5043 et
1347 4987 1436 5042 llei
1466 4990 1638 5059 gratia
1678 4990 1845 5059 possit
1871 5003 1988 5045 esse
2017 4990 2136 5046 sine

561 5093 811 5149 peccato;
841 5095 940 5135 nec
964 5095 1058 5152 per
1089 5079 1191 5136 hoc
1217 5090 1390 5135 tamen
1419 5080 1470 5134 in
1499 5089 1768 5150 posterum
1805 5082 2136 5137 inconversi-

565 5173 704 5230 bilis.
735 5192 754 5228 ι
779 5172 838 5229 1n
866 5173 948 5228 his
967 5172 1162 5238 verbis,
1184 5188 1343 5242 quam
1367 5171 1508 5227 dicat
1536 5172 1627 5229 Dei
1647 5174 1891 5244 gratiam,
1917 5188 2138 5244 prorsus

563 5265 727 5320 latet:
756 5273 810 5322 et
831 5262 1038 5336 judices
1057 5263 1272 5336 quidem
1292 5264 1539 5319 catholici
1569 5265 1770 5318 nullam
1795 5266 1955 5320 aliam
1986 5265 2136 5321 intel-

565 5357 730 5428 ﬁgere
757 5364 1072 5429 potuerunt,
1101 5355 1201 5412 nisi
1229 5371 1392 5428 quam
1415 5356 1568 5411 nobis
1593 5356 1879 5428 plurimum
1918 5370 2136 5429 aposto-

567 5447 665 5503 lica
693 5447 936 5504 doctrina
977 5447 1334 5505 commendat.
1380 5445 1505 5503 llam
1550 5457 1633 5503 est
1657 5448 1852 5516 .cnim,
1896 5465 2000 5520 qua
2041 5465 2139 5507 nos

631 5628 647 5690 '_
682 5633 835 5690 suain,
859 5626 1197 5690 drﬁtitioncm.

628 5688 702 5744 (II)
739 5689 784 5734 \i
807 5691 849 5736 le
874 5688 1012 5746 inira,
1036 5703 1086 5737 n.
1112 5689 1190 5737 57.

631 5747 700 5816 (lii
733 5751 968 5798 Lit-auiam
991 5751 1201 5799 nominat
1229 5757 1452 5799 “emtor
1477 5750 1522 5797 in
1545 5751 1908 5802 Cttntntnnitorit)
1941 5751 2005 5801 de
2036 5760 2138 5802 Cm-

1571 379 1656 434 Dl“.
1694 376 1935 435 GESTIS
1971 366 2270 437 PBLAGII,
2311 368 2368 424 S.
2411 370 2776 429 AUGUSTINI

3701 375 3812 431 3'59.

2238 484 2448 541 liberari
2475 501 2628 556 posse
2664 502 2942 558 speramus
2966 488 3034 544 de
3062 504 3286 562 corpore
3313 488 3501 547 mortis
3527 489 3686 561 hujus
3712 505 3806 562 per

2229 577 2409 633 losum
2431 580 2700 635 Christum
2730 581 3009 637 Dominum
3040 592 3280 638 nostrum
3308 601 3322 638 :

2299 669 2526 725 CAPUT
2555 669 2661 726 \‘ll.
2687 700 2759 712 —
2785 672 2886 726 Et‘
2924 687 3023 745 pro
3060 688 3162 741 qua
3202 673 3528 743 impetranda
3557 687 3805 741 oramus,

2229 774 2298 814 ne
2341 761 2596 817 intremus
2642 764 2695 818 in
2747 765 3090 819 tentationem
3135 765 3362 835 (Matth.
3404 767 3635 838 “.15).
3682 766 3806 822 llzec

2227 851 2394 920 gratia
2425 867 2529 907 non
2557 862 2640 907 est
2662 863 2848 908 natura
2873 872 2888 909 :
2916 855 3010 909 sed
3048 870 3152 924 qua
3183 856 3494 910 subvenitur
3518 855 3690 926 fragili
3720 857 3802 910 vi-

2231 941 2474 1012 tiatznquc
2509 953 2730 999 naturae.
2759 944 2884 1000 limo
2906 945 3076 1016 gratia
3106 960 3209 1000 non
3250 955 3333 1001 est
3372 946 3506 1016 legis
3533 948 3757 1002 scicntia
3789 965 3806 1002 ε

2227 1033 2326 1087 sed
2347 1049 2412 1089 ea
2435 1042 2538 1100 est,
2567 1035 2635 1092 de
2653 1051 2755 1107 qua
2775 1036 2903 1092 dicit
2930 1037 3238 1106 Apostolus,
3263 1036 3383 1091 Non
3403 1039 3597 1091 irritam
3620 1039 3805 1104 faciam

2226 1126 2441 1196 gratiam
2474 1126 2569 1180 Dei
2588 1144 2746 1182 :nam
2780 1129 2825 1183 si
2862 1145 2950 1200 per
2985 1128 3142 1200 legem
3163 1130 3395 1202 justitia,
3425 1145 3546 1201 ergo
3579 1131 3808 1185 Christus

2226 1217 2385 1285 gratis
2409 1227 2634 1271 mortuus
2657 1227 2730 1272 est
2754 1219 2773 1291 (
2789 1217 2960 1273 Galat.
2991 1235 3049 1283 ιι,
3072 1219 3135 1273 21
3159 1221 3178 1291 )
3205 1236 3217 1272 :
3243 1228 3299 1275 et
3323 1219 3444 1274 ideo
3472 1235 3579 1275 non
3606 1233 3688 1274 est
3715 1221 3806 1275 lito

2229 1313 2342 1360 tera
2365 1305 2637 1374 occidens,
2661 1309 2754 1363 sed
2780 1309 3000 1379 spiritus
3021 1309 3315 1364 vivilleaus.
3345 1308 3573 1365 Scientia
3606 1310 3808 1381 quippe

2229 1398 2358 1468 legis
2378 1399 2494 1455 sine
2517 1402 2684 1471 gratia
2709 1401 2927 1472 spiritus
2943 1442 2958 1466 ,
2987 1411 3240 1472 operatur
3269 1402 3321 1456 in
3349 1403 3562 1456 homine
3586 1416 3803 1458 onmem

2226 1490 2730 1560 concupiscentiam.
2758 1491 3046 1555 Peccatum,
3078 1492 3244 1559 enim,
3277 1493 3466 1562 inquit,
3491 1509 3594 1546 non
3617 1507 3807 1563 cogno—

2227 1584 2299 1648 ui,
2319 1585 2418 1638 nisi
2440 1602 2529 1655 per
2548 1584 2706 1655 legem
2728 1601 2749 1640 :
2767 1601 2887 1638 nam
2910 1585 3362 1656 concupiscentiam
3391 1584 3692 1651 nesciebam,
3709 1583 3815 1639 nisi

2229 1671 2312 1728 lex
2328 1675 2530 1743 diceret,
2555 1674 2678 1730 Non
2700 1677 3039 1746 concupisces.
3071 1675 3349 1730 Occasione
3373 1685 3539 1729 autem
3561 1686 3770 1746 accepta
3788 1717 3809 1741 ,

2228 1775 2487 1834 peccatum
2529 1783 2617 1834 per
2645 1766 2936 1820 mandatum
2976 1777 3236 1838 operatum
3279 1774 3354 1820 est
3393 1766 3447 1820 in
3493 1782 3574 1819 me
3609 1781 3812 1819 araneus

2226 1855 2696 1927 concupiscentiam.
2734 1857 2842 1913 Nec
2881 1858 2983 1912 ista
3027 1857 3255 1913 dicendo
3298 1857 3466 1928 legem
3496 1859 3805 1928 vituperat,

2228 1948 2337 2003 into
2379 1949 2540 2004 etiam
2593 1949 2802 2014 laudat,
2841 1965 2965 2004 cum
3003 1950 3166 2004 dicit:
3195 1948 3304 2004 Lex
3343 1949 3541 2019 quidem
3595 1961 3811 2015 sancta,

2226 2051 2276 2096 et
2311 2042 2604 2096 mandatum
2641 2053 2902 2110 sanctum,
2943 2051 2990 2096 et
3020 2043 3250 2115 justum,
3303 2050 3348 2095 cl
3393 2041 3605 2108 bonum,
3659 2040 3808 2108 Quoa

2227 2149 2346 2204 ergo
2403 2132 2590 2189 bonum
2651 2143 2758 2202 est,
2814 2135 3017 2204 inquit,
3073 2133 3199 2188 mihi
3253 2137 3440 2205 factum
3502 2142 3573 2186 est
3631 2132 3812 2186 mors!

2227 2226 2368 2282 Absit
2394 2243 2414 2282 :
2437 2226 2528 2282 sed
2552 2235 2828 2296 peccaturus,
2857 2237 2912 2280 ut
2935 2235 3186 2296 appareat
3204 2235 3481 2295 peccatum,
3505 2239 3599 2290 per
3619 2222 3814 2276 bonum

2226 2318 2351 2373 mihi
2384 2328 2645 2391 operatum
2674 2328 2746 2372 est
2773 2327 3002 2370 mortem.
3033 2317 3102 2372 Et
3145 2317 3332 2372 iterum
3375 2315 3543 2386 legem
3587 2313 3808 2379 laudat,

2225 2409 2486 2466 dicendo:
2513 2408 2717 2464 Scimus
2741 2409 2876 2464 enim
2899 2408 3036 2475 quod
3057 2410 3140 2463 lca:
3163 2407 3443 2476 spiritualis
3465 2417 3573 2471 est;
3595 2423 3689 2477 ego
3710 2422 3808 2459 au-

2228 2510 2325 2556 tem
2343 2503 2564 2556 carnalis
2591 2517 2734 2567 sum,
2765 2501 3097 2555 venumdatus
3120 2501 3212 2555 sub
3239 2510 3462 2571 peccato.
3493 2499 3643 2567 Quod
3669 2501 3811 2552 enim

2226 2609 2409 2662 operor
2431 2593 2628 2665 iytoro.
2653 2591 2774 2648 Non
2797 2593 2937 2648 enim
2960 2592 3100 2664 quod
3115 2592 3246 2657 volo,
3275 2593 3371 2646 hoc
3389 2607 3487 2663 ago
3511 2606 3531 2645 :
3553 2591 3643 2645 sed
3666 2592 3816 2657 quod

2226 2685 2334 2748 odi,
2359 2683 2494 2739 illud
2519 2685 2676 2757 facio.
2709 2683 2772 2740 Si
2795 2693 2967 2739 autem
3003 2685 3137 2754 quod
3164 2682 3314 2748 nolo,
3345 2684 3440 2738 hoc
3466 2684 3639 2753 facio;
3677 2699 3811 2737 can-

2225 2777 2386 2831 sentio
2414 2775 2548 2847 legi,
2583 2775 2824 2847 quoniam
2857 2775 2987 2830 bona
3013 2785 3102 2830 est.
3131 2775 3270 2831 Ecce
3289 2774 3398 2846 iam
3427 2775 3596 2846 legem
3627 2775 3812 2838 novit,

2228 2865 2428 2934 laudat,
2449 2867 2607 2938 eique
2621 2863 2906 2934 consentit,
2931 2867 3030 2922 hoc
3048 2873 3151 2929 est.
3168 2880 3288 2921 eam
3316 2865 3506 2921 bonam
3524 2878 3644 2922 esse
3668 2879 3809 2920 coit-

2225 2957 2390 3012 sentit
2417 2973 2432 3010 :
2457 2957 2712 3028 quoniam
2737 2957 2878 3028 quod
2906 2957 2992 3012 illa
3023 2957 3204 3026 jubet,
3235 2957 3337 3012 hoc
3364 2966 3414 3012 et
3445 2957 3558 3026 ipse
3579 2957 3727 3021 vult;
3755 2966 3814 3011 et

2224 3048 2365 3119 quod
2396 3048 2480 3104 illa
2513 3058 2654 3105 vetat
2676 3059 2730 3104 et
2752 3049 2990 3117 damnat,
3020 3049 3121 3104 hoc
3145 3058 3199 3104 et
3224 3049 3339 3116 ipse
3365 3047 3517 3103 odit:
3542 3057 3596 3102 et
3625 3057 3810 3102 tanien

2225 3138 2367 3210 quod
2391 3139 2524 3206 odit,
2559 3140 2658 3195 hoc
2684 3139 2828 3196 facit.
2856 3140 2998 3196 Inest
3022 3155 3150 3210 ergo
3175 3139 3306 3210 legis
3333 3148 3534 3194 sancte
3552 3139 3810 3204 scientia,

2227 3243 2327 3286 nec
2355 3240 2531 3286 tamen
2570 3240 2791 3286 sanatur
2817 3231 3004 3286 vitiosa
3043 3229 3467 3300 concupiscentia
3493 3245 3510 3283 :
3537 3227 3678 3283 inest
3705 3243 3812 3284 τι).

2227 3321 2402 3377 iuutas
2446 3321 2618 3388 bona,
2653 3329 2708 3378 et
2745 3321 2889 3376 valet
2921 3321 3164 3392 operatio
3190 3321 3349 3375 mala.
3381 3319 3518 3376 Iliae
3549 3327 3636 3374 est
3661 3317 3812 3388 quod

2226 3411 2430 3468 duabus
2456 3411 2659 3482 legibus
2681 3410 2820 3467 inter
2845 3427 2906 3468 se
2931 3410 3357 3476 colluctantihus,
3382 3409 3634 3481 dumlegi
3651 3423 3816 3464 inen-

2228 3504 2300 3559 tis
2320 3503 2405 3558 lex
2434 3511 2692 3575 repugnat
2710 3504 2763 3558 in
2783 3503 3058 3569 membris;
3084 3511 3139 3558 et
3163 3502 3393 3576 captivat
3415 3501 3516 3556 sub
3539 3500 3657 3571 iege
3683 3514 3822 3572 pec-

2230 3596 2356 3660 cati,
2386 3611 2417 3651 a
2445 3594 2732 3652 conﬁtente
2759 3595 3106 3660 escianmtur,
3126 3604 3180 3650 et
3208 3594 3403 3650 dicitur
3429 3611 3444 3648 :
3480 3593 3672 3663 infelix
3720 3609 3818 3664 ego

2227 3689 2397 3755 bonis,
2424 3689 2537 3759 quis
2563 3704 2643 3744 me
2670 3688 2898 3744 liberabit
2922 3688 2986 3742 de
3009 3703 3222 3758 corpore
3245 3687 3422 3743 mortis
3451 3688 3605 3755 hujus
3619 3676 3650 3740 1
3665 3685 3812 3740 Grc.

2229 3781 2302 3835 tia
2326 3779 2418 3834 Dei
2439 3796 2528 3852 per
2548 3779 2726 3836 Jesum
2747 3779 3004 3836 Christum
3027 3778 3306 3835 Dominum
3327 3791 3576 3833 nostrum.

2298 3873 2524 3931 CAPUT
2554 3874 2689 3929 Vili.
2719 3903 2792 3914 --
2829 3873 2920 3931 21.
2949 3873 3064 3930 Non
3116 3889 3245 3944 ergo
3289 3881 3477 3927 natura
3501 3912 3516 3936 ,
3551 3885 3672 3941 qua:
3709 3872 3823 3926 sub

2229 3975 2449 4035 peccato
2486 3963 2806 4020 venumdata
2855 3973 2912 4020 et
2957 3965 3087 4019 vitio
3130 3964 3364 4020 sauciata
3413 3962 3822 4030 redemptorem

2230 4058 2653 4128 salvatoremquc
2676 4055 2968 4124 desiderat,
2998 4071 3099 4112 nec
3124 4055 3256 4125 legis
3277 4055 3500 4110 scientia
3515 4069 3609 4124 per
3635 4068 3822 4123 quam

2231 4148 2293 4204 lit
2327 4148 2775 4221 concupiscentiae
2825 4147 3080 4218 cognitio,
3135 4162 3239 4201 non
3269 4145 3458 4201 cvictio
3481 4145 3525 4209 ',
3561 4143 3825 4199 liberata

2230 4254 2458 4310 corpore
2486 4239 2672 4296 mortis
2700 4239 2858 4310 hujus
2885 4255 2901 4293 :
2933 4238 3027 4294 sed
3048 4238 3214 4311 gratia
3248 4235 3454 4292 Domini
3507 4253 3597 4308 per
3631 4233 3826 4292 Iesum

2233 4331 2485 4386 Christum
2503 4330 2780 4386 Dominum
2801 4340 3046 4385 nostrum.

2309 4420 2537 4478 CAPUT
2565 4420 2658 4476 lX.
2689 4450 2760 4463 —-
2811 4421 2913 4475 Ista
2933 4429 3016 4477 est
3042 4434 3148 4475 non
3173 4428 3361 4474 natura
3399 4418 3665 4482 moriens,
3718 4432 3821 4473 nec

2242 4511 2416 4567 littera
2444 4511 2716 4578 occidens,
2747 4510 2840 4566 sed
2857 4511 3076 4582 spiritus
3089 4510 3383 4565 vivilicans.
3411 4508 3529 4566 Jam
3551 4509 3699 4566 enim
3720 4507 3822 4564 ha-

2233 4605 2393 4660 bebat
2437 4605 2540 4660 iste
2581 4615 2823 4660 naturam
2875 4618 2996 4657 cum
3048 4601 3334 4656 voluntatis
3380 4601 3631 4664 arbitrio;
3690 4615 3823 4654 nam

2235 4698 2492 4766 dicebat,
2555 4695 2694 4751 Velle
2757 4696 2954 4766 adjrwt
3013 4695 3136 4748 milii
3187 4709 3208 4748 :
3261 4694 3355 4749 sed
3408 4709 3519 4752 non
3583 4691 3829 4746 habebat

2237 4803 2478 4848 Intumui
2528 4806 2646 4846 cum
2694 4791 2943 4853 sanitate,
2997 4787 3114 4843 sine
3165 4787 3331 4852 vitio;
3386 4801 3506 4840 nant
3552 4784 3774 4839 dicebat
3806 4826 3822 4846 .

2241 4886 2362 4942 Scio
2414 4886 2547 4956 quod
2593 4900 2694 4936 non
2740 4882 2929 4935 habitat
2977 4895 3031 4934 ιη
3072 4894 3152 4933 me
3178 4919 3194 4943 ,
3250 4878 3345 4932 hoc
3394 4889 3470 4932 est
3495 4919 3511 4942 ,
3559 4877 3612 4930 in
3663 4892 3831 4929 carne

2241 4992 2374 5044 utea,
2395 4976 2596 5030 bonum.
2617 4973 2734 5030 iam
2767 4971 2992 5027 habebat
3018 4970 3374 5041 cognitionem
3409 4968 3539 5038 ivgis
3575 4977 3828 5029 sanctae;

2242 5085 2362 5124 nam
2379 5067 2616 5132 diccbat,
2661 5065 2929 5120 Peccatum
2972 5081 3072 5118 non
3101 5062 3340 5135 cognovi,
3370 5061 3468 5115 nisi
3493 5076 3590 5129 per
3608 5059 3776 5128 legem
3813 5073 3834 5112 :

2242 5159 2335 5216 sed
2353 5175 2456 5215 non
2485 5159 2711 5214 habebat
2739 5157 2880 5212 vires
2921 5155 3138 5228 agenda:
3171 5153 3610 5226 perﬁcienda-que
3660 5152 3830 5221 justi-

2245 5253 2366 5319 litn;
2395 5267 2514 5307 nam
2543 5251 2770 5317 diccbat,
2787 5249 2908 5305 Non
2936 5248 3071 5320 quod
3096 5247 3235 5315 vola,
3262 5248 3356 5301 hoc
3381 5262 3510 5317 ago;
3545 5244 3636 5298 sed
3685 5241 3835 5313 quo!

2244 5343 2350 5411 odi,
2378 5343 2472 5398 hac
2497 5343 2662 5415 facio;
2683 5351 2760 5408 et,
2785 5340 3040 5410 Pcrficerc
3068 5339 3253 5393 bonum
3279 5354 3380 5392 non
3409 5335 3641 5392 invenio!
3664 5331 3825 5380 “0m-

2244 5451 2318 5490 vn
2338 5479 2353 5501 ,
2381 5435 2562 5504 7-25).
2588 5433 2710 5488 ideo
2751 5447 2850 5487 nec
2878 5431 3163 5486 voluntatis
3189 5429 3464 5485 arbitrium
3489 5459 3503 5483 ,
3536 5432 3636 5473 nec
3687 5417 3834 5487 legis

2247 5537 2588 5598 prmceptum,
2620 5525 2762 5580 unde
2787 5525 3107 5579 liberaretur
3134 5523 3201 5576 do
3227 5525 3456 5580 corpore
3499 5510 3690 5565 mortis
3721 5512 3833 5565 bu-

2241 5616 2360 5686 jus;
2387 5617 2507 5683 quia
2535 5625 2815 5686 utrumque
2839 5614 2946 5676 jam
2971 5605 3231 5669 habebat,
3283 5600 3427 5656 aliud
3475 5601 3527 5655 in
3578 5611 3776 5655 natura
3813 5642 3832 5667 ,

2311 5753 2324 5783 I
2363 5757 2425 5795 tta
2447 5744 2747 5792 Colbertinus
2765 5750 2842 5791 Ms.
2869 5743 2984 5790 Faliti
3012 5756 3144 5799 vero,
3167 5741 3274 5790 sed.

2309 5811 2328 5840 ί
2363 5815 2469 5857 atas.
2500 5809 2634 5868 \igtt.
2659 5814 2709 5855 et
2731 5805 2886 5853 codex
2910 5813 3139 5852 ueniamus
3163 5838 3177 5862 ,
3211 5817 3236 5851 ι’
3261 5801 3383 5853 tilio.
