  <div class='ocr_page' id='page_1' title='image "/cluster/home/n/w/nwhite01/storage/ocr_20150623/44/hvd.32044015706336/172.png"; bbox 0 0 3996 6522; ppageno 0'>
   <div class='ocr_carea' id='block_1_1' title="bbox 198 409 321 473">
    <p class='ocr_par' dir='ltr' id='par_1_1' title="bbox 198 409 321 473">
     <span class='ocr_line' id='line_1_1' title="bbox 198 409 321 473; baseline 0.024 -3"><span class='ocrx_word' id='word_1_1' title='bbox 198 409 321 473; x_wconf 59' lang='grc' dir='ltr'><strong>ηδ</strong></span> 
     </span>
    </p>
   </div>
   <div class='ocr_carea' id='block_1_2' title="bbox 204 517 1823 596">
    <p class='ocr_par' dir='ltr' id='par_1_2' title="bbox 204 517 1823 596">
     <span class='ocr_line' id='line_1_2' title="bbox 204 517 1823 596; baseline -0.011 -8"><span class='ocrx_word' id='word_1_2' title='bbox 204 532 374 590; x_wconf 78' lang='lat' dir='ltr'><strong>aliud</strong></span> <span class='ocrx_word' id='word_1_3' title='bbox 400 531 453 588; x_wconf 92' lang='lat' dir='ltr'><strong>in</strong></span> <span class='ocrx_word' id='word_1_4' title='bbox 478 527 731 586; x_wconf 73' lang='lat' dir='ltr'><strong>doctrina</strong></span> <span class='ocrx_word' id='word_1_5' title='bbox 762 519 892 582; x_wconf 87' lang='lat' dir='ltr'><strong>:sed</strong></span> <span class='ocrx_word' id='word_1_6' title='bbox 921 523 1105 596; x_wconf 70' lang='lat' dir='ltr'><strong>gratia:</strong></span> <span class='ocrx_word' id='word_1_7' title='bbox 1134 518 1225 577; x_wconf 88' lang='lat' dir='ltr'><strong>Dei</strong></span> <span class='ocrx_word' id='word_1_8' title='bbox 1259 517 1511 591; x_wconf 78' lang='lat' dir='ltr'><strong>poscebat</strong></span> <span class='ocrx_word' id='word_1_9' title='bbox 1546 520 1823 584; x_wconf 79' lang='lat' dir='ltr'><strong>auxilium,</strong></span> 
     </span>
    </p>
   </div>
   <div class='ocr_carea' id='block_1_3' title="bbox 203 618 1452 698">
    <p class='ocr_par' dir='ltr' id='par_1_3' title="bbox 203 618 1452 698">
     <span class='ocr_line' id='line_1_3' title="bbox 203 618 1452 698; baseline -0.013 -17"><span class='ocrx_word' id='word_1_10' title='bbox 203 642 319 698; x_wconf 81' lang='lat' dir='ltr'><strong>per</strong></span> <span class='ocrx_word' id='word_1_11' title='bbox 348 625 533 680; x_wconf 78' lang='lat' dir='ltr'><strong>Jesum</strong></span> <span class='ocrx_word' id='word_1_12' title='bbox 558 620 838 677; x_wconf 78' lang='lat' dir='ltr'><strong>Christum</strong></span> <span class='ocrx_word' id='word_1_13' title='bbox 872 618 1155 673; x_wconf 88' lang='lat' dir='ltr'><strong>Dominum</strong></span> <span class='ocrx_word' id='word_1_14' title='bbox 1188 623 1452 671; x_wconf 88' lang='lat' dir='ltr'><strong>nostrum.</strong></span> 
     </span>
    </p>
   </div>
   <div class='ocr_carea' id='block_1_4' title="bbox 287 701 1829 777">
    <p class='ocr_par' dir='ltr' id='par_1_4' title="bbox 287 701 1829 777">
     <span class='ocr_line' id='line_1_4' title="bbox 287 701 1829 777; baseline -0.01 -6"><span class='ocrx_word' id='word_1_15' title='bbox 287 713 531 771; x_wconf 71' lang='lat' dir='ltr'><strong>CAPUT</strong></span> <span class='ocrx_word' id='word_1_16' title='bbox 563 713 631 768; x_wconf 77' lang='grc' dir='ltr'><strong>Χ.</strong></span> <span class='ocrx_word' id='word_1_17' title='bbox 658 742 733 753; x_wconf 90' lang='grc'><strong><em>-</em></strong></span> <span class='ocrx_word' id='word_1_18' title='bbox 758 711 852 766; x_wconf 74' lang='lat'><strong>&#39;29..</strong></span> <span class='ocrx_word' id='word_1_19' title='bbox 884 710 1030 765; x_wconf 82' lang='lat' dir='ltr'><strong>lianc</strong></span> <span class='ocrx_word' id='word_1_20' title='bbox 1056 708 1234 777; x_wconf 88' lang='lat' dir='ltr'><strong>itaque</strong></span> <span class='ocrx_word' id='word_1_21' title='bbox 1275 706 1497 777; x_wconf 89' lang='lat' dir='ltr'><strong>gratiam</strong></span> <span class='ocrx_word' id='word_1_22' title='bbox 1522 746 1535 765; x_wconf 88' lang='lat'><strong>,</strong></span> <span class='ocrx_word' id='word_1_23' title='bbox 1562 717 1723 774; x_wconf 85' lang='lat' dir='ltr'><strong>quam</strong></span> <span class='ocrx_word' id='word_1_24' title='bbox 1776 701 1829 756; x_wconf 92' lang='lat' dir='ltr'><strong>in</strong></span> 
     </span>
    </p>
   </div>
   <div class='ocr_carea' id='block_1_5' title="bbox 208 794 1831 865">
    <p class='ocr_par' dir='ltr' id='par_1_5' title="bbox 208 794 1831 865">
     <span class='ocr_line' id='line_1_5' title="bbox 208 794 1831 865; baseline -0.01 -1"><span class='ocrx_word' id='word_1_25' title='bbox 208 809 496 864; x_wconf 75' lang='lat' dir='ltr'><strong>catholica</strong></span> <span class='ocrx_word' id='word_1_26' title='bbox 520 804 763 862; x_wconf 81' lang='lat' dir='ltr'><strong>Ecclesia</strong></span> <span class='ocrx_word' id='word_1_27' title='bbox 789 802 1120 857; x_wconf 74' lang='lat' dir='ltr'><strong>notissimam</strong></span> <span class='ocrx_word' id='word_1_28' title='bbox 1143 807 1426 861; x_wconf 79' lang='lat' dir='ltr'><strong>noverant,</strong></span> <span class='ocrx_word' id='word_1_29' title='bbox 1454 794 1690 865; x_wconf 88' lang='lat' dir='ltr'><strong>episcopi</strong></span> <span class='ocrx_word' id='word_1_30' title='bbox 1713 809 1831 848; x_wconf 85' lang='lat' dir='ltr'><strong>cre-</strong></span> 
     </span>
    </p>
   </div>
   <div class='ocr_carea' id='block_1_6' title="bbox 208 886 1832 968">
    <p class='ocr_par' dir='ltr' id='par_1_6' title="bbox 208 886 1832 968">
     <span class='ocr_line' id='line_1_6' title="bbox 208 886 1832 968; baseline -0.011 -11"><span class='ocrx_word' id='word_1_31' title='bbox 208 903 486 958; x_wconf 85' lang='lat' dir='ltr'><strong>didernnt</strong></span> <span class='ocrx_word' id='word_1_32' title='bbox 511 899 787 968; x_wconf 79' lang='lat' dir='ltr'><strong>Pelagium</strong></span> <span class='ocrx_word' id='word_1_33' title='bbox 812 892 1077 958; x_wconf 81' lang='lat' dir='ltr'><strong>confiteri,</strong></span> <span class='ocrx_word' id='word_1_34' title='bbox 1105 907 1227 948; x_wconf 91' lang='lat' dir='ltr'><strong>cum</strong></span> <span class='ocrx_word' id='word_1_35' title='bbox 1254 887 1501 946; x_wconf 82' lang='lat' dir='ltr'><strong>audirent</strong></span> <span class='ocrx_word' id='word_1_36' title='bbox 1525 902 1651 944; x_wconf 91' lang='lat' dir='ltr'><strong>eum</strong></span> <span class='ocrx_word' id='word_1_37' title='bbox 1683 886 1832 940; x_wconf 86' lang='lat' dir='ltr'><strong>diee-</strong></span> 
     </span>
    </p>
   </div>
   <div class='ocr_carea' id='block_1_7' title="bbox 212 977 1833 1059">
    <p class='ocr_par' dir='ltr' id='par_1_7' title="bbox 212 977 1833 1059">
     <span class='ocr_line' id='line_1_7' title="bbox 212 977 1833 1059; baseline -0.01 -9"><span class='ocrx_word' id='word_1_38' title='bbox 212 1011 277 1050; x_wconf 86' lang='lat' dir='ltr'><strong>re</strong></span> <span class='ocrx_word' id='word_1_39' title='bbox 295 1036 315 1058; x_wconf 91' lang='lat'><strong>,</strong></span> <span class='ocrx_word' id='word_1_40' title='bbox 360 1011 384 1045; x_wconf 75' lang='lat' dir='ltr'><strong>s</strong></span> <span class='ocrx_word' id='word_1_41' title='bbox 413 992 685 1047; x_wconf 87' lang='lat' dir='ltr'><strong>hominem</strong></span> <span class='ocrx_word' id='word_1_42' title='bbox 708 1005 737 1043; x_wconf 87' lang='lat' dir='ltr'><strong>a</strong></span> <span class='ocrx_word' id='word_1_43' title='bbox 760 986 990 1059; x_wconf 82' lang='lat' dir='ltr'><strong>peccatis</strong></span> <span class='ocrx_word' id='word_1_44' title='bbox 1015 997 1334 1040; x_wconf 65' lang='lat' dir='ltr'><strong>conversum</strong></span> <span class='ocrx_word' id='word_1_45' title='bbox 1356 1022 1372 1045; x_wconf 87' lang='lat'><strong>,</strong></span> <span class='ocrx_word' id='word_1_46' title='bbox 1400 980 1620 1052; x_wconf 85' lang='lat' dir='ltr'><strong>preprio</strong></span> <span class='ocrx_word' id='word_1_47' title='bbox 1649 977 1833 1033; x_wconf 86' lang='lat' dir='ltr'><strong>labore</strong></span> 
     </span>
    </p>
   </div>
   <div class='ocr_carea' id='block_1_8' title="bbox 206 1071 1831 1154">
    <p class='ocr_par' dir='ltr' id='par_1_8' title="bbox 206 1071 1831 1154">
     <span class='ocr_line' id='line_1_8' title="bbox 206 1071 1831 1154; baseline -0.01 -17"><span class='ocrx_word' id='word_1_48' title='bbox 206 1096 267 1139; x_wconf 76' lang='grc' dir='ltr'><strong>ρι</strong></span> <span class='ocrx_word' id='word_1_49' title='bbox 296 1086 412 1140; x_wconf 84' lang='lat' dir='ltr'><strong>Dei</strong></span> <span class='ocrx_word' id='word_1_50' title='bbox 433 1082 601 1154; x_wconf 87' lang='lat' dir='ltr'><strong>gratia</strong></span> <span class='ocrx_word' id='word_1_51' title='bbox 647 1094 810 1149; x_wconf 62' lang='lat' dir='ltr'><strong>posse</strong></span> <span class='ocrx_word' id='word_1_52' title='bbox 860 1091 980 1133; x_wconf 87' lang='lat' dir='ltr'><strong>esse</strong></span> <span class='ocrx_word' id='word_1_53' title='bbox 1032 1077 1149 1130; x_wconf 89' lang='lat' dir='ltr'><strong>sine</strong></span> <span class='ocrx_word' id='word_1_54' title='bbox 1188 1082 1419 1143; x_wconf 84' lang='lat' dir='ltr'><strong>peccato.</strong></span> <span class='ocrx_word' id='word_1_55' title='bbox 1460 1090 1479 1123; x_wconf 71' lang='grc' dir='ltr'><strong>ι</strong></span> <span class='ocrx_word' id='word_1_56' title='bbox 1513 1071 1626 1141; x_wconf 83' lang='lat' dir='ltr'><strong>Ego</strong></span> <span class='ocrx_word' id='word_1_57' title='bbox 1654 1078 1831 1124; x_wconf 77' lang='lat' dir='ltr'><strong>autem</strong></span> 
     </span>
    </p>
   </div>
   <div class='ocr_carea' id='block_1_9' title="bbox 200 1159 1832 1247">
    <p class='ocr_par' dir='ltr' id='par_1_9' title="bbox 200 1159 1832 1247">
     <span class='ocr_line' id='line_1_9' title="bbox 200 1159 1832 1247; baseline -0.012 -14"><span class='ocrx_word' id='word_1_58' title='bbox 200 1187 459 1247; x_wconf 78' lang='lat' dir='ltr'><strong>pmpter</strong></span> <span class='ocrx_word' id='word_1_59' title='bbox 485 1175 628 1229; x_wconf 90' lang='lat' dir='ltr'><strong>illum</strong></span> <span class='ocrx_word' id='word_1_60' title='bbox 652 1172 867 1233; x_wconf 89' lang='lat' dir='ltr'><strong>librum,</strong></span> <span class='ocrx_word' id='word_1_61' title='bbox 908 1184 1066 1239; x_wconf 91' lang='lat' dir='ltr'><strong>quem</strong></span> <span class='ocrx_word' id='word_1_62' title='bbox 1114 1166 1241 1221; x_wconf 82' lang='lat' dir='ltr'><strong>milii</strong></span> <span class='ocrx_word' id='word_1_63' title='bbox 1293 1162 1644 1219; x_wconf 84' lang='lat' dir='ltr'><strong>refellendum</strong></span> <span class='ocrx_word' id='word_1_64' title='bbox 1691 1159 1832 1215; x_wconf 89' lang='lat' dir='ltr'><strong>servi</strong></span> 
     </span>
    </p>
   </div>
   <div class='ocr_carea' id='block_1_10' title="bbox 201 1259 1833 1333">
    <p class='ocr_par' dir='ltr' id='par_1_10' title="bbox 201 1259 1833 1333">
     <span class='ocr_line' id='line_1_10' title="bbox 201 1259 1833 1333; baseline -0.01 -7"><span class='ocrx_word' id='word_1_65' title='bbox 201 1269 319 1326; x_wconf 63' lang='lat' dir='ltr'><strong>Dei</strong></span> <span class='ocrx_word' id='word_1_66' title='bbox 359 1267 631 1322; x_wconf 85' lang='lat' dir='ltr'><strong>dederunt</strong></span> <span class='ocrx_word' id='word_1_67' title='bbox 659 1262 756 1332; x_wconf 86' lang='lat' dir='ltr'><strong>(a),</strong></span> <span class='ocrx_word' id='word_1_68' title='bbox 778 1264 868 1333; x_wconf 85' lang='lat' dir='ltr'><strong>qui</strong></span> <span class='ocrx_word' id='word_1_69' title='bbox 893 1260 1141 1330; x_wconf 87' lang='lat' dir='ltr'><strong>discipuli</strong></span> <span class='ocrx_word' id='word_1_70' title='bbox 1190 1259 1308 1329; x_wconf 89' lang='lat' dir='ltr'><strong>ejus</strong></span> <span class='ocrx_word' id='word_1_71' title='bbox 1338 1259 1578 1322; x_wconf 88' lang='lat' dir='ltr'><strong>fuerunt,</strong></span> <span class='ocrx_word' id='word_1_72' title='bbox 1610 1264 1663 1310; x_wconf 89' lang='lat' dir='ltr'><strong>et</strong></span> <span class='ocrx_word' id='word_1_73' title='bbox 1708 1267 1833 1310; x_wconf 91' lang='lat' dir='ltr'><strong>cum</strong></span> 
     </span>
    </p>
   </div>
   <div class='ocr_carea' id='block_1_11' title="bbox 200 1346 1834 1427">
    <p class='ocr_par' dir='ltr' id='par_1_11' title="bbox 200 1346 1834 1427">
     <span class='ocr_line' id='line_1_11' title="bbox 200 1346 1834 1427; baseline -0.009 -11"><span class='ocrx_word' id='word_1_74' title='bbox 200 1360 495 1416; x_wconf 62' lang='lat' dir='ltr'><strong>earundem</strong></span> <span class='ocrx_word' id='word_1_75' title='bbox 524 1356 790 1427; x_wconf 79' lang='lat' dir='ltr'><strong>Pelagium</strong></span> <span class='ocrx_word' id='word_1_76' title='bbox 822 1354 976 1409; x_wconf 90' lang='lat' dir='ltr'><strong>valde</strong></span> <span class='ocrx_word' id='word_1_77' title='bbox 999 1352 1323 1422; x_wconf 82' lang='lat' dir='ltr'><strong>diligerent,</strong></span> <span class='ocrx_word' id='word_1_78' title='bbox 1356 1349 1471 1419; x_wconf 85' lang='lat' dir='ltr'><strong>ejus</strong></span> <span class='ocrx_word' id='word_1_79' title='bbox 1520 1363 1642 1403; x_wconf 86' lang='lat' dir='ltr'><strong>esse</strong></span> <span class='ocrx_word' id='word_1_80' title='bbox 1680 1346 1834 1401; x_wconf 81' lang='lat' dir='ltr'><strong>dixe-</strong></span> 
     </span>
    </p>
   </div>
   <div class='ocr_carea' id='block_1_12' title="bbox 203 1437 1835 1516">
    <p class='ocr_par' dir='ltr' id='par_1_12' title="bbox 203 1437 1835 1516">
     <span class='ocr_line' id='line_1_12' title="bbox 203 1437 1835 1516; baseline -0.009 -10"><span class='ocrx_word' id='word_1_81' title='bbox 203 1460 390 1516; x_wconf 79' lang='lat' dir='ltr'><strong>runt,</strong></span> <span class='ocrx_word' id='word_1_82' title='bbox 418 1449 510 1503; x_wconf 92' lang='lat' dir='ltr'><strong>ubi</strong></span> <span class='ocrx_word' id='word_1_83' title='bbox 536 1448 637 1502; x_wconf 90' lang='lat' dir='ltr'><strong>hae</strong></span> <span class='ocrx_word' id='word_1_84' title='bbox 673 1445 968 1516; x_wconf 68' lang='lat' dir='ltr'><strong>qumstione</strong></span> <span class='ocrx_word' id='word_1_85' title='bbox 1016 1443 1117 1497; x_wconf 85' lang='lat' dir='ltr'><strong>sibi</strong></span> <span class='ocrx_word' id='word_1_86' title='bbox 1163 1440 1429 1512; x_wconf 88' lang='lat' dir='ltr'><strong>proposita</strong></span> <span class='ocrx_word' id='word_1_87' title='bbox 1453 1481 1467 1500; x_wconf 87' lang='lat'><strong>.</strong></span> <span class='ocrx_word' id='word_1_88' title='bbox 1495 1440 1617 1509; x_wconf 88' lang='lat' dir='ltr'><strong>quia</strong></span> <span class='ocrx_word' id='word_1_89' title='bbox 1650 1438 1751 1492; x_wconf 93' lang='lat' dir='ltr'><strong>hoc</strong></span> <span class='ocrx_word' id='word_1_90' title='bbox 1782 1437 1835 1491; x_wconf 94' lang='lat' dir='ltr'><strong>in</strong></span> 
     </span>
    </p>
   </div>
   <div class='ocr_carea' id='block_1_13' title="bbox 207 1530 1837 1610">
    <p class='ocr_par' dir='ltr' id='par_1_13' title="bbox 207 1530 1837 1610">
     <span class='ocr_line' id='line_1_13' title="bbox 207 1530 1837 1610; baseline -0.007 -15"><span class='ocrx_word' id='word_1_91' title='bbox 207 1558 288 1595; x_wconf 87' lang='lat' dir='ltr'><strong>eo</strong></span> <span class='ocrx_word' id='word_1_92' title='bbox 322 1542 451 1610; x_wconf 76' lang='lat' dir='ltr'><strong>jam</strong></span> <span class='ocrx_word' id='word_1_93' title='bbox 473 1538 729 1607; x_wconf 87' lang='lat' dir='ltr'><strong>plurimos</strong></span> <span class='ocrx_word' id='word_1_94' title='bbox 757 1534 1074 1600; x_wconf 82' lang='lat' dir='ltr'><strong>offenderat,</strong></span> <span class='ocrx_word' id='word_1_95' title='bbox 1102 1533 1243 1603; x_wconf 92' lang='lat' dir='ltr'><strong>quod</strong></span> <span class='ocrx_word' id='word_1_96' title='bbox 1274 1532 1531 1587; x_wconf 76' lang='lat' dir='ltr'><strong>adversus</strong></span> <span class='ocrx_word' id='word_1_97' title='bbox 1568 1530 1660 1585; x_wconf 86' lang='lat' dir='ltr'><strong>Dei</strong></span> <span class='ocrx_word' id='word_1_98' title='bbox 1713 1544 1837 1600; x_wconf 81' lang='lat' dir='ltr'><strong>gra-</strong></span> 
     </span>
    </p>
   </div>
   <div class='ocr_carea' id='block_1_14' title="bbox 211 1621 1840 1701">
    <p class='ocr_par' dir='ltr' id='par_1_14' title="bbox 211 1621 1840 1701">
     <span class='ocr_line' id='line_1_14' title="bbox 211 1621 1840 1701; baseline -0.007 -14"><span class='ocrx_word' id='word_1_99' title='bbox 211 1632 366 1687; x_wconf 82' lang='lat' dir='ltr'><strong>tiam</strong></span> <span class='ocrx_word' id='word_1_100' title='bbox 402 1632 729 1701; x_wconf 88' lang='lat' dir='ltr'><strong>loqueretur,</strong></span> <span class='ocrx_word' id='word_1_101' title='bbox 758 1625 1091 1697; x_wconf 84' lang='lat' dir='ltr'><strong>apertissime</strong></span> <span class='ocrx_word' id='word_1_102' title='bbox 1116 1624 1412 1694; x_wconf 76' lang='lat' dir='ltr'><strong>expressit,</strong></span> <span class='ocrx_word' id='word_1_103' title='bbox 1447 1644 1464 1675; x_wconf 73' lang='grc' dir='ltr'>ι</span> <span class='ocrx_word' id='word_1_104' title='bbox 1505 1622 1641 1676; x_wconf 85' lang='lat' dir='ltr'><strong>itane</strong></span> <span class='ocrx_word' id='word_1_105' title='bbox 1669 1636 1731 1677; x_wconf 90' lang='lat' dir='ltr'><strong>se</strong></span> <span class='ocrx_word' id='word_1_106' title='bbox 1757 1621 1840 1675; x_wconf 84' lang='lat' dir='ltr'><strong>di-</strong></span> 
     </span>
    </p>
   </div>
   <div class='ocr_carea' id='block_1_15' title="bbox 212 1714 1837 1793">
    <p class='ocr_par' dir='ltr' id='par_1_15' title="bbox 212 1714 1837 1793">
     <span class='ocr_line' id='line_1_15' title="bbox 212 1714 1837 1793; baseline -0.006 -14"><span class='ocrx_word' id='word_1_107' title='bbox 212 1741 368 1779; x_wconf 79' lang='lat' dir='ltr'><strong>cere</strong></span> <span class='ocrx_word' id='word_1_108' title='bbox 398 1724 492 1778; x_wconf 88' lang='lat' dir='ltr'><strong>Dei</strong></span> <span class='ocrx_word' id='word_1_109' title='bbox 525 1722 767 1793; x_wconf 80' lang='lat' dir='ltr'><strong>gratiam,</strong></span> <span class='ocrx_word' id='word_1_110' title='bbox 796 1718 937 1790; x_wconf 91' lang='lat' dir='ltr'><strong>quod</strong></span> <span class='ocrx_word' id='word_1_111' title='bbox 968 1717 1374 1787; x_wconf 88' lang='lat' dir='ltr'><strong>possibilitatem</strong></span> <span class='ocrx_word' id='word_1_112' title='bbox 1430 1730 1533 1771; x_wconf 92' lang='lat' dir='ltr'><strong>non</strong></span> <span class='ocrx_word' id='word_1_113' title='bbox 1578 1714 1837 1785; x_wconf 87' lang='lat' dir='ltr'><strong>peccandi</strong></span> 
     </span>
    </p>
   </div>
   <div class='ocr_carea' id='block_1_16' title="bbox 215 1806 1843 1877">
    <p class='ocr_par' dir='ltr' id='par_1_16' title="bbox 215 1806 1843 1877">
     <span class='ocr_line' id='line_1_16' title="bbox 215 1806 1843 1877; baseline -0.007 -8"><span class='ocrx_word' id='word_1_114' title='bbox 215 1825 437 1869; x_wconf 82' lang='lat' dir='ltr'><strong>natura</strong></span> <span class='ocrx_word' id='word_1_115' title='bbox 472 1822 653 1867; x_wconf 78' lang='lat' dir='ltr'><strong>nostra</strong></span> <span class='ocrx_word' id='word_1_116' title='bbox 674 1825 795 1865; x_wconf 91' lang='lat' dir='ltr'><strong>cum</strong></span> <span class='ocrx_word' id='word_1_117' title='bbox 826 1809 1168 1873; x_wconf 89' lang='lat' dir='ltr'><strong>conderetur,</strong></span> <span class='ocrx_word' id='word_1_118' title='bbox 1196 1806 1422 1877; x_wconf 84' lang='lat' dir='ltr'><strong>accepit,</strong></span> <span class='ocrx_word' id='word_1_119' title='bbox 1452 1806 1702 1876; x_wconf 88' lang='lat' dir='ltr'><strong>quoniam</strong></span> <span class='ocrx_word' id='word_1_120' title='bbox 1718 1819 1843 1860; x_wconf 70' lang='lat' dir='ltr'><strong>con.</strong></span> 
     </span>
    </p>
   </div>
   <div class='ocr_carea' id='block_1_17' title="bbox 216 1896 1842 1970">
    <p class='ocr_par' dir='ltr' id='par_1_17' title="bbox 216 1896 1842 1970">
     <span class='ocr_line' id='line_1_17' title="bbox 216 1896 1842 1970; baseline -0.007 -11"><span class='ocrx_word' id='word_1_121' title='bbox 216 1908 347 1960; x_wconf 76' lang='lat' dir='ltr'><strong>dita</strong></span> <span class='ocrx_word' id='word_1_122' title='bbox 386 1915 470 1959; x_wconf 90' lang='lat' dir='ltr'><strong>est</strong></span> <span class='ocrx_word' id='word_1_123' title='bbox 498 1918 618 1957; x_wconf 90' lang='lat' dir='ltr'><strong>cum</strong></span> <span class='ocrx_word' id='word_1_124' title='bbox 646 1902 825 1957; x_wconf 82' lang='lat' dir='ltr'><strong>libero</strong></span> <span class='ocrx_word' id='word_1_125' title='bbox 845 1900 1066 1954; x_wconf 80' lang='lat' dir='ltr'><strong>arbitrio</strong></span> <span class='ocrx_word' id='word_1_126' title='bbox 1097 1917 1112 1953; x_wconf 90' lang='lat'><strong>:</strong></span> <span class='ocrx_word' id='word_1_127' title='bbox 1154 1918 1173 1952; x_wconf 83' lang='grc'><strong>›</strong></span> <span class='ocrx_word' id='word_1_128' title='bbox 1198 1908 1421 1970; x_wconf 77' lang='lat' dir='ltr'><strong>propter</strong></span> <span class='ocrx_word' id='word_1_129' title='bbox 1452 1899 1591 1951; x_wconf 87' lang='lat' dir='ltr'><strong>hunc</strong></span> <span class='ocrx_word' id='word_1_130' title='bbox 1620 1911 1748 1967; x_wconf 88' lang='lat' dir='ltr'><strong>ergo</strong></span> <span class='ocrx_word' id='word_1_131' title='bbox 1777 1896 1842 1949; x_wconf 90' lang='lat' dir='ltr'><strong>li-</strong></span> 
     </span>
    </p>
   </div>
   <div class='ocr_carea' id='block_1_18' title="bbox 220 1986 1845 2064">
    <p class='ocr_par' dir='ltr' id='par_1_18' title="bbox 220 1986 1845 2064">
     <span class='ocr_line' id='line_1_18' title="bbox 220 1986 1845 2064; baseline -0.007 -13"><span class='ocrx_word' id='word_1_132' title='bbox 220 1997 405 2051; x_wconf 78' lang='lat' dir='ltr'><strong>brmn</strong></span> <span class='ocrx_word' id='word_1_133' title='bbox 424 2009 551 2064; x_wconf 82' lang='lat' dir='ltr'><strong>ego,</strong></span> <span class='ocrx_word' id='word_1_134' title='bbox 581 1992 789 2063; x_wconf 89' lang='lat' dir='ltr'><strong>plurimi</strong></span> <span class='ocrx_word' id='word_1_135' title='bbox 817 1998 995 2045; x_wconf 76' lang='lat' dir='ltr'><strong>mitem</strong></span> <span class='ocrx_word' id='word_1_136' title='bbox 1019 1990 1210 2044; x_wconf 83' lang='lat' dir='ltr'><strong>fratres</strong></span> <span class='ocrx_word' id='word_1_137' title='bbox 1232 1998 1450 2058; x_wconf 81' lang='lat' dir='ltr'><strong>propter</strong></span> <span class='ocrx_word' id='word_1_138' title='bbox 1470 1987 1587 2057; x_wconf 87' lang='lat' dir='ltr'><strong>ejus</strong></span> <span class='ocrx_word' id='word_1_139' title='bbox 1603 1986 1845 2056; x_wconf 83' lang='lat' dir='ltr'><strong>disputa-</strong></span> 
     </span>
    </p>
   </div>
   <div class='ocr_carea' id='block_1_19' title="bbox 220 2077 1845 2154">
    <p class='ocr_par' dir='ltr' id='par_1_19' title="bbox 220 2077 1845 2154">
     <span class='ocr_line' id='line_1_19' title="bbox 220 2077 1845 2154; baseline -0.007 -13"><span class='ocrx_word' id='word_1_140' title='bbox 220 2088 449 2149; x_wconf 68' lang='lat' dir='ltr'><strong>tiones,</strong></span> <span class='ocrx_word' id='word_1_141' title='bbox 477 2098 625 2154; x_wconf 72' lang='lat' dir='ltr'><strong>quas</strong></span> <span class='ocrx_word' id='word_1_142' title='bbox 645 2082 824 2137; x_wconf 69' lang='lat' dir='ltr'><strong>dictat</strong></span> <span class='ocrx_word' id='word_1_143' title='bbox 878 2080 978 2135; x_wconf 82' lang='lat' dir='ltr'><strong>sibi</strong></span> <span class='ocrx_word' id='word_1_144' title='bbox 1017 2095 1140 2135; x_wconf 82' lang='lat' dir='ltr'><strong>esse</strong></span> <span class='ocrx_word' id='word_1_145' title='bbox 1182 2078 1525 2142; x_wconf 78' lang='lat' dir='ltr'><strong>notissimas.</strong></span> <span class='ocrx_word' id='word_1_146' title='bbox 1556 2077 1730 2132; x_wconf 81' lang='lat' dir='ltr'><strong>adhuc</strong></span> <span class='ocrx_word' id='word_1_147' title='bbox 1754 2091 1845 2130; x_wconf 89' lang='lat' dir='ltr'><strong>su-</strong></span> 
     </span>
    </p>
   </div>
   <div class='ocr_carea' id='block_1_20' title="bbox 224 2168 1842 2241">
    <p class='ocr_par' dir='ltr' id='par_1_20' title="bbox 224 2168 1842 2241">
     <span class='ocr_line' id='line_1_20' title="bbox 224 2168 1842 2241; baseline -0.006 -9"><span class='ocrx_word' id='word_1_148' title='bbox 224 2194 367 2232; x_wconf 76' lang='lat' dir='ltr'><strong>mus</strong></span> <span class='ocrx_word' id='word_1_149' title='bbox 400 2177 469 2230; x_wconf 88' lang='lat' dir='ltr'><strong>de</strong></span> <span class='ocrx_word' id='word_1_150' title='bbox 487 2176 709 2230; x_wconf 89' lang='lat' dir='ltr'><strong>istorum</strong></span> <span class='ocrx_word' id='word_1_151' title='bbox 740 2174 1029 2228; x_wconf 90' lang='lat' dir='ltr'><strong>verborum</strong></span> <span class='ocrx_word' id='word_1_152' title='bbox 1057 2172 1178 2241; x_wconf 90' lang='lat' dir='ltr'><strong>ejus</strong></span> <span class='ocrx_word' id='word_1_153' title='bbox 1219 2171 1561 2241; x_wconf 77' lang='lat' dir='ltr'><strong>ambiguitate</strong></span> <span class='ocrx_word' id='word_1_154' title='bbox 1583 2168 1798 2223; x_wconf 83' lang='lat' dir='ltr'><strong>solliciti</strong></span> <span class='ocrx_word' id='word_1_155' title='bbox 1823 2209 1842 2235; x_wconf 93' lang='lat'><strong>,</strong></span> 
     </span>
    </p>
   </div>
   <div class='ocr_carea' id='block_1_21' title="bbox 226 2259 1847 2336">
    <p class='ocr_par' dir='ltr' id='par_1_21' title="bbox 226 2259 1847 2336">
     <span class='ocr_line' id='line_1_21' title="bbox 226 2259 1847 2336; baseline -0.007 -12"><span class='ocrx_word' id='word_1_156' title='bbox 226 2286 307 2324; x_wconf 83' lang='lat' dir='ltr'><strong>ne</strong></span> <span class='ocrx_word' id='word_1_157' title='bbox 340 2267 495 2321; x_wconf 75' lang='lat' dir='ltr'><strong>forte</strong></span> <span class='ocrx_word' id='word_1_158' title='bbox 520 2264 645 2336; x_wconf 90' lang='lat' dir='ltr'><strong>quid</strong></span> <span class='ocrx_word' id='word_1_159' title='bbox 674 2266 725 2318; x_wconf 91' lang='lat' dir='ltr'><strong>in</strong></span> <span class='ocrx_word' id='word_1_160' title='bbox 755 2280 817 2318; x_wconf 83' lang='lat' dir='ltr'><strong>ea</strong></span> <span class='ocrx_word' id='word_1_161' title='bbox 844 2263 1024 2328; x_wconf 79' lang='lat' dir='ltr'><strong>lateat,</strong></span> <span class='ocrx_word' id='word_1_162' title='bbox 1052 2271 1213 2331; x_wconf 86' lang='lat' dir='ltr'><strong>atque</strong></span> <span class='ocrx_word' id='word_1_163' title='bbox 1263 2277 1324 2317; x_wconf 86' lang='lat' dir='ltr'><strong>se</strong></span> <span class='ocrx_word' id='word_1_164' title='bbox 1373 2260 1477 2317; x_wconf 83' lang='lat' dir='ltr'><strong>hoc</strong></span> <span class='ocrx_word' id='word_1_165' title='bbox 1501 2260 1702 2315; x_wconf 79' lang='lat' dir='ltr'><strong>dixisse</strong></span> <span class='ocrx_word' id='word_1_166' title='bbox 1728 2259 1847 2313; x_wconf 86' lang='lat' dir='ltr'><strong>sine</strong></span> 
     </span>
    </p>
   </div>
   <div class='ocr_carea' id='block_1_22' title="bbox 230 2351 1847 2431">
    <p class='ocr_par' dir='ltr' id='par_1_22' title="bbox 230 2351 1847 2431">
     <span class='ocr_line' id='line_1_22' title="bbox 230 2351 1847 2431; baseline -0.004 -19"><span class='ocrx_word' id='word_1_167' title='bbox 230 2359 570 2431; x_wconf 59' lang='lat' dir='ltr'><strong>prmjudicio</strong></span> <span class='ocrx_word' id='word_1_168' title='bbox 628 2357 709 2411; x_wconf 87' lang='lat' dir='ltr'><strong>sui</strong></span> <span class='ocrx_word' id='word_1_169' title='bbox 761 2356 1026 2425; x_wconf 85' lang='lat' dir='ltr'><strong>dogmatis</strong></span> <span class='ocrx_word' id='word_1_170' title='bbox 1069 2363 1302 2423; x_wconf 87' lang='lat' dir='ltr'><strong>exponat</strong></span> <span class='ocrx_word' id='word_1_171' title='bbox 1348 2364 1534 2423; x_wconf 87' lang='lat' dir='ltr'><strong>postea</strong></span> <span class='ocrx_word' id='word_1_172' title='bbox 1574 2351 1847 2421; x_wconf 78' lang='lat' dir='ltr'><strong>discipulis</strong></span> 
     </span>
    </p>
   </div>
   <div class='ocr_carea' id='block_1_23' title="bbox 230 2446 1849 2518">
    <p class='ocr_par' dir='ltr' id='par_1_23' title="bbox 230 2446 1849 2518">
     <span class='ocr_line' id='line_1_23' title="bbox 230 2446 1849 2518; baseline -0.006 -9"><span class='ocrx_word' id='word_1_173' title='bbox 230 2454 388 2518; x_wconf 75' lang='lat' dir='ltr'><strong>suis,</strong></span> <span class='ocrx_word' id='word_1_174' title='bbox 419 2452 493 2504; x_wconf 87' lang='lat' dir='ltr'><strong>ita</strong></span> <span class='ocrx_word' id='word_1_175' title='bbox 516 2450 785 2505; x_wconf 85' lang='lat' dir='ltr'><strong>disserens</strong></span> <span class='ocrx_word' id='word_1_176' title='bbox 810 2466 823 2503; x_wconf 88' lang='lat'><strong>:</strong></span> <span class='ocrx_word' id='word_1_177' title='bbox 857 2466 873 2501; x_wconf 86' lang='lat' dir='ltr'><strong>t</strong></span> <span class='ocrx_word' id='word_1_178' title='bbox 904 2448 1024 2502; x_wconf 88' lang='lat' dir='ltr'><strong>Dixi</strong></span> <span class='ocrx_word' id='word_1_179' title='bbox 1056 2446 1296 2518; x_wconf 83' lang='lat' dir='ltr'><strong>quidem,</strong></span> <span class='ocrx_word' id='word_1_180' title='bbox 1326 2447 1541 2516; x_wconf 89' lang='lat' dir='ltr'><strong>proprio</strong></span> <span class='ocrx_word' id='word_1_181' title='bbox 1585 2446 1771 2501; x_wconf 85' lang='lat' dir='ltr'><strong>labore</strong></span> <span class='ocrx_word' id='word_1_182' title='bbox 1794 2453 1849 2499; x_wconf 93' lang='lat' dir='ltr'><strong>et</strong></span> 
     </span>
    </p>
   </div>
   <div class='ocr_carea' id='block_1_24' title="bbox 235 2536 1849 2611">
    <p class='ocr_par' dir='ltr' id='par_1_24' title="bbox 235 2536 1849 2611">
     <span class='ocr_line' id='line_1_24' title="bbox 235 2536 1849 2611; baseline -0.004 -13"><span class='ocrx_word' id='word_1_183' title='bbox 235 2544 344 2598; x_wconf 86' lang='lat' dir='ltr'><strong>Dei</strong></span> <span class='ocrx_word' id='word_1_184' title='bbox 388 2543 563 2611; x_wconf 83' lang='lat' dir='ltr'><strong>gratia</strong></span> <span class='ocrx_word' id='word_1_185' title='bbox 608 2554 762 2610; x_wconf 85' lang='lat' dir='ltr'><strong>posse</strong></span> <span class='ocrx_word' id='word_1_186' title='bbox 817 2538 1087 2595; x_wconf 89' lang='lat' dir='ltr'><strong>hominem</strong></span> <span class='ocrx_word' id='word_1_187' title='bbox 1114 2554 1236 2594; x_wconf 81' lang='lat' dir='ltr'><strong>esse</strong></span> <span class='ocrx_word' id='word_1_188' title='bbox 1286 2538 1403 2593; x_wconf 90' lang='lat' dir='ltr'><strong>sine</strong></span> <span class='ocrx_word' id='word_1_189' title='bbox 1442 2547 1696 2608; x_wconf 87' lang='lat' dir='ltr'><strong>peccato;</strong></span> <span class='ocrx_word' id='word_1_190' title='bbox 1752 2536 1849 2592; x_wconf 87' lang='lat' dir='ltr'><strong>sed</strong></span> 
     </span>
    </p>
   </div>
   <div class='ocr_carea' id='block_1_25' title="bbox 234 2628 1849 2704">
    <p class='ocr_par' dir='ltr' id='par_1_25' title="bbox 234 2628 1849 2704">
     <span class='ocr_line' id='line_1_25' title="bbox 234 2628 1849 2704; baseline -0.002 -18"><span class='ocrx_word' id='word_1_191' title='bbox 234 2650 420 2704; x_wconf 75' lang='lat' dir='ltr'><strong>quam</strong></span> <span class='ocrx_word' id='word_1_192' title='bbox 437 2631 613 2687; x_wconf 79' lang='lat' dir='ltr'><strong>dicam</strong></span> <span class='ocrx_word' id='word_1_193' title='bbox 641 2632 865 2702; x_wconf 84' lang='lat' dir='ltr'><strong>gratiam</strong></span> <span class='ocrx_word' id='word_1_194' title='bbox 895 2631 1096 2699; x_wconf 79' lang='lat' dir='ltr'><strong>Optime</strong></span> <span class='ocrx_word' id='word_1_195' title='bbox 1125 2630 1314 2691; x_wconf 90' lang='lat' dir='ltr'><strong>nostis.</strong></span> <span class='ocrx_word' id='word_1_196' title='bbox 1344 2640 1398 2687; x_wconf 84' lang='lat' dir='ltr'><strong>et</strong></span> <span class='ocrx_word' id='word_1_197' title='bbox 1423 2628 1651 2699; x_wconf 85' lang='lat' dir='ltr'><strong>legendo</strong></span> <span class='ocrx_word' id='word_1_198' title='bbox 1695 2642 1849 2683; x_wconf 85' lang='lat' dir='ltr'><strong>reco-</strong></span> 
     </span>
    </p>
   </div>
   <div class='ocr_carea' id='block_1_26' title="bbox 238 2721 1851 2794">
    <p class='ocr_par' dir='ltr' id='par_1_26' title="bbox 238 2721 1851 2794">
     <span class='ocr_line' id='line_1_26' title="bbox 238 2721 1851 2794; baseline -0.004 -13"><span class='ocrx_word' id='word_1_199' title='bbox 238 2727 374 2781; x_wconf 70' lang='lat' dir='ltr'><strong>lere</strong></span> <span class='ocrx_word' id='word_1_200' title='bbox 400 2725 639 2793; x_wconf 84' lang='lat' dir='ltr'><strong>potestis,</strong></span> <span class='ocrx_word' id='word_1_201' title='bbox 667 2723 809 2794; x_wconf 88' lang='lat' dir='ltr'><strong>quod</strong></span> <span class='ocrx_word' id='word_1_202' title='bbox 839 2740 900 2779; x_wconf 81' lang='lat' dir='ltr'><strong>ea</strong></span> <span class='ocrx_word' id='word_1_203' title='bbox 928 2724 1017 2785; x_wconf 84' lang='lat' dir='ltr'><strong>sit,</strong></span> <span class='ocrx_word' id='word_1_204' title='bbox 1044 2724 1096 2777; x_wconf 89' lang='lat' dir='ltr'><strong>in</strong></span> <span class='ocrx_word' id='word_1_205' title='bbox 1119 2738 1222 2793; x_wconf 88' lang='lat' dir='ltr'><strong>qua</strong></span> <span class='ocrx_word' id='word_1_206' title='bbox 1251 2722 1418 2778; x_wconf 85' lang='lat' dir='ltr'><strong>creati</strong></span> <span class='ocrx_word' id='word_1_207' title='bbox 1465 2736 1651 2776; x_wconf 90' lang='lat' dir='ltr'><strong>sumus</strong></span> <span class='ocrx_word' id='word_1_208' title='bbox 1681 2738 1710 2775; x_wconf 92' lang='lat' dir='ltr'><strong>a</strong></span> <span class='ocrx_word' id='word_1_209' title='bbox 1740 2721 1851 2776; x_wconf 89' lang='lat' dir='ltr'><strong>Deo</strong></span> 
     </span>
    </p>
   </div>
   <div class='ocr_carea' id='block_1_27' title="bbox 238 2814 1855 2886">
    <p class='ocr_par' dir='ltr' id='par_1_27' title="bbox 238 2814 1855 2886">
     <span class='ocr_line' id='line_1_27' title="bbox 238 2814 1855 2886; baseline -0.001 -15"><span class='ocrx_word' id='word_1_210' title='bbox 238 2818 576 2873; x_wconf 81' lang='lat' dir='ltr'><strong>cumlibero</strong></span> <span class='ocrx_word' id='word_1_211' title='bbox 603 2817 847 2872; x_wconf 88' lang='lat' dir='ltr'><strong>arbitrio.</strong></span> <span class='ocrx_word' id='word_1_212' title='bbox 893 2835 913 2870; x_wconf 70' lang='grc' dir='ltr'><strong>ι</strong></span> <span class='ocrx_word' id='word_1_213' title='bbox 945 2817 1120 2886; x_wconf 83' lang='lat' dir='ltr'><strong>Atque</strong></span> <span class='ocrx_word' id='word_1_214' title='bbox 1158 2816 1236 2871; x_wconf 86' lang='lat' dir='ltr'><strong>ita</strong></span> <span class='ocrx_word' id='word_1_215' title='bbox 1281 2815 1408 2869; x_wconf 91' lang='lat' dir='ltr'><strong>dum</strong></span> <span class='ocrx_word' id='word_1_216' title='bbox 1455 2830 1578 2870; x_wconf 91' lang='lat' dir='ltr'><strong>cum</strong></span> <span class='ocrx_word' id='word_1_217' title='bbox 1628 2814 1855 2871; x_wconf 85' lang='lat' dir='ltr'><strong>credunt</strong></span> 
     </span>
    </p>
   </div>
   <div class='ocr_carea' id='block_1_28' title="bbox 242 2906 1856 2979">
    <p class='ocr_par' dir='ltr' id='par_1_28' title="bbox 242 2906 1856 2979">
     <span class='ocr_line' id='line_1_28' title="bbox 242 2906 1856 2979; baseline -0.003 -14"><span class='ocrx_word' id='word_1_218' title='bbox 242 2910 505 2979; x_wconf 77' lang='lat' dir='ltr'><strong>episcopi</strong></span> <span class='ocrx_word' id='word_1_219' title='bbox 565 2924 681 2962; x_wconf 86' lang='lat' dir='ltr'><strong>eam</strong></span> <span class='ocrx_word' id='word_1_220' title='bbox 732 2908 935 2963; x_wconf 79' lang='lat' dir='ltr'><strong>dixisse</strong></span> <span class='ocrx_word' id='word_1_221' title='bbox 977 2909 1232 2978; x_wconf 85' lang='lat' dir='ltr'><strong>gratiam,</strong></span> <span class='ocrx_word' id='word_1_222' title='bbox 1290 2924 1394 2961; x_wconf 91' lang='lat' dir='ltr'><strong>non</strong></span> <span class='ocrx_word' id='word_1_223' title='bbox 1449 2922 1551 2977; x_wconf 90' lang='lat' dir='ltr'><strong>qua</strong></span> <span class='ocrx_word' id='word_1_224' title='bbox 1610 2906 1856 2961; x_wconf 84' lang='lat' dir='ltr'><strong>homines</strong></span> 
     </span>
    </p>
   </div>
   <div class='ocr_carea' id='block_1_29' title="bbox 244 2996 1855 3070">
    <p class='ocr_par' dir='ltr' id='par_1_29' title="bbox 244 2996 1855 3070">
     <span class='ocr_line' id='line_1_29' title="bbox 244 2996 1855 3070; baseline -0.001 -15"><span class='ocrx_word' id='word_1_225' title='bbox 244 3000 431 3055; x_wconf 76' lang='lat' dir='ltr'><strong>creati</strong></span> <span class='ocrx_word' id='word_1_226' title='bbox 461 3014 669 3066; x_wconf 86' lang='lat' dir='ltr'><strong>sumus,</strong></span> <span class='ocrx_word' id='word_1_227' title='bbox 708 2998 802 3053; x_wconf 85' lang='lat' dir='ltr'><strong>sed</strong></span> <span class='ocrx_word' id='word_1_228' title='bbox 832 3014 935 3070; x_wconf 90' lang='lat' dir='ltr'><strong>qua</strong></span> <span class='ocrx_word' id='word_1_229' title='bbox 981 2999 1033 3053; x_wconf 92' lang='lat' dir='ltr'><strong>in</strong></span> <span class='ocrx_word' id='word_1_230' title='bbox 1081 3013 1271 3053; x_wconf 79' lang='lat' dir='ltr'><strong>novam</strong></span> <span class='ocrx_word' id='word_1_231' title='bbox 1294 3007 1592 3052; x_wconf 86' lang='lat' dir='ltr'><strong>creaturam</strong></span> <span class='ocrx_word' id='word_1_232' title='bbox 1618 2996 1855 3067; x_wconf 87' lang='lat' dir='ltr'><strong>adoptati</strong></span> 
     </span>
    </p>
   </div>
   <div class='ocr_carea' id='block_1_30' title="bbox 247 3088 1855 3164">
    <p class='ocr_par' dir='ltr' id='par_1_30' title="bbox 247 3088 1855 3164">
     <span class='ocr_line' id='line_1_30' title="bbox 247 3088 1855 3164; baseline -0.001 -19"><span class='ocrx_word' id='word_1_233' title='bbox 247 3093 434 3164; x_wconf 78' lang='lat' dir='ltr'><strong>(hanc</strong></span> <span class='ocrx_word' id='word_1_234' title='bbox 486 3091 631 3145; x_wconf 84' lang='lat' dir='ltr'><strong>enim</strong></span> <span class='ocrx_word' id='word_1_235' title='bbox 684 3091 1023 3160; x_wconf 86' lang='lat' dir='ltr'><strong>apertissime</strong></span> <span class='ocrx_word' id='word_1_236' title='bbox 1071 3090 1298 3161; x_wconf 84' lang='lat' dir='ltr'><strong>gratiam</strong></span> <span class='ocrx_word' id='word_1_237' title='bbox 1348 3089 1525 3144; x_wconf 85' lang='lat' dir='ltr'><strong>divina</strong></span> <span class='ocrx_word' id='word_1_238' title='bbox 1583 3088 1855 3159; x_wconf 87' lang='lat' dir='ltr'><strong>Scriptura</strong></span> 
     </span>
    </p>
   </div>
   <div class='ocr_carea' id='block_1_31' title="bbox 246 3179 1859 3252">
    <p class='ocr_par' dir='ltr' id='par_1_31' title="bbox 246 3179 1859 3252">
     <span class='ocr_line' id='line_1_31' title="bbox 246 3179 1859 3252; baseline -0.004 -13"><span class='ocrx_word' id='word_1_239' title='bbox 246 3182 652 3252; x_wconf 76' lang='lat' dir='ltr'><strong>commendat),</strong></span> <span class='ocrx_word' id='word_1_240' title='bbox 686 3182 991 3252; x_wconf 83' lang='lat' dir='ltr'><strong>ignorantes</strong></span> <span class='ocrx_word' id='word_1_241' title='bbox 1017 3181 1324 3235; x_wconf 64' lang='lat' dir='ltr'><strong>uta-relicum</strong></span> <span class='ocrx_word' id='word_1_242' title='bbox 1343 3221 1359 3247; x_wconf 94' lang='lat'><strong>,</strong></span> <span class='ocrx_word' id='word_1_243' title='bbox 1388 3188 1638 3250; x_wconf 85' lang='lat' dir='ltr'><strong>tanquam</strong></span> <span class='ocrx_word' id='word_1_244' title='bbox 1667 3179 1859 3234; x_wconf 77' lang='lat' dir='ltr'><strong>Catho-</strong></span> 
     </span>
    </p>
   </div>
   <div class='ocr_carea' id='block_1_32' title="bbox 249 3273 1859 3345">
    <p class='ocr_par' dir='ltr' id='par_1_32' title="bbox 249 3273 1859 3345">
     <span class='ocr_line' id='line_1_32' title="bbox 249 3273 1859 3345; baseline -0.006 -10"><span class='ocrx_word' id='word_1_245' title='bbox 249 3281 429 3335; x_wconf 76' lang='lat' dir='ltr'><strong>licunt</strong></span> <span class='ocrx_word' id='word_1_246' title='bbox 446 3277 812 3331; x_wconf 82' lang='lat' dir='ltr'><strong>absolverunt.</strong></span> <span class='ocrx_word' id='word_1_247' title='bbox 848 3276 1165 3345; x_wconf 84' lang='lat' dir='ltr'><strong>Suspectum</strong></span> <span class='ocrx_word' id='word_1_248' title='bbox 1191 3275 1335 3329; x_wconf 86' lang='lat' dir='ltr'><strong>enim</strong></span> <span class='ocrx_word' id='word_1_249' title='bbox 1386 3288 1475 3329; x_wconf 91' lang='lat' dir='ltr'><strong>me</strong></span> <span class='ocrx_word' id='word_1_250' title='bbox 1530 3273 1652 3327; x_wconf 90' lang='lat' dir='ltr'><strong>facit</strong></span> <span class='ocrx_word' id='word_1_251' title='bbox 1697 3273 1859 3328; x_wconf 86' lang='lat' dir='ltr'><strong>etiam</strong></span> 
     </span>
    </p>
   </div>
   <div class='ocr_carea' id='block_1_33' title="bbox 252 3365 1859 3439">
    <p class='ocr_par' dir='ltr' id='par_1_33' title="bbox 252 3365 1859 3439">
     <span class='ocr_line' id='line_1_33' title="bbox 252 3365 1859 3439; baseline -0.004 -13"><span class='ocrx_word' id='word_1_252' title='bbox 252 3371 419 3436; x_wconf 85' lang='lat' dir='ltr'><strong>illud,</strong></span> <span class='ocrx_word' id='word_1_253' title='bbox 448 3368 594 3439; x_wconf 90' lang='lat' dir='ltr'><strong>quod</strong></span> <span class='ocrx_word' id='word_1_254' title='bbox 623 3384 745 3424; x_wconf 86' lang='lat' dir='ltr'><strong>cum</strong></span> <span class='ocrx_word' id='word_1_255' title='bbox 767 3368 818 3422; x_wconf 86' lang='lat' dir='ltr'><strong>iu</strong></span> <span class='ocrx_word' id='word_1_256' title='bbox 845 3368 1035 3422; x_wconf 90' lang='lat' dir='ltr'><strong>eodem</strong></span> <span class='ocrx_word' id='word_1_257' title='bbox 1058 3367 1218 3431; x_wconf 90' lang='lat' dir='ltr'><strong>libro,</strong></span> <span class='ocrx_word' id='word_1_258' title='bbox 1245 3366 1334 3421; x_wconf 90' lang='lat' dir='ltr'><strong>cui</strong></span> <span class='ocrx_word' id='word_1_259' title='bbox 1384 3365 1658 3435; x_wconf 84' lang='lat' dir='ltr'><strong>respondi,</strong></span> <span class='ocrx_word' id='word_1_260' title='bbox 1699 3380 1859 3434; x_wconf 88' lang='lat' dir='ltr'><strong>aper-</strong></span> 
     </span>
    </p>
   </div>
   <div class='ocr_carea' id='block_1_34' title="bbox 252 3458 1859 3528">
    <p class='ocr_par' dir='ltr' id='par_1_34' title="bbox 252 3458 1859 3528">
     <span class='ocr_line' id='line_1_34' title="bbox 252 3458 1859 3528; baseline -0.003 -11"><span class='ocrx_word' id='word_1_261' title='bbox 252 3463 476 3518; x_wconf 70' lang='lat' dir='ltr'><strong>tissime</strong></span> <span class='ocrx_word' id='word_1_262' title='bbox 503 3460 718 3523; x_wconf 76' lang='lat' dir='ltr'><strong>dixerit,</strong></span> <span class='ocrx_word' id='word_1_263' title='bbox 746 3479 766 3511; x_wconf 78' lang='lat' dir='ltr'><strong>s</strong></span> <span class='ocrx_word' id='word_1_264' title='bbox 794 3459 1143 3528; x_wconf 84' lang='lat' dir='ltr'><strong>Abeijustum</strong></span> <span class='ocrx_word' id='word_1_265' title='bbox 1164 3473 1438 3527; x_wconf 83' lang='lat' dir='ltr'><strong>nunquam</strong></span> <span class='ocrx_word' id='word_1_266' title='bbox 1465 3458 1688 3513; x_wconf 90' lang='lat' dir='ltr'><strong>omnino</strong></span> <span class='ocrx_word' id='word_1_267' title='bbox 1728 3471 1859 3527; x_wconf 84' lang='lat' dir='ltr'><strong>pec-</strong></span> 
     </span>
    </p>
   </div>
   <div class='ocr_carea' id='block_1_35' title="bbox 253 3549 1861 3625">
    <p class='ocr_par' dir='ltr' id='par_1_35' title="bbox 253 3549 1861 3625">
     <span class='ocr_line' id='line_1_35' title="bbox 253 3549 1861 3625; baseline -0.003 -16"><span class='ocrx_word' id='word_1_268' title='bbox 253 3568 457 3619; x_wconf 69' lang='lat' dir='ltr'><strong>casse;</strong></span> <span class='ocrx_word' id='word_1_269' title='bbox 497 3571 520 3604; x_wconf 70' lang='grc' dir='ltr'>ι</span> <span class='ocrx_word' id='word_1_270' title='bbox 553 3550 711 3607; x_wconf 86' lang='lat' dir='ltr'><strong>modo</strong></span> <span class='ocrx_word' id='word_1_271' title='bbox 736 3550 887 3625; x_wconf 49' lang='lat' dir='ltr'><strong>ait“</strong></span> <span class='ocrx_word' id='word_1_272' title='bbox 923 3549 1039 3605; x_wconf 83' lang='lat' dir='ltr'><strong>Non</strong></span> <span class='ocrx_word' id='word_1_273' title='bbox 1066 3560 1243 3604; x_wconf 87' lang='lat' dir='ltr'><strong>autem</strong></span> <span class='ocrx_word' id='word_1_274' title='bbox 1271 3549 1507 3604; x_wconf 80' lang='lat' dir='ltr'><strong>diximus</strong></span> <span class='ocrx_word' id='word_1_275' title='bbox 1542 3549 1683 3619; x_wconf 89' lang='lat' dir='ltr'><strong>quod</strong></span> <span class='ocrx_word' id='word_1_276' title='bbox 1708 3549 1861 3604; x_wconf 89' lang='lat' dir='ltr'><strong>inve-</strong></span> 
     </span>
    </p>
   </div>
   <div class='ocr_carea' id='block_1_36' title="bbox 256 3640 1863 3715">
    <p class='ocr_par' dir='ltr' id='par_1_36' title="bbox 256 3640 1863 3715">
     <span class='ocr_line' id='line_1_36' title="bbox 256 3640 1863 3715; baseline -0.004 -15"><span class='ocrx_word' id='word_1_277' title='bbox 256 3648 447 3700; x_wconf 78' lang='lat' dir='ltr'><strong>niatur</strong></span> <span class='ocrx_word' id='word_1_278' title='bbox 473 3644 690 3715; x_wconf 84' lang='lat' dir='ltr'><strong>aliquis,</strong></span> <span class='ocrx_word' id='word_1_279' title='bbox 716 3644 785 3698; x_wconf 85' lang='lat' dir='ltr'><strong>ab</strong></span> <span class='ocrx_word' id='word_1_280' title='bbox 814 3642 1031 3697; x_wconf 78' lang='lat' dir='ltr'><strong>infantia</strong></span> <span class='ocrx_word' id='word_1_281' title='bbox 1087 3656 1256 3712; x_wconf 84' lang='lat' dir='ltr'><strong>usque</strong></span> <span class='ocrx_word' id='word_1_282' title='bbox 1282 3640 1348 3697; x_wconf 86' lang='lat' dir='ltr'><strong>ad</strong></span> <span class='ocrx_word' id='word_1_283' title='bbox 1400 3650 1673 3697; x_wconf 85' lang='lat' dir='ltr'><strong>senectam</strong></span> <span class='ocrx_word' id='word_1_284' title='bbox 1698 3680 1715 3707; x_wconf 94' lang='lat'><strong>,</strong></span> <span class='ocrx_word' id='word_1_285' title='bbox 1771 3640 1863 3711; x_wconf 88' lang='lat' dir='ltr'><strong>qui</strong></span> 
     </span>
    </p>
   </div>
   <div class='ocr_carea' id='block_1_37' title="bbox 258 3737 1863 3809">
    <p class='ocr_par' dir='ltr' id='par_1_37' title="bbox 258 3737 1863 3809">
     <span class='ocr_line' id='line_1_37' title="bbox 258 3737 1863 3809; baseline -0.002 -15"><span class='ocrx_word' id='word_1_286' title='bbox 258 3755 543 3809; x_wconf 82' lang='lat' dir='ltr'><strong>nunquam</strong></span> <span class='ocrx_word' id='word_1_287' title='bbox 559 3740 882 3809; x_wconf 88' lang='lat' dir='ltr'><strong>peccaverit;</strong></span> <span class='ocrx_word' id='word_1_288' title='bbox 914 3738 1009 3792; x_wconf 88' lang='lat' dir='ltr'><strong>sed</strong></span> <span class='ocrx_word' id='word_1_289' title='bbox 1034 3738 1288 3809; x_wconf 91' lang='lat' dir='ltr'><strong>quoniam</strong></span> <span class='ocrx_word' id='word_1_290' title='bbox 1316 3752 1346 3791; x_wconf 89' lang='lat' dir='ltr'><strong>a</strong></span> <span class='ocrx_word' id='word_1_291' title='bbox 1374 3737 1612 3807; x_wconf 83' lang='lat' dir='ltr'><strong>peccatis</strong></span> <span class='ocrx_word' id='word_1_292' title='bbox 1631 3750 1863 3791; x_wconf 85' lang='lat' dir='ltr'><strong>conver-</strong></span> 
     </span>
    </p>
   </div>
   <div class='ocr_carea' id='block_1_38' title="bbox 258 3828 1866 3900">
    <p class='ocr_par' dir='ltr' id='par_1_38' title="bbox 258 3828 1866 3900">
     <span class='ocr_line' id='line_1_38' title="bbox 258 3828 1866 3900; baseline -0.003 -15"><span class='ocrx_word' id='word_1_293' title='bbox 258 3847 384 3893; x_wconf 63' lang='lat' dir='ltr'><strong>sus,</strong></span> <span class='ocrx_word' id='word_1_294' title='bbox 413 3830 636 3900; x_wconf 80' lang='lat' dir='ltr'><strong>proprio</strong></span> <span class='ocrx_word' id='word_1_295' title='bbox 668 3829 849 3885; x_wconf 87' lang='lat' dir='ltr'><strong>labore</strong></span> <span class='ocrx_word' id='word_1_296' title='bbox 863 3837 920 3885; x_wconf 90' lang='lat' dir='ltr'><strong>et</strong></span> <span class='ocrx_word' id='word_1_297' title='bbox 946 3829 1040 3883; x_wconf 86' lang='lat' dir='ltr'><strong>Dei</strong></span> <span class='ocrx_word' id='word_1_298' title='bbox 1072 3829 1243 3899; x_wconf 84' lang='lat' dir='ltr'><strong>gratia</strong></span> <span class='ocrx_word' id='word_1_299' title='bbox 1269 3828 1437 3898; x_wconf 81' lang='lat' dir='ltr'><strong>possit</strong></span> <span class='ocrx_word' id='word_1_300' title='bbox 1464 3842 1587 3883; x_wconf 82' lang='lat' dir='ltr'><strong>esse</strong></span> <span class='ocrx_word' id='word_1_301' title='bbox 1608 3828 1726 3882; x_wconf 90' lang='lat' dir='ltr'><strong>sine</strong></span> <span class='ocrx_word' id='word_1_302' title='bbox 1744 3841 1866 3897; x_wconf 80' lang='lat' dir='ltr'><strong>pec-</strong></span> 
     </span>
    </p>
   </div>
   <div class='ocr_carea' id='block_1_39' title="bbox 260 3921 1864 3992">
    <p class='ocr_par' dir='ltr' id='par_1_39' title="bbox 260 3921 1864 3992">
     <span class='ocr_line' id='line_1_39' title="bbox 260 3921 1864 3992; baseline -0.002 -13"><span class='ocrx_word' id='word_1_303' title='bbox 260 3934 411 3979; x_wconf 78' lang='lat' dir='ltr'><strong>cato.</strong></span> <span class='ocrx_word' id='word_1_304' title='bbox 448 3942 469 3974; x_wconf 75' lang='grc' dir='ltr'>ι</span> <span class='ocrx_word' id='word_1_305' title='bbox 508 3922 641 3977; x_wconf 79' lang='lat' dir='ltr'><strong>Abel</strong></span> <span class='ocrx_word' id='word_1_306' title='bbox 665 3924 864 3992; x_wconf 87' lang='lat' dir='ltr'><strong>quippe</strong></span> <span class='ocrx_word' id='word_1_307' title='bbox 885 3922 1109 3990; x_wconf 87' lang='lat' dir='ltr'><strong>justum,</strong></span> <span class='ocrx_word' id='word_1_308' title='bbox 1141 3936 1247 3976; x_wconf 92' lang='lat' dir='ltr'><strong>non</strong></span> <span class='ocrx_word' id='word_1_309' title='bbox 1289 3935 1319 3975; x_wconf 81' lang='lat' dir='ltr'><strong>a</strong></span> <span class='ocrx_word' id='word_1_310' title='bbox 1360 3921 1593 3991; x_wconf 83' lang='lat' dir='ltr'><strong>peccatis</strong></span> <span class='ocrx_word' id='word_1_311' title='bbox 1636 3935 1864 3976; x_wconf 87' lang='lat' dir='ltr'><strong>conver-</strong></span> 
     </span>
    </p>
   </div>
   <div class='ocr_carea' id='block_1_40' title="bbox 261 4010 1864 4082">
    <p class='ocr_par' dir='ltr' id='par_1_40' title="bbox 261 4010 1864 4082">
     <span class='ocr_line' id='line_1_40' title="bbox 261 4010 1864 4082; baseline -0.002 -13"><span class='ocrx_word' id='word_1_312' title='bbox 261 4030 389 4069; x_wconf 77' lang='lat' dir='ltr'><strong>sum</strong></span> <span class='ocrx_word' id='word_1_313' title='bbox 420 4014 476 4068; x_wconf 90' lang='lat' dir='ltr'><strong>in</strong></span> <span class='ocrx_word' id='word_1_314' title='bbox 503 4023 700 4068; x_wconf 69' lang='lat' dir='ltr'><strong>cetera</strong></span> <span class='ocrx_word' id='word_1_315' title='bbox 733 4013 840 4067; x_wconf 90' lang='lat' dir='ltr'><strong>vita</strong></span> <span class='ocrx_word' id='word_1_316' title='bbox 864 4013 998 4067; x_wconf 85' lang='lat' dir='ltr'><strong>dixit</strong></span> <span class='ocrx_word' id='word_1_317' title='bbox 1045 4010 1240 4068; x_wconf 89' lang='lat' dir='ltr'><strong>factum</strong></span> <span class='ocrx_word' id='word_1_318' title='bbox 1276 4027 1397 4068; x_wconf 88' lang='lat' dir='ltr'><strong>esse</strong></span> <span class='ocrx_word' id='word_1_319' title='bbox 1438 4012 1559 4068; x_wconf 85' lang='lat' dir='ltr'><strong>sine</strong></span> <span class='ocrx_word' id='word_1_320' title='bbox 1607 4020 1824 4082; x_wconf 86' lang='lat' dir='ltr'><strong>peccato</strong></span> <span class='ocrx_word' id='word_1_321' title='bbox 1846 4053 1864 4077; x_wconf 89' lang='lat'><strong>,</strong></span> 
     </span>
    </p>
   </div>
   <div class='ocr_carea' id='block_1_41' title="bbox 262 4103 1868 4177">
    <p class='ocr_par' dir='ltr' id='par_1_41' title="bbox 262 4103 1868 4177">
     <span class='ocr_line' id='line_1_41' title="bbox 262 4103 1868 4177; baseline -0.001 -15"><span class='ocrx_word' id='word_1_322' title='bbox 262 4108 363 4162; x_wconf 80' lang='lat' dir='ltr'><strong>sed</strong></span> <span class='ocrx_word' id='word_1_323' title='bbox 400 4125 421 4161; x_wconf 73' lang='grc' dir='ltr'>ι</span> <span class='ocrx_word' id='word_1_324' title='bbox 452 4106 601 4177; x_wconf 83' lang='lat' dir='ltr'><strong>quod</strong></span> <span class='ocrx_word' id='word_1_325' title='bbox 631 4115 905 4176; x_wconf 79' lang='lat' dir='ltr'><strong>peccatum</strong></span> <span class='ocrx_word' id='word_1_326' title='bbox 940 4106 1142 4160; x_wconf 89' lang='lat' dir='ltr'><strong>nullum</strong></span> <span class='ocrx_word' id='word_1_327' title='bbox 1171 4119 1400 4175; x_wconf 87' lang='lat' dir='ltr'><strong>unquam</strong></span> <span class='ocrx_word' id='word_1_328' title='bbox 1429 4104 1634 4160; x_wconf 83' lang='lat' dir='ltr'><strong>fecerit.</strong></span> <span class='ocrx_word' id='word_1_329' title='bbox 1664 4121 1682 4153; x_wconf 76' lang='grc' dir='ltr'><strong>ο</strong></span> <span class='ocrx_word' id='word_1_330' title='bbox 1714 4103 1868 4160; x_wconf 85' lang='lat' dir='ltr'><strong>Unde</strong></span> 
     </span>
    </p>
   </div>
   <div class='ocr_carea' id='block_1_42' title="bbox 265 4195 1868 4267">
    <p class='ocr_par' dir='ltr' id='par_1_42' title="bbox 265 4195 1868 4267">
     <span class='ocr_line' id='line_1_42' title="bbox 265 4195 1868 4267; baseline 0 -15"><span class='ocrx_word' id='word_1_331' title='bbox 265 4200 313 4252; x_wconf 81' lang='lat' dir='ltr'><strong>si</strong></span> <span class='ocrx_word' id='word_1_332' title='bbox 343 4198 437 4252; x_wconf 81' lang='lat' dir='ltr'><strong>ille</strong></span> <span class='ocrx_word' id='word_1_333' title='bbox 460 4197 633 4266; x_wconf 88' lang='lat' dir='ltr'><strong>ipsius</strong></span> <span class='ocrx_word' id='word_1_334' title='bbox 653 4197 792 4252; x_wconf 89' lang='lat' dir='ltr'><strong>liber</strong></span> <span class='ocrx_word' id='word_1_335' title='bbox 838 4204 941 4263; x_wconf 84' lang='lat' dir='ltr'><strong>est,</strong></span> <span class='ocrx_word' id='word_1_336' title='bbox 974 4195 1213 4267; x_wconf 89' lang='lat' dir='ltr'><strong>profecto</strong></span> <span class='ocrx_word' id='word_1_337' title='bbox 1260 4211 1326 4251; x_wconf 89' lang='lat' dir='ltr'><strong>ex</strong></span> <span class='ocrx_word' id='word_1_338' title='bbox 1360 4196 1473 4265; x_wconf 85' lang='lat' dir='ltr'><strong>ipsa</strong></span> <span class='ocrx_word' id='word_1_339' title='bbox 1519 4198 1868 4265; x_wconf 82' lang='lat' dir='ltr'><strong>responsione</strong></span> 
     </span>
    </p>
   </div>
   <div class='ocr_carea' id='block_1_43' title="bbox 264 4287 1867 4345">
    <p class='ocr_par' dir='ltr' id='par_1_43' title="bbox 264 4287 1867 4345">
     <span class='ocr_line' id='line_1_43' title="bbox 264 4287 1867 4345; baseline -0.001 0"><span class='ocrx_word' id='word_1_340' title='bbox 264 4289 643 4345; x_wconf 78' lang='lat' dir='ltr'><strong>emendandus</strong></span> <span class='ocrx_word' id='word_1_341' title='bbox 669 4297 771 4344; x_wconf 88' lang='lat' dir='ltr'><strong>est.</strong></span> <span class='ocrx_word' id='word_1_342' title='bbox 794 4289 928 4343; x_wconf 81' lang='lat' dir='ltr'><strong>Nolo</strong></span> <span class='ocrx_word' id='word_1_343' title='bbox 951 4289 1095 4343; x_wconf 90' lang='lat' dir='ltr'><strong>enim</strong></span> <span class='ocrx_word' id='word_1_344' title='bbox 1114 4304 1236 4345; x_wconf 89' lang='lat' dir='ltr'><strong>eum</strong></span> <span class='ocrx_word' id='word_1_345' title='bbox 1250 4288 1434 4344; x_wconf 85' lang='lat' dir='ltr'><strong>dicere</strong></span> <span class='ocrx_word' id='word_1_346' title='bbox 1485 4287 1645 4344; x_wconf 91' lang='lat' dir='ltr'><strong>modo</strong></span> <span class='ocrx_word' id='word_1_347' title='bbox 1700 4287 1867 4344; x_wconf 88' lang='lat' dir='ltr'><strong>fuisse</strong></span> 
     </span>
    </p>
   </div>
   <div class='ocr_carea' id='block_1_44' title="bbox 276 4381 1869 4453">
    <p class='ocr_par' dir='ltr' id='par_1_44' title="bbox 276 4381 1869 4453">
     <span class='ocr_line' id='line_1_44' title="bbox 276 4381 1869 4453; baseline 0 -15"><span class='ocrx_word' id='word_1_348' title='bbox 276 4384 593 4447; x_wconf 81' lang='lat' dir='ltr'><strong>mentitum,</strong></span> <span class='ocrx_word' id='word_1_349' title='bbox 627 4398 694 4437; x_wconf 89' lang='lat' dir='ltr'><strong>ne</strong></span> <span class='ocrx_word' id='word_1_350' title='bbox 732 4383 870 4437; x_wconf 88' lang='lat' dir='ltr'><strong>forte</strong></span> <span class='ocrx_word' id='word_1_351' title='bbox 900 4382 1040 4453; x_wconf 87' lang='lat' dir='ltr'><strong>quod</strong></span> <span class='ocrx_word' id='word_1_352' title='bbox 1062 4382 1081 4414; x_wconf 75' lang='grc' dir='ltr'>ί</span> <span class='ocrx_word' id='word_1_353' title='bbox 1111 4382 1164 4437; x_wconf 91' lang='lat' dir='ltr'><strong>in</strong></span> <span class='ocrx_word' id='word_1_354' title='bbox 1193 4381 1329 4437; x_wconf 88' lang='lat' dir='ltr'><strong>libro</strong></span> <span class='ocrx_word' id='word_1_355' title='bbox 1356 4382 1446 4436; x_wconf 93' lang='lat' dir='ltr'><strong>illo</strong></span> <span class='ocrx_word' id='word_1_356' title='bbox 1482 4382 1776 4451; x_wconf 78' lang='lat' dir='ltr'><strong>scripserit,</strong></span> <span class='ocrx_word' id='word_1_357' title='bbox 1807 4397 1869 4438; x_wconf 85' lang='lat' dir='ltr'><strong>se</strong></span> 
     </span>
    </p>
   </div>
   <div class='ocr_carea' id='block_1_45' title="bbox 267 4473 1869 4545">
    <p class='ocr_par' dir='ltr' id='par_1_45' title="bbox 267 4473 1869 4545">
     <span class='ocr_line' id='line_1_45' title="bbox 267 4473 1869 4545; baseline -0.002 -16"><span class='ocrx_word' id='word_1_358' title='bbox 267 4475 416 4529; x_wconf 85' lang='lat' dir='ltr'><strong>dicat</strong></span> <span class='ocrx_word' id='word_1_359' title='bbox 441 4474 709 4530; x_wconf 87' lang='lat' dir='ltr'><strong>oblitum:</strong></span> <span class='ocrx_word' id='word_1_360' title='bbox 736 4473 960 4545; x_wconf 87' lang='lat' dir='ltr'><strong>proinde</strong></span> <span class='ocrx_word' id='word_1_361' title='bbox 1000 4483 1197 4529; x_wconf 65' lang='lat' dir='ltr'><strong>ctetera</strong></span> <span class='ocrx_word' id='word_1_362' title='bbox 1242 4474 1537 4530; x_wconf 82' lang='lat' dir='ltr'><strong>videamus.</strong></span> <span class='ocrx_word' id='word_1_363' title='bbox 1570 4474 1646 4529; x_wconf 87' lang='lat' dir='ltr'><strong>Ea</strong></span> <span class='ocrx_word' id='word_1_364' title='bbox 1674 4474 1869 4544; x_wconf 86' lang='lat' dir='ltr'><strong>quippe</strong></span> 
     </span>
    </p>
   </div>
   <div class='ocr_carea' id='block_1_46' title="bbox 268 4566 1868 4637">
    <p class='ocr_par' dir='ltr' id='par_1_46' title="bbox 268 4566 1868 4637">
     <span class='ocr_line' id='line_1_46' title="bbox 268 4566 1868 4637; baseline -0.001 -14"><span class='ocrx_word' id='word_1_365' title='bbox 268 4576 678 4637; x_wconf 73' lang='lat' dir='ltr'><strong>emisequuntur</strong></span> <span class='ocrx_word' id='word_1_366' title='bbox 720 4566 773 4621; x_wconf 89' lang='lat' dir='ltr'><strong>in</strong></span> <span class='ocrx_word' id='word_1_367' title='bbox 804 4566 1185 4623; x_wconf 83' lang='lat' dir='ltr'><strong>ecclesiasticis</strong></span> <span class='ocrx_word' id='word_1_368' title='bbox 1231 4567 1418 4637; x_wconf 84' lang='lat' dir='ltr'><strong>gestis,</strong></span> <span class='ocrx_word' id='word_1_369' title='bbox 1473 4566 1685 4637; x_wconf 89' lang='lat' dir='ltr'><strong>quibus,</strong></span> <span class='ocrx_word' id='word_1_370' title='bbox 1714 4566 1868 4636; x_wconf 80' lang='lat' dir='ltr'><strong>adju~</strong></span> 
     </span>
    </p>
   </div>
   <div class='ocr_carea' id='block_1_47' title="bbox 266 4659 1866 4731">
    <p class='ocr_par' dir='ltr' id='par_1_47' title="bbox 266 4659 1866 4731">
     <span class='ocr_line' id='line_1_47' title="bbox 266 4659 1866 4731; baseline -0.001 -16"><span class='ocrx_word' id='word_1_371' title='bbox 266 4672 429 4717; x_wconf 75' lang='lat' dir='ltr'><strong>vante</strong></span> <span class='ocrx_word' id='word_1_372' title='bbox 451 4661 703 4727; x_wconf 88' lang='lat' dir='ltr'><strong>Domino,</strong></span> <span class='ocrx_word' id='word_1_373' title='bbox 731 4674 1017 4731; x_wconf 82' lang='lat' dir='ltr'><strong>possumus</strong></span> <span class='ocrx_word' id='word_1_374' title='bbox 1054 4659 1362 4726; x_wconf 88' lang='lat' dir='ltr'><strong>ostendere,</strong></span> <span class='ocrx_word' id='word_1_375' title='bbox 1410 4659 1572 4715; x_wconf 89' lang='lat' dir='ltr'><strong>etiam</strong></span> <span class='ocrx_word' id='word_1_376' title='bbox 1618 4660 1866 4731; x_wconf 82' lang='lat' dir='ltr'><strong>Pelagio,</strong></span> 
     </span>
    </p>
   </div>
   <div class='ocr_carea' id='block_1_48' title="bbox 269 4752 1872 4824">
    <p class='ocr_par' dir='ltr' id='par_1_48' title="bbox 269 4752 1872 4824">
     <span class='ocr_line' id='line_1_48' title="bbox 269 4752 1872 4824; baseline 0 -16"><span class='ocrx_word' id='word_1_377' title='bbox 269 4755 408 4808; x_wconf 89' lang='lat' dir='ltr'><strong>sicut</strong></span> <span class='ocrx_word' id='word_1_378' title='bbox 424 4754 699 4808; x_wconf 91' lang='lat' dir='ltr'><strong>nonnullis</strong></span> <span class='ocrx_word' id='word_1_379' title='bbox 717 4753 949 4818; x_wconf 89' lang='lat' dir='ltr'><strong>videtur,</strong></span> <span class='ocrx_word' id='word_1_380' title='bbox 969 4753 1020 4807; x_wconf 91' lang='lat' dir='ltr'><strong>in</strong></span> <span class='ocrx_word' id='word_1_381' title='bbox 1039 4752 1126 4807; x_wconf 88' lang='lat' dir='ltr'><strong>illa</strong></span> <span class='ocrx_word' id='word_1_382' title='bbox 1140 4753 1531 4809; x_wconf 81' lang='lat' dir='ltr'><strong>examinatione</strong></span> <span class='ocrx_word' id='word_1_383' title='bbox 1551 4764 1793 4824; x_wconf 87' lang='lat' dir='ltr'><strong>purgato,</strong></span> <span class='ocrx_word' id='word_1_384' title='bbox 1818 4763 1872 4808; x_wconf 92' lang='lat' dir='ltr'><strong>et</strong></span> 
     </span>
    </p>
   </div>
   <div class='ocr_carea' id='block_1_49' title="bbox 271 4843 1873 4915">
    <p class='ocr_par' dir='ltr' id='par_1_49' title="bbox 271 4843 1873 4915">
     <span class='ocr_line' id='line_1_49' title="bbox 271 4843 1873 4915; baseline 0.002 -16"><span class='ocrx_word' id='word_1_385' title='bbox 271 4854 419 4899; x_wconf 83' lang='lat' dir='ltr'><strong>certe</strong></span> <span class='ocrx_word' id='word_1_386' title='bbox 444 4844 591 4915; x_wconf 83' lang='lat' dir='ltr'><strong>apud</strong></span> <span class='ocrx_word' id='word_1_387' title='bbox 618 4844 827 4913; x_wconf 74' lang='lat' dir='ltr'><strong>iudices</strong></span> <span class='ocrx_word' id='word_1_388' title='bbox 852 4844 1108 4899; x_wconf 78' lang='lat' dir='ltr'><strong>duntaxat</strong></span> <span class='ocrx_word' id='word_1_389' title='bbox 1149 4843 1396 4899; x_wconf 87' lang='lat' dir='ltr'><strong>homines</strong></span> <span class='ocrx_word' id='word_1_390' title='bbox 1421 4845 1665 4899; x_wconf 87' lang='lat' dir='ltr'><strong>absoluto</strong></span> <span class='ocrx_word' id='word_1_391' title='bbox 1688 4886 1703 4908; x_wconf 96' lang='lat'><strong>,</strong></span> <span class='ocrx_word' id='word_1_392' title='bbox 1734 4845 1873 4902; x_wconf 86' lang='lat' dir='ltr'><strong>hanc</strong></span> 
     </span>
    </p>
   </div>
   <div class='ocr_carea' id='block_1_50' title="bbox 276 4936 1871 5007">
    <p class='ocr_par' dir='ltr' id='par_1_50' title="bbox 276 4936 1871 5007">
     <span class='ocr_line' id='line_1_50' title="bbox 276 4936 1871 5007; baseline 0.001 -17"><span class='ocrx_word' id='word_1_393' title='bbox 276 4939 435 4991; x_wconf 78' lang='lat' dir='ltr'><strong>talem</strong></span> <span class='ocrx_word' id='word_1_394' title='bbox 463 4937 741 4998; x_wconf 76' lang='lat' dir='ltr'><strong>lueresim,</strong></span> <span class='ocrx_word' id='word_1_395' title='bbox 772 4952 929 5006; x_wconf 87' lang='lat' dir='ltr'><strong>quam</strong></span> <span class='ocrx_word' id='word_1_396' title='bbox 955 4946 1009 4991; x_wconf 91' lang='lat' dir='ltr'><strong>et</strong></span> <span class='ocrx_word' id='word_1_397' title='bbox 1037 4937 1262 4991; x_wconf 88' lang='lat' dir='ltr'><strong>ulterius</strong></span> <span class='ocrx_word' id='word_1_398' title='bbox 1310 4936 1558 5007; x_wconf 76' lang='lat' dir='ltr'><strong>progredi</strong></span> <span class='ocrx_word' id='word_1_399' title='bbox 1602 4946 1657 4992; x_wconf 90' lang='lat' dir='ltr'><strong>et</strong></span> <span class='ocrx_word' id='word_1_400' title='bbox 1696 4938 1746 4991; x_wconf 91' lang='lat' dir='ltr'><strong>in</strong></span> <span class='ocrx_word' id='word_1_401' title='bbox 1775 4952 1871 5007; x_wconf 58' lang='lat' dir='ltr'><strong>pec</strong></span> 
     </span>
    </p>
   </div>
   <div class='ocr_carea' id='block_1_51' title="bbox 272 5030 1749 5100">
    <p class='ocr_par' dir='ltr' id='par_1_51' title="bbox 272 5030 1749 5100">
     <span class='ocr_line' id='line_1_51' title="bbox 272 5030 1749 5100; baseline 0.002 -18"><span class='ocrx_word' id='word_1_402' title='bbox 272 5030 359 5100; x_wconf 86' lang='lat' dir='ltr'><strong>jus</strong></span> <span class='ocrx_word' id='word_1_403' title='bbox 386 5030 652 5100; x_wconf 82' lang='lat' dir='ltr'><strong>prolicere</strong></span> <span class='ocrx_word' id='word_1_404' title='bbox 678 5030 931 5093; x_wconf 88' lang='lat' dir='ltr'><strong>nolimus,</strong></span> <span class='ocrx_word' id='word_1_405' title='bbox 962 5030 1079 5085; x_wconf 89' lang='lat' dir='ltr'><strong>sine</strong></span> <span class='ocrx_word' id='word_1_406' title='bbox 1096 5030 1259 5085; x_wconf 87' lang='lat' dir='ltr'><strong>dubio</strong></span> <span class='ocrx_word' id='word_1_407' title='bbox 1276 5045 1397 5085; x_wconf 82' lang='lat' dir='ltr'><strong>esse</strong></span> <span class='ocrx_word' id='word_1_408' title='bbox 1420 5030 1749 5085; x_wconf 86' lang='lat' dir='ltr'><strong>damnatam.</strong></span> 
     </span>
    </p>
   </div>
   <div class='ocr_carea' id='block_1_52' title="bbox 346 5120 1872 5191">
    <p class='ocr_par' dir='ltr' id='par_1_52' title="bbox 346 5120 1872 5191">
     <span class='ocr_line' id='line_1_52' title="bbox 346 5120 1872 5191; baseline -0.002 -14"><span class='ocrx_word' id='word_1_409' title='bbox 346 5121 576 5177; x_wconf 69' lang='lat' dir='ltr'><strong>CAPUT</strong></span> <span class='ocrx_word' id='word_1_410' title='bbox 600 5121 857 5176; x_wconf 65' lang='lat' dir='ltr'><strong>iit—23.</strong></span> <span class='ocrx_word' id='word_1_411' title='bbox 881 5120 1006 5175; x_wconf 71' lang='lat' dir='ltr'><strong>Hzec</strong></span> <span class='ocrx_word' id='word_1_412' title='bbox 1030 5121 1171 5176; x_wconf 90' lang='lat' dir='ltr'><strong>enim</strong></span> <span class='ocrx_word' id='word_1_413' title='bbox 1185 5130 1479 5191; x_wconf 89' lang='lat' dir='ltr'><strong>sequuntur</strong></span> <span class='ocrx_word' id='word_1_414' title='bbox 1497 5121 1699 5191; x_wconf 87' lang='lat' dir='ltr'><strong>objecta</strong></span> <span class='ocrx_word' id='word_1_415' title='bbox 1715 5121 1872 5176; x_wconf 82' lang='lat' dir='ltr'><strong>Pela-</strong></span> 
     </span>
    </p>
   </div>
   <div class='ocr_carea' id='block_1_53' title="bbox 278 5212 1874 5283">
    <p class='ocr_par' dir='ltr' id='par_1_53' title="bbox 278 5212 1874 5283">
     <span class='ocr_line' id='line_1_53' title="bbox 278 5212 1874 5283; baseline 0.003 -19"><span class='ocrx_word' id='word_1_416' title='bbox 278 5212 383 5281; x_wconf 86' lang='lat' dir='ltr'><strong>gio,</strong></span> <span class='ocrx_word' id='word_1_417' title='bbox 414 5228 536 5283; x_wconf 73' lang='lat' dir='ltr'><strong>qua:</strong></span> <span class='ocrx_word' id='word_1_418' title='bbox 562 5214 615 5267; x_wconf 92' lang='lat' dir='ltr'><strong>in</strong></span> <span class='ocrx_word' id='word_1_419' title='bbox 645 5212 887 5267; x_wconf 87' lang='lat' dir='ltr'><strong>doctrina</strong></span> <span class='ocrx_word' id='word_1_420' title='bbox 910 5212 1145 5268; x_wconf 71' lang='lat' dir='ltr'><strong>Cmiestii</strong></span> <span class='ocrx_word' id='word_1_421' title='bbox 1176 5213 1420 5282; x_wconf 85' lang='lat' dir='ltr'><strong>discipuli</strong></span> <span class='ocrx_word' id='word_1_422' title='bbox 1467 5213 1584 5282; x_wconf 85' lang='lat' dir='ltr'><strong>ejus</strong></span> <span class='ocrx_word' id='word_1_423' title='bbox 1630 5213 1874 5269; x_wconf 82' lang='lat' dir='ltr'><strong>referun-</strong></span> 
     </span>
    </p>
   </div>
   <div class='ocr_carea' id='block_1_54' title="bbox 279 5304 1873 5376">
    <p class='ocr_par' dir='ltr' id='par_1_54' title="bbox 279 5304 1873 5376">
     <span class='ocr_line' id='line_1_54' title="bbox 279 5304 1873 5376; baseline 0.003 -21"><span class='ocrx_word' id='word_1_424' title='bbox 279 5312 366 5357; x_wconf 86' lang='lat' dir='ltr'><strong>tur</strong></span> <span class='ocrx_word' id='word_1_425' title='bbox 392 5305 629 5359; x_wconf 84' lang='lat' dir='ltr'><strong>inventa.</strong></span> <span class='ocrx_word' id='word_1_426' title='bbox 663 5322 683 5356; x_wconf 73' lang='grc' dir='ltr'>ι</span> <span class='ocrx_word' id='word_1_427' title='bbox 720 5304 889 5359; x_wconf 81' lang='lat' dir='ltr'><strong>Adam</strong></span> <span class='ocrx_word' id='word_1_428' title='bbox 922 5305 1200 5360; x_wconf 90' lang='lat' dir='ltr'><strong>mortalem</strong></span> <span class='ocrx_word' id='word_1_429' title='bbox 1233 5304 1450 5368; x_wconf 84' lang='lat' dir='ltr'><strong>factum,</strong></span> <span class='ocrx_word' id='word_1_430' title='bbox 1481 5308 1569 5375; x_wconf 89' lang='lat' dir='ltr'><strong>qui</strong></span> <span class='ocrx_word' id='word_1_431' title='bbox 1598 5306 1711 5361; x_wconf 87' lang='lat' dir='ltr'><strong>sive</strong></span> <span class='ocrx_word' id='word_1_432' title='bbox 1747 5322 1873 5376; x_wconf 81' lang='lat' dir='ltr'><strong>pec-</strong></span> 
     </span>
    </p>
   </div>
   <div class='ocr_carea' id='block_1_55' title="bbox 281 5397 1872 5465">
    <p class='ocr_par' dir='ltr' id='par_1_55' title="bbox 281 5397 1872 5465">
     <span class='ocr_line' id='line_1_55' title="bbox 281 5397 1872 5465; baseline 0.004 -20"><span class='ocrx_word' id='word_1_433' title='bbox 281 5404 443 5455; x_wconf 86' lang='lat' dir='ltr'><strong>caret,</strong></span> <span class='ocrx_word' id='word_1_434' title='bbox 466 5397 581 5450; x_wconf 87' lang='lat' dir='ltr'><strong>sive</strong></span> <span class='ocrx_word' id='word_1_435' title='bbox 606 5411 712 5449; x_wconf 92' lang='lat' dir='ltr'><strong>non</strong></span> <span class='ocrx_word' id='word_1_436' title='bbox 758 5405 1023 5465; x_wconf 87' lang='lat' dir='ltr'><strong>peccaret,</strong></span> <span class='ocrx_word' id='word_1_437' title='bbox 1078 5397 1367 5451; x_wconf 90' lang='lat' dir='ltr'><strong>moriturus</strong></span> <span class='ocrx_word' id='word_1_438' title='bbox 1405 5406 1568 5452; x_wconf 82' lang='lat' dir='ltr'><strong>esset.</strong></span> <span class='ocrx_word' id='word_1_439' title='bbox 1611 5397 1872 5465; x_wconf 86' lang='lat' dir='ltr'><strong>Quoniam</strong></span> 
     </span>
    </p>
   </div>
   <div class='ocr_carea' id='block_1_56' title="bbox 282 5486 1874 5557">
    <p class='ocr_par' dir='ltr' id='par_1_56' title="bbox 282 5486 1874 5557">
     <span class='ocr_line' id='line_1_56' title="bbox 282 5486 1874 5557; baseline 0.004 -22"><span class='ocrx_word' id='word_1_440' title='bbox 282 5496 554 5550; x_wconf 64' lang='lat' dir='ltr'><strong>peecanm</strong></span> <span class='ocrx_word' id='word_1_441' title='bbox 586 5486 714 5539; x_wconf 69' lang='lat' dir='ltr'><strong>Adae</strong></span> <span class='ocrx_word' id='word_1_442' title='bbox 740 5486 916 5556; x_wconf 85' lang='lat' dir='ltr'><strong>ipsum</strong></span> <span class='ocrx_word' id='word_1_443' title='bbox 945 5486 1120 5541; x_wconf 84' lang='lat' dir='ltr'><strong>solum</strong></span> <span class='ocrx_word' id='word_1_444' title='bbox 1172 5487 1401 5550; x_wconf 71' lang='lat' dir='ltr'><strong>laeserit,</strong></span> <span class='ocrx_word' id='word_1_445' title='bbox 1448 5497 1502 5543; x_wconf 86' lang='lat' dir='ltr'><strong>et</strong></span> <span class='ocrx_word' id='word_1_446' title='bbox 1556 5505 1659 5542; x_wconf 90' lang='lat' dir='ltr'><strong>non</strong></span> <span class='ocrx_word' id='word_1_447' title='bbox 1708 5503 1874 5557; x_wconf 89' lang='lat' dir='ltr'><strong>genus</strong></span> 
     </span>
    </p>
   </div>
   <div class='ocr_carea' id='block_1_57' title="bbox 283 5573 1873 5651">
    <p class='ocr_par' dir='ltr' id='par_1_57' title="bbox 283 5573 1873 5651">
     <span class='ocr_line' id='line_1_57' title="bbox 283 5573 1873 5651; baseline 0.007 -25"><span class='ocrx_word' id='word_1_448' title='bbox 283 5573 589 5628; x_wconf 76' lang='lat' dir='ltr'><strong>humanum.</strong></span> <span class='ocrx_word' id='word_1_449' title='bbox 618 5576 885 5641; x_wconf 80' lang='lat' dir='ltr'><strong>Quoniam</strong></span> <span class='ocrx_word' id='word_1_450' title='bbox 916 5578 1021 5633; x_wconf 80' lang='lat' dir='ltr'><strong>Lex</strong></span> <span class='ocrx_word' id='word_1_451' title='bbox 1048 5580 1126 5633; x_wconf 89' lang='lat' dir='ltr'><strong>sic</strong></span> <span class='ocrx_word' id='word_1_452' title='bbox 1154 5580 1312 5634; x_wconf 86' lang='lat' dir='ltr'><strong>mittit</strong></span> <span class='ocrx_word' id='word_1_453' title='bbox 1332 5580 1397 5635; x_wconf 88' lang='lat' dir='ltr'><strong>ad</strong></span> <span class='ocrx_word' id='word_1_454' title='bbox 1422 5597 1660 5650; x_wconf 80' lang='lat' dir='ltr'><strong>regnum,</strong></span> <span class='ocrx_word' id='word_1_455' title='bbox 1684 5597 1873 5651; x_wconf 87' lang='lat' dir='ltr'><strong>quem-</strong></span> 
     </span>
    </p>
   </div>
   <div class='ocr_carea' id='block_1_58' title="bbox 284 5666 1873 5738">
    <p class='ocr_par' dir='ltr' id='par_1_58' title="bbox 284 5666 1873 5738">
     <span class='ocr_line' id='line_1_58' title="bbox 284 5666 1873 5738; baseline 0.006 -19"><span class='ocrx_word' id='word_1_456' title='bbox 284 5667 565 5722; x_wconf 72' lang='lat' dir='ltr'><strong>admodum</strong></span> <span class='ocrx_word' id='word_1_457' title='bbox 637 5666 1007 5737; x_wconf 82' lang='lat' dir='ltr'><strong>Evangeiium.</strong></span> <span class='ocrx_word' id='word_1_458' title='bbox 1069 5669 1329 5738; x_wconf 84' lang='lat' dir='ltr'><strong>Quoniam</strong></span> <span class='ocrx_word' id='word_1_459' title='bbox 1392 5681 1516 5729; x_wconf 85' lang='lat' dir='ltr'><strong>ante</strong></span> <span class='ocrx_word' id='word_1_460' title='bbox 1588 5673 1873 5729; x_wconf 77' lang='lat' dir='ltr'><strong>adventum</strong></span> 
     </span>
    </p>
   </div>
   <div class='ocr_carea' id='block_1_59' title="bbox 349 5826 989 5891">
    <p class='ocr_par' dir='ltr' id='par_1_59' title="bbox 349 5826 989 5891">
     <span class='ocr_line' id='line_1_59' title="bbox 349 5826 989 5891; baseline 0 -13"><span class='ocrx_word' id='word_1_461' title='bbox 349 5833 367 5861; x_wconf 70' lang='grc' dir='ltr'><strong>ι</strong></span> <span class='ocrx_word' id='word_1_462' title='bbox 400 5826 700 5881; x_wconf 68' lang='lat' dir='ltr'><strong>Cobiertinus</strong></span> <span class='ocrx_word' id='word_1_463' title='bbox 722 5835 828 5884; x_wconf 70' lang='grc' dir='ltr'><strong>ω..</strong></span> <span class='ocrx_word' id='word_1_464' title='bbox 855 5828 989 5891; x_wconf 80' lang='lat' dir='ltr'><strong>quid.</strong></span> 
     </span>
    </p>
   </div>
   <div class='ocr_carea' id='block_1_60' title="bbox 349 5892 1009 5956">
    <p class='ocr_par' dir='ltr' id='par_1_60' title="bbox 349 5892 1009 5956">
     <span class='ocr_line' id='line_1_60' title="bbox 349 5892 1009 5956; baseline 0.002 -16"><span class='ocrx_word' id='word_1_465' title='bbox 349 5892 423 5956; x_wconf 71' lang='lat' dir='ltr'><strong>fa)</strong></span> <span class='ocrx_word' id='word_1_466' title='bbox 452 5894 687 5943; x_wconf 72' lang='lat' dir='ltr'><strong>Timasith</strong></span> <span class='ocrx_word' id='word_1_467' title='bbox 712 5902 763 5942; x_wconf 79' lang='lat' dir='ltr'><strong>et</strong></span> <span class='ocrx_word' id='word_1_468' title='bbox 789 5893 1009 5941; x_wconf 63' lang='lat' dir='ltr'><strong>Jatobus.</strong></span> 
     </span>
    </p>
   </div>
   <div class='ocr_carea' id='block_1_61' title="bbox 1670 398 2106 457">
    <p class='ocr_par' dir='ltr' id='par_1_61' title="bbox 1670 398 2106 457">
     <span class='ocr_line' id='line_1_61' title="bbox 1670 398 2106 457; baseline -0.002 -1"><span class='ocrx_word' id='word_1_469' title='bbox 1670 400 1867 457; x_wconf 76' lang='lat' dir='ltr'><strong>LIBER</strong></span> <span class='ocrx_word' id='word_1_470' title='bbox 1909 398 2106 456; x_wconf 67' lang='lat' dir='ltr'><strong>UNUS.</strong></span> 
     </span>
    </p>
   </div>
   <div class='ocr_carea' id='block_1_62' title="bbox 3400 390 3518 454">
    <p class='ocr_par' dir='ltr' id='par_1_62' title="bbox 3400 390 3518 454">
     <span class='ocr_line' id='line_1_62' title="bbox 3400 390 3518 454; baseline 0 0"><span class='ocrx_word' id='word_1_471' title='bbox 3400 390 3518 454; x_wconf 65' lang='grc' dir='ltr'><strong>δδι</strong></span> 
     </span>
    </p>
   </div>
   <div class='ocr_carea' id='block_1_63' title="bbox 1932 513 3516 586">
    <p class='ocr_par' dir='ltr' id='par_1_63' title="bbox 1932 513 3516 586">
     <span class='ocr_line' id='line_1_63' title="bbox 1932 513 3516 586; baseline -0.001 -15"><span class='ocrx_word' id='word_1_472' title='bbox 1932 516 2129 571; x_wconf 87' lang='lat' dir='ltr'><strong>Christi</strong></span> <span class='ocrx_word' id='word_1_473' title='bbox 2153 515 2365 571; x_wconf 91' lang='lat' dir='ltr'><strong>fuerunt</strong></span> <span class='ocrx_word' id='word_1_474' title='bbox 2393 516 2637 574; x_wconf 87' lang='lat' dir='ltr'><strong>homines</strong></span> <span class='ocrx_word' id='word_1_475' title='bbox 2678 514 2792 570; x_wconf 84' lang='lat' dir='ltr'><strong>sine</strong></span> <span class='ocrx_word' id='word_1_476' title='bbox 2836 522 3072 586; x_wconf 83' lang='lat' dir='ltr'><strong>peccato.</strong></span> <span class='ocrx_word' id='word_1_477' title='bbox 3130 513 3392 582; x_wconf 76' lang='lat' dir='ltr'><strong>Quoniam</strong></span> <span class='ocrx_word' id='word_1_478' title='bbox 3434 517 3516 570; x_wconf 40' lang='lat' dir='ltr'><strong>ius</strong></span> 
     </span>
    </p>
   </div>
   <div class='ocr_carea' id='block_1_64' title="bbox 1937 605 3521 679">
    <p class='ocr_par' dir='ltr' id='par_1_64' title="bbox 1937 605 3521 679">
     <span class='ocr_line' id='line_1_64' title="bbox 1937 605 3521 679; baseline -0.001 -17"><span class='ocrx_word' id='word_1_479' title='bbox 1937 607 2107 663; x_wconf 90' lang='lat' dir='ltr'><strong>fantes</strong></span> <span class='ocrx_word' id='word_1_480' title='bbox 2134 623 2305 679; x_wconf 88' lang='lat' dir='ltr'><strong>nuper</strong></span> <span class='ocrx_word' id='word_1_481' title='bbox 2336 608 2447 663; x_wconf 86' lang='lat' dir='ltr'><strong>nati</strong></span> <span class='ocrx_word' id='word_1_482' title='bbox 2470 608 2521 662; x_wconf 91' lang='lat' dir='ltr'><strong>in</strong></span> <span class='ocrx_word' id='word_1_483' title='bbox 2551 607 2642 663; x_wconf 90' lang='lat' dir='ltr'><strong>illo</strong></span> <span class='ocrx_word' id='word_1_484' title='bbox 2664 616 2806 663; x_wconf 89' lang='lat' dir='ltr'><strong>statu</strong></span> <span class='ocrx_word' id='word_1_485' title='bbox 2837 615 2978 674; x_wconf 88' lang='lat' dir='ltr'><strong>sunt,</strong></span> <span class='ocrx_word' id='word_1_486' title='bbox 3011 607 3062 661; x_wconf 93' lang='lat' dir='ltr'><strong>in</strong></span> <span class='ocrx_word' id='word_1_487' title='bbox 3095 621 3203 678; x_wconf 86' lang='lat' dir='ltr'><strong>quo</strong></span> <span class='ocrx_word' id='word_1_488' title='bbox 3232 606 3401 661; x_wconf 84' lang='lat' dir='ltr'><strong>Adam</strong></span> <span class='ocrx_word' id='word_1_489' title='bbox 3420 605 3521 661; x_wconf 88' lang='lat' dir='ltr'><strong>fuit</strong></span> 
     </span>
    </p>
   </div>
   <div class='ocr_carea' id='block_1_65' title="bbox 1933 700 3518 773">
    <p class='ocr_par' dir='ltr' id='par_1_65' title="bbox 1933 700 3518 773">
     <span class='ocr_line' id='line_1_65' title="bbox 1933 700 3518 773; baseline -0.003 -16"><span class='ocrx_word' id='word_1_490' title='bbox 1933 712 2057 758; x_wconf 78' lang='lat' dir='ltr'><strong>ante</strong></span> <span class='ocrx_word' id='word_1_491' title='bbox 2076 702 2587 773; x_wconf 77' lang='lat' dir='ltr'><strong>pnevaricattonem.</strong></span> <span class='ocrx_word' id='word_1_492' title='bbox 2619 700 2879 767; x_wconf 87' lang='lat' dir='ltr'><strong>Quoniam</strong></span> <span class='ocrx_word' id='word_1_493' title='bbox 2926 714 3099 771; x_wconf 87' lang='lat' dir='ltr'><strong>neque</strong></span> <span class='ocrx_word' id='word_1_494' title='bbox 3153 714 3249 770; x_wconf 90' lang='lat' dir='ltr'><strong>per</strong></span> <span class='ocrx_word' id='word_1_495' title='bbox 3290 709 3518 755; x_wconf 85' lang='lat' dir='ltr'><strong>mortem</strong></span> 
     </span>
    </p>
   </div>
   <div class='ocr_carea' id='block_1_66' title="bbox 1935 793 3513 866">
    <p class='ocr_par' dir='ltr' id='par_1_66' title="bbox 1935 793 3513 866">
     <span class='ocr_line' id='line_1_66' title="bbox 1935 793 3513 866; baseline 0.001 -19"><span class='ocrx_word' id='word_1_496' title='bbox 1935 796 2017 851; x_wconf 85' lang='lat' dir='ltr'><strong>vel</strong></span> <span class='ocrx_word' id='word_1_497' title='bbox 2037 794 2527 866; x_wconf 75' lang='lat' dir='ltr'><strong>przevarieationem</strong></span> <span class='ocrx_word' id='word_1_498' title='bbox 2558 793 2687 848; x_wconf 76' lang='lat' dir='ltr'><strong>Adae</strong></span> <span class='ocrx_word' id='word_1_499' title='bbox 2710 808 2870 849; x_wconf 89' lang='lat' dir='ltr'><strong>omne</strong></span> <span class='ocrx_word' id='word_1_500' title='bbox 2892 810 3061 864; x_wconf 82' lang='lat' dir='ltr'><strong>genus</strong></span> <span class='ocrx_word' id='word_1_501' title='bbox 3089 795 3362 849; x_wconf 86' lang='lat' dir='ltr'><strong>hominum</strong></span> <span class='ocrx_word' id='word_1_502' title='bbox 3395 809 3513 849; x_wconf 84' lang='lat' dir='ltr'><strong>mo-</strong></span> 
     </span>
    </p>
   </div>
   <div class='ocr_carea' id='block_1_67' title="bbox 1937 889 3524 961">
    <p class='ocr_par' dir='ltr' id='par_1_67' title="bbox 1937 889 3524 961">
     <span class='ocr_line' id='line_1_67' title="bbox 1937 889 3524 961; baseline 0.001 -17"><span class='ocrx_word' id='word_1_503' title='bbox 1937 889 2125 954; x_wconf 89' lang='lat' dir='ltr'><strong>riatur,</strong></span> <span class='ocrx_word' id='word_1_504' title='bbox 2157 903 2329 957; x_wconf 87' lang='lat' dir='ltr'><strong>neque</strong></span> <span class='ocrx_word' id='word_1_505' title='bbox 2358 904 2453 959; x_wconf 88' lang='lat' dir='ltr'><strong>per</strong></span> <span class='ocrx_word' id='word_1_506' title='bbox 2479 889 2925 943; x_wconf 87' lang='lat' dir='ltr'><strong>resurrectionem</strong></span> <span class='ocrx_word' id='word_1_507' title='bbox 2974 889 3171 945; x_wconf 82' lang='lat' dir='ltr'><strong>Christi</strong></span> <span class='ocrx_word' id='word_1_508' title='bbox 3218 905 3379 945; x_wconf 89' lang='lat' dir='ltr'><strong>omne</strong></span> <span class='ocrx_word' id='word_1_509' title='bbox 3427 904 3524 961; x_wconf 87' lang='lat' dir='ltr'><strong>ge-</strong></span> 
     </span>
    </p>
   </div>
   <div class='ocr_carea' id='block_1_68' title="bbox 1938 979 3527 1051">
    <p class='ocr_par' dir='ltr' id='par_1_68' title="bbox 1938 979 3527 1051">
     <span class='ocr_line' id='line_1_68' title="bbox 1938 979 3527 1051; baseline -0.001 -14"><span class='ocrx_word' id='word_1_510' title='bbox 1938 998 2038 1037; x_wconf 92' lang='lat' dir='ltr'><strong>nus</strong></span> <span class='ocrx_word' id='word_1_511' title='bbox 2068 981 2339 1035; x_wconf 89' lang='lat' dir='ltr'><strong>hominum</strong></span> <span class='ocrx_word' id='word_1_512' title='bbox 2367 987 2630 1051; x_wconf 86' lang='lat' dir='ltr'><strong>resurgat.</strong></span> <span class='ocrx_word' id='word_1_513' title='bbox 2669 997 2689 1032; x_wconf 72' lang='grc' dir='ltr'>ι</span> <span class='ocrx_word' id='word_1_514' title='bbox 2736 979 2859 1035; x_wconf 58' lang='lat' dir='ltr'><strong>Haec</strong></span> <span class='ocrx_word' id='word_1_515' title='bbox 2910 980 2979 1034; x_wconf 88' lang='lat' dir='ltr'><strong>ita</strong></span> <span class='ocrx_word' id='word_1_516' title='bbox 3025 980 3232 1050; x_wconf 82' lang='lat' dir='ltr'><strong>objecta</strong></span> <span class='ocrx_word' id='word_1_517' title='bbox 3262 988 3417 1047; x_wconf 90' lang='lat' dir='ltr'><strong>sunt,</strong></span> <span class='ocrx_word' id='word_1_518' title='bbox 3466 990 3527 1036; x_wconf 88' lang='lat' dir='ltr'><strong>ut</strong></span> 
     </span>
    </p>
   </div>
   <div class='ocr_carea' id='block_1_69' title="bbox 1937 1072 3517 1145">
    <p class='ocr_par' dir='ltr' id='par_1_69' title="bbox 1937 1072 3517 1145">
     <span class='ocr_line' id='line_1_69' title="bbox 1937 1072 3517 1145; baseline -0.001 -15"><span class='ocrx_word' id='word_1_519' title='bbox 1937 1075 2099 1130; x_wconf 87' lang='lat' dir='ltr'><strong>etiam</strong></span> <span class='ocrx_word' id='word_1_520' title='bbox 2125 1075 2262 1145; x_wconf 87' lang='lat' dir='ltr'><strong>apud</strong></span> <span class='ocrx_word' id='word_1_521' title='bbox 2287 1074 2663 1144; x_wconf 81' lang='lat' dir='ltr'><strong>Carthaginem</strong></span> <span class='ocrx_word' id='word_1_522' title='bbox 2683 1086 2712 1129; x_wconf 87' lang='lat' dir='ltr'><strong>a</strong></span> <span class='ocrx_word' id='word_1_523' title='bbox 2742 1072 3034 1129; x_wconf 83' lang='lat' dir='ltr'><strong>Sanctitate</strong></span> <span class='ocrx_word' id='word_1_524' title='bbox 3061 1083 3147 1128; x_wconf 91' lang='lat' dir='ltr'><strong>tua</strong></span> <span class='ocrx_word' id='word_1_525' title='bbox 3197 1083 3253 1129; x_wconf 92' lang='lat' dir='ltr'><strong>ct</strong></span> <span class='ocrx_word' id='word_1_526' title='bbox 3300 1074 3366 1129; x_wconf 78' lang='lat' dir='ltr'><strong>ab</strong></span> <span class='ocrx_word' id='word_1_527' title='bbox 3395 1073 3517 1128; x_wconf 89' lang='lat' dir='ltr'><strong>aliis</strong></span> 
     </span>
    </p>
   </div>
   <div class='ocr_carea' id='block_1_70' title="bbox 1941 1162 3524 1235">
    <p class='ocr_par' dir='ltr' id='par_1_70' title="bbox 1941 1162 3524 1235">
     <span class='ocr_line' id='line_1_70' title="bbox 1941 1162 3524 1235; baseline -0.004 -14"><span class='ocrx_word' id='word_1_528' title='bbox 1941 1176 2113 1221; x_wconf 90' lang='lat' dir='ltr'><strong>tecum</strong></span> <span class='ocrx_word' id='word_1_529' title='bbox 2153 1165 2421 1235; x_wconf 89' lang='lat' dir='ltr'><strong>episcopis</strong></span> <span class='ocrx_word' id='word_1_530' title='bbox 2448 1164 2752 1219; x_wconf 90' lang='lat' dir='ltr'><strong>dicerentur</strong></span> <span class='ocrx_word' id='word_1_531' title='bbox 2806 1163 2982 1218; x_wconf 87' lang='lat' dir='ltr'><strong>audita</strong></span> <span class='ocrx_word' id='word_1_532' title='bbox 3038 1172 3195 1232; x_wconf 87' lang='lat' dir='ltr'><strong>atque</strong></span> <span class='ocrx_word' id='word_1_533' title='bbox 3251 1162 3524 1219; x_wconf 85' lang='lat' dir='ltr'><strong>damnata.</strong></span> 
     </span>
    </p>
   </div>
   <div class='ocr_carea' id='block_1_71' title="bbox 1940 1254 3525 1329">
    <p class='ocr_par' dir='ltr' id='par_1_71' title="bbox 1940 1254 3525 1329">
     <span class='ocr_line' id='line_1_71' title="bbox 1940 1254 3525 1329; baseline -0.004 -15"><span class='ocrx_word' id='word_1_534' title='bbox 1940 1255 2040 1315; x_wconf 86' lang='lat' dir='ltr'><strong>Ubi</strong></span> <span class='ocrx_word' id='word_1_535' title='bbox 2068 1258 2303 1329; x_wconf 89' lang='lat' dir='ltr'><strong>quidem,</strong></span> <span class='ocrx_word' id='word_1_536' title='bbox 2325 1266 2382 1312; x_wconf 93' lang='lat' dir='ltr'><strong>ut</strong></span> <span class='ocrx_word' id='word_1_537' title='bbox 2408 1256 2624 1323; x_wconf 88' lang='lat' dir='ltr'><strong>recolis,</strong></span> <span class='ocrx_word' id='word_1_538' title='bbox 2654 1256 2769 1326; x_wconf 90' lang='lat' dir='ltr'><strong>ipse</strong></span> <span class='ocrx_word' id='word_1_539' title='bbox 2796 1271 2901 1309; x_wconf 92' lang='lat' dir='ltr'><strong>non</strong></span> <span class='ocrx_word' id='word_1_540' title='bbox 2930 1254 3023 1321; x_wconf 88' lang='lat' dir='ltr'><strong>fui,</strong></span> <span class='ocrx_word' id='word_1_541' title='bbox 3047 1255 3141 1310; x_wconf 90' lang='lat' dir='ltr'><strong>sed</strong></span> <span class='ocrx_word' id='word_1_542' title='bbox 3185 1265 3367 1326; x_wconf 85' lang='lat' dir='ltr'><strong>postea</strong></span> <span class='ocrx_word' id='word_1_543' title='bbox 3402 1268 3525 1309; x_wconf 91' lang='lat' dir='ltr'><strong>cum</strong></span> 
     </span>
    </p>
   </div>
   <div class='ocr_carea' id='block_1_72' title="bbox 1940 1344 3532 1419">
    <p class='ocr_par' dir='ltr' id='par_1_72' title="bbox 1940 1344 3532 1419">
     <span class='ocr_line' id='line_1_72' title="bbox 1940 1344 3532 1419; baseline -0.003 -15"><span class='ocrx_word' id='word_1_544' title='bbox 1940 1351 2203 1405; x_wconf 89' lang='lat' dir='ltr'><strong>venissem</strong></span> <span class='ocrx_word' id='word_1_545' title='bbox 2225 1347 2619 1419; x_wconf 80' lang='lat' dir='ltr'><strong>Carthaginem,</strong></span> <span class='ocrx_word' id='word_1_546' title='bbox 2652 1344 2838 1403; x_wconf 88' lang='lat' dir='ltr'><strong>eadem</strong></span> <span class='ocrx_word' id='word_1_547' title='bbox 2865 1354 3012 1417; x_wconf 87' lang='lat' dir='ltr'><strong>gesta</strong></span> <span class='ocrx_word' id='word_1_548' title='bbox 3028 1347 3295 1413; x_wconf 89' lang='lat' dir='ltr'><strong>recensui,</strong></span> <span class='ocrx_word' id='word_1_549' title='bbox 3319 1360 3387 1401; x_wconf 81' lang='lat' dir='ltr'><strong>ex</strong></span> <span class='ocrx_word' id='word_1_550' title='bbox 3408 1345 3532 1416; x_wconf 89' lang='lat' dir='ltr'><strong>qui-</strong></span> 
     </span>
    </p>
   </div>
   <div class='ocr_carea' id='block_1_73' title="bbox 1941 1438 3530 1511">
    <p class='ocr_par' dir='ltr' id='par_1_73' title="bbox 1941 1438 3530 1511">
     <span class='ocr_line' id='line_1_73' title="bbox 1941 1438 3530 1511; baseline -0.002 -15"><span class='ocrx_word' id='word_1_551' title='bbox 1941 1441 2040 1497; x_wconf 90' lang='lat' dir='ltr'><strong>bus</strong></span> <span class='ocrx_word' id='word_1_552' title='bbox 2063 1441 2233 1511; x_wconf 89' lang='lat' dir='ltr'><strong>aliqua</strong></span> <span class='ocrx_word' id='word_1_553' title='bbox 2258 1438 2474 1495; x_wconf 88' lang='lat' dir='ltr'><strong>memini</strong></span> <span class='ocrx_word' id='word_1_554' title='bbox 2500 1457 2515 1494; x_wconf 86' lang='lat'><strong>:</strong></span> <span class='ocrx_word' id='word_1_555' title='bbox 2541 1439 2638 1494; x_wconf 87' lang='lat' dir='ltr'><strong>sed</strong></span> <span class='ocrx_word' id='word_1_556' title='bbox 2667 1440 2851 1495; x_wconf 90' lang='lat' dir='ltr'><strong>nescio</strong></span> <span class='ocrx_word' id='word_1_557' title='bbox 2879 1448 3056 1495; x_wconf 89' lang='lat' dir='ltr'><strong>utrum</strong></span> <span class='ocrx_word' id='word_1_558' title='bbox 3100 1439 3211 1494; x_wconf 70' lang='lat' dir='ltr'><strong>eis‘</strong></span> <span class='ocrx_word' id='word_1_559' title='bbox 3242 1438 3360 1494; x_wconf 65' lang='lat' dir='ltr'><strong>haec</strong></span> <span class='ocrx_word' id='word_1_560' title='bbox 3408 1453 3530 1493; x_wconf 86' lang='lat' dir='ltr'><strong>om-</strong></span> 
     </span>
    </p>
   </div>
   <div class='ocr_carea' id='block_1_74' title="bbox 1940 1526 3531 1600">
    <p class='ocr_par' dir='ltr' id='par_1_74' title="bbox 1940 1526 3531 1600">
     <span class='ocr_line' id='line_1_74' title="bbox 1940 1526 3531 1600; baseline -0.001 -13"><span class='ocrx_word' id='word_1_561' title='bbox 1940 1534 2029 1587; x_wconf 90' lang='lat' dir='ltr'><strong>nia</strong></span> <span class='ocrx_word' id='word_1_562' title='bbox 2052 1540 2349 1587; x_wconf 87' lang='lat' dir='ltr'><strong>teneantur.</strong></span> <span class='ocrx_word' id='word_1_563' title='bbox 2374 1530 2510 1599; x_wconf 90' lang='lat' dir='ltr'><strong>Quid</strong></span> <span class='ocrx_word' id='word_1_564' title='bbox 2536 1540 2715 1586; x_wconf 90' lang='lat' dir='ltr'><strong>autem</strong></span> <span class='ocrx_word' id='word_1_565' title='bbox 2735 1530 2977 1594; x_wconf 87' lang='lat' dir='ltr'><strong>interest,</strong></span> <span class='ocrx_word' id='word_1_566' title='bbox 3003 1538 3180 1585; x_wconf 90' lang='lat' dir='ltr'><strong>utrum</strong></span> <span class='ocrx_word' id='word_1_567' title='bbox 3204 1526 3381 1600; x_wconf 89' lang='lat' dir='ltr'><strong>aliqua</strong></span> <span class='ocrx_word' id='word_1_568' title='bbox 3400 1528 3531 1585; x_wconf 89' lang='lat' dir='ltr'><strong>inibi</strong></span> 
     </span>
    </p>
   </div>
   <div class='ocr_carea' id='block_1_75' title="bbox 1943 1621 3529 1688">
    <p class='ocr_par' dir='ltr' id='par_1_75' title="bbox 1943 1621 3529 1688">
     <span class='ocr_line' id='line_1_75' title="bbox 1943 1621 3529 1688; baseline -0.001 -11"><span class='ocrx_word' id='word_1_569' title='bbox 1943 1638 2049 1677; x_wconf 90' lang='lat' dir='ltr'><strong>non</strong></span> <span class='ocrx_word' id='word_1_570' title='bbox 2079 1623 2189 1677; x_wconf 90' lang='lat' dir='ltr'><strong>sint</strong></span> <span class='ocrx_word' id='word_1_571' title='bbox 2216 1621 2354 1678; x_wconf 90' lang='lat' dir='ltr'><strong>forte</strong></span> <span class='ocrx_word' id='word_1_572' title='bbox 2375 1630 2793 1677; x_wconf 89' lang='lat' dir='ltr'><strong>commemorata</strong></span> <span class='ocrx_word' id='word_1_573' title='bbox 2815 1663 2829 1685; x_wconf 93' lang='lat'><strong>,</strong></span> <span class='ocrx_word' id='word_1_574' title='bbox 2858 1631 2912 1676; x_wconf 91' lang='lat' dir='ltr'><strong>et</strong></span> <span class='ocrx_word' id='word_1_575' title='bbox 2940 1622 3060 1676; x_wconf 90' lang='lat' dir='ltr'><strong>ideo</strong></span> <span class='ocrx_word' id='word_1_576' title='bbox 3112 1636 3211 1677; x_wconf 87' lang='lat' dir='ltr'><strong>nec</strong></span> <span class='ocrx_word' id='word_1_577' title='bbox 3238 1622 3486 1677; x_wconf 86' lang='lat' dir='ltr'><strong>damnata</strong></span> <span class='ocrx_word' id='word_1_578' title='bbox 3512 1661 3529 1688; x_wconf 94' lang='lat'><strong>,</strong></span> 
     </span>
    </p>
   </div>
   <div class='ocr_carea' id='block_1_76' title="bbox 1942 1713 3535 1784">
    <p class='ocr_par' dir='ltr' id='par_1_76' title="bbox 1942 1713 3535 1784">
     <span class='ocr_line' id='line_1_76' title="bbox 1942 1713 3535 1784; baseline -0.001 -14"><span class='ocrx_word' id='word_1_579' title='bbox 1942 1726 2063 1770; x_wconf 93' lang='lat' dir='ltr'><strong>cum</strong></span> <span class='ocrx_word' id='word_1_580' title='bbox 2105 1722 2315 1769; x_wconf 73' lang='lat' dir='ltr'><strong>cenSIet</strong></span> <span class='ocrx_word' id='word_1_581' title='bbox 2358 1727 2478 1769; x_wconf 90' lang='lat' dir='ltr'><strong>esse</strong></span> <span class='ocrx_word' id='word_1_582' title='bbox 2518 1713 2859 1768; x_wconf 84' lang='lat' dir='ltr'><strong>damnanda?</strong></span> <span class='ocrx_word' id='word_1_583' title='bbox 2906 1714 3107 1770; x_wconf 85' lang='lat' dir='ltr'><strong>Deinde</strong></span> <span class='ocrx_word' id='word_1_584' title='bbox 3155 1714 3361 1784; x_wconf 85' lang='lat' dir='ltr'><strong>objecta</strong></span> <span class='ocrx_word' id='word_1_585' title='bbox 3408 1723 3535 1769; x_wconf 90' lang='lat' dir='ltr'><strong>sunt</strong></span> 
     </span>
    </p>
   </div>
   <div class='ocr_carea' id='block_1_77' title="bbox 1943 1803 3533 1875">
    <p class='ocr_par' dir='ltr' id='par_1_77' title="bbox 1943 1803 3533 1875">
     <span class='ocr_line' id='line_1_77' title="bbox 1943 1803 3533 1875; baseline -0.001 -14"><span class='ocrx_word' id='word_1_586' title='bbox 1943 1814 1994 1861; x_wconf 87' lang='lat' dir='ltr'><strong>et</strong></span> <span class='ocrx_word' id='word_1_587' title='bbox 2017 1805 2119 1860; x_wconf 91' lang='lat' dir='ltr'><strong>alia</strong></span> <span class='ocrx_word' id='word_1_588' title='bbox 2150 1804 2390 1875; x_wconf 78' lang='lat' dir='ltr'><strong>qtncdam</strong></span> <span class='ocrx_word' id='word_1_589' title='bbox 2414 1803 2661 1874; x_wconf 90' lang='lat' dir='ltr'><strong>capitula,</strong></span> <span class='ocrx_word' id='word_1_590' title='bbox 2683 1805 3193 1861; x_wconf 88' lang='lat' dir='ltr'><strong>commemoratione</strong></span> <span class='ocrx_word' id='word_1_591' title='bbox 3222 1805 3324 1859; x_wconf 90' lang='lat' dir='ltr'><strong>mei</strong></span> <span class='ocrx_word' id='word_1_592' title='bbox 3356 1805 3533 1861; x_wconf 77' lang='lat' dir='ltr'><strong>nomi-</strong></span> 
     </span>
    </p>
   </div>
   <div class='ocr_carea' id='block_1_78' title="bbox 1945 1894 3533 1966">
    <p class='ocr_par' dir='ltr' id='par_1_78' title="bbox 1945 1894 3533 1966">
     <span class='ocr_line' id='line_1_78' title="bbox 1945 1894 3533 1966; baseline 0.001 -16"><span class='ocrx_word' id='word_1_593' title='bbox 1945 1895 2028 1952; x_wconf 90' lang='lat' dir='ltr'><strong>nis</strong></span> <span class='ocrx_word' id='word_1_594' title='bbox 2059 1896 2391 1966; x_wconf 89' lang='lat' dir='ltr'><strong>interposita,</strong></span> <span class='ocrx_word' id='word_1_595' title='bbox 2419 1912 2539 1966; x_wconf 69' lang='lat' dir='ltr'><strong>qum</strong></span> <span class='ocrx_word' id='word_1_596' title='bbox 2566 1896 2695 1951; x_wconf 89' lang='lat' dir='ltr'><strong>mihi</strong></span> <span class='ocrx_word' id='word_1_597' title='bbox 2726 1896 2794 1951; x_wconf 88' lang='lat' dir='ltr'><strong>de</strong></span> <span class='ocrx_word' id='word_1_598' title='bbox 2838 1896 3014 1951; x_wconf 86' lang='lat' dir='ltr'><strong>Sicilia</strong></span> <span class='ocrx_word' id='word_1_599' title='bbox 3070 1897 3231 1951; x_wconf 87' lang='lat' dir='ltr'><strong>missa</strong></span> <span class='ocrx_word' id='word_1_600' title='bbox 3282 1894 3533 1964; x_wconf 89' lang='lat' dir='ltr'><strong>fuerant,</strong></span> 
     </span>
    </p>
   </div>
   <div class='ocr_carea' id='block_1_79' title="bbox 1945 1987 3538 2060">
    <p class='ocr_par' dir='ltr' id='par_1_79' title="bbox 1945 1987 3538 2060">
     <span class='ocr_line' id='line_1_79' title="bbox 1945 1987 3538 2060; baseline 0.001 -16"><span class='ocrx_word' id='word_1_601' title='bbox 1945 2003 2066 2044; x_wconf 89' lang='lat' dir='ltr'><strong>cum</strong></span> <span class='ocrx_word' id='word_1_602' title='bbox 2096 1988 2166 2044; x_wconf 87' lang='lat' dir='ltr'><strong>ibi</strong></span> <span class='ocrx_word' id='word_1_603' title='bbox 2189 1988 2375 2044; x_wconf 88' lang='lat' dir='ltr'><strong>fratres</strong></span> <span class='ocrx_word' id='word_1_604' title='bbox 2404 1987 2653 2043; x_wconf 80' lang='lat' dir='ltr'><strong>catholici</strong></span> <span class='ocrx_word' id='word_1_605' title='bbox 2689 1988 2992 2059; x_wconf 87' lang='lat' dir='ltr'><strong>hujusmodi</strong></span> <span class='ocrx_word' id='word_1_606' title='bbox 3022 1989 3538 2060; x_wconf 73' lang='lat' dir='ltr'><strong>qtimstionibustur-</strong></span> 
     </span>
    </p>
   </div>
   <div class='ocr_carea' id='block_1_80' title="bbox 1948 2078 3535 2152">
    <p class='ocr_par' dir='ltr' id='par_1_80' title="bbox 1948 2078 3535 2152">
     <span class='ocr_line' id='line_1_80' title="bbox 1948 2078 3535 2152; baseline 0.001 -19"><span class='ocrx_word' id='word_1_607' title='bbox 1948 2078 2220 2145; x_wconf 86' lang='lat' dir='ltr'><strong>barentur,</strong></span> <span class='ocrx_word' id='word_1_608' title='bbox 2250 2080 2440 2150; x_wconf 92' lang='lat' dir='ltr'><strong>quibus</strong></span> <span class='ocrx_word' id='word_1_609' title='bbox 2467 2096 2561 2150; x_wconf 90' lang='lat' dir='ltr'><strong>per</strong></span> <span class='ocrx_word' id='word_1_610' title='bbox 2600 2080 2794 2135; x_wconf 89' lang='lat' dir='ltr'><strong>librum</strong></span> <span class='ocrx_word' id='word_1_611' title='bbox 2832 2080 2897 2135; x_wconf 92' lang='lat' dir='ltr'><strong>ad</strong></span> <span class='ocrx_word' id='word_1_612' title='bbox 2928 2081 3183 2135; x_wconf 87' lang='lat' dir='ltr'><strong>liilariutn</strong></span> <span class='ocrx_word' id='word_1_613' title='bbox 3227 2080 3482 2152; x_wconf 83' lang='lat' dir='ltr'><strong>seriptutu</strong></span> <span class='ocrx_word' id='word_1_614' title='bbox 3518 2122 3535 2148; x_wconf 96' lang='lat'><strong>,</strong></span> 
     </span>
    </p>
   </div>
   <div class='ocr_carea' id='block_1_81' title="bbox 1947 2172 3541 2242">
    <p class='ocr_par' dir='ltr' id='par_1_81' title="bbox 1947 2172 3541 2242">
     <span class='ocr_line' id='line_1_81' title="bbox 1947 2172 3541 2242; baseline 0.003 -19"><span class='ocrx_word' id='word_1_615' title='bbox 1947 2172 2038 2242; x_wconf 92' lang='lat' dir='ltr'><strong>qui</strong></span> <span class='ocrx_word' id='word_1_616' title='bbox 2062 2187 2123 2227; x_wconf 88' lang='lat' dir='ltr'><strong>ea</strong></span> <span class='ocrx_word' id='word_1_617' title='bbox 2149 2172 2281 2226; x_wconf 92' lang='lat' dir='ltr'><strong>mihi</strong></span> <span class='ocrx_word' id='word_1_618' title='bbox 2324 2173 2375 2227; x_wconf 93' lang='lat' dir='ltr'><strong>in</strong></span> <span class='ocrx_word' id='word_1_619' title='bbox 2406 2173 2628 2242; x_wconf 89' lang='lat' dir='ltr'><strong>epistola</strong></span> <span class='ocrx_word' id='word_1_620' title='bbox 2655 2188 2749 2227; x_wconf 91' lang='lat' dir='ltr'><strong>sua</strong></span> <span class='ocrx_word' id='word_1_621' title='bbox 2778 2173 3065 2228; x_wconf 82' lang='lat' dir='ltr'><strong>consulens</strong></span> <span class='ocrx_word' id='word_1_622' title='bbox 3116 2174 3333 2228; x_wconf 82' lang='lat' dir='ltr'><strong>miserat</strong></span> <span class='ocrx_word' id='word_1_623' title='bbox 3359 2216 3374 2240; x_wconf 95' lang='lat'><strong>,</strong></span> <span class='ocrx_word' id='word_1_624' title='bbox 3407 2173 3541 2229; x_wconf 85' lang='lat' dir='ltr'><strong>satis</strong></span> 
     </span>
    </p>
   </div>
   <div class='ocr_carea' id='block_1_82' title="bbox 1948 2262 3536 2339">
    <p class='ocr_par' dir='ltr' id='par_1_82' title="bbox 1948 2262 3536 2339">
     <span class='ocr_line' id='line_1_82' title="bbox 1948 2262 3536 2339; baseline 0.003 -22"><span class='ocrx_word' id='word_1_625' title='bbox 1948 2262 2294 2328; x_wconf 85' lang='lat' dir='ltr'><strong>sufficienter,</strong></span> <span class='ocrx_word' id='word_1_626' title='bbox 2327 2272 2387 2318; x_wconf 91' lang='lat' dir='ltr'><strong>ut</strong></span> <span class='ocrx_word' id='word_1_627' title='bbox 2407 2264 2537 2319; x_wconf 91' lang='lat' dir='ltr'><strong>mihi</strong></span> <span class='ocrx_word' id='word_1_628' title='bbox 2568 2265 2797 2329; x_wconf 88' lang='lat' dir='ltr'><strong>videtur,</strong></span> <span class='ocrx_word' id='word_1_629' title='bbox 2827 2266 3077 2334; x_wconf 68' lang='lat' dir='ltr'><strong>reSjsondi</strong></span> <span class='ocrx_word' id='word_1_630' title='bbox 3123 2265 3382 2339; x_wconf 77' lang='lat' dir='ltr'><strong>(Epistola</strong></span> <span class='ocrx_word' id='word_1_631' title='bbox 3410 2264 3536 2331; x_wconf 74' lang='grc'><strong>157.</strong></span> 
     </span>
    </p>
   </div>
   <div class='ocr_carea' id='block_1_83' title="bbox 1949 2354 3544 2430">
    <p class='ocr_par' dir='ltr' id='par_1_83' title="bbox 1949 2354 3544 2430">
     <span class='ocr_line' id='line_1_83' title="bbox 1949 2354 3544 2430; baseline 0.003 -21"><span class='ocrx_word' id='word_1_632' title='bbox 1949 2355 2019 2409; x_wconf 82' lang='lat' dir='ltr'><strong>ad</strong></span> <span class='ocrx_word' id='word_1_633' title='bbox 2049 2354 2304 2410; x_wconf 82' lang='lat' dir='ltr'><strong>Hilarium</strong></span> <span class='ocrx_word' id='word_1_634' title='bbox 2329 2355 2569 2430; x_wconf 74' lang='lat' dir='ltr'><strong>scripta).</strong></span> <span class='ocrx_word' id='word_1_635' title='bbox 2602 2358 2703 2411; x_wconf 89' lang='lat' dir='ltr'><strong>Ista</strong></span> <span class='ocrx_word' id='word_1_636' title='bbox 2750 2366 2875 2412; x_wconf 88' lang='lat' dir='ltr'><strong>sunt</strong></span> <span class='ocrx_word' id='word_1_637' title='bbox 2917 2366 3093 2412; x_wconf 88' lang='lat' dir='ltr'><strong>autem</strong></span> <span class='ocrx_word' id='word_1_638' title='bbox 3129 2377 3142 2411; x_wconf 93' lang='lat'>:</span> <span class='ocrx_word' id='word_1_639' title='bbox 3176 2376 3197 2410; x_wconf 81' lang='grc'><strong><em>‹</em></strong></span> <span class='ocrx_word' id='word_1_640' title='bbox 3238 2356 3401 2413; x_wconf 87' lang='lat' dir='ltr'><strong>Posse</strong></span> <span class='ocrx_word' id='word_1_641' title='bbox 3444 2356 3544 2413; x_wconf 39' lang='lat' dir='ltr'><strong>hoe</strong></span> 
     </span>
    </p>
   </div>
   <div class='ocr_carea' id='block_1_84' title="bbox 1952 2448 3541 2518">
    <p class='ocr_par' dir='ltr' id='par_1_84' title="bbox 1952 2448 3541 2518">
     <span class='ocr_line' id='line_1_84' title="bbox 1952 2448 3541 2518; baseline 0 -15"><span class='ocrx_word' id='word_1_642' title='bbox 1952 2448 2149 2503; x_wconf 90' lang='lat' dir='ltr'><strong>minem</strong></span> <span class='ocrx_word' id='word_1_643' title='bbox 2179 2449 2293 2503; x_wconf 89' lang='lat' dir='ltr'><strong>sine</strong></span> <span class='ocrx_word' id='word_1_644' title='bbox 2308 2458 2546 2518; x_wconf 86' lang='lat' dir='ltr'><strong>peccato,</strong></span> <span class='ocrx_word' id='word_1_645' title='bbox 2577 2448 2624 2503; x_wconf 84' lang='lat' dir='ltr'><strong>si</strong></span> <span class='ocrx_word' id='word_1_646' title='bbox 2654 2450 2803 2516; x_wconf 88' lang='lat' dir='ltr'><strong>velit,</strong></span> <span class='ocrx_word' id='word_1_647' title='bbox 2837 2465 2975 2505; x_wconf 84' lang='lat' dir='ltr'><strong>esse.</strong></span> <span class='ocrx_word' id='word_1_648' title='bbox 3000 2449 3255 2514; x_wconf 89' lang='lat' dir='ltr'><strong>infantes,</strong></span> <span class='ocrx_word' id='word_1_649' title='bbox 3285 2450 3385 2504; x_wconf 88' lang='lat' dir='ltr'><strong>etsi</strong></span> <span class='ocrx_word' id='word_1_650' title='bbox 3433 2465 3541 2504; x_wconf 91' lang='lat' dir='ltr'><strong>non</strong></span> 
     </span>
    </p>
   </div>
   <div class='ocr_carea' id='block_1_85' title="bbox 1953 2540 3541 2609">
    <p class='ocr_par' dir='ltr' id='par_1_85' title="bbox 1953 2540 3541 2609">
     <span class='ocr_line' id='line_1_85' title="bbox 1953 2540 3541 2609; baseline 0 -14"><span class='ocrx_word' id='word_1_651' title='bbox 1953 2540 2304 2609; x_wconf 86' lang='lat' dir='ltr'><strong>baptizentur,</strong></span> <span class='ocrx_word' id='word_1_652' title='bbox 2339 2540 2536 2595; x_wconf 89' lang='lat' dir='ltr'><strong>habere</strong></span> <span class='ocrx_word' id='word_1_653' title='bbox 2562 2540 2721 2594; x_wconf 79' lang='lat' dir='ltr'><strong>vitam</strong></span> <span class='ocrx_word' id='word_1_654' title='bbox 2745 2551 3023 2594; x_wconf 71' lang='lat' dir='ltr'><strong>aeternam.</strong></span> <span class='ocrx_word' id='word_1_655' title='bbox 3055 2542 3258 2595; x_wconf 83' lang='lat' dir='ltr'><strong>Divites</strong></span> <span class='ocrx_word' id='word_1_656' title='bbox 3302 2540 3541 2608; x_wconf 69' lang='lat' dir='ltr'><strong>baptiza-</strong></span> 
     </span>
    </p>
   </div>
   <div class='ocr_carea' id='block_1_86' title="bbox 1955 2629 3539 2701">
    <p class='ocr_par' dir='ltr' id='par_1_86' title="bbox 1955 2629 3539 2701">
     <span class='ocr_line' id='line_1_86' title="bbox 1955 2629 3539 2701; baseline -0.001 -15"><span class='ocrx_word' id='word_1_657' title='bbox 1955 2641 2057 2697; x_wconf 90' lang='lat' dir='ltr'><strong>tos,</strong></span> <span class='ocrx_word' id='word_1_658' title='bbox 2087 2631 2185 2685; x_wconf 89' lang='lat' dir='ltr'><strong>nisi</strong></span> <span class='ocrx_word' id='word_1_659' title='bbox 2215 2630 2465 2685; x_wconf 87' lang='lat' dir='ltr'><strong>onmibus</strong></span> <span class='ocrx_word' id='word_1_660' title='bbox 2490 2630 2884 2697; x_wconf 89' lang='lat' dir='ltr'><strong>abrenunticnt,</strong></span> <span class='ocrx_word' id='word_1_661' title='bbox 2922 2631 2967 2685; x_wconf 89' lang='lat' dir='ltr'><strong>si</strong></span> <span class='ocrx_word' id='word_1_662' title='bbox 2988 2630 3111 2701; x_wconf 89' lang='lat' dir='ltr'><strong>quid</strong></span> <span class='ocrx_word' id='word_1_663' title='bbox 3144 2630 3267 2685; x_wconf 89' lang='lat' dir='ltr'><strong>boni</strong></span> <span class='ocrx_word' id='word_1_664' title='bbox 3294 2631 3392 2684; x_wconf 89' lang='lat' dir='ltr'><strong>visi</strong></span> <span class='ocrx_word' id='word_1_665' title='bbox 3413 2629 3539 2685; x_wconf 89' lang='lat' dir='ltr'><strong>fue-</strong></span> 
     </span>
    </p>
   </div>
   <div class='ocr_carea' id='block_1_87' title="bbox 1956 2721 3537 2793">
    <p class='ocr_par' dir='ltr' id='par_1_87' title="bbox 1956 2721 3537 2793">
     <span class='ocr_line' id='line_1_87' title="bbox 1956 2721 3537 2793; baseline 0.001 -17"><span class='ocrx_word' id='word_1_666' title='bbox 1956 2723 2062 2777; x_wconf 90' lang='lat' dir='ltr'><strong>rint</strong></span> <span class='ocrx_word' id='word_1_667' title='bbox 2086 2721 2279 2787; x_wconf 88' lang='lat' dir='ltr'><strong>facere,</strong></span> <span class='ocrx_word' id='word_1_668' title='bbox 2327 2736 2436 2776; x_wconf 89' lang='lat' dir='ltr'><strong>non</strong></span> <span class='ocrx_word' id='word_1_669' title='bbox 2490 2722 2726 2793; x_wconf 86' lang='lat' dir='ltr'><strong>reputari</strong></span> <span class='ocrx_word' id='word_1_670' title='bbox 2780 2721 2919 2789; x_wconf 91' lang='lat' dir='ltr'><strong>illis,</strong></span> <span class='ocrx_word' id='word_1_671' title='bbox 2968 2738 3139 2793; x_wconf 89' lang='lat' dir='ltr'><strong>neque</strong></span> <span class='ocrx_word' id='word_1_672' title='bbox 3190 2736 3411 2792; x_wconf 83' lang='lat' dir='ltr'><strong>regnum</strong></span> <span class='ocrx_word' id='word_1_673' title='bbox 3442 2721 3537 2778; x_wconf 86' lang='lat' dir='ltr'><strong>Dei</strong></span> 
     </span>
    </p>
   </div>
   <div class='ocr_carea' id='block_1_88' title="bbox 1956 2814 2522 2885">
    <p class='ocr_par' dir='ltr' id='par_1_88' title="bbox 1956 2814 2522 2885">
     <span class='ocr_line' id='line_1_88' title="bbox 1956 2814 2522 2885; baseline 0 -18"><span class='ocrx_word' id='word_1_674' title='bbox 1956 2830 2115 2885; x_wconf 85' lang='lat' dir='ltr'><strong>posse</strong></span> <span class='ocrx_word' id='word_1_675' title='bbox 2138 2829 2231 2869; x_wconf 88' lang='lat' dir='ltr'><strong>eos</strong></span> <span class='ocrx_word' id='word_1_676' title='bbox 2253 2814 2469 2869; x_wconf 89' lang='lat' dir='ltr'><strong>habere.</strong></span> <span class='ocrx_word' id='word_1_677' title='bbox 2504 2832 2522 2867; x_wconf 72' lang='grc' dir='ltr'><strong>ι</strong></span> 
     </span>
    </p>
   </div>
   <div class='ocr_carea' id='block_1_89' title="bbox 2027 2903 3546 2978">
    <p class='ocr_par' dir='ltr' id='par_1_89' title="bbox 2027 2903 3546 2978">
     <span class='ocr_line' id='line_1_89' title="bbox 2027 2903 3546 2978; baseline -0.002 -15"><span class='ocrx_word' id='word_1_678' title='bbox 2027 2908 2120 2963; x_wconf 73' lang='grc'><strong>24.</strong></span> <span class='ocrx_word' id='word_1_679' title='bbox 2146 2907 2225 2962; x_wconf 84' lang='lat' dir='ltr'><strong>Ad</strong></span> <span class='ocrx_word' id='word_1_680' title='bbox 2254 2908 2369 2963; x_wconf 73' lang='lat' dir='ltr'><strong>luce</strong></span> <span class='ocrx_word' id='word_1_681' title='bbox 2404 2906 2504 2962; x_wconf 85' lang='lat' dir='ltr'><strong>sibi</strong></span> <span class='ocrx_word' id='word_1_682' title='bbox 2535 2907 2765 2978; x_wconf 88' lang='lat' dir='ltr'><strong>objecta,</strong></span> <span class='ocrx_word' id='word_1_683' title='bbox 2790 2907 2928 2961; x_wconf 88' lang='lat' dir='ltr'><strong>sicut</strong></span> <span class='ocrx_word' id='word_1_684' title='bbox 2955 2914 3100 2976; x_wconf 82' lang='lat' dir='ltr'><strong>gesta</strong></span> <span class='ocrx_word' id='word_1_685' title='bbox 3128 2913 3409 2964; x_wconf 88' lang='lat' dir='ltr'><strong>testantur.</strong></span> <span class='ocrx_word' id='word_1_686' title='bbox 3445 2903 3546 2961; x_wconf 38' lang='lat' dir='ltr'><strong>Pes</strong></span> 
     </span>
    </p>
   </div>
   <div class='ocr_carea' id='block_1_90' title="bbox 1959 2998 3545 3072">
    <p class='ocr_par' dir='ltr' id='par_1_90' title="bbox 1959 2998 3545 3072">
     <span class='ocr_line' id='line_1_90' title="bbox 1959 2998 3545 3072; baseline -0.003 -16"><span class='ocrx_word' id='word_1_687' title='bbox 1959 3001 2128 3072; x_wconf 81' lang='lat' dir='ltr'><strong>lagins</strong></span> <span class='ocrx_word' id='word_1_688' title='bbox 2177 3002 2247 3056; x_wconf 90' lang='lat' dir='ltr'><strong>ita</strong></span> <span class='ocrx_word' id='word_1_689' title='bbox 2285 3001 2603 3071; x_wconf 85' lang='lat' dir='ltr'><strong>respondit:</strong></span> <span class='ocrx_word' id='word_1_690' title='bbox 2635 3019 2653 3052; x_wconf 76' lang='grc' dir='ltr'>ι</span> <span class='ocrx_word' id='word_1_691' title='bbox 2693 3001 2768 3055; x_wconf 88' lang='lat' dir='ltr'><strong>De</strong></span> <span class='ocrx_word' id='word_1_692' title='bbox 2824 3014 2982 3070; x_wconf 80' lang='lat' dir='ltr'><strong>posse</strong></span> <span class='ocrx_word' id='word_1_693' title='bbox 3020 2998 3234 3068; x_wconf 88' lang='lat' dir='ltr'><strong>quidem</strong></span> <span class='ocrx_word' id='word_1_694' title='bbox 3273 2998 3545 3052; x_wconf 82' lang='lat' dir='ltr'><strong>imminent</strong></span> 
     </span>
    </p>
   </div>
   <div class='ocr_carea' id='block_1_91' title="bbox 1960 3092 3545 3165">
    <p class='ocr_par' dir='ltr' id='par_1_91' title="bbox 1960 3092 3545 3165">
     <span class='ocr_line' id='line_1_91' title="bbox 1960 3092 3545 3165; baseline -0.002 -16"><span class='ocrx_word' id='word_1_695' title='bbox 1960 3096 2078 3150; x_wconf 88' lang='lat' dir='ltr'><strong>sine</strong></span> <span class='ocrx_word' id='word_1_696' title='bbox 2108 3104 2327 3165; x_wconf 86' lang='lat' dir='ltr'><strong>peccato</strong></span> <span class='ocrx_word' id='word_1_697' title='bbox 2357 3109 2506 3159; x_wconf 87' lang='lat' dir='ltr'><strong>esse,</strong></span> <span class='ocrx_word' id='word_1_698' title='bbox 2531 3094 2732 3148; x_wconf 89' lang='lat' dir='ltr'><strong>dictum</strong></span> <span class='ocrx_word' id='word_1_699' title='bbox 2758 3103 2874 3158; x_wconf 87' lang='lat' dir='ltr'><strong>est,</strong></span> <span class='ocrx_word' id='word_1_700' title='bbox 2920 3112 2939 3145; x_wconf 74' lang='grc' dir='ltr'><strong><em>ι</em></strong></span> <span class='ocrx_word' id='word_1_701' title='bbox 2975 3092 3166 3163; x_wconf 86' lang='lat' dir='ltr'><strong>inquit,</strong></span> <span class='ocrx_word' id='word_1_702' title='bbox 3201 3110 3220 3144; x_wconf 74' lang='grc' dir='ltr'>ι</span> <span class='ocrx_word' id='word_1_703' title='bbox 3259 3092 3545 3163; x_wconf 87' lang='lat' dir='ltr'><strong>superius:</strong></span> 
     </span>
    </p>
   </div>
   <div class='ocr_carea' id='block_1_92' title="bbox 1961 3184 3552 3257">
    <p class='ocr_par' dir='ltr' id='par_1_92' title="bbox 1961 3184 3552 3257">
     <span class='ocr_line' id='line_1_92' title="bbox 1961 3184 3552 3257; baseline -0.003 -16"><span class='ocrx_word' id='word_1_704' title='bbox 1961 3186 2028 3241; x_wconf 87' lang='lat' dir='ltr'><strong>de</strong></span> <span class='ocrx_word' id='word_1_705' title='bbox 2055 3202 2121 3241; x_wconf 87' lang='lat' dir='ltr'><strong>eo</strong></span> <span class='ocrx_word' id='word_1_706' title='bbox 2141 3195 2317 3241; x_wconf 87' lang='lat' dir='ltr'><strong>autem</strong></span> <span class='ocrx_word' id='word_1_707' title='bbox 2344 3186 2486 3257; x_wconf 89' lang='lat' dir='ltr'><strong>quod</strong></span> <span class='ocrx_word' id='word_1_708' title='bbox 2516 3187 2711 3240; x_wconf 84' lang='lat' dir='ltr'><strong>fuerint</strong></span> <span class='ocrx_word' id='word_1_709' title='bbox 2731 3195 2854 3239; x_wconf 89' lang='lat' dir='ltr'><strong>ante</strong></span> <span class='ocrx_word' id='word_1_710' title='bbox 2889 3184 3172 3238; x_wconf 80' lang='lat' dir='ltr'><strong>adventum</strong></span> <span class='ocrx_word' id='word_1_711' title='bbox 3217 3184 3425 3239; x_wconf 84' lang='lat' dir='ltr'><strong>Domini</strong></span> <span class='ocrx_word' id='word_1_712' title='bbox 3455 3184 3552 3238; x_wconf 48' lang='lat' dir='ltr'><strong>Ito.</strong></span> 
     </span>
    </p>
   </div>
   <div class='ocr_carea' id='block_1_93' title="bbox 1963 3276 3550 3351">
    <p class='ocr_par' dir='ltr' id='par_1_93' title="bbox 1963 3276 3550 3351">
     <span class='ocr_line' id='line_1_93' title="bbox 1963 3276 3550 3351; baseline -0.003 -16"><span class='ocrx_word' id='word_1_713' title='bbox 1963 3281 2133 3335; x_wconf 87' lang='lat' dir='ltr'><strong>mines</strong></span> <span class='ocrx_word' id='word_1_714' title='bbox 2157 3281 2275 3336; x_wconf 88' lang='lat' dir='ltr'><strong>sine</strong></span> <span class='ocrx_word' id='word_1_715' title='bbox 2294 3289 2531 3351; x_wconf 83' lang='lat' dir='ltr'><strong>peccato,</strong></span> <span class='ocrx_word' id='word_1_716' title='bbox 2564 3278 2791 3333; x_wconf 89' lang='lat' dir='ltr'><strong>dicimus</strong></span> <span class='ocrx_word' id='word_1_717' title='bbox 2816 3286 2872 3331; x_wconf 88' lang='lat' dir='ltr'><strong>et</strong></span> <span class='ocrx_word' id='word_1_718' title='bbox 2914 3292 3011 3332; x_wconf 85' lang='lat' dir='ltr'><strong>nos</strong></span> <span class='ocrx_word' id='word_1_719' title='bbox 3034 3277 3284 3347; x_wconf 88' lang='lat' dir='ltr'><strong>quoniam</strong></span> <span class='ocrx_word' id='word_1_720' title='bbox 3307 3286 3430 3331; x_wconf 91' lang='lat' dir='ltr'><strong>ante</strong></span> <span class='ocrx_word' id='word_1_721' title='bbox 3451 3276 3550 3330; x_wconf 76' lang='lat' dir='ltr'><strong>ad-</strong></span> 
     </span>
    </p>
   </div>
   <div class='ocr_carea' id='block_1_94' title="bbox 1963 3368 3550 3439">
    <p class='ocr_par' dir='ltr' id='par_1_94' title="bbox 1963 3368 3550 3439">
     <span class='ocr_line' id='line_1_94' title="bbox 1963 3368 3550 3439; baseline -0.001 -14"><span class='ocrx_word' id='word_1_722' title='bbox 1963 3381 2179 3428; x_wconf 89' lang='lat' dir='ltr'><strong>ventum</strong></span> <span class='ocrx_word' id='word_1_723' title='bbox 2203 3370 2400 3427; x_wconf 88' lang='lat' dir='ltr'><strong>Christi</strong></span> <span class='ocrx_word' id='word_1_724' title='bbox 2429 3371 2675 3425; x_wconf 65' lang='lat' dir='ltr'><strong>riserunt</strong></span> <span class='ocrx_word' id='word_1_725' title='bbox 2699 3369 2916 3439; x_wconf 89' lang='lat' dir='ltr'><strong>quidam</strong></span> <span class='ocrx_word' id='word_1_726' title='bbox 2958 3377 3142 3424; x_wconf 88' lang='lat' dir='ltr'><strong>sancte</strong></span> <span class='ocrx_word' id='word_1_727' title='bbox 3168 3377 3221 3423; x_wconf 88' lang='lat' dir='ltr'><strong>et</strong></span> <span class='ocrx_word' id='word_1_728' title='bbox 3245 3368 3387 3439; x_wconf 89' lang='lat' dir='ltr'><strong>juste</strong></span> <span class='ocrx_word' id='word_1_729' title='bbox 3406 3406 3421 3434; x_wconf 92' lang='lat'><strong>,</strong></span> <span class='ocrx_word' id='word_1_730' title='bbox 3457 3382 3550 3423; x_wconf 85' lang='lat' dir='ltr'><strong>se-</strong></span> 
     </span>
    </p>
   </div>
   <div class='ocr_carea' id='block_1_95' title="bbox 1965 3460 3551 3534">
    <p class='ocr_par' dir='ltr' id='par_1_95' title="bbox 1965 3460 3551 3534">
     <span class='ocr_line' id='line_1_95' title="bbox 1965 3460 3551 3534; baseline -0.003 -15"><span class='ocrx_word' id='word_1_731' title='bbox 1965 3464 2601 3534; x_wconf 88' lang='lat' dir='ltr'><strong>cundumSeripturarum</strong></span> <span class='ocrx_word' id='word_1_732' title='bbox 2617 3472 2920 3518; x_wconf 87' lang='lat' dir='ltr'><strong>sanctarum</strong></span> <span class='ocrx_word' id='word_1_733' title='bbox 2948 3462 3307 3516; x_wconf 87' lang='lat' dir='ltr'><strong>traditionem.</strong></span> <span class='ocrx_word' id='word_1_734' title='bbox 3329 3460 3551 3530; x_wconf 74' lang='lat' dir='ltr'><strong>Reliqua</strong></span> 
     </span>
    </p>
   </div>
   <div class='ocr_carea' id='block_1_96' title="bbox 1966 3558 3553 3629">
    <p class='ocr_par' dir='ltr' id='par_1_96' title="bbox 1966 3558 3553 3629">
     <span class='ocr_line' id='line_1_96' title="bbox 1966 3558 3553 3629; baseline -0.001 -15"><span class='ocrx_word' id='word_1_735' title='bbox 1966 3576 2096 3614; x_wconf 88' lang='lat' dir='ltr'><strong>vero</strong></span> <span class='ocrx_word' id='word_1_736' title='bbox 2146 3569 2200 3615; x_wconf 89' lang='lat' dir='ltr'><strong>et</strong></span> <span class='ocrx_word' id='word_1_737' title='bbox 2254 3559 2545 3615; x_wconf 89' lang='lat' dir='ltr'><strong>secundum</strong></span> <span class='ocrx_word' id='word_1_738' title='bbox 2574 3560 2812 3629; x_wconf 85' lang='lat' dir='ltr'><strong>ipsorum</strong></span> <span class='ocrx_word' id='word_1_739' title='bbox 2841 3558 3203 3613; x_wconf 83' lang='lat' dir='ltr'><strong>testimonium</strong></span> <span class='ocrx_word' id='word_1_740' title='bbox 3233 3574 3261 3612; x_wconf 90' lang='lat' dir='ltr'><strong>a</strong></span> <span class='ocrx_word' id='word_1_741' title='bbox 3297 3573 3381 3612; x_wconf 86' lang='lat' dir='ltr'><strong>me</strong></span> <span class='ocrx_word' id='word_1_742' title='bbox 3410 3558 3553 3612; x_wconf 84' lang='lat' dir='ltr'><strong>dicta</strong></span> 
     </span>
    </p>
   </div>
   <div class='ocr_carea' id='block_1_97' title="bbox 1967 3648 3551 3722">
    <p class='ocr_par' dir='ltr' id='par_1_97' title="bbox 1967 3648 3551 3722">
     <span class='ocr_line' id='line_1_97' title="bbox 1967 3648 3551 3722; baseline -0.001 -15"><span class='ocrx_word' id='word_1_743' title='bbox 1967 3667 2073 3707; x_wconf 93' lang='lat' dir='ltr'><strong>non</strong></span> <span class='ocrx_word' id='word_1_744' title='bbox 2100 3661 2241 3717; x_wconf 89' lang='lat' dir='ltr'><strong>sunt,</strong></span> <span class='ocrx_word' id='word_1_745' title='bbox 2271 3668 2366 3722; x_wconf 91' lang='lat' dir='ltr'><strong>pro</strong></span> <span class='ocrx_word' id='word_1_746' title='bbox 2391 3652 2583 3722; x_wconf 87' lang='lat' dir='ltr'><strong>quibus</strong></span> <span class='ocrx_word' id='word_1_747' title='bbox 2610 3667 2709 3722; x_wconf 86' lang='lat' dir='ltr'><strong>ego</strong></span> <span class='ocrx_word' id='word_1_748' title='bbox 2736 3650 3044 3707; x_wconf 73' lang='lat' dir='ltr'><strong>satisfacere</strong></span> <span class='ocrx_word' id='word_1_749' title='bbox 3084 3667 3189 3705; x_wconf 92' lang='lat' dir='ltr'><strong>non</strong></span> <span class='ocrx_word' id='word_1_750' title='bbox 3216 3651 3421 3706; x_wconf 82' lang='lat' dir='ltr'><strong>debeo:</strong></span> <span class='ocrx_word' id='word_1_751' title='bbox 3454 3648 3551 3706; x_wconf 85' lang='lat' dir='ltr'><strong>sed</strong></span> 
     </span>
    </p>
   </div>
   <div class='ocr_carea' id='block_1_98' title="bbox 1969 3744 3553 3817">
    <p class='ocr_par' dir='ltr' id='par_1_98' title="bbox 1969 3744 3553 3817">
     <span class='ocr_line' id='line_1_98' title="bbox 1969 3744 3553 3817; baseline -0.004 -14"><span class='ocrx_word' id='word_1_752' title='bbox 1969 3757 2145 3803; x_wconf 88' lang='lat' dir='ltr'><strong>tamen</strong></span> <span class='ocrx_word' id='word_1_753' title='bbox 2176 3746 2242 3802; x_wconf 87' lang='lat' dir='ltr'><strong>ad</strong></span> <span class='ocrx_word' id='word_1_754' title='bbox 2272 3746 2687 3801; x_wconf 89' lang='lat' dir='ltr'><strong>satisfactionem</strong></span> <span class='ocrx_word' id='word_1_755' title='bbox 2720 3757 2918 3800; x_wconf 77' lang='lat' dir='ltr'><strong>sancta:</strong></span> <span class='ocrx_word' id='word_1_756' title='bbox 2942 3744 3143 3817; x_wconf 91' lang='lat' dir='ltr'><strong>Synodi</strong></span> <span class='ocrx_word' id='word_1_757' title='bbox 3165 3782 3181 3811; x_wconf 92' lang='lat'><strong>,</strong></span> <span class='ocrx_word' id='word_1_758' title='bbox 3240 3744 3553 3799; x_wconf 84' lang='lat' dir='ltr'><strong>anathema-</strong></span> 
     </span>
    </p>
   </div>
   <div class='ocr_carea' id='block_1_99' title="bbox 1969 3840 3547 3914">
    <p class='ocr_par' dir='ltr' id='par_1_99' title="bbox 1969 3840 3547 3914">
     <span class='ocr_line' id='line_1_99' title="bbox 1969 3840 3547 3914; baseline -0.003 -16"><span class='ocrx_word' id='word_1_759' title='bbox 1969 3844 2073 3898; x_wconf 83' lang='lat' dir='ltr'><strong>tizo</strong></span> <span class='ocrx_word' id='word_1_760' title='bbox 2095 3842 2216 3897; x_wconf 90' lang='lat' dir='ltr'><strong>illos</strong></span> <span class='ocrx_word' id='word_1_761' title='bbox 2244 3841 2333 3914; x_wconf 93' lang='lat' dir='ltr'><strong>qui</strong></span> <span class='ocrx_word' id='word_1_762' title='bbox 2364 3842 2443 3897; x_wconf 92' lang='lat' dir='ltr'><strong>sic</strong></span> <span class='ocrx_word' id='word_1_763' title='bbox 2473 3850 2675 3905; x_wconf 86' lang='lat' dir='ltr'><strong>tenent,</strong></span> <span class='ocrx_word' id='word_1_764' title='bbox 2708 3850 2799 3896; x_wconf 90' lang='lat' dir='ltr'><strong>aut</strong></span> <span class='ocrx_word' id='word_1_765' title='bbox 2850 3840 3138 3912; x_wconf 84' lang='lat' dir='ltr'><strong>aliquando</strong></span> <span class='ocrx_word' id='word_1_766' title='bbox 3194 3849 3497 3896; x_wconf 81' lang='lat' dir='ltr'><strong>tenuerunt.</strong></span> <span class='ocrx_word' id='word_1_767' title='bbox 3528 3858 3547 3893; x_wconf 75' lang='grc' dir='ltr'><strong><em>ι</em></strong></span> 
     </span>
    </p>
   </div>
   <div class='ocr_carea' id='block_1_100' title="bbox 1969 3928 3553 4005">
    <p class='ocr_par' dir='ltr' id='par_1_100' title="bbox 1969 3928 3553 4005">
     <span class='ocr_line' id='line_1_100' title="bbox 1969 3928 3553 4005; baseline -0.003 -15"><span class='ocrx_word' id='word_1_768' title='bbox 1969 3935 2099 3990; x_wconf 90' lang='lat' dir='ltr'><strong>Post</strong></span> <span class='ocrx_word' id='word_1_769' title='bbox 2145 3934 2282 3988; x_wconf 91' lang='lat' dir='ltr'><strong>hanc</strong></span> <span class='ocrx_word' id='word_1_770' title='bbox 2311 3934 2429 4004; x_wconf 89' lang='lat' dir='ltr'><strong>ejus</strong></span> <span class='ocrx_word' id='word_1_771' title='bbox 2470 3934 2873 4001; x_wconf 84' lang='lat' dir='ltr'><strong>responsionem</strong></span> <span class='ocrx_word' id='word_1_772' title='bbox 2913 3932 3162 4005; x_wconf 85' lang='lat' dir='ltr'><strong>Synodus</strong></span> <span class='ocrx_word' id='word_1_773' title='bbox 3212 3932 3380 3987; x_wconf 83' lang='lat' dir='ltr'><strong>dixit:</strong></span> <span class='ocrx_word' id='word_1_774' title='bbox 3419 3949 3439 3983; x_wconf 69' lang='grc' dir='ltr'><strong><em>ι</em></strong></span> <span class='ocrx_word' id='word_1_775' title='bbox 3472 3928 3553 3986; x_wconf 88' lang='lat' dir='ltr'><strong>Ad</strong></span> 
     </span>
    </p>
   </div>
   <div class='ocr_carea' id='block_1_101' title="bbox 1970 4022 3558 4098">
    <p class='ocr_par' dir='ltr' id='par_1_101' title="bbox 1970 4022 3558 4098">
     <span class='ocr_line' id='line_1_101' title="bbox 1970 4022 3558 4098; baseline -0.004 -16"><span class='ocrx_word' id='word_1_776' title='bbox 1970 4025 2088 4083; x_wconf 75' lang='lat' dir='ltr'><strong>inec</strong></span> <span class='ocrx_word' id='word_1_777' title='bbox 2110 4026 2358 4098; x_wconf 66' lang='lat' dir='ltr'><strong>praedicta</strong></span> <span class='ocrx_word' id='word_1_778' title='bbox 2385 4025 2612 4095; x_wconf 90' lang='lat' dir='ltr'><strong>capitula</strong></span> <span class='ocrx_word' id='word_1_779' title='bbox 2641 4024 2969 4080; x_wconf 84' lang='lat' dir='ltr'><strong>sufficienter</strong></span> <span class='ocrx_word' id='word_1_780' title='bbox 3005 4035 3058 4080; x_wconf 91' lang='lat' dir='ltr'><strong>et</strong></span> <span class='ocrx_word' id='word_1_781' title='bbox 3111 4033 3254 4079; x_wconf 88' lang='lat' dir='ltr'><strong>recte</strong></span> <span class='ocrx_word' id='word_1_782' title='bbox 3297 4022 3558 4079; x_wconf 84' lang='lat' dir='ltr'><strong>satisfecit</strong></span> 
     </span>
    </p>
   </div>
   <div class='ocr_carea' id='block_1_102' title="bbox 1968 4117 3558 4194">
    <p class='ocr_par' dir='ltr' id='par_1_102' title="bbox 1968 4117 3558 4194">
     <span class='ocr_line' id='line_1_102' title="bbox 1968 4117 3558 4194; baseline -0.004 -18"><span class='ocrx_word' id='word_1_783' title='bbox 1968 4136 2207 4194; x_wconf 65' lang='lat' dir='ltr'><strong>praesens</strong></span> <span class='ocrx_word' id='word_1_784' title='bbox 2232 4119 2501 4191; x_wconf 88' lang='lat' dir='ltr'><strong>Pelagius.</strong></span> <span class='ocrx_word' id='word_1_785' title='bbox 2521 4117 2976 4172; x_wconf 81' lang='lat' dir='ltr'><strong>anathematizans</strong></span> <span class='ocrx_word' id='word_1_786' title='bbox 3015 4132 3078 4172; x_wconf 87' lang='lat' dir='ltr'><strong>ea</strong></span> <span class='ocrx_word' id='word_1_787' title='bbox 3105 4132 3223 4186; x_wconf 71' lang='lat' dir='ltr'><strong>qtae</strong></span> <span class='ocrx_word' id='word_1_788' title='bbox 3263 4133 3367 4170; x_wconf 86' lang='lat' dir='ltr'><strong>non</strong></span> <span class='ocrx_word' id='word_1_789' title='bbox 3402 4124 3558 4171; x_wconf 88' lang='lat' dir='ltr'><strong>erant</strong></span> 
     </span>
    </p>
   </div>
   <div class='ocr_carea' id='block_1_103' title="bbox 1970 4206 3558 4284">
    <p class='ocr_par' dir='ltr' id='par_1_103' title="bbox 1970 4206 3558 4284">
     <span class='ocr_line' id='line_1_103' title="bbox 1970 4206 3558 4284; baseline -0.004 -16"><span class='ocrx_word' id='word_1_790' title='bbox 1970 4214 2105 4284; x_wconf 88' lang='lat' dir='ltr'><strong>ejus.</strong></span> <span class='ocrx_word' id='word_1_791' title='bbox 2142 4232 2162 4267; x_wconf 75' lang='grc' dir='ltr'><strong><em>ι</em></strong></span> <span class='ocrx_word' id='word_1_792' title='bbox 2194 4212 2451 4267; x_wconf 79' lang='lat' dir='ltr'><strong>Videmus</strong></span> <span class='ocrx_word' id='word_1_793' title='bbox 2481 4212 2640 4281; x_wconf 83' lang='lat' dir='ltr'><strong>igitur</strong></span> <span class='ocrx_word' id='word_1_794' title='bbox 2660 4220 2713 4265; x_wconf 92' lang='lat' dir='ltr'><strong>et</strong></span> <span class='ocrx_word' id='word_1_795' title='bbox 2741 4218 3007 4275; x_wconf 89' lang='lat' dir='ltr'><strong>tenemus,</strong></span> <span class='ocrx_word' id='word_1_796' title='bbox 3027 4224 3135 4264; x_wconf 93' lang='lat' dir='ltr'><strong>non</strong></span> <span class='ocrx_word' id='word_1_797' title='bbox 3156 4210 3329 4264; x_wconf 90' lang='lat' dir='ltr'><strong>solum</strong></span> <span class='ocrx_word' id='word_1_798' title='bbox 3351 4224 3379 4261; x_wconf 90' lang='lat' dir='ltr'><strong>a</strong></span> <span class='ocrx_word' id='word_1_799' title='bbox 3411 4206 3558 4263; x_wconf 45' lang='lat' dir='ltr'><strong>Pelad</strong></span> 
     </span>
    </p>
   </div>
   <div class='ocr_carea' id='block_1_104' title="bbox 1969 4298 3559 4377">
    <p class='ocr_par' dir='ltr' id='par_1_104' title="bbox 1969 4298 3559 4377">
     <span class='ocr_line' id='line_1_104' title="bbox 1969 4298 3559 4377; baseline -0.005 -18"><span class='ocrx_word' id='word_1_800' title='bbox 1969 4305 2077 4377; x_wconf 87' lang='lat' dir='ltr'><strong>gio,</strong></span> <span class='ocrx_word' id='word_1_801' title='bbox 2112 4319 2295 4358; x_wconf 89' lang='lat' dir='ltr'><strong>verum</strong></span> <span class='ocrx_word' id='word_1_802' title='bbox 2323 4302 2537 4358; x_wconf 86' lang='lat' dir='ltr'><strong>etiama</strong></span> <span class='ocrx_word' id='word_1_803' title='bbox 2567 4300 2767 4356; x_wconf 89' lang='lat' dir='ltr'><strong>sanctis</strong></span> <span class='ocrx_word' id='word_1_804' title='bbox 2804 4300 3067 4371; x_wconf 89' lang='lat' dir='ltr'><strong>episcopis</strong></span> <span class='ocrx_word' id='word_1_805' title='bbox 3095 4300 3183 4368; x_wconf 92' lang='lat' dir='ltr'><strong>qui</strong></span> <span class='ocrx_word' id='word_1_806' title='bbox 3233 4298 3306 4353; x_wconf 93' lang='lat' dir='ltr'><strong>illi</strong></span> <span class='ocrx_word' id='word_1_807' title='bbox 3356 4298 3559 4367; x_wconf 90' lang='lat' dir='ltr'><strong>judicio</strong></span> 
     </span>
    </p>
   </div>
   <div class='ocr_carea' id='block_1_105' title="bbox 1973 4389 3558 4467">
    <p class='ocr_par' dir='ltr' id='par_1_105' title="bbox 1973 4389 3558 4467">
     <span class='ocr_line' id='line_1_105' title="bbox 1973 4389 3558 4467; baseline -0.004 -16"><span class='ocrx_word' id='word_1_808' title='bbox 1973 4394 2348 4467; x_wconf 63' lang='lat' dir='ltr'><strong>praesidebant,</strong></span> <span class='ocrx_word' id='word_1_809' title='bbox 2378 4392 2515 4448; x_wconf 89' lang='lat' dir='ltr'><strong>mala</strong></span> <span class='ocrx_word' id='word_1_810' title='bbox 2545 4391 2997 4463; x_wconf 90' lang='lat' dir='ltr'><strong>perniciosissima</strong></span> <span class='ocrx_word' id='word_1_811' title='bbox 3025 4390 3325 4459; x_wconf 89' lang='lat' dir='ltr'><strong>hujusmodi</strong></span> <span class='ocrx_word' id='word_1_812' title='bbox 3380 4389 3558 4445; x_wconf 72' lang='lat' dir='ltr'><strong>luere-</strong></span> 
     </span>
    </p>
   </div>
   <div class='ocr_carea' id='block_1_106' title="bbox 1971 4480 3550 4551">
    <p class='ocr_par' dir='ltr' id='par_1_106' title="bbox 1971 4480 3550 4551">
     <span class='ocr_line' id='line_1_106' title="bbox 1971 4480 3550 4551; baseline -0.005 -8"><span class='ocrx_word' id='word_1_813' title='bbox 1971 4488 2045 4543; x_wconf 88' lang='lat' dir='ltr'><strong>sis</strong></span> <span class='ocrx_word' id='word_1_814' title='bbox 2069 4501 2189 4543; x_wconf 89' lang='lat' dir='ltr'><strong>esse</strong></span> <span class='ocrx_word' id='word_1_815' title='bbox 2213 4485 2459 4541; x_wconf 86' lang='lat' dir='ltr'><strong>damnata</strong></span> <span class='ocrx_word' id='word_1_816' title='bbox 2487 4500 2502 4540; x_wconf 89' lang='lat'><strong>:</strong></span> <span class='ocrx_word' id='word_1_817' title='bbox 2542 4502 2561 4536; x_wconf 68' lang='grc' dir='ltr'><strong><em>ο</em></strong></span> <span class='ocrx_word' id='word_1_818' title='bbox 2599 4481 2767 4538; x_wconf 88' lang='lat' dir='ltr'><strong>Adam</strong></span> <span class='ocrx_word' id='word_1_819' title='bbox 2796 4483 3075 4536; x_wconf 80' lang='lat' dir='ltr'><strong>mortalem</strong></span> <span class='ocrx_word' id='word_1_820' title='bbox 3099 4480 3315 4543; x_wconf 66' lang='lat' dir='ltr'><strong>factum,</strong></span> <span class='ocrx_word' id='word_1_821' title='bbox 3354 4499 3373 4533; x_wconf 74' lang='grc' dir='ltr'>ι</span> <span class='ocrx_word' id='word_1_822' title='bbox 3403 4480 3550 4551; x_wconf 89' lang='lat' dir='ltr'><strong>quod</strong></span> 
     </span>
    </p>
   </div>
   <div class='ocr_carea' id='block_1_107' title="bbox 1971 4572 3557 4654">
    <p class='ocr_par' dir='ltr' id='par_1_107' title="bbox 1971 4572 3557 4654">
     <span class='ocr_line' id='line_1_107' title="bbox 1971 4572 3557 4654; baseline -0.007 -15"><span class='ocrx_word' id='word_1_823' title='bbox 1971 4593 2030 4639; x_wconf 92' lang='lat' dir='ltr'><strong>ut</strong></span> <span class='ocrx_word' id='word_1_824' title='bbox 2057 4580 2264 4654; x_wconf 88' lang='lat' dir='ltr'><strong>plenius</strong></span> <span class='ocrx_word' id='word_1_825' title='bbox 2288 4586 2642 4649; x_wconf 77' lang='lat' dir='ltr'><strong>exponeretur</strong></span> <span class='ocrx_word' id='word_1_826' title='bbox 2665 4574 2933 4648; x_wconf 87' lang='lat' dir='ltr'><strong>quomodo</strong></span> <span class='ocrx_word' id='word_1_827' title='bbox 2968 4574 3167 4630; x_wconf 87' lang='lat' dir='ltr'><strong>dictum</strong></span> <span class='ocrx_word' id='word_1_828' title='bbox 3209 4572 3298 4642; x_wconf 90' lang='lat' dir='ltr'><strong>sit,</strong></span> <span class='ocrx_word' id='word_1_829' title='bbox 3319 4573 3557 4629; x_wconf 89' lang='lat' dir='ltr'><strong>additum</strong></span> 
     </span>
    </p>
   </div>
   <div class='ocr_carea' id='block_1_108' title="bbox 1973 4667 3562 4745">
    <p class='ocr_par' dir='ltr' id='par_1_108' title="bbox 1973 4667 3562 4745">
     <span class='ocr_line' id='line_1_108' title="bbox 1973 4667 3562 4745; baseline -0.007 -12"><span class='ocrx_word' id='word_1_830' title='bbox 1973 4685 2075 4741; x_wconf 84' lang='lat' dir='ltr'><strong>est,</strong></span> <span class='ocrx_word' id='word_1_831' title='bbox 2103 4693 2122 4727; x_wconf 75' lang='grc' dir='ltr'>ι</span> <span class='ocrx_word' id='word_1_832' title='bbox 2149 4675 2238 4745; x_wconf 94' lang='lat' dir='ltr'><strong>qui</strong></span> <span class='ocrx_word' id='word_1_833' title='bbox 2265 4673 2375 4728; x_wconf 84' lang='lat' dir='ltr'><strong>sive</strong></span> <span class='ocrx_word' id='word_1_834' title='bbox 2400 4676 2667 4742; x_wconf 85' lang='lat' dir='ltr'><strong>peccaret,</strong></span> <span class='ocrx_word' id='word_1_835' title='bbox 2697 4670 2809 4725; x_wconf 90' lang='lat' dir='ltr'><strong>sive</strong></span> <span class='ocrx_word' id='word_1_836' title='bbox 2834 4684 2938 4722; x_wconf 92' lang='lat' dir='ltr'><strong>non</strong></span> <span class='ocrx_word' id='word_1_837' title='bbox 2963 4677 3237 4737; x_wconf 86' lang='lat' dir='ltr'><strong>peccaret,</strong></span> <span class='ocrx_word' id='word_1_838' title='bbox 3269 4667 3562 4722; x_wconf 88' lang='lat' dir='ltr'><strong>moriturus</strong></span> 
     </span>
    </p>
   </div>
   <div class='ocr_carea' id='block_1_109' title="bbox 1972 4760 3563 4836">
    <p class='ocr_par' dir='ltr' id='par_1_109' title="bbox 1972 4760 3563 4836">
     <span class='ocr_line' id='line_1_109' title="bbox 1972 4760 3563 4836; baseline -0.004 -12"><span class='ocrx_word' id='word_1_839' title='bbox 1972 4775 2132 4824; x_wconf 90' lang='lat' dir='ltr'><strong>esset.</strong></span> <span class='ocrx_word' id='word_1_840' title='bbox 2161 4766 2313 4836; x_wconf 89' lang='lat' dir='ltr'><strong>Quod</strong></span> <span class='ocrx_word' id='word_1_841' title='bbox 2344 4774 2614 4836; x_wconf 88' lang='lat' dir='ltr'><strong>peccatum</strong></span> <span class='ocrx_word' id='word_1_842' title='bbox 2660 4764 2776 4833; x_wconf 88' lang='lat' dir='ltr'><strong>ejus</strong></span> <span class='ocrx_word' id='word_1_843' title='bbox 2814 4762 2984 4831; x_wconf 86' lang='lat' dir='ltr'><strong>ipsum</strong></span> <span class='ocrx_word' id='word_1_844' title='bbox 3029 4762 3202 4816; x_wconf 91' lang='lat' dir='ltr'><strong>solum</strong></span> <span class='ocrx_word' id='word_1_845' title='bbox 3244 4760 3443 4817; x_wconf 70' lang='lat' dir='ltr'><strong>imserit</strong></span> <span class='ocrx_word' id='word_1_846' title='bbox 3466 4803 3482 4827; x_wconf 96' lang='lat'><strong>,</strong></span> <span class='ocrx_word' id='word_1_847' title='bbox 3507 4773 3563 4817; x_wconf 91' lang='lat' dir='ltr'><strong>et</strong></span> 
     </span>
    </p>
   </div>
   <div class='ocr_carea' id='block_1_110' title="bbox 1974 4853 3562 4932">
    <p class='ocr_par' dir='ltr' id='par_1_110' title="bbox 1974 4853 3562 4932">
     <span class='ocr_line' id='line_1_110' title="bbox 1974 4853 3562 4932; baseline -0.004 -18"><span class='ocrx_word' id='word_1_848' title='bbox 1974 4876 2078 4914; x_wconf 88' lang='lat' dir='ltr'><strong>non</strong></span> <span class='ocrx_word' id='word_1_849' title='bbox 2102 4876 2271 4932; x_wconf 76' lang='lat' dir='ltr'><strong>genus</strong></span> <span class='ocrx_word' id='word_1_850' title='bbox 2296 4858 2605 4912; x_wconf 87' lang='lat' dir='ltr'><strong>humanmn.</strong></span> <span class='ocrx_word' id='word_1_851' title='bbox 2623 4855 2773 4923; x_wconf 86' lang='lat' dir='ltr'><strong>Quod</strong></span> <span class='ocrx_word' id='word_1_852' title='bbox 2805 4854 2911 4910; x_wconf 81' lang='lat' dir='ltr'><strong>Lex</strong></span> <span class='ocrx_word' id='word_1_853' title='bbox 2931 4854 3007 4910; x_wconf 84' lang='lat' dir='ltr'><strong>sie</strong></span> <span class='ocrx_word' id='word_1_854' title='bbox 3030 4853 3204 4908; x_wconf 82' lang='lat' dir='ltr'><strong>mittat</strong></span> <span class='ocrx_word' id='word_1_855' title='bbox 3224 4854 3289 4908; x_wconf 87' lang='lat' dir='ltr'><strong>ad</strong></span> <span class='ocrx_word' id='word_1_856' title='bbox 3315 4870 3562 4924; x_wconf 76' lang='lat' dir='ltr'><strong>regnum,</strong></span> 
     </span>
    </p>
   </div>
   <div class='ocr_carea' id='block_1_111' title="bbox 1974 4945 3603 5025">
    <p class='ocr_par' dir='ltr' id='par_1_111' title="bbox 1974 4945 3603 5025">
     <span class='ocr_line' id='line_1_111' title="bbox 1974 4945 3603 5025; baseline -0.005 -18"><span class='ocrx_word' id='word_1_857' title='bbox 1974 4950 2425 5025; x_wconf 89' lang='lat' dir='ltr'><strong>quemadmodum</strong></span> <span class='ocrx_word' id='word_1_858' title='bbox 2460 4959 2516 5005; x_wconf 89' lang='lat' dir='ltr'><strong>et</strong></span> <span class='ocrx_word' id='word_1_859' title='bbox 2544 4948 2911 5019; x_wconf 80' lang='lat' dir='ltr'><strong>Evangeiium.</strong></span> <span class='ocrx_word' id='word_1_860' title='bbox 2953 4945 3104 5015; x_wconf 84' lang='lat' dir='ltr'><strong>Quod</strong></span> <span class='ocrx_word' id='word_1_861' title='bbox 3139 4945 3365 4999; x_wconf 85' lang='lat' dir='ltr'><strong>infantes</strong></span> <span class='ocrx_word' id='word_1_862' title='bbox 3392 4956 3568 5015; x_wconf 80' lang='lat' dir='ltr'><strong>nuper</strong></span> <span class='ocrx_word' id='word_1_863' title='bbox 3602 5014 3603 5019; x_wconf 17' lang='grc' dir='ltr'><strong>η</strong></span> 
     </span>
    </p>
   </div>
   <div class='ocr_carea' id='block_1_112' title="bbox 1975 5036 3559 5110">
    <p class='ocr_par' dir='ltr' id='par_1_112' title="bbox 1975 5036 3559 5110">
     <span class='ocr_line' id='line_1_112' title="bbox 1975 5036 3559 5110; baseline -0.003 -13"><span class='ocrx_word' id='word_1_864' title='bbox 1975 5043 2085 5097; x_wconf 87' lang='lat' dir='ltr'><strong>nati</strong></span> <span class='ocrx_word' id='word_1_865' title='bbox 2130 5043 2182 5097; x_wconf 93' lang='lat' dir='ltr'><strong>in</strong></span> <span class='ocrx_word' id='word_1_866' title='bbox 2206 5042 2297 5095; x_wconf 92' lang='lat' dir='ltr'><strong>illo</strong></span> <span class='ocrx_word' id='word_1_867' title='bbox 2326 5049 2465 5095; x_wconf 87' lang='lat' dir='ltr'><strong>statu</strong></span> <span class='ocrx_word' id='word_1_868' title='bbox 2495 5040 2621 5104; x_wconf 90' lang='lat' dir='ltr'><strong>sint,</strong></span> <span class='ocrx_word' id='word_1_869' title='bbox 2654 5040 2705 5094; x_wconf 92' lang='lat' dir='ltr'><strong>in</strong></span> <span class='ocrx_word' id='word_1_870' title='bbox 2728 5054 2834 5110; x_wconf 89' lang='lat' dir='ltr'><strong>quo</strong></span> <span class='ocrx_word' id='word_1_871' title='bbox 2864 5036 3034 5093; x_wconf 84' lang='lat' dir='ltr'><strong>Adam</strong></span> <span class='ocrx_word' id='word_1_872' title='bbox 3059 5037 3155 5091; x_wconf 90' lang='lat' dir='ltr'><strong>fuit</strong></span> <span class='ocrx_word' id='word_1_873' title='bbox 3183 5046 3307 5092; x_wconf 90' lang='lat' dir='ltr'><strong>ante</strong></span> <span class='ocrx_word' id='word_1_874' title='bbox 3357 5052 3559 5108; x_wconf 80' lang='lat' dir='ltr'><strong>praeva-</strong></span> 
     </span>
    </p>
   </div>
   <div class='ocr_carea' id='block_1_113' title="bbox 1974 5128 3565 5203">
    <p class='ocr_par' dir='ltr' id='par_1_113' title="bbox 1974 5128 3565 5203">
     <span class='ocr_line' id='line_1_113' title="bbox 1974 5128 3565 5203; baseline -0.007 -13"><span class='ocrx_word' id='word_1_875' title='bbox 1974 5131 2477 5199; x_wconf 87' lang='lat' dir='ltr'><strong>ricationem.Quod</strong></span> <span class='ocrx_word' id='word_1_876' title='bbox 2504 5147 2674 5203; x_wconf 89' lang='lat' dir='ltr'><strong>neque</strong></span> <span class='ocrx_word' id='word_1_877' title='bbox 2693 5146 2788 5201; x_wconf 65' lang='lat' dir='ltr'><strong>per</strong></span> <span class='ocrx_word' id='word_1_878' title='bbox 2801 5139 3025 5185; x_wconf 89' lang='lat' dir='ltr'><strong>mortem</strong></span> <span class='ocrx_word' id='word_1_879' title='bbox 3056 5128 3136 5182; x_wconf 87' lang='lat' dir='ltr'><strong>vel</strong></span> <span class='ocrx_word' id='word_1_880' title='bbox 3169 5129 3565 5197; x_wconf 70' lang='lat' dir='ltr'><strong>prtevaricatio-</strong></span> 
     </span>
    </p>
   </div>
   <div class='ocr_carea' id='block_1_114' title="bbox 1978 5219 3566 5293">
    <p class='ocr_par' dir='ltr' id='par_1_114' title="bbox 1978 5219 3566 5293">
     <span class='ocr_line' id='line_1_114' title="bbox 1978 5219 3566 5293; baseline -0.007 -12"><span class='ocrx_word' id='word_1_881' title='bbox 1978 5243 2098 5281; x_wconf 88' lang='lat' dir='ltr'><strong>nem</strong></span> <span class='ocrx_word' id='word_1_882' title='bbox 2131 5224 2258 5280; x_wconf 70' lang='lat' dir='ltr'><strong>Adae</strong></span> <span class='ocrx_word' id='word_1_883' title='bbox 2284 5239 2442 5277; x_wconf 89' lang='lat' dir='ltr'><strong>omne</strong></span> <span class='ocrx_word' id='word_1_884' title='bbox 2458 5238 2626 5293; x_wconf 90' lang='lat' dir='ltr'><strong>genus</strong></span> <span class='ocrx_word' id='word_1_885' title='bbox 2652 5221 2923 5275; x_wconf 85' lang='lat' dir='ltr'><strong>hominum</strong></span> <span class='ocrx_word' id='word_1_886' title='bbox 2963 5219 3239 5283; x_wconf 82' lang='lat' dir='ltr'><strong>moriatur,</strong></span> <span class='ocrx_word' id='word_1_887' title='bbox 3271 5234 3441 5288; x_wconf 90' lang='lat' dir='ltr'><strong>neque</strong></span> <span class='ocrx_word' id='word_1_888' title='bbox 3469 5226 3566 5287; x_wconf 75' lang='lat' dir='ltr'><strong>per</strong></span> 
     </span>
    </p>
   </div>
   <div class='ocr_carea' id='block_1_115' title="bbox 1978 5312 3565 5385">
    <p class='ocr_par' dir='ltr' id='par_1_115' title="bbox 1978 5312 3565 5385">
     <span class='ocr_line' id='line_1_115' title="bbox 1978 5312 3565 5385; baseline -0.01 -10"><span class='ocrx_word' id='word_1_889' title='bbox 1978 5318 2423 5375; x_wconf 88' lang='lat' dir='ltr'><strong>resurrectionem</strong></span> <span class='ocrx_word' id='word_1_890' title='bbox 2438 5314 2632 5370; x_wconf 90' lang='lat' dir='ltr'><strong>Christi</strong></span> <span class='ocrx_word' id='word_1_891' title='bbox 2647 5329 2806 5369; x_wconf 90' lang='lat' dir='ltr'><strong>omne</strong></span> <span class='ocrx_word' id='word_1_892' title='bbox 2826 5327 2993 5385; x_wconf 85' lang='lat' dir='ltr'><strong>genus</strong></span> <span class='ocrx_word' id='word_1_893' title='bbox 3007 5312 3278 5367; x_wconf 72' lang='lat' dir='ltr'><strong>ht‘mimnn</strong></span> <span class='ocrx_word' id='word_1_894' title='bbox 3300 5318 3565 5378; x_wconf 80' lang='lat' dir='ltr'><strong>resurgat.</strong></span> 
     </span>
    </p>
   </div>
   <div class='ocr_carea' id='block_1_116' title="bbox 1976 5400 3564 5480">
    <p class='ocr_par' dir='ltr' id='par_1_116' title="bbox 1976 5400 3564 5480">
     <span class='ocr_line' id='line_1_116' title="bbox 1976 5400 3564 5480; baseline -0.011 -12"><span class='ocrx_word' id='word_1_895' title='bbox 1976 5412 2127 5480; x_wconf 86' lang='lat' dir='ltr'><strong>Quod</strong></span> <span class='ocrx_word' id='word_1_896' title='bbox 2175 5411 2401 5465; x_wconf 89' lang='lat' dir='ltr'><strong>infantes</strong></span> <span class='ocrx_word' id='word_1_897' title='bbox 2425 5451 2439 5473; x_wconf 93' lang='lat'><strong>,</strong></span> <span class='ocrx_word' id='word_1_898' title='bbox 2468 5406 2570 5463; x_wconf 85' lang='lat' dir='ltr'><strong>etsi</strong></span> <span class='ocrx_word' id='word_1_899' title='bbox 2600 5422 2704 5460; x_wconf 92' lang='lat' dir='ltr'><strong>non</strong></span> <span class='ocrx_word' id='word_1_900' title='bbox 2742 5405 3096 5475; x_wconf 86' lang='lat' dir='ltr'><strong>baptizentur,</strong></span> <span class='ocrx_word' id='word_1_901' title='bbox 3131 5402 3360 5456; x_wconf 86' lang='lat' dir='ltr'><strong>habeant</strong></span> <span class='ocrx_word' id='word_1_902' title='bbox 3401 5400 3564 5453; x_wconf 82' lang='lat' dir='ltr'><strong>vitam</strong></span> 
     </span>
    </p>
   </div>
   <div class='ocr_carea' id='block_1_117' title="bbox 1978 5490 3566 5569">
    <p class='ocr_par' dir='ltr' id='par_1_117' title="bbox 1978 5490 3566 5569">
     <span class='ocr_line' id='line_1_117' title="bbox 1978 5490 3566 5569; baseline -0.011 -8"><span class='ocrx_word' id='word_1_903' title='bbox 1978 5513 2251 5561; x_wconf 61' lang='lat' dir='ltr'><strong>aeternam.</strong></span> <span class='ocrx_word' id='word_1_904' title='bbox 2281 5501 2432 5569; x_wconf 84' lang='lat' dir='ltr'><strong>Quod</strong></span> <span class='ocrx_word' id='word_1_905' title='bbox 2456 5500 2648 5555; x_wconf 83' lang='lat' dir='ltr'><strong>divites</strong></span> <span class='ocrx_word' id='word_1_906' title='bbox 2672 5497 2919 5567; x_wconf 86' lang='lat' dir='ltr'><strong>baptizati</strong></span> <span class='ocrx_word' id='word_1_907' title='bbox 2937 5536 2953 5565; x_wconf 90' lang='lat'><strong>,</strong></span> <span class='ocrx_word' id='word_1_908' title='bbox 3004 5495 3102 5549; x_wconf 82' lang='lat' dir='ltr'><strong>nisi</strong></span> <span class='ocrx_word' id='word_1_909' title='bbox 3132 5493 3378 5548; x_wconf 89' lang='lat' dir='ltr'><strong>omnibus</strong></span> <span class='ocrx_word' id='word_1_910' title='bbox 3406 5490 3566 5544; x_wconf 51' lang='lat' dir='ltr'><strong>abre:</strong></span> 
     </span>
    </p>
   </div>
   <div class='ocr_carea' id='block_1_118' title="bbox 1980 5582 3568 5665">
    <p class='ocr_par' dir='ltr' id='par_1_118' title="bbox 1980 5582 3568 5665">
     <span class='ocr_line' id='line_1_118' title="bbox 1980 5582 3568 5665; baseline -0.012 -12"><span class='ocrx_word' id='word_1_911' title='bbox 1980 5598 2242 5661; x_wconf 90' lang='lat' dir='ltr'><strong>nuntient,</strong></span> <span class='ocrx_word' id='word_1_912' title='bbox 2270 5595 2314 5649; x_wconf 88' lang='lat' dir='ltr'><strong>si</strong></span> <span class='ocrx_word' id='word_1_913' title='bbox 2344 5592 2471 5665; x_wconf 88' lang='lat' dir='ltr'><strong>quid</strong></span> <span class='ocrx_word' id='word_1_914' title='bbox 2496 5591 2620 5647; x_wconf 90' lang='lat' dir='ltr'><strong>boni</strong></span> <span class='ocrx_word' id='word_1_915' title='bbox 2643 5590 2739 5644; x_wconf 88' lang='lat' dir='ltr'><strong>visi</strong></span> <span class='ocrx_word' id='word_1_916' title='bbox 2770 5588 2964 5644; x_wconf 87' lang='lat' dir='ltr'><strong>fuerint</strong></span> <span class='ocrx_word' id='word_1_917' title='bbox 2996 5585 3190 5650; x_wconf 84' lang='lat' dir='ltr'><strong>facere,</strong></span> <span class='ocrx_word' id='word_1_918' title='bbox 3218 5599 3323 5638; x_wconf 75' lang='lat' dir='ltr'><strong>non</strong></span> <span class='ocrx_word' id='word_1_919' title='bbox 3354 5582 3460 5638; x_wconf 86' lang='lat' dir='ltr'><strong>illis</strong></span> <span class='ocrx_word' id='word_1_920' title='bbox 3482 5592 3568 5634; x_wconf 70' lang='lat' dir='ltr'><strong>reo</strong></span> 
     </span>
    </p>
   </div>
   <div class='ocr_carea' id='block_1_119' title="bbox 1980 5673 3564 5759">
    <p class='ocr_par' dir='ltr' id='par_1_119' title="bbox 1980 5673 3564 5759">
     <span class='ocr_line' id='line_1_119' title="bbox 1980 5673 3564 5759; baseline -0.011 -15"><span class='ocrx_word' id='word_1_921' title='bbox 1980 5697 2214 5759; x_wconf 89' lang='lat' dir='ltr'><strong>putetur,</strong></span> <span class='ocrx_word' id='word_1_922' title='bbox 2246 5700 2417 5757; x_wconf 90' lang='lat' dir='ltr'><strong>neque</strong></span> <span class='ocrx_word' id='word_1_923' title='bbox 2467 5698 2688 5755; x_wconf 84' lang='lat' dir='ltr'><strong>regnum</strong></span> <span class='ocrx_word' id='word_1_924' title='bbox 2731 5681 2825 5741; x_wconf 85' lang='lat' dir='ltr'><strong>Dei</strong></span> <span class='ocrx_word' id='word_1_925' title='bbox 2868 5678 3072 5750; x_wconf 63' lang='lat' dir='ltr'><strong>possint</strong></span> <span class='ocrx_word' id='word_1_926' title='bbox 3121 5675 3337 5731; x_wconf 85' lang='lat' dir='ltr'><strong>habere.</strong></span> <span class='ocrx_word' id='word_1_927' title='bbox 3383 5691 3403 5727; x_wconf 75' lang='grc' dir='ltr'>ι</span> <span class='ocrx_word' id='word_1_928' title='bbox 3435 5673 3564 5728; x_wconf 61' lang='lat' dir='ltr'><strong>the!</strong></span> 
     </span>
    </p>
   </div>
   <div class='ocr_carea' id='block_1_120' title="bbox 2057 5878 3209 5950">
    <p class='ocr_par' dir='ltr' id='par_1_120' title="bbox 2057 5878 3209 5950">
     <span class='ocr_line' id='line_1_120' title="bbox 2057 5878 3209 5950; baseline -0.01 -10"><span class='ocrx_word' id='word_1_929' title='bbox 2057 5889 2074 5925; x_wconf 63' lang='grc' dir='ltr'><strong>ν</strong></span> <span class='ocrx_word' id='word_1_930' title='bbox 2097 5891 2232 5947; x_wconf 69' lang='grc' dir='ltr'><strong>Ρλίἱιί,</strong></span> <span class='ocrx_word' id='word_1_931' title='bbox 2255 5893 2374 5950; x_wconf 77' lang='lat' dir='ltr'><strong>ejus.</strong></span> <span class='ocrx_word' id='word_1_932' title='bbox 2393 5884 2523 5936; x_wconf 84' lang='lat' dir='ltr'><strong>t‘oib.</strong></span> <span class='ocrx_word' id='word_1_933' title='bbox 2552 5892 2650 5945; x_wconf 66' lang='grc' dir='ltr'><strong>ηδε,</strong></span> <span class='ocrx_word' id='word_1_934' title='bbox 2679 5882 2747 5933; x_wconf 75' lang='lat' dir='ltr'><strong>ris</strong></span> <span class='ocrx_word' id='word_1_935' title='bbox 2776 5893 2792 5931; x_wconf 86' lang='lat'><strong><em>:</em></strong></span> <span class='ocrx_word' id='word_1_936' title='bbox 2817 5879 3041 5940; x_wconf 83' lang='lat' dir='ltr'><strong>subaudi,</strong></span> <span class='ocrx_word' id='word_1_937' title='bbox 3062 5878 3209 5943; x_wconf 67' lang='lat' dir='ltr'><strong>gestis</strong></span> 
     </span>
    </p>
   </div>
  </div>
