3996 6476
489 448 590 503 εὖ
1513 433 1598 487 ut:
1639 431 1872 484 ctcs'rts
1915 428 2203 494 nemo",
2243 429 2302 485 s.
2346 429 2709 488 AUGUSTINI

486 575 635 616 certe
686 562 862 616 omnia
908 556 1110 628 judicio
1157 553 1246 609 illo
1305 549 1671 608 ecclesiastico
1720 544 2072 599 anathemati.

490 662 644 710 zante
663 651 897 721 Pelagio,
927 657 982 704 ct
1006 645 1273 720 episeopis
1327 641 1805 713 interlotptcntibus
1825 679 1840 706 ,
1870 645 2084 720 constat

489 761 611 800 esse
637 744 908 800 damnata.

561 837 653 891 25.
687 835 779 890 llis
796 843 974 888 autem
1001 827 1406 900 quzestionibus,
1434 835 1489 881 ct
1525 825 1744 878 istarum
1785 818 2079 876 sententia-

493 945 612 985 rum
641 923 1140 984 contentiosissiutis
1181 917 1568 975 assertionibus
1617 914 1728 985 jam
1783 926 2080 981 usquequa-

490 1039 594 1091 qne
611 1019 970 1084 ferventibus,
994 1016 1282 1070 multorum
1313 1010 1538 1066 fratrum
1559 1006 1964 1080 pertnrlntbatur
1995 1004 2078 1057 in-

494 1114 738 1169 tirtnitas.
767 1109 920 1167 Unde
948 1107 1120 1162 coacti
1161 1120 1347 1161 sumus
1382 1102 1740 1158 sollicitudine
1765 1099 2036 1154 citat-italis
2059 1136 2076 1160 ,

491 1223 651 1278 quam
677 1220 804 1277 erga
836 1202 1130 1260 Ecclesiam
1158 1198 1356 1255 Christi
1389 1213 1480 1266 per
1515 1195 1736 1265 gratiam
1761 1191 1955 1248 Christi
1985 1205 2084 1244 nos

496 1302 692 1355 habere
713 1297 984 1358 convenit,
1015 1293 1261 1350 etiamad
1291 1291 1458 1344 beate
1508 1287 1779 1342 memoria:
1825 1282 2082 1338 Marcelli-

501 1409 664 1455 num,
693 1391 784 1460 qui
833 1403 929 1442 eos
979 1384 1215 1456 quotidie
1259 1383 1623 1450 disputatores
1679 1373 2084 1430 moleSt'Ls-imos

501 1483 818 1552 patiebatur,
841 1490 894 1536 et
919 1496 1004 1535 me
1033 1493 1125 1547 per
1149 1477 1350 1530 litteras
1386 1471 1718 1532 consuli-ttat,
1758 1469 1825 1522 de
1867 1467 2084 1538 quibus-

493 1579 615 1630 dam
657 1575 876 1628 istarum
913 1567 1295 1639 quaestionibus
1343 1565 1612 1628 scribere,
1648 1571 1701 1616 et
1739 1559 1968 1614 maxime
2015 1557 2083 1612 de

495 1666 772 1734 Daptisnto
795 1663 1136 1733 parvulorum
1157 1676 1169 1710 :
1189 1658 1257 1712 de
1275 1673 1382 1726 quo
1404 1655 1563 1710 etiam
1597 1665 1801 1722 postea,
1823 1661 1873 1706 te
1895 1651 2085 1720 juben-

497 1773 569 1831 te,
603 1759 652 1812 iu
685 1756 897 1810 lttls‘iliC?
919 1752 1177 1822 Maiorum
1207 1751 1245 1816 ‘,
1276 1758 1495 1817 gestans
1519 1761 1730 1814 quo-pte
1759 1745 1812 1797 in
1839 1741 2084 1797 manibus

496 1849 772 1918 epistolam
800 1842 1170 1916 gloriosissitni
1199 1838 1450 1910 martyris
1477 1836 1754 1909 Cypriani,
1802 1842 1854 1889 et
1887 1833 1954 1888 de
1985 1831 2086 1886 hac

499 1959 555 1996 re
579 1940 740 1995 verba
759 1939 876 2004 ejus
907 1936 1140 1991 rceitans
1166 1941 1324 2000 atque
1348 1939 1700 1999 pertractans,
1732 1938 1788 1980 ιιι
1809 1941 1960 1982 t'l't'Ot‘
1987 1926 2087 1980 iste

500 2031 733 2086 nefarius
759 2029 825 2083 de
846 2025 1198 2098 quorutudam
1228 2022 1481 2077 cordibus
1507 2021 1804 2074 auferretur
1828 2059 1844 2084 ,
1897 2018 2089 2086 quibus

503 2138 757 2192 persuasa
784 2120 990 2174 l'ucrant
1022 2132 1142 2187 qua:
1176 2114 1226 2170 itt
1257 2114 1339 2169 his
1367 2114 1531 2184 gestis
1553 2111 2086 2171 vidcautsdatnnata,

499 2213 711 2283 adjutus
759 2209 1092 2267 orationibus
1132 2209 1254 2269 tuis,
1303 2214 1562 2276 quantum
1620 2203 1798 2272 potui,
1833 2201 2087 2254 laboravi.

504 2302 625 2358 Ilac
647 2313 792 2365 sunt,
821 2318 940 2373 quae
966 2299 1232 2356 n0anullis
1255 2295 1534 2361 fratribus,
1577 2294 1793 2366 quidam
1818 2294 1937 2346 talia
1963 2307 2091 2345 sen-

505 2401 718 2463 tientes,
752 2395 821 2451 ita
847 2393 1172 2465 persuadere
1197 2392 1546 2454 conabantur,
1609 2399 1664 2442 ut
1713 2387 1780 2442 dc
1818 2385 2092 2441 orientali-

506 2492 604 2542 bus
631 2487 1089 2544 cutntninarentur
1112 2483 1387 2546 Ecclesiis,
1407 2481 1546 2552 quod
1569 2480 1665 2534 nisi
1690 2481 1804 2534 bace
1831 2489 2091 2541 tenerent,

507 2597 690 2634 cit-um
711 2586 924 2648 possent
951 2575 1152 2647 judicio
1173 2573 1541 2629 condenmari.
1589 2571 1724 2625 Ecce
1773 2570 2097 2639 quattuorde-

500 2672 608 2723 cim
641 2668 906 2722 antistites
929 2663 1206 2720 orientalis
1233 2662 1491 2719 Ecclesia:
1518 2660 1594 2731 tu)
1615 2704 1628 2726 ,
1658 2660 1709 2714 in
1737 2675 1798 2714 ea
1829 2669 1967 2713 terra
2011 2647 2114 2713 cui.

506 2761 765 2815 Dominus
785 2759 1121 2828 prresentiam
1149 2771 1262 2811 sua:
1287 2756 1464 2810 carnis
1485 2756 1506 2785 ¹
1533 2753 1796 2817 exbibuit,
1827 2753 2096 2822 Pelagium

483 2869 619 2912 .non
645 2853 1005 2915 absolverent,
1031 2849 1131 2903 nisi
1159 2864 1220 2902 ea
1245 2858 1494 2918 tanquam
1545 2846 1663 2901 lidei
1690 2846 1966 2900 catholica:
2004 2844 2099 2898 ad-

485 2961 662 3001 wersa
694 2945 991 2998 damnaret.
1027 2939 1198 3002 Unde,
1226 2940 1270 2993 si
1302 2947 1582 3009 propterea
1613 2946 1697 2992 est
1735 2937 1836 2991 iste
1881 2936 2098 2990 absolu-

515 3047 620 3097 tus.
651 3035 790 3104 quod
813 3030 1343 3088 anathematizavcrit
1371 3029 1524 3094 talia;
1577 3028 1760 3098 procul
1802 3027 1965 3082 dubio
2011 3027 2099 3080 illa

516 3129 764 3180 damnata
783 3135 907 3180 sunt
928 3140 941 3174 :
962 3121 1104 3194 quod
1131 3121 1301 3176 multo
1347 3120 1669 3175 cmnulatius
1698 3129 1855 3189 atque
1909 3117 2102 3172 clarius

519 3222 571 3275 in
599 3217 1048 3288 consequentibus
1078 3213 1373 3286 apparebit.

583 3311 673 3365 '26.
696 3309 846 3364 Unde
877 3325 1015 3362 nunc
1041 3307 1147 3362 duo
1176 3307 1262 3361 illa
1292 3305 1566 3360 videamus
1585 3344 1598 3368 ,
1630 3319 1748 3374 quae.
1775 3302 1945 3357 noluit
1976 3318 2105 3357 ana-

514 3403 860 3458 tltematizare
890 3401 1154 3469 Pelagius,
1179 3399 1268 3468 qtti
1298 3397 1324 3428 ⁸
1345 3396 1504 3452 etiam
1529 3411 1626 3450 sua
1647 3410 1767 3451 esse
1813 3394 2099 3464 cognovit;
2147 3406 2154 3411 ‘

515 3493 609 3548 sed
640 3503 696 3546 ut
726 3491 879 3556 illud,
903 3489 1042 3560 quod
1075 3489 1127 3543 in
1174 3488 1254 3542 eis
1301 3485 1642 3550 offendebat,
1683 3486 1913 3540 auferret
1933 3527 1948 3550 ,
1975 3502 2111 3554 quo-

515 3585 675 3639 modo
699 3599 759 3638 ea
784 3583 1011 3637 sentiret
1033 3579 1298 3650 exposuit.
1338 3597 1357 3631 ί
1395 3578 1556 3632 Posse
1580 3577 1817 3648 quidem,
1859 3595 1877 3629 ι
1913 3577 2102 3647 inquit,

522 3694 542 3727 ο
581 3674 852 3728 hominem
874 3672 992 3726 sine
1025 3680 1243 3742 peceato
1271 3684 1411 3732 esse,
1439 3669 1641 3723 dietntu
1671 3679 1752 3722 est
1780 3669 2046 3737 superius.
2080 3687 2099 3720 ι

520 3770 730 3822 Dictum
755 3782 909 3824 sane.
956 3771 1012 3820 et
1063 3779 1161 3818 nos
1203 3763 1580 3816 meminimus:
1612 3760 1707 3816 sed
1738 3761 1856 3816 Ideo
1901 3763 2108 3832 mitiga-

521 3869 657 3925 tum,
683 3869 737 3913 et
766 3875 793 3910 a
813 3857 1082 3928 judicibus
1112 3855 1489 3924 approbatum,
1532 3853 1672 3923 quod
1701 3851 1878 3906 addita
1903 3863 1987 3907 est
2016 3853 2108 3908 Dei

519 3954 713 4023 gratia,
737 3967 855 4022 quae
877 3950 929 4005 in
963 3950 1070 4004 illis
1086 3948 1331 4019 capitulis
1362 3947 1660 4002 tacebatur.
1691 3946 1769 4001 De
1801 3945 1902 4001 bne
1929 3956 2106 4000 autent

519 4050 691 4102 altero
711 4043 1161 4116 quemadmodum
1191 4038 1548 4112 responderit,
1577 4038 1887 4110 diligentius
1903 4039 2111 4094 intuen-

509 4144 648 4198 ‘dum
691 4151 796 4197 est.
831 4159 851 4191 ο
885 4139 956 4194 De
1006 4139 1096 4192 illo
1124 4147 1302 4192 autem
1327 4179 1342 4202 ,
1379 4155 1401 4190 ι
1434 4136 1633 4206 inquit,
1670 4152 1690 4187 ι
1728 4133 1868 4206 quod
1918 4133 2113 4188 fuerint

521 4247 645 4294 ante
665 4239 951 4291 adventum
983 4233 1188 4288 Domini
1213 4231 1460 4286 homines
1473 4231 1590 4286 sine
1617 4239 1860 4301 peccato.
1884 4227 2112 4284 dicimus

510 4336 577 4383 vet
601 4343 699 4383 nos
729 4327 978 4398 quoniam
1015 4333 1138 4380 aute
1162 4323 1449 4379 adventum
1482 4322 1678 4377 Christi
1725 4321 1971 4377 vixerunt
1995 4319 2115 4390 qui-

520 4421 642 4475 dam
671 4429 856 4475 sancte
882 4429 935 4474 et
959 4417 1120 4487 iuste,
1142 4415 1435 4471 secundum
1477 4425 1782 4470 sanctarum
1811 4412 2116 4484 Scriptura-

516 4531 644 4570 rum
675 4512 1032 4568 traditionem.
1070 4529 1090 4564 ι
1121 4509 1232 4563 Non
1265 4517 1345 4564 est
1373 4522 1534 4562 ausus
1564 4507 1766 4570 dicere,
1792 4505 2030 4561 Dicimus
2059 4514 2114 4559 et

525 4623 623 4660 nos
644 4605 895 4676 quoniam
915 4610 1041 4658 ante
1061 4601 1346 4655 adventum
1371 4598 1570 4655 Cbristi
1615 4598 1825 4653 fuerunt
1867 4595 2116 4652 homines

524 4702 641 4753 sine
670 4706 916 4767 peccato;
945 4712 1066 4750 cum
1099 4694 1200 4748 boe
1243 4693 1318 4748 illi
1347 4692 1417 4747 de
1438 4691 1676 4747 Ctelestii
1716 4689 1873 4745 dictis
1926 4688 2118 4744 fuisset

525 4791 816 4858 objeetum',
849 4787 1016 4841 sensit
1033 4785 1175 4839 enim
1198 4800 1354 4854 quam
1381 4793 1525 4838 esset
1548 4781 1902 4853 periculosum
1929 4789 1985 4835 et
2010 4796 2118 4834 mo-

529 4883 721 4936 lestum
749 4899 763 4935 :
787 4879 878 4934 sed
906 4879 1000 4944 ait,
1038 4896 1057 4930 ι
1098 4878 1334 4932 Dicimus
1362 4884 1415 4929 et
1441 4891 1538 4928 nos
1558 4873 1808 4944 quoidam
1845 4883 1971 4928 ante
2016 4872 2115 4926 ad-

530 4983 745 5026 ventum
783 4969 979 5024 Christi
1027 4968 1274 5022 vixerunt
1316 4965 1530 5034 quidam
1567 4973 1751 5019 Sancte
1793 4973 1848 5018 et
1894 4963 2059 5032 juste.
2090 4980 2110 5014 ι

526 5065 781 5132 Quisltoe
809 5059 1116 5132 negaverit?
1145 5057 1249 5112 Sed
1277 5055 1421 5110 aliud
1452 5068 1534 5110 est
1563 5055 1684 5122 ltoc,
1714 5053 1925 5111 ctaliud
1955 5054 2119 5108 fuisse

534 5156 650 5210 Siue
675 5163 897 5226 peccato
925 5167 940 5204 :
974 5151 1094 5221 quia
1123 5160 1176 5204 et
1213 5149 1288 5202 illi
1337 5156 1520 5202 sancte
1545 5148 1789 5217 justeque
1821 5145 2068 5201 vivebant
2099 5186 2115 5211 ,

531 5249 619 5318 qui
647 5246 907 5301 veraciter
937 5253 1111 5298 tamen
1139 5240 1407 5304 dicebant,
1433 5239 1494 5295 Si
1537 5241 1814 5294 dixerimus
1839 5239 1957 5309 quia
2005 5254 2120 5309 pec-

532 5351 699 5394 mlunt
717 5355 820 5394 non
840 5337 1097 5396 Imbemus.
1129 5335 1224 5405 ili-vi
1247 5351 1336 5388 nos
1374 5333 1660 5388 seducimus
1686 5373 1700 5397 ,
1751 5341 1798 5385 et
1843 5333 2024 5385 veritas
2067 5332 2120 5385 in

535 5435 674 5488 nobis
701 5440 895 5485 nonest
925 5427 1160 5503 (lJoan.
1201 5445 1236 5489 ι,
1270 5429 1348 5497 8).
1378 5426 1442 5480 Et
1472 5426 1630 5480 bodie
1659 5423 1807 5477 multi
1834 5423 1979 5492 juste
2001 5439 2121 5476 san-

599 5548 612 5577 ¹
651 5542 949 5593 Posteriores
972 5540 1229 5594 editiones.
1258 5534 1495 5597 Majon'tti.
1540 5541 1592 5584 At
1634 5534 1781 5596 prima
1801 5533 1969 5597 editio
1994 5531 2120 5582 vels.

537 5618 585 5656 et
610 5617 741 5655 Suar.
768 5617 876 5652 cum
897 5610 1021 5662 διεδ,
1051 5603 1302 5663 ttittjortmt.
1325 5596 1573 5646 tionseut'tt
1599 5596 1845 5657 inscriptio
1867 5597 1997 5642 citati
2018 5607 2126 5642 ser-

526 5670 693 5719 suonis
722 5667 830 5716 ξω.

604 5735 620 5761 ²
657 5739 758 5778 Mss.
786 5738 912 5776 ιιυιιι.
941 5733 993 5775 et
1013 5724 1164 5782 (χλιιι,
1187 5719 1543 5772 iucmmtionis.

606 5794 626 5822 ³
658 5793 799 5838 tidem
821 5791 919 5835 duo
949 5796 1054 5835 Mss.
1082 5794 1134 5835 et
1154 5798 1306 5840 .~uar.,
1331 5783 1442 5845 qui:
1461 5782 1620 5830 etii-au.

603 5856 676 5913 ιη’)
708 5859 881 5900 Iterum
905 5852 1094 5898 notnina
1137 5841 1366 5896 recenset
1392 5847 1681 5907 Αιιεςιιδιιδιιδ
1720 5844 1768 5892 in
1811 5841 1936 5891 libro
1957 5848 2122 5891 contra

545 5912 782 5963 Mitti-ttat
807 5915 977 5975 pritno,
1004 5927 1049 5958 ιι.
1086 5912 1154 5958 ιιι.

3662 424 3772 478 358

2186 553 2375 615 cthuc
2409 546 2611 601 vivunt.
2646 560 2742 598 nec.
2790 553 2963 594 l;tlltt‘.tt
3022 543 3071 595 itt
3119 540 3358 596 oratione
3406 540 3766 606 mentiuntur...

2184 657 2305 694 cum
2332 643 2536 700 dicunt,
2574 637 2778 690 Dimitte
2823 636 2963 689 nobis
3019 636 3181 688 debita
3211 644 3401 692 nostra,
3434 634 3560 686 sicut
3590 643 3635 684 et
3667 648 3760 684 nos

2185 735 2480 786 dimittimus
2506 730 2809 785 debitoribus
2830 729 3012 782 nostris
3035 728 3053 800 (
3076 727 3257 780 .lluttlt.
3284 742 3358 790 vt,
3398 726 3506 794 l2).
3540 724 3650 778 lloc
3679 741 3767 777 er—

2183 825 2535 895 gojndit-ibns
2557 824 2768 892 placuit.
2799 821 3244 891 quemadmodum
3276 834 3334 873 se
3374 818 3556 872 dicere
3612 832 3766 869 asse-

2187 917 2385 970 veravit
2428 916 2702 984 Pelagius;
2759 929 2863 967 non
2915 911 3359 980 quemadmodum
3416 909 3774 978 objicit-batur

2185 1009 2382 1062 divisse
2409 1009 2708 1062 (ludes-tius.
2745 1006 2895 1062 Nunc
2940 1022 3002 1061 ea
3046 1022 3164 1076 qn.e
3213 1015 3416 1059 restant
3472 1015 3766 1073 pertracte-

2187 1117 2328 1163 lltlh',
2357 1109 2410 1152 ιιι
2445 1115 2744 1166 ιιοεςιιιηιιε.

2256 1191 2478 1247 CAPUT
2508 1191 2618 1246 XII.
2650 1222 2718 1232 -—
2742 1190 2830 1245 9.7.
2863 1189 3136 1254 Objcctum
3167 1200 3247 1244 cst
3276 1189 3505 1258 Pelagio,
3533 1189 3671 1258 quod
3693 1189 3771 1242 di-

2185 1297 2350 1350 ct-ret,
2385 1305 2403 1338 ί
2444 1286 2736 1340 Ecclesium
2784 1287 2865 1339 l.ic
2904 1301 3022 1339 esse
3070 1285 3185 1338 sine
3235 1285 3438 1336 macula
3469 1293 3520 1336 et
3561 1299 3710 1352 ruga.
3747 1302 3770 1333 ι

2190 1378 2337 1432 tiude
2380 1379 2538 1432 etiam
2589 1378 2870 1431 Donatista:
2913 1377 3218 1430 diuturnum
3264 1375 3536 1428 nobiscum
3567 1375 3776 1428 habue-

2190 1483 2312 1526 runt
2339 1473 2391 1524 in
2414 1482 2589 1526 nostra
2607 1470 2898 1524 Collationc
2921 1471 3256 1527 conﬂictum;
3287 1467 3380 1520 sed
3408 1467 3526 1522 illos
3546 1467 3613 1520 de
3653 1483 3777 1536 per-

2189 1567 2443 1618 mixtione
2491 1564 2750 1618 malormn
2815 1563 3088 1616 hominum
3145 1571 3391 1629 tauquam
3441 1561 3607 1628 paleze
3649 1575 3780 1614 (unt

2191 1657 2492 1721 frumentis,
2515 1667 2729 1726 propter
2755 1672 2892 1710 area:
2919 1654 3317 1708 sitnilitmlinem
3343 1652 3516 1722 potius
3547 1651 3779 1719 urgeba-

2191 1768 2308 1814 mus
2331 1769 2347 1805 :
2369 1766 2471 1822 qua
2497 1748 2840 1803 similitudine
2865 1747 3024 1802 etiam
3069 1747 3182 1799 istis
3227 1745 3551 1813 respondere
3587 1757 3780 1811 possu-

2193 1860 2330 1908 mus,
2372 1847 2468 1897 nisi
2513 1842 2805 1897 Eet-lesiatn
2856 1841 2905 1893 in
2952 1841 3080 1893 Solis
3119 1839 3272 1892 lamis
3312 1839 3506 1891 vellent
3547 1837 3782 1890 fortasse

2193 1938 2434 2007 lttteiligi,
2459 1952 2591 2006 quos
2620 1935 2820 1989 nullum
2859 1935 3078 1987 omnino
3123 1940 3372 1986 a~scrunt
3418 1930 3612 1984 habere
3651 1946 3786 1997 pec-

2191 2044 2388 2095 catum,
2415 2041 2470 2085 nt
2501 2031 2666 2099 possit
2695 2029 2929 2084 Ecclesia
2959 2027 3175 2081 hiet-sse
3197 2026 3310 2079 sine
3340 2025 3541 2078 macula
3559 2034 3607 2077 et
3625 2039 3783 2093 ruga.

2192 2126 2342 2193 Quod
2369 2125 2410 2178 si
2443 2125 2510 2179 ita
2541 2135 2643 2186 cst,
2673 2121 2867 2184 eadem
2891 2130 3078 2187 repeto
3095 2133 3215 2188 qua!
3245 2117 3404 2186 paulo
3429 2126 3552 2172 ante
3573 2130 3783 2169 Incum-

2197 2221 2345 2271 rari:
2377 2216 2658 2280 Quomodo
2703 2222 2828 2267 sunt
2874 2211 3108 2266 membra
3150 2207 3424 2272 Ecclesiae,
3472 2205 3540 2261 de
3585 2206 3789 2276 quibus

2197 2325 2354 2362 verax
2385 2307 2577 2362 clamat
2608 2304 2901 2370 humilitas,
2945 2302 3004 2358 Si
3049 2301 3324 2355 dixerimus
3368 2299 3484 2368 quia
3523 2306 3786 2368 percaluit:

2198 2417 2296 2452 non
2323 2399 2577 2459 habemus.
2601 2397 2699 2467 ipsi
2727 2413 2816 2449 nos
2841 2395 3146 2455 seducimus,
3172 2402 3216 2447 et
3239 2392 3418 2445 ueritas
3443 2392 3491 2443 io
3520 2389 3659 2442 nobis
3682 2405 3789 2441 non

2196 2500 2303 2552 est;
2333 2491 2410 2542 vel
2439 2487 2704 2556 quomodo
2732 2486 2780 2540 id
2807 2484 2946 2554 quod
2968 2499 3085 2538 eam
3118 2483 3368 2536 Dotninus
3386 2480 3587 2542 docuit,
3607 2479 3790 2531 orabit

2200 2583 2466 2645 Ecclesia,
2489 2579 2692 2633 Dimitte
2713 2579 2855 2632 nobis
2881 2577 3046 2630 debita
3068 2586 3238 2630 nostra
3267 2591 3286 2628 :
3312 2575 3353 2627 si
3389 2575 3438 2628 iu
3470 2573 3570 2626 hoc
3587 2571 3793 2626 sa-cnlo

2199 2685 2281 2730 est
2312 2673 2541 2729 Ecclesia
2571 2673 2685 2726 sine
2716 2670 2915 2725 macula
2938 2679 2991 2725 ct
3015 2671 3175 2738 ruga?
3205 2668 3485 2722 Postremo
3508 2667 3604 2733 ipsi
3639 2665 3709 2719 de
3728 2681 3792 2715 se.

2203 2767 2332 2835 ipsis
2355 2762 2711 2833 interrogandi
2752 2769 2892 2826 sunt,
2925 2771 3098 2815 utrum
3128 2775 3296 2814 necne
3325 2756 3587 2812 fateantur
3611 2757 3791 2825 aliqua

2203 2874 2261 2912 se
2290 2857 2484 2911 habere
2515 2863 2748 2924 tu-ccata.
2787 2852 2937 2921 Quod
2981 2852 3027 2907 si
3063 2851 3347 2920 negabunt,
3381 2849 3662 2904 dicendum
3704 2857 3791 2901 est

2203 2951 2302 3013 eis,
2325 2948 2468 3019 quod
2491 2965 2549 3003 se
2575 2948 2718 3018 ipsos
2744 2946 3029 3015 decipiant,
3057 2953 3110 3010 et
3155 2939 3349 2998 veritas
3377 2942 3430 2996 in
3453 2941 3533 2995 eis
3561 2955 3666 2994 non
3697 2939 3793 2992 sit.

2204 3039 2262 3095 Si
2290 3049 2464 3093 autem
2498 3047 2769 3108 [mrcatqu
2801 3054 2860 3092 se
2890 3036 3087 3091 habere
3129 3034 3452 3096 fatebuntur,
3481 3030 3605 3100 quid
3644 3029 3796 3083 aliud

2204 3147 2362 3199 quam
2391 3130 2457 3182 de
2484 3145 2613 3198 ruga
2647 3145 2740 3182 sua
2781 3127 2863 3182 vel
2894 3126 3098 3180 macula
3145 3122 3478 3180 fatebuntur?
3513 3122 3628 3176 Non
3665 3129 3797 3174 sant

2205 3241 2333 3294 ergo
2354 3223 2440 3278 isti
2468 3223 2718 3278 Ecclesia:
2746 3221 3018 3284 membra;
3043 3218 3164 3288 quia
3205 3217 3292 3271 illa
3326 3225 3409 3270 est
3442 3214 3557 3270 sine
3581 3213 3796 3267 macula

2206 3327 2262 3371 et
2287 3331 2440 3380 ruga,
2463 3314 2515 3368 bi
2541 3325 2716 3368 autem
2741 3329 2862 3367 cum
2891 3311 3094 3366 macula
3113 3319 3171 3364 et
3197 3323 3344 3376 ruga.

2276 3408 2346 3462 9.8
2397 3407 2504 3462 Sed
2525 3407 2592 3460 ad
2635 3408 2735 3460 bne
2764 3404 3029 3474 objectom
3056 3402 3294 3470 vigilanti.
3316 3397 3799 3466 circumspectione

2210 3501 2500 3570 respondit,
2531 3514 2688 3568 quam
2717 3498 2834 3552 sine
2857 3496 3021 3549 dubio
3046 3492 3288 3574 catlwﬂci
3309 3491 3514 3561 judices
3532 3490 3802 3558 approba—

2209 3601 2418 3649 verunt.
2455 3611 2474 3644 ι
2501 3592 2704 3645 Dictum
2727 3597 2827 3652 est,
2853 3606 2874 3640 ι
2904 3587 3092 3656 inquit,
3124 3603 3144 3636 ε
3171 3600 3200 3637 a
3232 3583 3404 3646 nobis,
3432 3581 3526 3636 sed
3551 3581 3640 3644 ita,
3660 3597 3804 3649 (Ιιιιιν-

2211 3687 2351 3740 ιιίςιηι
2378 3685 2587 3740 lavacro
2606 3683 2674 3736 ab
2697 3682 2840 3736 onmi
2867 3681 3072 3749 macu‘_a
3100 3688 3155 3734 et
3181 3693 3306 3748 ruga
3337 3685 3590 3747 purgatur
3614 3677 3805 3728 Eccle-

2210 3780 2310 3841 sia,
2346 3793 2504 3846 quatn
2534 3776 2662 3830 velit
2694 3775 2765 3828 ita
2809 3772 3066 3828 Dominus
3101 3785 3434 3840 permanere.
3461 3786 3482 3820 ι
3528 3767 3608 3822 Ad
3651 3768 3802 3836 quod

2211 3869 2457 3939 Synodus
2476 3867 2644 3924 dixit:
2675 3887 2695 3920 ι
2727 3867 2836 3920 lloc
2860 3875 2912 3921 et
2944 3865 3097 3920 nobis
3120 3863 3310 3932 placet.
3343 3881 3360 3913 ι
3387 3861 3517 3930 Quis
3541 3861 3682 3914 enim
3704 3877 3808 3914 no-

2213 3973 2380 4016 strum
2413 3971 2587 4029 negat,
2618 3960 2854 4015 omuium
2881 3960 2932 4013 in
2963 3955 3233 4027 ltoptismo
3260 3965 3472 4024 peccata
3501 3952 3718 4015 dimitti,
3746 3964 3808 4005 et

2213 4071 2400 4110 omnes
2430 4055 2615 4110 lideles
2638 4053 2753 4108 sine
2774 4051 2977 4106 macula
3004 4059 3059 4104 et
3085 4065 3209 4118 ruga
3239 4048 3307 4102 de
3336 4047 3544 4104 lavacro
3572 4060 3805 4113 regene-

2216 4149 2434 4203 rationis
2466 4143 2790 4200 ascendere?
2824 4145 2927 4197 Aut
2953 4142 3035 4197 cui
3062 4139 3356 4196 christiano
3396 4134 3657 4191 catholico
3693 4151 3812 4188 inin

2219 4241 2407 4309 placet,
2433 4237 2574 4308 quod
2605 4247 2657 4290 et
2692 4235 2914 4290 Domino
2942 4233 3133 4303 plaeet.
3166 4231 3322 4301 idque
3355 4229 3584 4283 futurum
3609 4235 3712 4287 est,
3743 4237 3812 4277 ιιι

2218 4330 2454 4387 Ecclesia
2487 4336 2794 4398 latrinam-at
2816 4325 2933 4380 sine
2959 4323 3164 4379 macula
3190 4332 3244 4378 et
3263 4320 3426 4391 ruga?
3451 4317 3810 4387 Quandotpti-

2217 4424 2338 4477 dem
2369 4423 2416 4476 id
2449 4437 2588 4474 nunc
2616 4421 2786 4489 agitur
2810 4419 2901 4474 Dei
2921 4415 3284 4473 misericordia
3312 4422 3366 4469 et
3391 4413 3632 4476 veritate,
3658 4419 3713 4464 nt
3735 4411 3811 4464 ad

2220 4515 2362 4569 illam
2391 4512 2793 4584 perfectionem,
2823 4510 2911 4565 ubi
2931 4511 3047 4564 sine
3071 4507 3275 4563 macula
3303 4515 3357 4561 et
3385 4520 3509 4575 ruga
3555 4503 3606 4558 in
3643 4514 3813 4556 a-ter-

2221 4623 2346 4661 ntuu
2369 4621 2615 4660 mansura
2635 4612 2736 4660 υδι.
2759 4611 2940 4656 sancta
2967 4599 3203 4656 Ecclesia
3225 4597 3562 4667 perducatur.
3589 4593 3693 4647 Sed
3725 4595 3818 4647 ιιι-

2223 4709 2302 4754 ter
2331 4701 2593 4752 lavacrum
2613 4738 2627 4757 .
2661 4695 2746 4749 tibi
2775 4709 2962 4749 omnes
2984 4693 3266 4764 prazlcritae
3294 4689 3511 4744 tuacnla-
3552 4704 3818 4756 rugchnc

2223 4794 2498 4849 tolluntur,
2527 4800 2580 4845 et
2611 4805 2853 4860 regnum,
2886 4787 2972 4842 ttbi
3002 4787 3116 4840 sine
3139 4784 3342 4840 macula
3380 4792 3432 4839 et
3459 4798 3582 4852 ruga
3613 4797 3818 4851 perpe-

2223 4895 2316 4940 tuo
2342 4885 2574 4940 manebit
2604 4883 2858 4945 Ecclesia,
2892 4889 3101 4949 tempus
3128 4879 3226 4934 boc
3247 4877 3477 4930 medium
3499 4884 3580 4929 est
3607 4875 3819 4928 irratio-

2224 4979 2328 5042 nis,
2360 4977 2445 5030 ubi
2473 4989 2692 5030 necesse
2720 4982 2799 5026 est
2825 4973 2988 5027 dicat.
3019 4970 3224 5023 Dimitte
3247 4968 3386 5022 nobis
3417 4967 3579 5019 debita
3609 4976 3816 5018 nostra.
3852 4972 3862 5042 ς

2224 5069 2447 5137 Propter
2473 5066 2574 5120 hoc
2592 5066 2857 5132 objeennn
2879 5073 2960 5117 est
2983 5078 3076 5117 eos
3095 5061 3294 5119 dicere.
3325 5077 3346 5110 ι
3374 5058 3457 5111 bit-
3484 5071 3604 5112 esse
3632 5056 3821 5109 Eccle-

2225 5161 2358 5213 siam
2384 5164 2498 5211 sine
2517 5155 2720 5210 macula
2739 5164 2792 5209 et
2809 5169 2956 5224 ruga,
2983 5171 3003 5205 ι
3038 5162 3214 5205 utrum
3237 5148 3311 5222 (ιι)
3332 5164 3422 5218 per
3442 5148 3572 5200 banc
3590 5155 3823 5199 suntcu-

2227 5252 2352 5308 tiatn
2393 5247 2653 5304 auderent
2682 5246 2963 5316 prohibere
3005 5243 3334 5306 orationem,
3389 5255 3492 5309 qua
3531 5239 3719 5291 diebus
3758 5250 3818 5289 «ιι
3867 5274 3871 5281 .

2227 5341 2470 5396 noctibus
2499 5341 2704 5393 veniam
2735 5347 3070 5408 peccatorum
3089 5335 3199 5403 jam
3228 5333 3486 5402 baptizata
3513 5332 3609 5383 sibi
3638 5328 3818 5395 pttst'il

2230 5435 2485 5491 Ecclesia.
2525 5433 2600 5488 De
2633 5449 2738 5502 quo
2787 5431 2964 5484 medio
2995 5438 3234 5497 tempore
3275 5427 3412 5479 inter
3440 5419 3818 5475 miltiSSitttttttN
3869 5466 3875 5470 .

2231 5537 2563 5600 peccatorum
2588 5541 2705 5595 qn;e
2739 5525 2794 5575 lit
2825 5522 2877 5575 in
2907 5523 3136 5581 lavacro,
3165 5527 3220 5572 et
3242 5512 3660 5584 permansionem
3693 5509 3826 5563 sine

2229 5619 2460 5692 peccatis
2482 5636 2599 5687 qua-
2639 5617 2810 5670 futura
2838 5623 2918 5666 est
2956 5619 3010 5664 in
3040 5624 3224 5678 regno,
3269 5619 3388 5658 cum
3425 5601 3638 5669 Pelagio
3679 5601 3826 5654 nihil

2229 5691 2310 5768 est
2335 5721 2532 5774 actum,
2565 5707 2690 5760 nihil
2719 5707 2784 5757 ab
2810 5703 3072 5772 οιιίεοοιιὶε
3101 5696 3491 5768 pronuntiatum
3523 5711 3536 5747 :
3565 5691 3657 5746 δυσ
3693 5703 3783 5744 tan
3803 5723 3823 5732 -

2233 5817 2340 5859 tum
2366 5803 2466 5856 boc
2487 5799 2624 5866 qtttul
2655 5799 2884 5849 breviter
2913 5790 3312 5863 signiﬁcandum
3355 5785 3585 5856 putavit,
3620 5793 3731 5837 nou
3758 5797 3827 5840 se

2293 5907 2367 5958 tu)
2403 5903 2541 5942 Forte
2581 5898 2629 5940 ut
2655 5903 2761 5940 mou.
