3996 6472
248 384 372 439 337

248 503 329 556 Ita
361 499 587 564 dixisse,
616 507 675 552 ut
694 496 968 550 videbatur
992 494 1277 564 obiectum.
1306 492 1438 545 Cum
1470 491 1609 545 enim
1638 490 1738 543 hoc
1757 489 1852 551 ait,

253 612 275 644 ι
314 593 533 645 Dictum
555 599 635 643 cst
655 605 684 643 a
707 590 881 652 nobis,
913 587 1003 642 sed
1033 587 1134 649 ita;
1163 606 1181 638 ι
1210 584 1331 653 qttid
1358 585 1517 636 voluit
1543 583 1729 643 videri.
1754 584 1851 635 nisi

248 701 367 738 non
400 685 503 750 ita,
528 682 971 753 quemadmodum
994 680 1210 738 dixisse.
1228 678 1294 731 ab
1316 677 1398 731 liis
1418 678 1505 746 qui
1524 677 1851 745 olijccerant,

248 776 620 831 credebatur?
649 774 784 843 Quid
818 786 991 828 tamen
1026 771 1196 825 secuti
1226 771 1332 824 sint
1353 770 1588 839 judiccs,
1626 780 1681 822 ut
1707 769 1854 821 dice-

248 880 377 924 rent
416 870 525 923 sibi
547 868 645 922 hoc
663 868 893 938 placere,
928 865 976 919 id
1003 874 1107 930 est,
1141 863 1464 932 Baptisnunn
1491 880 1596 931 quo
1624 862 1855 915 abluitur

246 982 277 1014 ει
324 961 593 1028 peccatis,
632 967 689 1014 et
730 972 950 1027 regnmn
992 956 1078 1009 ubi
1124 954 1455 1023 permanebit
1481 953 1593 1007 sine
1626 953 1855 1021 peccatis

247 1064 475 1118 Sancta,
507 1065 777 1122 qua-nunc
808 1048 1110 1112 inundatur,
1134 1046 1392 1113 Ecclesia,
1420 1046 1567 1112 satis,
1597 1053 1852 1115 quantum

245 1144 539 1200 existimo,
568 1148 805 1209 apparet.

323 1232 569 1289 CAPUT
609 1232 745 1286 XIII.
770 1260 845 1270 —
870 1229 962 1283 29.
1007 1228 1207 1283 Deinde
1236 1227 1440 1296 olijecm
1469 1236 1591 1279 sunt
1620 1224 1686 1278 de
1718 1225 1855 1279 libro

248 1329 529 1391 t‘ar-lestii,
557 1327 679 1396 quid
709 1327 761 1380 ist
788 1338 1103 1393 unoquoque
1126 1321 1359 1390 capitulo
1376 1320 1663 1381 contineat,
1690 1319 1854 1388 magis

248 1420 561 1473 ςοιςυιιιιμιιι
588 1434 825 1481 sensum,
856 1432 1011 1485 quam
1033 1412 1325 1469 secundum
1351 1414 1510 1466 verba
1544 1430 1556 1465 :
1592 1428 1711 1480 qua:
1738 1413 1854 1480 qui-

249 1513 375 1563 dum
414 1512 513 1563 ille
544 1511 696 1564 latius
720 1508 1059 1577 exsequitur;
1089 1506 1181 1560 sed
1205 1516 1335 1559 tmte
1366 1504 1628 1572 subjicere
1652 1503 1851 1567 omnia,

251 1608 343 1671 qui
394 1603 641 1657 libellum
670 1600 932 1654 adversus
979 1598 1247 1665 Pelagium
1290 1596 1589 1659 dederunt,
1644 1611 1703 1650 se
1748 1612 1853 1649 nou

254 1694 506 1759 potuisse
532 1693 798 1745 dixerunt.
832 1689 971 1758 Ergo
1009 1689 1059 1740 itt
1107 1688 1276 1757 priuio
1312 1687 1545 1756 capitulo
1583 1687 1699 1740 liliri
1736 1690 1854 1740 Cte-

249 1783 398 1837 lestti
434 1785 538 1836 hoc
569 1782 822 1849 scriptum
866 1795 985 1834 esse
1022 1789 1349 1847 posuerunt:
1388 1797 1403 1829 ι
1435 1778 1695 1844 Quoniam
1739 1780 1854 1846 plus

255 1876 509 1933 factionis,
532 1887 690 1941 quam
720 1873 772 1925 in
802 1872 940 1941 liv-ge
964 1880 1017 1924 ct
1048 1870 1333 1939 Evangelia
1357 1868 1563 1939 jnssniu
1591 1879 1689 1921 est.
1719 1888 1737 1920 ι
1774 1869 1851 1922 Ad

251 1964 397 2033 quod
446 1964 693 2031 Pelagius
728 1962 1000 2028 rCSIIUIItlll
1032 1977 1046 2015 :
1082 1979 1101 2011 ι
1136 1961 1244 2014 lloc
1286 1962 1433 2029 quasi
1480 1970 1716 2013 nostrum
1757 1977 1851 2029 po-

253 2066 491 2111 suerunt
522 2076 537 2110 ;
566 2056 762 2110 dirtum
782 2065 867 2109 est
899 2070 1023 2109 vero
1052 2070 1084 2107 a
1127 2053 1279 2107 nobis
1304 2054 1594 2107 secundum
1630 2055 1856 2123 Aposto—

254 2152 364 2205 Iunt
408 2152 486 2205 de
520 2150 835 2219 virginitate,
868 2147 935 2201 de
967 2163 1071 2217 qua
1118 2146 1313 2200 Paulus
1353 2144 1501 2210 dicit,
1544 2144 1855 2215 l’rteceptum

259 2245 475 2299 Domini
502 2262 602 2298 non
624 2243 802 2297 habeo.
834 2264 853 2295 ι
888 2241 1134 2312 Synotlus
1154 2241 1286 2294 dixit
1315 2258 1328 2292 :
1366 2259 1383 2291 ι
1410 2240 1520 2293 llne
1541 2250 1593 2293 et
1618 2240 1851 2293 Ecclesia

257 2338 474 2405 recipit.
515 2355 536 2388 ι
584 2335 709 2405 Legi
753 2350 873 2405 ego,
916 2351 1019 2402 quo
1047 2347 1208 2387 sensu
1236 2332 1285 2384 id
1315 2330 1595 2385 tlwleSIius
1636 2331 1685 2383 itt
1720 2330 1855 2383 libro

258 2447 357 2483 altu
393 2429 675 2496 posuerit:
706 2426 750 2480 si
796 2437 968 2478 tamen
1013 2439 1135 2479 eum
1177 2438 1331 2477 suum
1376 2438 1495 2477 esse
1531 2437 1635 2474 non
1676 2431 1851 2490 negat.

260 2520 403 2572 Dixit
433 2519 576 2572 enim
602 2519 721 2580 hoc,
750 2532 855 2587 quo
877 2516 1122 2570 videlicet
1152 2514 1511 2582 perwaderet,
1538 2522 1733 2564 tantam
1760 2527 1855 2565 nos

258 2611 466 2663 habere
494 2624 590 2679 per
617 2617 859 2661 naturam
892 2605 1042 2661 liberi
1073 2604 1280 2660 arbitrii
1312 2619 1415 2658 non
1442 2603 1694 2675 peccandi
1728 2616 1853 2669 pos-

254 2702 594 2766 sibilitatem,
628 2709 687 2753 ut
718 2700 837 2769 plus
862 2701 1020 2753 etiam
1049 2713 1206 2768 quam
1232 2708 1557 2768 praeceptum
1583 2705 1666 2749 est
1692 2695 1853 2749 facia-

258 2810 416 2858 mus;
453 2792 702 2860 quoniam
734 2800 986 2861 perpetua
1018 2800 1265 2845 servatur
1288 2804 1321 2843 a
1350 2788 1616 2857 plerisque
1642 2788 1859 2857 virgini-

260 2898 363 2951 tas,
388 2903 510 2953 qua:
542 2894 806 2953 praecepta
846 2899 951 2937 non
988 2891 1091 2946 est,
1130 2897 1252 2937 cum
1282 2881 1347 2935 ad
1388 2898 1493 2935 non
1531 2880 1855 2949 peccandum

261 2986 534 3045 praecepta
568 2976 791 3045 implere
818 2976 1059 3029 sulliciat.
1082 2974 1232 3040 Quod
1260 2984 1437 3027 autem
1470 2988 1500 3026 a
1540 2973 1749 3040 Pelagio
1775 2988 1859 3026 re-

256 3084 521 3136 sponsum
545 3079 648 3131 est,
683 3077 739 3121 tit
760 3066 1115 3136 approbarent
1146 3065 1371 3134 jttdices,
1401 3078 1506 3117 non
1535 3064 1613 3118 sic
1636 3078 1859 3132 πορνε-

258 3171 421 3223 tunt,
474 3168 726 3227 tauquam
772 3157 950 3209 tntinia
985 3155 1140 3225 Legis
1184 3163 1237 3210 et
1281 3154 1552 3223 Evangelii
1594 3163 1855 3222 pra'cepta

258 3253 591 3316 (νιικιίκιὶυιιι,
623 3251 712 3320 qui
746 3250 1133 3320 virginitatem,
1179 3263 1297 3317 qua:
1330 3256 1589 3316 pra‘crpta
1621 3261 1727 3299 non
1752 3254 1853 3307 est.

260 3349 484 3413 insuper
523 3350 772 3399 servant:
819 3340 911 3395 sed
945 3340 1012 3393 ad
1055 3339 1155 3393 hoc
1200 3346 1422 3401 tantum,
1450 3337 1589 3407 quod
1623 3336 1738 3405 plus
1774 3346 1859 3391 est

265 3436 547 3506 virginitas
569 3450 687 3501 qua:
718 3447 823 3485 non
851 3445 931 3484 est
955 3438 1235 3499 przeccpta,
1263 3444 1418 3499 quam
1450 3426 1741 3497 conjugalis
1765 3444 1861 3496 pu-

260 3528 442 3581 dicitia
475 3542 599 3595 qme
631 3532 892 3594 praecepta
923 3534 1035 3586 est,
1081 3533 1131 3576 et
1170 3520 1439 3575 custodire
1470 3521 1621 3573 istam
1644 3560 1658 3581 .
1701 3535 1856 3586 quant

263 3620 407 3671 i.lant
430 3658 447 3682 ,
496 3619 685 3684 utique
721 3615 837 3683 plus
865 3625 945 3667 est
974 3632 987 3668 :
1017 3630 1137 3667 cum
1169 3621 1344 3666 tamen
1394 3620 1638 3665 neutrum
1673 3626 1857 3665 eorum

262 3710 529 3762 Iudicatur
554 3708 671 3761 sine
699 3706 867 3775 gratia
895 3705 985 3757 llei
1007 3722 1021 3767 ;
1040 3703 1466 3773 quandoquidem
1494 3702 1773 3771 ApOsloltts
1793 3702 1860 3756 de

262 3800 365 3853 Inc
392 3817 450 3853 re
474 3800 702 3868 loquens
722 3798 813 3862 ait,
849 3795 971 3849 Volo
992 3806 1156 3849 autem
1176 3810 1345 3848 omnes
1372 3794 1595 3847 homines
1616 3809 1719 3847 esse
1733 3792 1860 3845 sicut

263 3909 347 3943 me
380 3892 549 3960 ipsum
579 3906 598 3943 :
622 3890 712 3942 sed
749 3888 1086 3957 unusquisque
1124 3885 1383 3956 praprium
1426 3885 1616 3937 donum
1646 3884 1791 3937 habet
1827 3900 1861 3936 α

266 3982 374 4034 Deo
398 3999 418 4035 :
449 3983 584 4034 alius
608 3982 701 4043 sic,
739 3980 871 4033 alius
895 3990 1061 4031 autent
1088 3980 1158 4031 sic
1189 3977 1241 4049 (I
1272 3975 1389 4031 Cor.
1423 3992 1515 4042 vn,
1546 3975 1636 4041 25,
1669 3975 1760 4047 7
1795 3976 1861 4031 Et

266 4077 365 4140 ipsi
413 4073 644 4127 υυιιιὶιιο
676 4087 796 4125 eum
828 4071 1086 4124 dixissent
1124 4069 1390 4136 discipuli,
1416 4068 1475 4121 Si
1507 4069 1613 4122 hac
1640 4069 1859 4124 hominis

266 4176 341 4218 est
368 4182 526 4218 causa
550 4180 663 4216 cum
694 4178 869 4227 more,
901 4178 1002 4215 non
1023 4161 1219 4231 expedit
1250 4164 1461 4226 nubere,
1484 4160 1587 4225 vel,
1612 4161 1751 4230 quod
1785 4164 1858 4214 la-

267 4259 377 4311 tine
399 4256 597 4310 melius
622 4253 837 4318 dicitur,
869 4269 971 4305 non
1000 4252 1202 4322 expedit
1225 4252 1406 4305 ducere
1432 4267 1452 4305 :
1483 4251 1635 4314 Non,
1668 4252 1854 4322 inquit,

267 4366 444 4403 omnes
462 4348 674 4419 capiunt
695 4346 1023 4407 verbumhoc,
1046 4346 1133 4399 sed
1152 4345 1333 4417 quibus
1353 4344 1529 4397 datum
1549 4354 1618 4398 est
1644 4343 1854 4413 (Matth.

270 4457 385 4503 six.
426 4441 511 4501 t0.
548 4438 658 4509 ll).
690 4438 802 4492 IIoc
833 4452 962 4509 ergo
1001 4436 1236 4504 epiSCOpi
1282 4435 1576 4489 Ecclesiam
1622 4435 1859 4504 recipere

269 4534 706 4599 pronuntiarunt,
737 4530 877 4601 quod
926 4530 1041 4599 plus
1071 4530 1141 4583 sit
1175 4528 1447 4599 virginitas
1477 4544 1855 4597 perseverans,

266 4641 385 4693 qua:
414 4632 683 4692 pnecepta
711 4639 815 4675 non
840 4630 940 4681 est.
964 4635 1122 4690 quam
1149 4620 1447 4689 nuptiarum
1477 4620 1712 4683 Castitas,
1741 4635 1859 4687 qua:

267 4727 532 4788 prmerpta
565 4726 666 4770 est.
696 4716 813 4783 Quo
852 4723 1028 4768 autem
1071 4728 1234 4768 sensu
1262 4711 1389 4767 illud
1417 4712 1658 4783 Pelagius
1682 4752 1699 4780 ,
1746 4712 1860 4766 sise

265 4810 557 4864 Calesuus
586 4806 814 4871 dixerit,
839 4804 1045 4876 judices
1075 4805 1399 4860 nescierunt.

339 4924 572 4979 CAPUT
604 4922 743 4977 XIV.
769 4953 844 4963 ——
879 4922 967 4977 30.
1002 4922 1135 4976 llinc
1157 4921 1267 4990 jam
1296 4921 1620 4991 objiciuntur
1643 4919 1860 4989 Pelagio

268 5018 372 5070 alia
406 5016 647 5071 leestii
687 5015 915 5082 capitula
959 5014 1234 5082 capitalia,
1279 5023 1335 5067 et
1380 5014 1497 5067 sine
1534 5012 1860 5066 dubitatione

269 5109 574 5161 damnanda
604 5148 619 5169 ,
651 5123 770 5175 qua:
798 5106 896 5159 nisi
933 5106 1447 5168 anatltematizasset,
1489 5104 1723 5158 Cttlll‘llis
1746 5105 1860 5158 sine

269 5202 435 5253 dubio
459 5201 827 5253 danmaretur.
870 5199 926 5253 In
965 5198 1124 5253 tertio
1149 5198 1381 5265 capitulo
1424 5198 1702 5266 scripsisse
1741 5200 1861 5250 (Ite-

276 5293 524 5351 testium.
563 5289 793 5343 Gratiam
838 5289 933 5342 Dei
962 5300 1004 5342 et
1031 5290 1340 5358 adjutorium
1386 5306 1486 5341 non
1528 5288 1597 5340 ml
1636 5289 1861 5356 singulos

274 5392 418 5433 actus
444 5382 577 5446 dari,
605 5383 696 5434 sed
724 5383 774 5433 in
797 5382 949 5433 libero
972 5379 1207 5433 arbritrio
1226 5397 1351 5442 esse,
1379 5381 1453 5433 vel
1472 5381 1522 5433 in
1553 5381 1659 5450 Irge
1676 5397 1736 5432 ac
1764 5382 1857 5433 do-

273 5477 458 5528 ctrina.
489 5475 553 5528 Et
579 5475 772 5528 iterum
793 5516 810 5539 ,
845 5474 935 5527 Dei
959 5477 1170 5539 gratiam
1196 5476 1465 5527 secundum
1489 5477 1663 5528 merita
1692 5487 1862 5529 nostra

277 5566 389 5617 dari
411 5607 427 5629 ,
462 5568 579 5635 quia
622 5567 665 5617 si
710 5567 1049 5635 peccatoribus
1093 5566 1233 5618 illaut
1264 5568 1342 5617 tlct
1369 5609 1381 5627 ,
1424 5567 1615 5618 ridetur
1643 5583 1748 5619 esse
1786 5569 1863 5619 in-

279 5660 423 5725 iquus
450 5668 539 5712 :et
569 5658 654 5711 Itis
681 5658 859 5710 verbis
892 5656 1127 5711 intulisse
1152 5698 1165 5718 ,
1204 5655 1476 5727 Propterea
1500 5673 1543 5710 et
1567 5657 1675 5725 ipsa
1700 5659 1865 5728 gratia

279 5749 333 5800 in
358 5766 464 5803 mea
489 5750 750 5803 voluntate
774 5749 938 5816 posita
961 5756 1054 5809 est,
1085 5749 1186 5801 sive
1207 5748 1391 5818 dignm
1415 5748 1596 5815 fuerim
1616 5789 1631 5814 ,
1657 5749 1758 5802 sive
1783 5750 1865 5802 in-

282 5841 477 5911 dignus.
520 5845 581 5900 Si
611 5842 747 5899 enim
793 5857 881 5911 per
907 5841 1120 5912 gratiam
1164 5842 1331 5895 omnia
1374 5841 1625 5917 facimus;
1667 5842 1869 5913 quando

1677 373 1874 427 LlllEli
1922 374 2118 431 UNLIS.

3448 386 3554 443 ωδ

1962 490 2207 546 vincimur
2227 510 2258 546 a
2286 504 2516 564 peccato,
2560 513 2660 551 non
2693 514 2781 551 nos
2808 498 3053 553 vincimur
3072 540 3101 573 ,ι
3116 501 3205 555 sed
3231 500 3325 555 Dei
3345 506 3511 573 gratia
3530 544 3548 565 .

1961 600 2075 652 qua-
2097 585 2250 639 rolalt
2277 605 2367 640 nos
2390 589 2632 656 adjuvare
2660 592 2795 645 οιηηί
2831 593 2980 646 modo
3003 635 3016 657 ,
3049 603 3096 646 et
3123 611 3223 648 non
3268 596 3447 664 potuit.
3482 595 3553 652 Et.

1962 674 2154 731 iterum
2178 680 2253 731 ait
2283 696 2296 731 :
2327 678 2390 734 Si
2413 682 2576 749 gratia
2599 681 2690 735 Dei
2716 694 2808 745 est,
2830 686 3032 752 quando
3054 687 3296 740 vincimus
3316 696 3545 757 peccata;

1959 783 2078 835 ergo
2105 768 2214 835 ipse
2236 771 2249 800 ¹
2269 781 2340 823 est
2361 771 2411 823 in
2438 774 2608 841 culpa,
2630 775 2833 842 quando
2857 792 2887 827 a
2914 785 3119 845 peccato
3146 778 3406 841 vincimur,
3431 779 3551 846 quia

1962 858 2165 912 omnino
2184 862 2435 914 custodire
2454 879 2543 915 nos
2563 873 2649 914 aut
2666 882 2773 935 non
2801 868 2982 934 potuit,
3010 878 3096 921 aut
3122 870 3305 921 noluit.
3337 869 3415 922 Ad
3448 870 3549 924 ista

1962 948 2205 1019 Pelagius
2235 953 2542 1020 respondit:
2572 953 2696 1007 11cc
2724 967 2888 1008 utrum
2907 957 3119 1013 (λειαιὶί
3136 959 3259 1025 sint,
3290 961 3386 1028 ipsi
3408 961 3549 1014 vide-

1959 1039 2063 1092 rint
2104 1042 2189 1109 qui
2228 1043 2399 1095 dicunt
2429 1060 2487 1097 ea
2518 1045 2734 1099 Calestii
2760 1062 2902 1109 esse;
2930 1064 3020 1117 ego
3051 1066 3165 1103 vero
3197 1068 3451 1120 nunquam
3476 1052 3551 1106 sic

1961 1134 2130 1196 tenui,
2168 1134 2259 1186 sed
2285 1137 2656 1190 anathematiso
2684 1139 2770 1202 qui
2806 1140 2877 1192 sic
2906 1150 3054 1194 tenet.
3096 1142 3344 1213 Synodus
3369 1143 3502 1198 dixit
3530 1162 3545 1197 :

1961 1220 2159 1292 Ilea'pit
2195 1233 2243 1277 te
2266 1235 2441 1280 sancta
2468 1226 2710 1297 Synodas
2729 1272 2744 1293 ,
2781 1230 2851 1283 ita
2876 1233 3022 1284 verba
3051 1236 3264 1301 reprobo
3304 1236 3547 1289 condem-

1959 1324 2180 1365 nantem.
2209 1314 2282 1369 De
2307 1314 2392 1369 Itis
2415 1328 2560 1373 certe
2586 1320 2833 1375 omnibus
2856 1361 2871 1387 ,
2904 1332 2957 1376 et
2984 1321 3181 1393 Pelagii
3206 1324 3391 1379 eadem
3422 1340 3551 1379 ana-

1960 1403 2352 1459 tlictnatizantis
2393 1407 2672 1463 manifesta
2715 1414 2993 1481 responsio
3032 1422 3149 1477 est.
3180 1424 3233 1469 et
3270 1414 3550 1485 episcopo-

1958 1510 2077 1549 rum
2103 1496 2203 1550 ista
2232 1497 2593 1554 datnnantiuut
2618 1504 3012 1558 absolutissima
3050 1505 3327 1574 judicatio.
3360 1507 3547 1562 Utrum

1957 1602 2023 1642 ea
2064 1588 2304 1658 Pelagius
2322 1631 2337 1653 ,
2373 1605 2441 1645 an
2465 1593 2749 1649 Caelestius
2768 1637 2783 1658 ,
2806 1613 2871 1649 an
2898 1606 3121 1667 uterque
3146 1642 3159 1663 ,
3185 1614 3252 1653 an
3282 1610 3468 1653 neuter
3496 1601 3552 1653 il-

1958 1678 2163 1743 lorum,
2202 1696 2271 1734 an
2297 1682 2385 1735 alii
2412 1685 2523 1738 sive
2548 1701 2669 1740 cum
2697 1688 2857 1758 ipsis,
2888 1689 3004 1743 sive
3042 1689 3142 1743 sub
3185 1690 3401 1745 nomine
3439 1691 3551 1745 illo-

1958 1790 2077 1829 rum
2103 1778 2398 1840 senserint,
2432 1777 2543 1831 sive
2571 1776 2746 1832 adhuc
2793 1780 3024 1833 sentiant
3047 1821 3064 1844 ,
3109 1785 3177 1834 sit
3216 1779 3433 1834 dubium
3465 1780 3549 1835 vel

1958 1868 2225 1923 occultum
2255 1886 2268 1921 :
2293 1869 2423 1924 satis
2456 1878 2630 1922 tamen
2678 1868 2779 1923 hoc
2816 1869 3017 1937 judicio
3050 1870 3380 1925 declaratum
3428 1882 3548 1938 est,

1957 1971 2078 2011 esse
2102 1958 2349 2012 damnata
2373 1999 2388 2022 ,
2416 1967 2470 2013 et
2497 1958 2764 2029 Pelagium
2790 1961 2944 2013 simul
2975 1958 3135 2015 fuisse
3162 1960 3544 2026 damnandum,

1959 2049 2062 2104 nisi
2105 2049 2220 2105 huic
2262 2052 2422 2106 etiam
2469 2052 2583 2122 ipse
2606 2051 2905 2107 damnaret.
2934 2052 3087 2108 Nunc
3124 2066 3270 2110 certe
3300 2065 3416 2125 post
3445 2055 3546 2111 Iun.

1952 2139 2244 2210 judicium,
2276 2142 2486 2212 quando
2528 2152 2713 2198 contra
2759 2144 3061 2214 ltujusmndi
3104 2148 3401 2202 sententias
3428 2148 3544 2202 dis-

1958 2241 2235 2301 putamus,
2265 2234 2520 2288 adversus
2564 2234 2867 2289 damnatam
2906 2234 3151 2290 luere-sint
3187 2235 3543 2305 disputamus.

2029 2325 2117 2379 5|.
2153 2326 2330 2379 Dicam
2369 2327 2528 2380 etiam
2568 2326 2764 2397 aliquid
2792 2328 3025 2382 lietius'.
3062 2328 3316 2398 Superius
3354 2338 3550 2384 metue-

1946 2414 2079 2489 bant
2103 2414 2297 2484 (Supra
2317 2457 2332 2482 ,
2361 2432 2415 2469 η.
2444 2416 2536 2487 20)
2559 2458 2573 2479 ,
2601 2432 2722 2471 cum
2742 2417 2945 2473 diceret
2974 2418 3215 2488 Pelagius
3234 2461 3249 2485 ,
3278 2421 3551 2491 adjuvmue

1958 2509 2123 2577 gratia
2153 2506 2246 2561 Dei
2280 2525 2425 2578 posse
2452 2526 2561 2563 esse
2594 2510 2849 2563 hominem
2886 2512 2993 2565 sine
3018 2524 3223 2581 peccato
3245 2555 3258 2577 ,
3299 2529 3366 2567 ne
3412 2516 3551 2569 forte

1958 2600 2201 2655 canalem
2223 2602 2445 2671 gratiam
2476 2602 2879 2671 possibilitatem
2908 2604 3111 2659 diceret
3137 2621 3256 2659 esse
3286 2616 3487 2661 natura:
3515 2627 3548 2663 ι

1961 2690 2071 2745 Deo
2097 2690 2328 2747 condita:
2352 2685 2473 2746 edin
2512 2692 2684 2748 libero
2711 2695 2966 2759 arbitrio,
2997 2697 3131 2751 sicut
3180 2698 3232 2751 itt
3277 2697 3413 2752 libro
3456 2700 3550 2754 illo

1958 2795 2040 2840 est
2060 2825 2074 2848 ,
2104 2801 2261 2856 quem
2291 2796 2539 2857 tanquam
2568 2787 2684 2856 ejus
2712 2788 2893 2857 accepi
2930 2788 3004 2861 (α)
3026 2832 3041 2855 ,
3066 2790 3150 2844 cui
3184 2791 3466 2859 respondi,
3493 2802 3551 2849 et

1959 2893 2026 2934 eo
2055 2877 2214 2931 modo
2240 2877 2541 2933 nescientes
2566 2878 2773 2947 iudices
2797 2878 3007 2934 falleret
3046 2898 3063 2935 :
3101 2896 3243 2936 nunc
3274 2898 3397 2937 vero
3426 2898 3547 2938 etnn

1950 2968 2379 3049 qanathematizat
2416 2986 2512 3024 eos
2550 2972 2637 3041 qui
2662 2972 2878 3042 gratiam
2907 2971 3000 3049 Dei
3037 2983 3084 3027 et
3111 2975 3422 3044 adjutorium
3449 2994 3551 3030 non

1960 3062 2026 3113 ad
2045 3062 2270 3131 singulos
2295 3071 2439 3115 actus
2462 3063 2633 3116 dicunt
2665 3064 2800 3128 dari,
2821 3063 2910 3117 sed
2932 3064 2983 3117 in
3013 3065 3169 3118 libero
3190 3066 3397 3121 arbitrio
3420 3084 3547 3132 esse,

1959 3153 2037 3207 vel
2062 3154 2117 3207 in
2135 3153 2244 3223 lege
2262 3163 2412 3229 atque
2434 3154 2689 3219 doctrina;
2709 3155 2838 3209 satis
2862 3156 3139 3212 evidenter
3166 3171 3406 3229 apparet,
3429 3176 3546 3214 eam

1960 3246 2109 3300 illum
2136 3246 2315 3301 dicere
2335 3248 2558 3317 gratiam
2582 3288 2599 3313 ,
2631 3264 2749 3317 qua:
2780 3250 2839 3303 in
2861 3249 3057 3305 Christi
3087 3252 3319 3307 l‘lt-elesia
3354 3254 3549 3322 pnedi-

1960 3345 2126 3400 catur,
2160 3353 2279 3407 quin
2302 3337 2793 3393 subministmtinne
2817 3341 2984 3395 sancti
3019 3340 3247 3411 Spiritus
3274 3342 3432 3396 datur
3450 3385 3465 3405 .
3492 3355 3545 3398 ut

1961 3428 2027 3483 ad
2059 3439 2269 3483 nostros
2287 3438 2437 3483 actus
2457 3429 2694 3499 singulos
2719 3432 3032 3500 adjuvenmr
3056 3450 3068 3485 :
3096 3433 3233 3487 unde
3253 3444 3305 3488 et
3330 3450 3548 3488 oramus

1961 3534 2173 3590 semper
2197 3520 2515 3589 atljutoriunt
2542 3532 2917 3591 opportunum,
2939 3538 3005 3577 ne
3035 3523 3323 3578 inferantur
3352 3524 3402 3577 itt
3433 3535 3547 3578 ten~

1963 3615 2236 3669 tationem.
2267 3613 2377 3671 Nec
2405 3614 2533 3669 illud
2570 3616 2681 3684 jam
2710 3626 2920 3681 metuo,
2968 3632 3035 3671 ne
3080 3615 3214 3670 forte
3248 3616 3334 3670 ubi
3375 3616 3546 3680 dixit,

1965 3705 2085 3760 Non
2110 3724 2253 3777 posse
2274 3724 2379 3762 esse
2404 3707 2510 3760 sine
2531 3718 2730 3778 peccato
2750 3750 2771 3775 ,
2793 3709 2888 3763 nisi
2908 3710 2993 3779 qui
3020 3709 3278 3763 scientiam
3311 3709 3435 3780 legis
3456 3710 3548 3763 ha—

1964 3799 2147 3862 buerit,
2182 3808 2339 3870 atque
2369 3800 2421 3854 id
2450 3802 2518 3854 ita
2550 3803 2831 3870 exposuit,
2859 3811 2914 3855 ut
2942 3803 3010 3854 ad
3031 3819 3132 3855 non
3157 3804 3465 3872 peccandum
3494 3805 3548 3857 ia

1963 3891 2087 3961 legis
2114 3892 2372 3945 scientiam
2402 3902 2602 3959 poneret
2628 3892 2935 3961 adjutoriunt
2968 3892 3192 3963 (Supra,
3222 3911 3273 3946 n.
3303 3892 3381 3963 2),
3405 3910 3551 3948 eatu-

1962 3984 2085 4038 dent
2118 3986 2247 4055 legis
2273 3986 2548 4040 scientiam
2581 3985 2670 4039 Dei
2714 3987 2935 4055 gratiam
2964 3988 3091 4041 velit
3139 3987 3379 4058 intelligi.
3411 3990 3551 4043 Ecce

1962 4076 2374 4130 anatltentatizat
2418 4078 2507 4147 qui
2554 4076 2655 4131 huc
2697 4078 2935 4133 sentiunt
2962 4096 2977 4133 :
3004 4093 3130 4134 ecce
3178 4093 3277 4135 nec
3307 4090 3548 4135 naturain

1965 4167 2117 4222 liberi
2144 4168 2380 4233 arbitrii,
2414 4184 2512 4223 nec
2540 4170 2710 4240 legem
2748 4180 2906 4241 atque
2935 4169 3231 4225 doctrinam
3262 4174 3376 4227 vult
3404 4173 3553 4230 ἱιιιιιιο

1964 4258 2051 4327 ligi
2076 4258 2300 4328 gratiam
2318 4299 2333 4324 ,
2365 4274 2467 4327 qua
2498 4274 2590 4328 per
2618 4270 2767 4315 actus
2792 4260 3029 4330 singulos
3052 4262 3384 4328 adjuvantur.
3412 4265 3549 4328 Quid

1962 4366 2091 4422 ergo
2117 4360 2319 4415 restat,
2350 4352 2448 4405 nisi
2477 4362 2533 4405 ιιι
2557 4367 2674 4406 eam
2700 4352 2953 4421 intelligat
2972 4368 3129 4422 quam
3160 4353 3288 4407 dicit
3313 4357 3546 4422 Aposto-

1964 4443 2076 4507 lus,
2098 4443 2587 4497 subministratiune
2615 4444 2843 4512 Spiritus
2867 4444 3035 4498 sancti
3063 4443 3175 4499 dari
3200 4444 3457 4517 (Philipp.
3493 4463 3506 4501 I
3529 4488 3546 4510 ,

1964 4532 2097 4605 I9)?
2120 4533 2187 4588 de
2227 4549 2329 4604 qua
2355 4534 2483 4587 dicit
2518 4534 2800 4597 Dominus,
2834 4532 3007 4589 Nolite
3033 4536 3252 4606 cogitare
3294 4538 3546 4607 quomodo

1961 4634 2048 4676 aut
2066 4624 2187 4694 quid
2216 4624 2522 4690 loquamini;
2549 4624 2751 4678 dabitur
2776 4625 2907 4679 enim
2929 4624 3063 4679 vobis
3090 4626 3141 4678 in
3166 4627 3257 4679 illa
3282 4627 3407 4681 hora
3428 4629 3550 4693 quid

1963 4714 2234 4784 loquamini
2263 4731 2282 4769 :
2304 4732 2402 4769 non
2429 4716 2559 4768 enim
2580 4732 2664 4769 vos
2685 4716 2799 4769 estis
2824 4716 2909 4783 qui
2928 4716 3190 4786 loquimini
3209 4757 3224 4782 ,
3254 4717 3343 4771 sed
3370 4716 3516 4786 Spiri
3530 4750 3555 4762 --

1964 4816 2044 4859 tus
2066 4806 2236 4861 Patris
2252 4808 2396 4861 vestri
2417 4808 2501 4877 qui
2522 4808 2743 4875 loquitur
2771 4807 2822 4861 in
2844 4808 2979 4861 vobis
3004 4806 3215 4878 (Matth.
3240 4824 3296 4873 ι,
3324 4810 3409 4875 I9,
3430 4810 3549 4881 20).

1963 4896 2072 4951 Nec
2095 4896 2223 4951 illud
2253 4897 2590 4951 metuendum
2617 4906 2719 4963 est,
2754 4914 2817 4952 ne
2845 4899 2980 4953 forte
3002 4899 3089 4954 ubi
3119 4901 3227 4967 ait,
3255 4900 3440 4956 Omnes
3467 4920 3553 4956 vo-

1964 4990 2153 5043 luntate
2194 4990 2399 5059 propria
2429 4992 2532 5061 regi
2553 5006 2572 5054 ,'
2604 4989 2763 5062 idque
2797 4992 3075 5061 exposuit,
3106 4992 3221 5047 ideo
3249 5010 3302 5046 se
3322 4993 3511 5047 dixisse
3533 5037 3550 5057 ,

1965 5092 2168 5152 praptcr
2192 5082 2400 5136 liberum
2422 5082 2711 5148 arbitrium,
2740 5083 2820 5136 cui
2848 5080 2988 5137 Deus
3012 5085 3217 5154 adjutor
3241 5096 3311 5139 est
3351 5087 3555 5157 eligenti

1964 5175 2094 5226 bona
2121 5172 2321 5243 (Supra
2336 5204 2363 5240 ,-
2384 5191 2435 5227 n.
2463 5174 2541 5245 5),
2567 5174 2725 5229 etiam
2748 5173 2833 5229 Itic
2855 5192 2947 5243 per
2974 5184 3213 5230 naturam
3237 5178 3387 5232 liberi
3420 5180 3555 5230 arbi-

1966 5268 2049 5321 trii
2086 5276 2139 5319 et
2177 5282 2271 5336 per
2298 5267 2590 5321 doctrinam
2637 5267 2766 5338 legis
2806 5267 3101 5336 adjutorem
3129 5269 3150 5299 ³
3178 5270 3389 5323 dixerit.
3418 5266 3549 5321 Cum

1965 5358 2107 5412 enim
2140 5366 2283 5435 regtc
2319 5358 2843 5415 anatltematizaverit
2884 5374 2977 5415 eos
3006 5363 3091 5425 qui
3124 5361 3297 5414 dicunt
3337 5361 3553 5430 gratia-tt

2032 5537 2048 5570 ¹
2082 5536 2383 5586 ΟοΙινρνιίιιυς
2402 5544 2500 5595 \ts.,
2533 5548 2656 5597 ipsa.

2031 5601 2052 5631 ⁸
2086 5599 2222 5657 aliti,
2247 5598 2403 5649 latins.
2431 5594 2686 5648 utilitatium
2711 5597 2962 5661 exemplar
2998 5599 3153 5659 magis
3178 5597 3433 5653 concinne,
3471 5594 3554 5645 lu:-

1969 5662 2064 5714 tins
2093 5674 2111 5711 :
2137 5662 2184 5709 id
2209 5670 2303 5724 est,
2327 5676 2424 5724 quo
2448 5670 2610 5724 metus
2625 5659 2966 5724 etsollieitndo
2999 5673 3108 5709 mea
3142 5665 3439 5707 retnoveatnt
3458 5694 3469 5706 .

2038 5726 2059 5756 ³
2093 5722 2309 5773 Nonnulli
2337 5719 2399 5785 ex
2425 5722 2585 5781 editis,
2608 5719 2924 5785 adjutorium.

2035 5785 2108 5847 (τι)
2132 5786 2270 5833 Liber
2288 5784 2463 5845 Pelagii
2481 5796 2508 5831 a
2525 5781 2698 5833 Jacobi)
2717 5790 2769 5832 et
2783 5781 2985 5831 'titnasio
3001 5788 3245 5843 accejttus,
3259 5781 3335 5829 cui
3354 5791 3557 5842 respou-

1974 5848 2043 5898 dit
2068 5846 2154 5897 lib.
2174 5847 2238 5897 de
2257 5855 2426 5897 natura
2446 5854 2498 5897 et
2519 5846 2689 5895 (ralia.
3224 5904 3227 5907 η
