3996 6478
487 391 590 449 339

485 503 586 559 Dei
614 513 660 558 et
680 503 988 578 adiutorium
1009 519 1106 556 non
1137 500 1204 554 ad
1230 499 1455 570 singulas
1482 509 1623 554 actus
1649 499 1800 567 dari,
1823 501 1912 555 sed
1933 501 1982 553 in
2010 497 2068 553 li-

485 598 604 652 bero
629 595 834 652 arbitrio
869 613 977 651 esse
994 637 1006 658 ,
1033 591 1116 650 vel
1133 593 1184 648 in
1215 593 1323 664 lege
1345 609 1403 647 ac
1427 592 1654 646 doctrina
1675 609 1696 650 :
1718 592 1953 664 profecto
1982 592 2071 648 Dei

484 690 652 760 gratia
697 689 782 742 vel
825 686 1144 756 adjutorium
1189 685 1255 741 ad
1299 685 1533 756 singulos
1561 695 1710 742 actus
1736 685 1925 751 datur,
1972 699 2071 739 ex-

483 791 642 851 cepto
669 781 837 836 libero
857 777 1078 833 arbitrio
1096 819 1111 842 ,
1142 776 1224 832 vel
1256 777 1370 848 lege
1399 786 1556 846 atque
1587 776 1860 832 doctrina:
1889 789 1952 829 ac
1978 789 2074 844 per

483 873 587 927 hoc
627 887 720 941 per
747 869 983 939 singulos
1009 879 1158 924 actus
1184 881 1213 921 a
1244 867 1352 924 Deo
1387 869 1621 939 regimur
1639 909 1655 936 ,
1686 867 1900 938 quando
1929 875 2071 923 recte

480 965 722 1036 agimus;
754 977 852 1020 nec
881 963 1076 1020 frustra
1104 970 1316 1018 orantes
1343 960 1570 1018 dicimus
1591 1003 1606 1026 ,
1634 958 1827 1016 Itinera
1856 977 1964 1014 mea
1993 959 2073 1014 di-

479 1059 589 1127 rige
610 1055 886 1112 secundum
916 1055 1119 1110 uerbunt
1146 1063 1287 1109 tuum
1310 1094 1325 1118 ,
1354 1069 1418 1107 ne
1441 1051 1725 1107 dominetur
1757 1051 1881 1106 mihi
1909 1047 2071 1106 omnis

479 1149 721 1221 iniquitas
755 1147 924 1220 (l’sal.
955 1163 1114 1204 cxvm
1134 1188 1149 1212 ,
1183 1147 1331 1216 155).

554 1240 643 1297 3‘2.
684 1239 789 1296 Sed
816 1237 956 1310 quod
984 1239 1079 1293 ista
1108 1237 1372 1309 sequitur,
1425 1250 1512 1291 me
1556 1247 1767 1290 rursum
1797 1233 2067 1320 sollicitat.

480 1331 615 1388 Cum
646 1331 789 1387 enim
809 1330 878 1386 de
904 1330 1088 1400 quinto
1113 1327 1344 1398 capitulo
1369 1325 1488 1381 libri
1518 1323 1755 1381 leestii
1787 1320 1909 1379 huic
1937 1323 2068 1378 fuis-

483 1433 567 1480 set
591 1423 881 1491 objcctum,
911 1419 1050 1491 quod
1086 1437 1105 1471 ι
1142 1407 1410 1474 affirment
1441 1429 1869 1487 unumquemque
1897 1413 2068 1469 homi-

482 1501 603 1572 nem
621 1527 805 1568 omnes
823 1513 1043 1567 virtutes
1059 1525 1214 1580 posse
1235 1509 1431 1565 habere
1449 1516 1503 1565 et
1519 1509 1738 1580 gratias,
1756 1517 1810 1563 et
1827 1506 2071 1562 auferant

479 1605 839 1661 diversitatem
862 1603 1169 1674 gratiarum,
1198 1616 1356 1672 quam
1382 1599 1667 1672 Apostolus
1689 1598 1882 1655 docet:
1920 1617 1939 1652 ι
1969 1598 2070 1654 Po-

478 1697 649 1768 lagius
671 1695 966 1768 respondit,
1003 1711 1025 1747 ι
1060 1693 1269 1750 Dictum
1288 1701 1372 1750 est
1390 1708 1418 1746 a
1447 1692 1619 1758 nobis,
1651 1692 1746 1747 sed
1768 1691 1994 1763 maligne
2015 1700 2070 1747 et

480 1789 724 1861 imperite
749 1783 1220 1858 reprehenderunt.
1250 1783 1365 1840 Non
1392 1783 1534 1840 enim
1557 1781 1847 1838 auferimus
1870 1783 2069 1854 gratia-

478 1896 598 1935 rum
632 1878 994 1934 diversitatem
1027 1894 1041 1931 :
1073 1875 1166 1933 sed
1208 1875 1434 1932 dicimus
1476 1875 1677 1932 donare
1702 1875 1867 1931 Deum
1892 1875 1940 1932 ei
1978 1877 2068 1946 qui

479 1969 641 2026 fuerit
684 1969 874 2040 dignus
921 1967 1183 2038 accipere,
1232 1981 1418 2022 onmes
1461 1965 1679 2038 gratias,
1728 1967 1866 2022 sicut
1903 1966 2070 2023 Paulo

477 2059 721 2130 apostolo
741 2058 977 2115 donavit.
1015 2077 1035 2111 ι
1067 2055 1146 2114 Ad
1185 2058 1286 2112 hoc
1314 2055 1562 2128 Synodos
1588 2055 1722 2111 dixit
1753 2074 1767 2110 :
1805 2073 1824 2109 ι
1859 2055 2063 2113 Conse-

477 2159 706 2220 quenter
728 2156 782 2205 et
806 2149 1168 2208 ecclesiastico
1194 2143 1352 2204 sensu
1382 2156 1436 2203 et
1465 2147 1578 2220 ipse
1602 2145 1812 2203 sensisti
1834 2147 1901 2204 de
1926 2147 2068 2205 deuo

475 2245 788 2315 gratiarum,
816 2258 935 2313 qua:
961 2241 1011 2295 in
1033 2247 1218 2294 sancto
1243 2240 1499 2309 Apostolo
1523 2240 1880 2297 continentur.
1919 2255 1940 2292 ι
1971 2238 2069 2295 llic

477 2335 621 2388 «licet
645 2333 836 2404 aliquis
856 2349 868 2386 :
888 2331 1021 2398 Quid
1048 2347 1176 2401 ergo
1201 2330 1488 2386 sollicitat?
1514 2331 1594 2385 An
1626 2339 1679 2385 tu
1707 2330 1923 2402 negabis
1946 2346 2065 2386 om-

477 2443 573 2486 nes
600 2429 823 2482 virtutes
862 2435 912 2480 et
938 2424 1135 2496 gratias
1176 2423 1337 2478 fuisse
1366 2423 1418 2477 in
1446 2423 1737 2492 Apostolo‘l
1767 2423 1878 2494 Ego
1915 2439 2064 2490 vero,

477 2520 522 2572 si
544 2519 647 2572 illa:
671 2515 996 2586 accipiantur
1016 2529 1224 2579 omnes,
1247 2527 1380 2584 quas
1405 2527 1512 2567 uno
1532 2513 1759 2584 quodam
1783 2514 1897 2584 ipse
1921 2515 2064 2585 Apo-

475 2610 647 2669 swlus
690 2609 1128 2665 commemoravit
1165 2606 1303 2672 loco,
1353 2621 1486 2676 quas
1524 2605 1879 2698 egepismpos
1906 2606 2065 2661 intel-

475 2706 671 2762 lexisse
691 2703 942 2766 arbitror,
972 2709 1029 2755 ut
1057 2700 1159 2754 hoc
1186 2697 1561 2771 approbarent,
1583 2697 1636 2753 et
1663 2699 2068 2770 pronuntiarent

482 2817 502 2848 ι
537 2811 698 2852 sensu
735 2795 1098 2852 ecclesiastico
1135 2794 1373 2859 dictum,
1415 2812 1434 2846 ι
1469 2808 1574 2848 non
1614 2808 1706 2847 cas
1743 2791 1928 2849 dubito
1966 2792 2063 2848 ba-

475 2889 658 2949 buisse
700 2887 998 2959 apostolum
1046 2884 1286 2941 Paulum.
1339 2885 1426 2940 Ait
1457 2884 1597 2940 enim
1645 2901 1659 2937 :
1704 2882 1774 2939 Et
1819 2886 2066 2957 quosdam

474 2979 676 3050 quidem
726 2980 892 3050 posuit
938 2975 1077 3031 Deus
1125 2977 1179 3030 in
1240 2975 1503 3042 Ecclesia,
1560 2975 1723 3047 primo
1766 2980 2062 3047 apostolos,

479 3070 702 3126 secunda
742 3069 1012 3138 prophetas
1034 3109 1050 3136 ,
1094 3069 1240 3123 tertio
1291 3066 1519 3125 doctores
1542 3109 1556 3133 ,
1603 3067 1784 3124 deinde
1823 3070 2060 3139 virtutes,

475 3162 658 3217 deinde
712 3161 1008 3217 donationes
1049 3161 1352 3226 sanitatum,
1400 3159 1687 3234 adjutoria,
1735 3160 2062 3233 gubernatio-

474 3272 582 3318 ues,
615 3271 797 3326 genere
839 3253 1128 3325 linguarum
1160 3251 1212 3325 (Ι
1253 3251 1372 3309 Cor.
1413 3268 1524 3319 xu,
1553 3251 1684 3325 28).
1729 3253 1865 3323 Quid
1895 3254 2064 3327 ergo?

473 3345 713 3402 dicemus
736 3344 874 3415 quod
903 3345 1018 3400 hwc
1042 3343 1219 3399 omnia
1247 3359 1352 3400 non
1375 3343 1616 3399 habuerit
1637 3349 1907 3414 apostolos
1927 3345 2064 3403 Pau-

472 3437 594 3492 lus?
617 3437 744 3507 Quis
778 3435 878 3492 hoc
905 3435 1097 3493 audeat
1117 3435 1333 3495 dicere?
1363 3436 1490 3490 Nam
1525 3449 1592 3492 eo
1625 3435 1740 3506 ipso
1765 3436 1904 3506 quod
1932 3452 2062 3508 apo.

472 3534 639 3587 stolas
667 3541 804 3597 erat,
835 3531 1061 3586 habebat
1090 3531 1273 3602 utique
1302 3530 1675 3601 apostolatnm.
1701 3529 1806 3585 Sed
1833 3528 2061 3588 habebat

470 3634 526 3679 et
555 3622 909 3694 prophetiam.
953 3625 1034 3676 An
1079 3637 1184 3676 non
1217 3621 1492 3692 prophetia
1522 3621 1639 3690 ejus
1682 3621 1803 3676 est?
1834 3622 2060 3692 Spiritus

470 3717 611 3770 enim
635 3715 901 3784 manifeste
919 3713 1059 3782 dicit,
1083 3715 1200 3784 quia
1219 3715 1270 3768 in
1295 3713 1576 3768 novissimis
1600 3715 1904 3784 temporibus
1922 3731 2058 3770 rece-

470 3809 594 3864 dent
617 3809 824 3877 quidam
848 3824 879 3861 a
903 3807 1036 3877 ﬁde,
1059 3807 1370 3863 intendentes
1406 3807 1666 3876 spiritibus
1690 3808 2055 3879 seductoribus,

469 3899 713 3955 doctrinis
752 3899 1115 3954 dtemoniorum
1163 3897 1219 3970 (Ι
1275 3897 1406 3953 Tim.
1453 3915 1524 3964 tv,
1577 3899 1667 3971 l).
1696 3899 1810 3971 Ipse
1849 3912 1964 3958 erat
2004 3913 2057 3960 et

469 3994 642 4046 doctor
663 3989 895 4045 Gentium
918 3990 971 4044 in
999 3989 1103 4060 ﬁde
1127 4001 1175 4045 et
1201 3991 1406 4046 veritate
1425 3989 1537 4055 (Id.
1569 4007 1626 4055 ιι,
1659 3993 1722 4064 7)
1747 4009 1762 4048 :
1793 4001 1846 4048 et
1865 4009 2056 4064 opera-

471 4084 624 4138 batur
661 4083 879 4138 virtotrs
904 4095 957 4138 et
986 4083 1274 4149 sanitates;
1307 4099 1430 4140 nam
1455 4085 1787 4142 mordentem
1819 4087 2054 4157 viperam

469 4190 629 4230 manu
657 4169 890 4232 excussit
921 4175 1082 4230 ill.csa
1111 4175 1246 4246 (Act.
1284 4191 1483 4242 xxvm,
1510 4176 1604 4248 5),
1653 4186 1709 4232 et
1734 4179 2056 4250 paralyticos

465 4265 530 4320 ad
559 4266 776 4320 verbum
804 4265 918 4336 ejus
946 4266 1188 4322 reatituta
1217 4266 1472 4323 continuo
1499 4269 1669 4323 salute
1689 4271 1918 4325 surrexit
1939 4269 2050 4340 (Id.

468 4373 580 4422 XIV,
613 4357 703 4429 9).
733 4357 1009 4429 Adjutoria
1031 4373 1148 4428 qme
1169 4359 1332 4426 dicat,
1355 4359 1638 4416 obscurum
1667 4371 1782 4428 est;
1803 4363 2052 4433 quoniam

461 4449 549 4503 vis
587 4448 745 4520 hujus
775 4451 920 4505 verbi
952 4451 1056 4506 late
1085 4462 1228 4522 patet
1255 4469 1268 4505 :
1297 4453 1414 4522 quis
1445 4460 1624 4509 tamen
1661 4453 1783 4510 huic
1816 4465 1870 4510 et
1899 4457 2052 4512 istam

463 4541 689 4608 gratiam
726 4541 960 4597 defuisse
1000 4539 1175 4609 dicat,
1205 4557 1300 4613 per
1361 4544 1512 4614 cujus
1541 4545 1776 4601 laborem
1827 4550 2052 4605 salutem

468 4635 743 4689 hominum
776 4636 853 4689 sic
873 4645 1081 4691 constat
1108 4636 1386 4704 adiutam?
1411 4638 1546 4706 Quid
1572 4655 1699 4695 vero
1724 4641 1840 4712 ejus
1864 4648 2054 4714 guber-

467 4727 683 4781 natione
710 4727 1038 4796 pra-clarius,
1067 4729 1278 4798 quando
1299 4739 1351 4784 et
1377 4745 1472 4801 per
1499 4748 1620 4787 eum
1647 4732 1902 4793 Dominus
1930 4745 2053 4792 tunc

467 4828 545 4872 tot
581 4819 850 4875 Ecclesias
877 4821 1214 4891 gubernavit,
1245 4833 1298 4878 et
1341 4840 1436 4894 per
1463 4825 1579 4897 ejus
1606 4827 1875 4897 Epistolas
1912 4848 2053 4888 nunc

464 4911 758 4978 gubernat?
781 4911 898 4966 .lam
920 4928 1116 4982 genera
1145 4915 1464 4987 linguarum,
1487 4935 1604 4990 quae
1633 4921 1708 4976 illi
1739 4922 1926 4979 deesse
1954 4941 2051 4996 po-

467 5010 718 5068 tuerunt,
751 5017 868 5057 cunt
901 5005 1014 5074 ipse
1040 5003 1209 5069 dicat,
1249 5006 1453 5064 Gratias
1487 5009 1590 5066 Deo
1610 5054 1623 5074 ,
1667 5015 1802 5084 quod
1827 5019 2052 5072 onmium

463 5103 683 5150 vestrum
721 5094 897 5166 lingua
935 5095 1114 5165 loquor
1157 5093 1209 5167 (Ι
1259 5097 1378 5156 Cor.
1434 5115 1544 5167 xiv,
1593 5102 1894 5174 l8)?Quia
1923 5123 2052 5177 ergo

465 5187 690 5240 istorum
719 5187 956 5242 onmimn
998 5187 1125 5242 nihil
1169 5191 1414 5258 apostolo
1456 5193 1620 5249 Paulo
1660 5195 1894 5253 defuisse
1929 5213 2050 5254 cre-

465 5276 696 5333 dendum
721 5287 824 5342 est,
867 5289 1144 5349 propterea
1193 5283 1588 5352 responsionem
1622 5285 1838 5356 Pelagii,
1873 5305 1892 5340 ι
1928 5305 2049 5345 om-

465 5386 564 5426 nes
591 5372 789 5442 gratias
816 5372 864 5428 ei
893 5373 1116 5433 dtinaias
1145 5389 1262 5430 esse
1297 5393 1316 5428 ι
1347 5375 1592 5442 dicentis,
1620 5377 1825 5447 jodiLQs
1852 5397 2047 5454 appro-

464 5465 748 5522 baverunt.
776 5466 880 5522 Sed
909 5477 1030 5521 sunt
1058 5477 1112 5523 et
1139 5468 1257 5523 alia:
1290 5468 1475 5538 gratia:
1495 5509 1510 5533 ,
1545 5485 1666 5539 qum
1693 5470 1777 5527 hic
1809 5487 2046 5530 comme-

465 5566 686 5614 morata:
715 5573 822 5620 non
848 5570 990 5614 sunt.
1016 5559 1198 5631 Noqoo
1219 5562 1382 5625 enim,
1407 5563 1651 5631 quamvis
1674 5573 1818 5618 esset
1835 5574 2050 5634 aposto-

467 5650 550 5712 lus
596 5650 790 5707 Paulus
842 5651 1066 5707 multum
1129 5653 1400 5708 excellens
1456 5653 1753 5708 membrum
1805 5657 2048 5724 corporis

467 5743 687 5810 Christi,
731 5742 909 5801 nullas
944 5742 1128 5814 plures
1166 5750 1222 5798 et
1263 5744 1552 5814 ampliores
1599 5745 1801 5816 gratias
1843 5747 2050 5818 accepit

468 5836 642 5911 ipsum
685 5834 843 5896 totius
888 5835 1129 5910 corporis
1166 5845 1346 5910 caput,
1385 5836 1499 5894 sive
1527 5838 1580 5900 in
1611 5853 1794 5907 carne,
1835 5839 1948 5897 sive
1993 5839 2044 5899 in

1525 385 1612 439 DE
1653 382 1897 438 CESTIS
1943 380 2236 449 l‘l‘ZlAGll,
2277 381 2333 437 S.
2376 381 2741 445 AUGl'S’llNl

3664 401 3764 462 'sof

2181 500 2354 552 anima
2390 502 2617 557 hominis
2639 547 2652 572 ,
2685 522 2841 577 quam
2873 519 3170 567 creaturam
3210 528 3360 572 suam
3401 515 3633 578 Verbum
3671 521 3765 591 llcl

2182 591 2232 649 in
2265 595 2515 649 unitatem
2543 614 2782 668 persona:
2811 618 2941 664 sum.
2976 615 3032 660 ut
3058 617 3296 664 nostrum
3323 621 3480 681 caput
3523 625 3690 676 esset,
3712 625 3765 671 et

2178 697 2373 752 corpus
2421 686 2536 755 ejus
2582 703 2842 755 essemus,
2887 696 3191 765 assumpsit.
3224 697 3290 753 Et
3333 715 3516 756 revera
3557 709 3602 757 si
3645 719 3768 761 esse

2180 786 2394 845 possent
2419 778 2470 832 in
2501 779 2724 852 singulis
2749 785 2947 850 Omnia,
2979 787 3170 842 frustra
3200 790 3265 844 de
3293 793 3546 848 membris
3571 811 3742 863 corpo

2177 867 2253 924 ris
2301 872 2467 927 nostri
2511 874 2578 929 ad
2624 875 2761 932 hanc
2799 893 2912 933 rem
2961 879 3080 935 data
3129 883 3421 940 similitudo
3471 886 3766 944 videretur.

2175 959 2311 1018 Sunt
2355 966 2498 1020 enim
2553 969 2794 1038 quaedam
2841 975 3145 1029 communia
3193 977 3438 1034 omnibus
3482 981 3764 1044 membris,

2175 1052 2313 1109 sicut
2341 1058 2556 1124 sanius,
2592 1060 2730 1115 sicut
2754 1060 2858 1116 vita
2887 1074 3048 1120 :snnt
3072 1075 3247 1122 autem
3276 1069 3375 1123 alia
3399 1071 3556 1125 etiam
3585 1071 3770 1141 singu-

2184 1145 2250 1203 lis
2275 1151 2510 1222 propria,
2540 1154 2680 1208 unde
2716 1170 2814 1210 nec
2837 1157 2978 1211 auris
3006 1159 3167 1214 sentit
3194 1162 3423 1230 colores,
3448 1179 3547 1219 nec
3576 1165 3770 1220 oculos

2175 1251 2364 1305 voces;
2392 1238 2608 1312 propter
2632 1243 2773 1316 quod
2803 1245 3015 1315 dicitur,
3051 1248 3115 1306 Si
3142 1261 3302 1306 totum
3339 1269 3522 1326 corpus
3560 1258 3764 1323 oculus,

2175 1329 2262 1384 ubi
2283 1328 2607 1392 auditus?Si
2628 1347 2786 1392 totum
2808 1340 3031 1409 auditus,
3053 1343 3140 1397 ubi
3166 1345 3408 1401 odoratus
3441 1347 3482 1419 (Ι
3511 1347 3629 1403 Cor.
3661 1365 3766 1417 xu,

2177 1419 2316 1494 £7)?
2344 1420 2494 1490 Quod
2521 1427 2733 1496 quidem
2766 1444 2869 1483 non
2898 1430 2966 1485 ita
2995 1431 3207 1501 dicitur,
3234 1441 3483 1503 tanquam
3511 1438 3766 1509 impossi-

2175 1509 2281 1566 bile
2313 1511 2422 1568 Deo
2463 1513 2553 1580 sit,
2587 1524 2640 1571 et
2669 1518 2886 1574 auribus
2911 1531 3164 1591 praestare
3188 1539 3400 1580 sensum
3432 1526 3680 1597 videndi,
3711 1540 3771 1585 et

2175 1601 2347 1656 oculis
2369 1601 2638 1660 audiendi.
2671 1605 2810 1676 Quid
2844 1619 3023 1668 tamen
3057 1611 3214 1669 faciat
3244 1615 3295 1670 in
3321 1616 3514 1672 Christi
3535 1633 3770 1691 corpore

2173 1690 2314 1761 quod
2336 1704 2417 1748 est
2445 1694 2703 1765 Ecdosia,
2729 1707 2781 1755 et
2803 1717 2957 1771 quam
2980 1702 3339 1762 diversitatem
3361 1690 3722 1768 Ecclesiarum
3745 1712 3767 1746 ⁸

2174 1779 2321 1837 velut
2359 1799 2456 1852 per
2483 1788 2719 1844 membra
2750 1790 2962 1846 diversa
2999 1802 3059 1848 ut
3087 1805 3265 1851 essent
3291 1797 3428 1853 dona
3457 1802 3616 1856 etiam
3647 1803 3768 1858 sin-

2172 1874 2309 1943 gulis
2347 1879 2582 1948 propria,
2631 1879 3009 1953 significaverit
3046 1887 3352 1958 Apostolus,
3384 1876 3587 1949 eertum
3621 1899 3764 1952 cst'.

2171 1963 2525 2037 Quapropter,
2541 1978 2592 2025 et
2605 1987 2704 2041 qua
2727 1987 2886 2030 causa
2903 1973 2958 2030 hi
2977 1978 3063 2047 qui
3080 1978 3207 2034 illud
3220 1981 3549 2052 objecerunt,
3564 1987 3766 2041 auferri

2174 2056 2439 2114 noluerint
2459 2059 2764 2118 distantiam
2791 2067 3100 2136 gratiarum,
3131 2077 3186 2126 et
3212 2087 3314 2143 qua
3343 2089 3500 2130 causa
3523 2077 3767 2148 episcopi

2172 2158 2388 2220 propter
2417 2149 2635 2209 Paulum
2665 2157 2988 2226 apostolum,
3023 2161 3074 2214 in
3108 2178 3213 2231 quo
3243 2163 3380 2219 dona
3411 2171 3611 2234 omnia,
3640 2184 3770 2238 qua:

2173 2240 2292 2297 loco
2329 2259 2436 2298 uno
2478 2250 2954 2319 commemoravit,
2983 2255 3320 2323 agnoscimus
3343 2298 3359 2324 ,
3394 2257 3445 2313 id
3490 2259 3630 2329 quod
3673 2275 3768 2316 re-

2171 2333 2385 2403 Spondit
2407 2333 2650 2408 Pelagius
2673 2341 2940 2409 potuerint
2959 2345 3275 2415 approbare,
3290 2347 3398 2416 jam
3423 2351 3623 2406 clarum
3653 2363 3765 2407 est.

2241 2422 2331 2478 53.
2357 2424 2493 2492 Quid
2521 2435 2603 2482 est
2625 2443 2775 2500 ergo,
2804 2431 2946 2487 unde
2975 2449 3060 2488 me
3083 2435 3147 2490 de
3178 2435 3278 2492 hoc
3306 2439 3534 2510 capitulo
3559 2443 3764 2498 sollici-

2171 2521 2282 2568 tum
2314 2515 2506 2572 factum
2533 2533 2653 2575 esse
2679 2521 2941 2590 prmdixi?
2965 2524 3075 2580 Hoc
3101 2526 3366 2594 videlicet,
3399 2530 3542 2600 quod
3567 2534 3639 2586 ait
3662 2533 3768 2589 Pi»

2171 2604 2361 2677 lagins,
2399 2626 2418 2661 ι
2454 2610 2665 2667 Donare
2695 2613 2858 2669 Deum
2890 2617 2957 2679 ei,
2988 2618 3074 2686 qui
3099 2619 3254 2673 fuerit
3281 2619 3472 2692 dignus
3495 2618 3764 2694 accipere,

2175 2711 2363 2753 omnes
2392 2700 2612 2770 gratias,
2645 2703 2786 2758 sicut
2816 2704 2981 2761 Paulo
3019 2711 3260 2780 apostolo
3288 2713 3524 2770 donavit.
3563 2735 3583 2769 ι
3616 2715 3769 2772 Nihil

2170 2800 2346 2842 essem
2388 2789 2455 2845 de
2497 2790 2598 2848 hac
2625 2793 2742 2876 ejus
2785 2799 3134 2868 responsione
3161 2803 3455 2873 sollicitus,
3491 2809 3590 2863 nisi
3615 2811 3765 2881 quod

2179 2876 2374 2933 attinet
2398 2879 2464 2935 ad
2500 2872 2903 2952 hanclcausam,
2941 2889 3093 2959 cujus
3117 2893 3346 2951 maxime
3374 2872 3498 2952 cura
3525 2872 3765 2970 gerenda

2175 2980 2278 3038 est,
2311 2988 2378 3028 ne
2408 2975 2610 3031 scilicet
2633 2979 2801 3048 gratia
2835 2979 2949 3046 Dei,
2974 2982 3127 3039 nobis
3159 2989 3452 3045 tacentibus
3481 3002 3533 3046 et
3555 3001 3767 3050 tantum

2170 3063 2370 3120 tnalum
2402 3065 2894 3141 dissimulantibus,
2942 3090 3296 3149 oppugnetur.
3332 3082 3463 3137 Cum
3501 3099 3626 3155 ergo
3651 3101 3766 3142 non

2167 3157 2261 3220 ait,
2318 3157 2528 3216 [tonare
2579 3161 2745 3218 Deum
2801 3165 2887 3220 cui
2937 3168 3198 3233 voluerit;
3243 3171 3336 3227 sed
3373 3174 3464 3236 ait,
3494 3193 3512 3228 ι
3547 3175 3768 3232 Donare

2171 3249 2338 3307 Deum
2363 3253 2434 3319 ei,
2459 3254 2548 3324 qui
2577 3253 2736 3312 fuerit
2757 3257 2948 3330 dignus
2969 3263 3231 3333 accipere,
3259 3281 3444 3322 omnes
3461 3270 3693 3338 gratias;
3735 3291 3758 3326 ι

2166 3357 2272 3398 non
2297 3345 2465 3413 potui,
2485 3363 2605 3402 cum
2630 3347 2885 3419 legerem,
2911 3369 3015 3408 non
3038 3367 3158 3410 esse
3177 3359 3552 3429 suspieiosus'.
3578 3361 3766 3433 Ipsum

2164 3435 2361 3506 quippe
2387 3438 2572 3508 gratia:
2602 3456 2798 3498 nomen
2837 3452 2892 3498 et
2930 3446 3044 3515 ejus
3075 3450 3633 3511 nominis‘intellectus
3662 3472 3767 3512 an-

2164 3523 2355 3594 fertur,
2402 3529 2444 3583 si
2474 3544 2579 3585 non
2609 3533 2778 3603 gratis
2822 3534 2998 3602 datur,
3031 3539 3124 3594 sed
3165 3555 3281 3596 eam
3319 3543 3409 3612 qui
3450 3544 3639 3616 dignus
3674 3558 3766 3605 est

2163 3619 2378 3689 accipit.
2411 3622 2493 3676 An
2527 3623 2662 3679 forte
2691 3625 2811 3694 quis
2831 3625 2991 3692 dicet,
3023 3631 3281 3700 Apostolo
3307 3649 3394 3690 me
3423 3635 3597 3693 facere
3618 3638 3766 3710 inju-

2167 3708 2322 3774 riam,
2349 3711 2472 3778 quia
2513 3727 2633 3767 emn
2664 3716 2832 3785 gratia
2861 3717 3077 3788 dignum
3107 3719 3266 3777 fuisse
3304 3739 3410 3779 non
3447 3725 3604 3782 dico?
3642 3708 3764 3784 lino

2165 3807 2292 3855 tunc
2332 3802 2468 3856 facio
2509 3815 2562 3857 et
2591 3803 2666 3860 illi
2709 3806 2976 3877 injuriam,
3011 3819 3064 3865 et
3093 3813 3221 3867 mihi
3262 3829 3493 3884 poenam,
3531 3817 3574 3872 si
3609 3821 3761 3889 quod

2163 3890 2277 3962 ipse
2301 3893 2449 3961 dicit,
2478 3910 2583 3950 non
2625 3897 2806 3953 credo.
2835 3900 2915 3954 Au
2950 3901 3036 3957 ille
3057 3904 3280 3973 gratiam
3327 3921 3431 3962 non
3466 3907 3535 3964 ita
3558 3907 3762 3966 deﬂui-

2167 3984 2260 4044 vit,
2313 3993 2374 4039 ut
2418 4001 2536 4040 eam
2581 3987 2676 4053 sic,
2733 3990 2874 4060 quod
2928 3991 3146 4049 daretur
3193 3997 3379 4066 gratis,
3435 4002 3760 4072 appellatam
3843 4005 3846 4008 ’

2161 4073 2512 4130 ostenderet?
2539 4075 2740 4150 Nempe
2771 4080 2883 4150 ipse
2912 4083 3043 4139 dixit
3073 4100 3092 4139 :
3131 4083 3193 4142 Si
3226 4100 3392 4144 autem
3417 4093 3612 4163 gratia,
3634 4095 3760 4165 jam

2159 4183 2259 4224 non
2307 4184 2370 4222 ea:
2411 4169 2677 4240 aperibus;
2723 4173 2951 4249 alioquin
2999 4179 3160 4249 gratia
3192 4181 3305 4251 jam
3338 4199 3439 4237 non
3477 4196 3547 4239 cst
3585 4188 3759 4258 gratia

2161 4256 2337 4328 (flant.
2366 4275 2440 4324 xl,
2467 4260 2545 4332 6).
2576 4261 2731 4319 Unde
2758 4265 2882 4320 item
2906 4267 3040 4324 dixit
3067 4286 3080 4324 :
3108 4269 3171 4324 lii
3193 4281 3360 4326 autem
3384 4276 3470 4344 qui
3489 4256 3754 4347 aperatur,

2166 4365 2352 4404 merces
2379 4367 2477 4406 non
2506 4353 2790 4426 imputatur
2807 4358 3080 4412 secundum
3105 4362 3338 4433 gratiam,
3370 4367 3458 4418 sed
3475 4369 3759 4424 secundum

2161 4442 2381 4496 debitum
2413 4442 2522 4514 (Id.
2547 4461 2622 4513 tv,
2647 4445 2726 4519 4).
2751 4448 3001 4520 Quisquis
3020 4467 3146 4524 ergo
3171 4453 3360 4526 dignus
3379 4468 3483 4526 est,
3507 4457 3755 4518 debitum

2159 4543 2241 4588 est
2272 4535 2357 4599 ei;
2390 4535 2437 4590 si
2476 4547 2652 4593 autem
2682 4539 2918 4596 debitum
2950 4553 3033 4599 cst
3055 4585 3070 4611 ,
3096 4547 3261 4616 gratia
3293 4563 3398 4604 non
3425 4560 3506 4606 est
3533 4567 3549 4607 :
3577 4555 3756 4623 gratia

2157 4627 2353 4697 quippe
2381 4628 2635 4698 donatur,
2667 4629 2908 4686 debitum
2935 4635 3195 4693 redditur.
3225 4639 3402 4695 Gratia
3428 4657 3555 4713 ergo
3580 4643 3758 4702 dona.

2160 4726 2247 4772 tur
2275 4717 2527 4790 indignis,
2560 4730 2617 4776 ut
2643 4722 2898 4780 reddatur
2925 4725 3160 4784 debitum
3189 4730 3362 4802 dignis
3386 4751 3400 4792 :
3432 4735 3544 4805 ipse
3567 4747 3753 4795 autem

2160 4807 2286 4864 facit
2305 4821 2358 4865 ut
2383 4809 2613 4868 habeant
2633 4828 2985 4889 quaecumque
3010 4820 3313 4878 redditurus
3335 4832 3418 4880 est
3438 4825 3629 4898 dignis,
3653 4832 3756 4901 qui

2157 4916 2218 4955 ea
2244 4911 2363 4973 qua:
2395 4919 2497 4958 non
2532 4904 2798 4961 habebant
2823 4907 3041 4965 donavit
3070 4911 3319 4984 indignis.

2228 4995 2320 5050 54.
2351 4995 2462 5051 Hoc
2483 4996 2619 5054 forte
2644 4997 2822 5055 dicet:
2853 5000 2965 5071 Ego
2992 5018 3096 5058 non
3137 5019 3201 5061 ex
3243 5007 3513 5076 operibus,
3546 5009 3639 5066 sed
3682 5028 3754 5069 ex

2158 5085 2262 5140 fide
2285 5085 2394 5142 dixi
2421 5088 2738 5158 Apostolum
2761 5091 2977 5163 dignum
3001 5094 3184 5161 fuisse,
3208 5099 3292 5153 cui
3321 5107 3479 5156 tanta:
3506 5102 3608 5158 illm
3635 5119 3760 5173 gra.

2159 5183 2247 5234 ιιω
2267 5176 2629 5247 donarentur;
2661 5198 2766 5237 non
2789 5183 2932 5238 enim
2959 5201 3144 5256 opera,
3172 5203 3293 5262 qua:
3323 5191 3458 5246 bona
3488 5204 3611 5248 ante
3639 5210 3755 5249 lmtt

2157 5268 2362 5334 habuit,
2385 5269 2479 5326 sed
2513 5282 2687 5329 tamen
2719 5274 2852 5330 lich
2869 5276 2985 5346 ejus
3009 5278 3109 5334 hoc
3146 5281 3361 5335 meruit.
3389 5283 3523 5349 Quid
3558 5285 3708 5337 enim
3737 5303 3753 5338 ι

2156 5369 2406 5430 putamus
2428 5363 2570 5432 quod
2599 5363 2732 5419 fides
2753 5380 2857 5419 non
2884 5369 3177 5437 operetur?
3208 5369 3322 5424 lmo
3351 5371 3461 5441 ipsa
3484 5373 3747 5429 veraciter

2154 5459 2424 5520 Operatur,
2453 5467 2572 5523 quae
2601 5468 2697 5524 per
2721 5453 3062 5512 dilectionem
3090 5470 3343 5529 operatur
3373 5458 3566 5532 (Galut.
3586 5477 3637 5528 v,
3663 5463 3736 5534 6)

2219 5605 2236 5671 ξ
2261 5610 2418 5671 t-‘orte,
2438 5605 2724 5671 gratiarum.

2217 5665 2238 5696 ι
2262 5667 2403 5778 anui
2427 5665 2580 5730 s'uar.,
2600 5668 2838 5723 incertum
2854 5678 2942 5749 est.

2218 5728 2240 5802 ῗ
2327 5735 2688 5802 “temtas-
2713 5741 2863 5802 Bene.
2895 5737 3138 5802 mercem
3176 5749 3323 5802 sum
3356 5739 3631 5802 legerem.
3653 5755 3757 5798 non

2225 5888 2234 5900 -
2243 5886 2258 5914 ι
2280 5886 2586 5914 Worwswvws
