3996 6474
200 361 308 423 ειι
1646 358 1817 413 LIBRI

1923 358 2085 417 lNUS.

196 476 808 550 Quantumlibctautem
821 492 981 549 opera
995 474 1285 531 intidelium
1301 472 1671 546 pra-dicentur,
1687 472 1823 543 ejus-

196 571 334 625 dem
367 569 591 640 apostoli
632 568 960 624 sententiam
992 582 1169 623 veram
1193 566 1437 621 novimus
1464 574 1517 619 et
1548 564 1818 629 invictam,

198 666 383 719 Onme
406 662 541 735 quod
570 680 675 717 non
700 671 772 717 est
816 677 879 716 ea:
915 660 1048 731 ﬁde,
1081 667 1338 731 peccatum
1378 666 1448 711 cst
1478 656 1659 729 (llam.
1708 670 1817 720 xw,

194 757 268 811 25
283 756 307 822 )
323 796 342 809 .
375 756 494 811 ldco
510 770 642 810 vero
660 770 806 824 saepe
823 753 971 819 dicit,
992 768 1095 805 nou
1114 766 1179 805 ex
1198 749 1467 817 operibus,
1491 746 1583 802 sed
1605 763 1668 801 es
1693 746 1814 811 lide,

198 850 378 904 nobis
396 847 663 920 justitiam
686 843 956 916 deputari,
982 859 1102 900 cum
1122 841 1294 913 potius
1316 840 1445 895 lides
1467 856 1561 909 per
1581 838 1821 893 dilectio-

197 956 336 995 nem
371 947 655 1011 operetur,
688 952 756 993 ne
778 937 1061 1008 quisquam
1084 935 1350 990 existimet
1373 931 1440 986 ad
1466 931 1635 1001 ipsam
1658 929 1813 985 tidem

196 1031 433 1086 meritis
462 1045 687 1102 operum
717 1025 1008 1099 perveniri,
1034 1040 1155 1082 cum
1183 1025 1296 1095 ipsa
1323 1024 1390 1078 sit
1419 1022 1645 1089 initium,
1676 1019 1816 1076 unde

200 1123 362 1180 bzna
389 1137 555 1193 opera
584 1119 883 1190 incipiunt;
916 1116 1189 1187 quoniam,
1224 1125 1281 1170 ut
1308 1114 1505 1169 dictum
1538 1121 1644 1179 est,
1676 1111 1817 1183 quod

197 1235 263 1270 ex
303 1217 431 1285 ipsa
464 1230 567 1269 non
593 1221 696 1279 est,
730 1220 1002 1285 peccatum
1032 1219 1133 1266 est.
1163 1208 1298 1265 Hinc
1322 1217 1379 1264 et
1404 1207 1655 1263 Ecclesia:
1689 1206 1819 1261 dici-

200 1321 291 1361 tur
318 1309 381 1362 in
414 1306 643 1361 Cantica
668 1304 1023 1368 canticorum,
1060 1300 1258 1365 Venies,
1289 1314 1336 1355 et
1356 1300 1566 1353 transies
1590 1298 1651 1352 ab
1675 1298 1819 1353 initio

201 1401 333 1468 ﬁdei
366 1398 551 1470 (Cant.
597 1414 668 1462 tv,
714 1398 771 1465 8,
810 1414 911 1452 sec.
955 1394 1159 1465 LXX).
1194 1394 1532 1464 Quapropter
1572 1389 1820 1462 quamvis

201 1497 356 1547 bene
391 1489 652 1562 cperaudi
679 1493 905 1562 gratiam
950 1488 1086 1544 ﬁdes
1124 1489 1419 1558 impetret:
1461 1486 1625 1557 ip~am
1672 1494 1820 1540 certe

203 1584 380 1639 tidem
417 1592 481 1638 ut
501 1583 837 1643 haberemus.
864 1581 1006 1636 nulla
1038 1580 1141 1635 title
1181 1578 1502 1643 meruimus,
1534 1576 1628 1633 sed
1673 1578 1723 1631 in
1753 1592 1817 1631 ea

201 1676 375 1730 nobis
402 1674 601 1737 danda,
649 1674 700 1727 in
740 1688 842 1744 qua
873 1672 1153 1727 Dominum
1196 1684 1558 1739 sequeremur,
1606 1667 1818 1723 miseri-

201 1767 401 1821 cordia
430 1767 554 1835 ejus
588 1764 845 1836 prmvenit
880 1780 976 1818 nos
1012 1762 1185 1835 (Psal.
1212 1778 1359 1828 LVIII,
1392 1760 1502 1832 ll).
1532 1762 1613 1815 An
1647 1762 1815 1830 ipsam

3401 370 3506 427 διε

1924 476 2002 528 vit
2042 474 2274 547 indigno.
2321 479 2401 534 An
2447 479 2548 538 hoc
2589 499 2675 539 me
2716 484 2916 543 dixisse
2954 488 3268 559 paenitebit?
3309 492 3506 550 Abtiit:

1924 566 2042 637 ejus
2092 569 2233 625 enim
2291 572 2593 630 testimonio
2643 576 2711 633 ab
2759 578 2858 637 bac
2908 582 3102 640 invidia
3150 586 3509 656 delensabor,

1926 674 2025 713 nec
2064 676 2150 715 me
2176 660 2452 735 quisquam
2499 668 2707 724 vorabit
2734 672 3019 743 audacem,
3068 678 3169 734 nisi
3217 682 3305 752 qui
3350 682 3511 741 fuerit

1924 766 2086 806 ausus
2114 754 2285 824 ipsum
2314 773 2505 814 vocare
2531 760 2862 819 mendacem.
2895 767 3013 839 ipse
3039 771 3259 840 clamat,
3287 775 3401 846 ipse
3432 787 3511 837 te-

1926 850 2117 911 statur,
2164 846 2277 915 ipse
2305 855 2361 902 ut
2394 848 2445 902 in
2476 864 2533 905 se
2564 851 2656 906 Dei
2678 855 2814 910 dona
2851 862 3208 932 commendet,
3232 882 3332 923 nec
3363 869 3417 924 iu
3445 885 3505 925 se

1926 932 2072 1033 ipso,
2117 936 2232 1033 sed“
2258 937 2309 993 in
2349 939 2573 1033 Domino
2588 945 2844 1014 glorietur
2873 950 2888 982 ⁸
2916 951 2967 1022 (l
2992 951 3115 1010 Cor.
3146 972 3163 1012 I
3190 999 3206 1024 ,
3232 958 3295 1015 δι
3317 962 3373 1033 ),
3400 978 3507 1018 non

1925 1022 2099 1126 solum
2128 1026 2265 1083 nulla
2293 1045 2350 1087 se
2372 1029 2620 1093 habuisse
2645 1036 2771 1095 dicit
2798 1044 2988 1099 merita
3014 1045 3150 1103 bona
3169 1022 3269 1116 ,Vut
3291 1022 3509 1126 aposto-

1924 1113 2006 1170 lus
2046 1117 2231 1185 fieret;
2263 1123 2358 1178 sed
2399 1126 2559 1181 etiam
2589 1129 2725 1185 mala
2759 1134 2947 1191 merita
2980 1150 3076 1193 sua
3111 1113 3274 1208 dicit,
3316 1113 3374 1200 ut
3413 1148 3507 1203 Dei

1922 1211 2144 1280 gratiam
2165 1215 2467 1273 manifestat
2493 1230 2547 1276 et
2570 1222 2836 1292 prtedicet.
2863 1226 2984 1283 Non
3001 1247 3138 1297 smn,
3167 1233 3373 1305 inquit,
3394 1239 3506 1295 ido-

1922 1320 2044 1401 neus
2088 1309 2254 1401 vocari
2290 1312 2551 1382 apostolus
2586 1330 2606 1371 :
2628 1318 2769 1386 quod
2809 1322 2936 1391 quid
2973 1333 3055 1379 est
3096 1326 3274 1393 aliud,
3310 1346 3507 1401 quam,

1921 1396 2037 1453 Non
2068 1416 2186 1455 sum
2215 1400 2438 1473 dignus?
2461 1422 2581 1462 nam
2606 1408 2711 1466 boc
2733 1412 2972 1484 plerique
2997 1416 3147 1472 latini
3168 1396 3382 1477 codices
3412 1396 3505 1479 lia;

1920 1486 2067 1544 itcrat.
2112 1490 2221 1547 lloc
2252 1502 2336 1549 est
2378 1512 2571 1568 nempe
2609 1502 2751 1571 quod
2791 1507 3078 1575 qumrimus
3119 1526 3356 1583 :nempe
3399 1515 3505 1571 ista

1922 1596 2144 1638 nmnere
2186 1587 2516 1655 apostolatus
2562 1590 2663 1646 illa:
2706 1608 2893 1650 omnes
2930 1598 3114 1667 grati:e
3141 1604 3504 1663 continentur.

1920 1672 2037 1729 Non
2079 1677 2220 1732 enim
2252 1676 2477 1737 decebat
2500 1692 2591 1736 aut
2628 1688 2907 1755 oportebat
2939 1693 3240 1760 apostolum
3277 1712 3382 1753 non
3412 1699 3507 1753 ba-

203 1860 372 1913 nobis
399 1874 503 1913 nos
529 1858 793 1921 dedimus,
826 1866 879 1912 et
906 1856 1006 1927 ipsi
1038 1869 1136 1910 nos
1171 1855 1313 1925 ipsos
1340 1853 1521 1909 tideles
1550 1851 1818 1909 fecimus?

204 1951 452 2004 Prorsus
482 1950 641 2004 etiam
670 1947 757 2002 hic
792 1948 1056 2015 clamabo,
1092 1946 1212 2017 Ipse
1239 1947 1356 2017 fecit
1379 1962 1489 2011 nos,
1520 1955 1565 2000 et
1588 1962 1688 1999 non
1722 1944 1820 2016 ipsi

205 2059 302 2094 nos
336 2039 515 2111 (Psal.
550 2057 693 2107 seu,
720 2041 799 2111 5).
822 2038 963 2096 Nihil
988 2054 1113 2093 vero
1140 2038 1283 2093 aliud
1309 2038 1596 2109 apostolica
1619 2037 1818 2091 doctri-

206 2150 271 2186 na
301 2131 675 2193 eruntin-adat,
704 2129 791 2185 ubi
818 2132 890 2185 ait
922 2148 935 2184 :
971 2128 1096 2184 Dico
1123 2139 1290 2183 autem
1321 2146 1410 2197 per
1446 2129 1667 2200 gratiam
1700 2126 1811 2193 Dei,

205 2240 323 2293 qua
345 2224 474 2275 data
504 2234 575 2275 est
599 2222 742 2289 mihi,
771 2222 1001 2276 omnibus
1038 2220 1125 2290 qui
1159 2229 1276 2273 sunt
1305 2219 1356 2273 in
1386 2220 1542 2282 vobis,
1571 2236 1670 2272 non
1703 2219 1818 2288 plus

204 2333 411 2386 sapere,
452 2333 607 2385 quam
645 2325 837 2387 oportet
864 2332 1060 2386 sapere,
1105 2312 1194 2367 sed
1222 2330 1398 2383 sapere
1435 2312 1502 2367 ad
1528 2328 1815 2382 temperan-

204 2410 353 2471 (iant,
387 2410 524 2462 sicut
545 2408 814 2477 unicuique
844 2406 983 2462 Deus
1022 2409 1239 2478 partitus
1261 2415 1336 2461 est
1374 2423 1658 2461 mensuram
1697 2406 1817 2475 ﬁdei

208 2501 394 2569 (Itoni.
428 2515 529 2565 xu,
563 2499 638 2569 3).
676 2500 811 2553 llinc
853 2507 937 2553 est
979 2498 1175 2569 quippe
1215 2507 1271 2554 et
1308 2496 1435 2551 illud
1469 2514 1483 2551 :
1525 2496 1660 2562 Quid
1684 2498 1816 2551 enim

204 2592 363 2645 habes
384 2592 523 2660 quod
554 2608 653 2645 non
683 2591 919 2661 accepisti
945 2587 1001 2663 (Ι
1029 2590 1145 2644 Cor.
1172 2606 1245 2657 tv,
1267 2588 1360 2660 7)?
1382 2587 1605 2656 Quando
1627 2597 1683 2643 ct
1715 2588 1815 2643 boc

203 2686 545 2754 accepimus,
576 2682 717 2739 unde
761 2684 947 2754 incipit
984 2682 1238 2755 quidquid
1284 2682 1337 2737 in
1384 2681 1582 2738 nostris
1608 2681 1814 2737 actibus

206 2774 476 2830 habemus
502 2775 647 2829 boui.

280 2867 378 2922 35.
412 2866 555 2936 Quid
574 2875 655 2921 cst
682 2881 810 2936 ergo
827 2864 965 2937 quod
982 2865 1121 2921 idem
1144 2863 1272 2920 dicit
1300 2864 1593 2935 aposmlus,
1618 2863 1817 2920 Bonum

207 2965 471 3009 certamen
500 2956 708 3020 certaui,
732 2973 937 3011 cursum
965 2956 1327 3023 consummavi,
1352 2956 1508 3026 ﬁdem
1526 2956 1737 3022 servavi;
1754 2955 1817 3009 de

207 3060 394 3103 cetera
414 3060 648 3118 superest
673 3050 799 3102 nti/ii
831 3066 1018 3103 corona
1038 3049 1278 3121 justitiat,
1309 3064 1460 3118 quam
1492 3048 1665 3102 reddet
1694 3048 1816 3102 milii

212 3142 471 3196 Dominus
495 3144 548 3195 in
574 3142 663 3195 illo
697 3142 780 3195 die
805 3142 975 3214 justus
998 3142 1160 3213 iudex
1186 3139 1259 3214 (Il
1288 3140 1417 3195 Tim.
1449 3157 1521 3206 Iv,
1549 3142 1601 3207 7,
1634 3140 1732 3211 8);
1770 3141 1815 3195 si

210 3235 331 3290 inec
372 3251 483 3290 non
534 3235 827 3290 redduntur
868 3234 1062 3305 dignis,
1107 3233 1202 3295 sed
1239 3234 1505 3289 donantur
1550 3232 1816 3303 indignis?

214 3328 329 3381 lloc
352 3328 448 3395 qui
484 3327 637 3393 dicit,
678 3343 864 3398 parum
892 3326 1195 3381 considerat.
1231 3341 1484 3381 coronam
1525 3325 1671 3380 reddi
1708 3340 1814 3379 non

217 3422 463 3490 [IulttlSsc
501 3420 687 3489 digno,
737 3420 839 3475 nisi
880 3420 1049 3492 gratia
1103 3418 1224 3473 data
1270 3429 1412 3474 esset
1450 3418 1686 3486 indigno.
1728 3418 1817 3473 Ait

216 3514 381 3577 enim,
430 3510 638 3565 Bonum
676 3522 927 3565 certamen
975 3510 1203 3564 certari:
1233 3509 1325 3564 sed
1377 3510 1513 3565 idem
1564 3510 1677 3579 ipse
1719 3508 1813 3575 ait,

216 3604 422 3661 Gratius
460 3604 590 3670 Deo,
622 3603 705 3674 qui
738 3602 875 3657 dedit
915 3602 1056 3657 nobis
1098 3602 1358 3656 victorian:
1407 3618 1495 3673 per
1541 3599 1814 3655 Dominum

216 3708 446 3751 instram
469 3694 649 3749 Jesum
677 3694 955 3748 Christrum
978 3691 1165 3766 (lCor.
1193 3706 1286 3756 xv,
1311 3693 1377 3746 57
1396 3693 1433 3763 ).
1460 3692 1574 3755 Ait,
1604 3690 1817 3745 Cursum

216 3788 570 3843 consummari
598 3803 617 3840 :
642 3787 737 3841 sed
768 3785 881 3856 ipse
906 3784 1042 3840 idem
1066 3784 1140 3838 ait
1159 3826 1173 3846 .
1210 3782 1330 3837 Non
1366 3783 1574 3839 volentis
1594 3824 1610 3848 ,
1658 3800 1817 3851 neque

217 3880 489 3944 currentis,
518 3879 608 3935 sed
634 3880 915 3932 miserantis
940 3888 1011 3933 est
1044 3876 1137 3931 Dei
1182 3876 1372 3948 (Rom.
1407 3892 1481 3942 ιχ,
1534 3874 1664 3946 16
1706 3876 1815 3940 Ait,

220 3976 404 4029 Fidem
433 3976 629 4030 servavi
655 3991 675 4029 :
705 3974 803 4029 sed
838 3974 948 4044 ipse
976 3973 1115 4029 idem
1143 3974 1235 4037 ait,
1268 3972 1390 4028 Scio
1417 3972 1547 4026 enim
1584 3972 1667 4025 cui
1707 3986 1818 4025 cre-

219 4069 351 4134 didi,
398 4077 450 4121 et
498 4078 667 4121 certus
711 4083 824 4121 sum
856 4066 972 4137 quia
1004 4076 1180 4137 potens
1224 4074 1296 4119 est
1334 4065 1615 4131 depositum
1652 4079 1818 4117 meum

218 4179 423 4216 me
446 4163 500 4216 in
522 4162 671 4215 illum
698 4161 829 4215 diem
847 4160 912 4231 (ll
936 4158 1069 4213 Tim.
1093 4175 1128 4223 t,
1150 4158 1256 4227 l2),
1280 4157 1329 4211 id
1355 4166 1458 4223 est,
1480 4155 1820 4212 commenda-

222 4266 334 4309 tum
360 4270 545 4311 meum
578 4272 592 4307 :
625 4269 749 4308 nam
778 4253 991 4309 codices
1017 4251 1256 4307 nonnulli
1288 4266 1391 4305 non
1416 4250 1630 4313 habent,
1658 4250 1817 4319 depo—

220 4348 375 4401 situm
398 4364 417 4411 ;
444 4346 542 4402 sed
571 4346 713 4418 quod
739 4355 822 4401 est
845 4344 1083 4415 planius,
1120 4344 1540 4398 commendatum.
1565 4328 1701 4408 Quid
1726 4357 1821 4396 au-

222 4449 331 4493 tem
356 4437 803 4494 commendamus
834 4437 961 4501 Deo,
993 4435 1094 4491 nisi
1114 4451 1232 4504 qua:
1252 4434 1265 4464 ¹
1289 4448 1505 4488 oramus
1533 4442 1589 4485 ut
1617 4441 1815 4497 servet,

223 4534 274 4587 in
305 4533 502 4602 quibus
538 4539 596 4585 et
623 4530 735 4599 ipsa
772 4539 854 4584 est
894 4528 1025 4584 ﬁdes
1070 4528 1288 4582 nostra?
1330 4525 1461 4581 Nam
1508 4524 1631 4595 quid
1676 4524 1818 4580 aliud

219 4623 469 4691 apostolo
491 4623 569 4691 (a)
593 4621 752 4676 Petro
770 4619 1022 4675 Dominus
1036 4615 1426 4673 commendavit
1439 4615 1661 4678 orando,
1681 4614 1822 4670 unde

224 4714 298 4767 illi
329 4715 426 4779 ait,
455 4712 566 4784 Ego
593 4712 767 4783 rogavi
793 4727 884 4783 pro
912 4721 959 4765 te
978 4752 993 4776 ,
1037 4709 1206 4775 Petra,
1243 4725 1305 4763 ne
1343 4708 1542 4779 deﬁciat
1567 4708 1694 4776 ﬁdes
1733 4715 1818 4760 tua

222 4803 390 4871 (Luc.
423 4820 556 4867 xm,
587 4802 727 4873 52);
771 4801 870 4856 nisi
895 4810 952 4855 ut
974 4799 1091 4873 ejus
1118 4800 1256 4855 Deus
1281 4806 1520 4854 servaret
1545 4798 1724 4863 tidem,
1754 4814 1820 4852 ne

224 4896 505 4951 tentationi
524 4893 768 4951 cedendo
788 4892 1037 4948 deﬁceret
1052 4894 1074 4945 ?
1090 4890 1369 4958 Quocirca,
1387 4905 1420 4942 ο
1438 4890 1589 4944 beate
1610 4888 1817 4953 Paule”,

226 5008 417 5061 nmgne
454 4990 644 5061 gratia:
682 4988 1023 5058 prmdicator,
1051 4985 1256 5050 dicam,
1284 4999 1383 5039 nec
1423 4984 1637 5039 timeam
1665 4980 1820 5055 (quis

225 5087 369 5140 enini
398 5085 528 5139 mihi
569 5083 745 5137 minus
784 5079 1121 5136 succenscbit
1163 5079 1263 5133 ista
1296 5077 1515 5144 dicenti,
1543 5092 1701 5146 quam
1739 5084 1816 5141 tu,

224 5175 383 5244 quica
429 5173 656 5230 dicenda
696 5170 877 5226 dixisti
906 5180 961 5226 et
1003 5169 1245 5225 docenda
1285 5168 1583 5237 docuisti?)
1613 5167 1815 5229 dicam,

228 5270 483 5337 inquam,
516 5282 616 5322 nec
647 5266 864 5321 timeam
912 5281 925 5318 :
975 5262 1214 5319 redditur
1241 5260 1453 5331 quidem
1484 5260 1690 5316 meritis
1718 5260 1821 5314 tuis

226 5374 424 5414 corona
447 5373 562 5419 sua.
586 5358 681 5414 sed
710 5357 803 5411 Dei
825 5356 961 5412 dona
983 5364 1107 5411 sunt
1136 5356 1323 5410 merita
1348 5362 1455 5409 tua.

300 5453 391 5509 56.
426 5452 683 5507 Redditur
710 5466 841 5521 ergo
869 5450 1106 5505 debitum
1139 5449 1417 5519 prmmium
1454 5446 1710 5514 Apostolo
1736 5445 1823 5499 di-

227 5559 338 5615 gno
363 5562 378 5597 :
408 5542 504 5597 sed
532 5544 705 5613 ipsum
723 5542 1078 5609 apostolatum
1106 5541 1397 5595 indebitum
1414 5538 1584 5610 gratia
1606 5537 1628 5569 ³
1653 5536 1819 5592 dona-

297 5659 315 5688 ι
339 5660 407 5707 Ita
422 5655 553 5705 Colb.
574 5660 660 5705 Is.
685 5660 743 5717 At
765 5651 903 5717 editi,
922 5649 1040 5715 qui;
1063 5658 1176 5717 aut,
1198 5648 1346 5717 quod.

292 5719 315 5751 ι
347 5724 451 5766 mo
481 5724 607 5778 llas,
627 5730 659 5766 ο
681 5714 1118 5778 ὁοηεάὶριερᾳιιιε.

293 5780 317 5813 ³
348 5780 461 5843 [stati
473 5770 713 5843 plerique,
732 5776 924 5843 gratim.
934 5776 1237 5829 Colbertinus
1247 5773 1401 5827 codex
1413 5779 1465 5826 et
1473 5781 1626 5834 Suar.,
1642 5770 1815 5836 gratia.

296 5841 369 5905 (a)
400 5838 549 5908 Forte,
574 5838 638 5897 de
662 5838 893 5906 apostolo.

1923 1765 2049 1824 bere
2098 1768 2469 1840 prophetiam,
2517 1785 2609 1829 aut
2646 1792 2753 1832 non
2794 1794 2918 1835 esse
2951 1782 3247 1852 doctorem,
3274 1799 3368 1844 aut
3392 1806 3502 1846 non

1920 1859 2217 1918 clarescere
2247 1862 2528 1921 virtutibus
2556 1866 3041 1943 donationibusqu
3065 1877 3351 1935 sanitatum
3371 1922 3387 1947 ,
3412 1893 3505 1937 aut

1920 1954 2181 2023 adjutoria
2209 1972 2313 2013 non
2338 1961 2576 2029 praebere
2593 2004 2609 2028 ,
2636 1974 2728 2019 aut
2756 1965 3024 2023 Ecclesias
3053 1986 3158 2025 non
3185 1973 3504 2043 gubernare.

1920 2054 2015 2101 aut
2048 2048 2345 2119 linguarum
2388 2054 2673 2123 generibus
2714 2072 2822 2112 non
2847 2061 3131 2118 excellere.
3168 2063 3356 2120 Omnia
3390 2065 3509 2124 huic

1921 2154 2320 2229 unumnomeu
2359 2146 2687 2214 apostolatus
2720 2150 3074 2219 amplectitur.
3125 2154 3301 2225 Ipsum
3349 2158 3507 2229 igitur

1918 2228 2298 2297 consulamus;
2332 2232 2504 2301 ipsum
2544 2236 2719 2304 potius
2761 2238 3040 2294 audiamus
3071 2257 3085 2295 :
3127 2228 3385 2299 dicamus
3415 2248 3463 2301 ei
3487 2289 3504 2310 ,

1919 2318 2115 2378 Sancte
2151 2322 2313 2379 Paule
2357 2325 2620 2395 apostole,
2649 2327 2893 2399 Pelagius
2910 2333 3204 2388 monachus
3219 2334 3437 2406 dignum
3456 2348 3508 2392 te

1918 2412 2047 2469 dicit
2071 2412 2257 2482 fuisse,
2288 2416 2377 2488 qui
2407 2420 2678 2491 acciperes
2706 2436 2895 2479 omnes
2933 2426 3133 2495 gratias
3173 2430 3503 2499 apostolatus

1920 2508 2029 2574 tui;
2069 2517 2124 2563 tu
2176 2510 2291 2579 ipse
2334 2511 2462 2582 quid
2504 2512 2696 2569 dicis?
2731 2514 2851 2570 Non
2877 2534 3020 2581 sum,
3074 2519 3278 2590 inquit,
3322 2522 3505 2594 dignus

1919 2602 2087 2655 vocari
2118 2602 2380 2673 apostolus
2410 2605 2436 2659 2
2461 2605 2635 2675 Itane,
2668 2615 2725 2662 ut
2747 2606 2983 2664 deferam
3019 2610 3277 2666 honorem
3306 2613 3498 2678 Paulo.

1920 2692 2132 2765 Pelagio
2157 2697 2325 2767 magis
2344 2696 2412 2752 de
2440 2696 2601 2753 Paulo
2624 2698 2846 2755 credere
2861 2701 3090 2768 audebo,
3111 2717 3270 2774 quam
3295 2702 3505 2760 Paulo?

1920 2784 2034 2841 Non
2061 2785 2249 2843 faciam
2280 2804 2296 2843 :
2328 2803 2415 2843 me
2444 2804 2674 2859 namque
2696 2791 2870 2860 potius
2888 2792 3145 2862 onerabo,
3172 2811 3329 2865 quam
3357 2796 3504 2853 illum

1920 2876 2226 2943 honorabo,
2254 2879 2297 2933 si
2330 2879 2526 2935 fecero.
2578 2880 2872 2938 Audiamus
2900 2884 3085 2953 etiam,
3130 2900 3227 2941 cur
3278 2903 3386 2943 non
3436 2889 3507 2942 sit

1918 2969 2112 3042 dignus
2147 2972 2325 3027 vocari
2353 2973 2625 3042 apostolus
2650 2992 2664 3029 :
2698 2973 2829 3043 Quia
2851 2988 3293 3048 persecutussum,
3314 2980 3503 3051 inquit.

1923 3060 2200 3117 Ecclesium
2221 3062 2339 3118 Dei.
2372 3064 2428 3119 Si
2459 3080 2673 3121 sensum
2700 3072 3200 3140 sequeremur,quis
3221 3087 3325 3126 non
3347 3072 3504 3127 istmu

1918 3169 1949 3208 a
1965 3154 2545 3214 Cbristodamnandum
2557 3169 2801 3215 censeret
2812 3161 2987 3231 potius
2998 3179 3156 3233 quam
3170 3165 3466 3220 vocandum
3483 3168 3507 3220 ἲ

1918 3246 2050 3315 Quis
2077 3248 2147 3304 ita
2174 3248 2356 3318 diligat
2383 3250 2783 3320 praedicatorem
2801 3291 2822 3319 ,
2852 3262 2908 3307 ut
2935 3268 3040 3307 non
3062 3254 3358 3311 detestetur
3380 3274 3504 3328 per-

1919 3349 2218 3396 secutorem
2235 3338 2483 3410 ?Optime
2495 3356 2623 3412 ergo
2640 3342 2753 3411 ipse
2768 3352 2926 3413 atque
2942 3346 3222 3414 veraciter,
3241 3346 3294 3400 Ν
3295 3364 3359 3401 an
3371 3365 3505 3413 sunt,

1920 3432 2108 3503 inquit,
2129 3432 2311 3503 dignus
2327 3432 2495 3487 uocari
2518 3432 2798 3503 apostolus,
2819 3435 2939 3505 quia
2960 3447 3249 3505 persecutus
3276 3454 3385 3492 sum
3406 3438 3506 3493 Ec-

1920 3525 2126 3579 clesium
2146 3522 2263 3579 Dei.
2279 3524 2505 3580 Faciens
2526 3526 2686 3596 igitur
2706 3534 2909 3581 tantum
2928 3526 3073 3594 mali,
3098 3528 3238 3584 unde
3264 3530 3505 3585 meruisti

1921 3625 2124 3672 tantmn
2153 3617 2274 3671 boni
2300 3618 2323 3671 Ἰ
2350 3616 2581 3672 Audiaut
2613 3617 3022 3687 respondentem
3062 3634 3250 3675 ntunes
3272 3630 3460 3691 gentes
3488 3640 3503 3675 :

1922 3709 2029 3765 Sed
2053 3709 2218 3780 gratia
2246 3707 2342 3762 Dei
2363 3725 2476 3762 sum
2509 3708 2562 3762 id
2607 3708 2741 3775 quod
2784 3726 2919 3765 sum.
2942 3710 3205 3781 Numquid
3248 3713 3403 3769 aliter
3424 3722 3509 3769 est

1920 3803 2087 3875 gratia
2114 3802 2519 3868 commendata,
2550 3802 2653 3858 nisi
2693 3804 2817 3873 quia
2858 3814 2940 3861 est
2970 3805 3186 3877 indigno
3227 3806 3348 3861 data
3384 3806 3409 3861 ‘l
3438 3806 3507 3862 Et

1921 3896 2086 3966 gratia
2128 3896 2272 3966 ejus,
2326 3894 2526 3966 inquit,
2570 3896 2622 3950 in
2668 3912 2747 3951 me
2783 3913 2943 3953 uacua
2987 3915 3088 3952 non
3133 3899 3248 3968 fuit.
3294 3898 3405 3956 lloc
3452 3911 3509 3956 et

1922 3990 2042 4044 aliis
2068 3990 2327 4061 praecipit,
2358 4000 2415 4045 ut
2443 3991 2602 4046 etiam
2629 3991 2906 4045 arbitrium
2930 3992 3213 4048 voluntatis
3240 3992 3503 4057 ostendat,

1923 4086 2011 4141 ubi
2042 4082 2136 4152 ait,
2164 4082 2524 4152 Prcecipientes
2553 4090 2723 4135 autem
2760 4090 2807 4136 st
2832 4098 3070 4154 rogamus
3091 4124 3105 4147 ,
3128 4099 3191 4138 ne
3214 4085 3267 4139 in
3295 4100 3509 4139 uacuum

1924 4180 2141 4253 gratiam
2187 4177 2281 4233 Dei
2306 4178 2593 4247 suscipiatis
2616 4174 2696 4250 (ll
2724 4176 2841 4233 Cor.
2886 4192 2961 4240 γι,
3007 4177 3032 4231 1
3063 4178 3103 4247 ).
3143 4176 3294 4233 Unde
3332 4188 3512 4234 autem

1926 4276 2113 4347 probat
2136 4274 2276 4345 quod
2303 4273 2468 4343 gratia
2504 4273 2620 4341 ejus
2655 4273 2706 4327 in
2745 4286 2811 4327 eo
2832 4286 2995 4326 vacua
3016 4288 3122 4326 non
3150 4270 3247 4326 fuit
3270 4312 3285 4337 ,
3311 4273 3413 4328 nisi
3441 4287 3507 4327 ex

1923 4382 1990 4422 eo
2037 4367 2179 4436 quod
2224 4366 2484 4435 sequitur,
2536 4364 2641 4418 Sed
2666 4363 2780 4434 plus
2801 4363 3033 4417 omnibus
3073 4364 3178 4417 illis
3231 4362 3455 4418 laborari
3482 4364 3512 4416 ἒ

1924 4456 2153 4514 Proinde
2182 4470 2289 4511 non
2315 4454 2572 4510 laboravit
2599 4462 2658 4507 ut
2672 4454 2900 4523 gratiam
2927 4454 3212 4523 acciperet,
3229 4452 3326 4507 sed
3353 4468 3509 4509 acce-

1924 4553 2002 4623 pit
2027 4560 2082 4605 ut
2107 4549 2375 4605 laboraret
2401 4561 2418 4600 :
2453 4553 2612 4615 atque
2638 4545 2731 4613 ita,
2754 4543 2896 4600 unde
2914 4544 2980 4599 ad
3001 4543 3307 4613 accipienda
3332 4543 3511 4599 debita

1925 4644 2141 4715 pramtia
2165 4641 2539 4710 lierctdignus,
2558 4639 2780 4708 gratiam
2808 4638 2977 4710 gratis
2999 4638 3206 4708 accepit
3233 4636 3504 4709 indignus.

1924 4739 2033 4794 Nec
2062 4739 2233 4808 ipsum
2256 4748 2385 4789 sane
2414 4732 2647 4787 laborem
2669 4730 2767 4785 sibi
2788 4745 2949 4785 ausus
2968 4739 3052 4786 est
3075 4744 3347 4801 arrogare.
3373 4730 3508 4785 Con:

1924 4831 2065 4886 enim
2098 4830 2352 4894 divisset,
2398 4824 2524 4879 Plus
2560 4823 2792 4879 omnibus
2822 4824 2925 4878 illis
2959 4822 3221 4888 laboraui;
3252 4821 3509 4877 continuo

1925 4923 2169 4992 subjecit,
2204 4922 2324 4976 Non
2365 4939 2486 4992 ego,
2516 4921 2603 4976 sed
2628 4920 2792 4992 gratia
2832 4916 2929 4970 Dei
2958 4930 3150 4970 uiscum
3174 4912 3229 4987 (Ι
3259 4912 3380 4970 Cor.
3410 4929 3502 4977 xv,

1926 5016 1979 5080 9,
2014 5015 2131 5086 10).
2152 5014 2199 5069 0
2222 5029 2466 5083 magnum
2486 5013 2669 5083 gratiae
2685 5017 3064 5081 praeceptorem
3081 5049 3096 5074 ,
3118 5005 3495 5071 confessorem,

1927 5109 2327 5180 praedicatorem
2346 5109 2359 5161 ξ
2379 5106 2516 5175 Quid
2528 5114 2611 5161 est
2627 5105 2748 5170 hoc,
2759 5101 2885 5157 Plus
2897 5100 3136 5164 laboravi,
3152 5116 3251 5154 non
3264 5100 3393 5171 ego?
3406 5098 3489 5155 Ub

1926 5216 2045 5256 sese
2073 5200 2262 5255 extulit
2288 5200 2613 5267 aliquantum
2634 5195 2900 5259 voluntas,
2920 5192 2989 5248 ibi
3006 5191 3259 5248 continuo
3276 5190 3481 5262 vigilavi

1927 5293 2114 5362 pietas.
2143 5300 2197 5345 et
2224 5289 2437 5345 tremuit
2454 5287 2740 5352 humilitas,
2759 5286 2881 5356 quia
2901 5300 2960 5340 se
2977 5283 3480 5355 agnovitiullrmitas

1999 5387 2087 5441 '57.
2120 5384 2327 5443 Merito.
2344 5381 2486 5454 quod
2513 5391 2660 5453 gesta
2680 5378 2933 5446 indicant,
2959 5382 3119 5434 etiam
3144 5376 3245 5431 hoc
3274 5389 3405 5451 usug
3421 5384 3505 5427 est

1928 5478 2230 5533 testimonio
2277 5485 2491 5531 sanctus
2528 5473 2761 5530 Joannes
2791 5471 3248 5542 Jerosolymitanm
3286 5467 3507 5522 antistes

1928 5570 2206 5636 Ecclesim,
2234 5568 2370 5624 sicut
2418 5567 2770 5635 interrogatus
2790 5579 2908 5634 qua:
2935 5561 3072 5631 apud
3102 5559 3248 5616 illum
3275 5557 3468 5626 auteju
3486 5588 3499 5598 ο

1929 5775 2009 5884 ηυξ
2042 5772 2283 5825 editiones
2303 5770 2540 5836 quaedam,
2564 5780 2656 5822 non
2670 5764 2722 5819 in
2740 5780 2789 5818 se
2803 5763 2924 5825 ipso,
2949 5763 3034 5815 sed
3048 5762 3097 5814 in
3117 5770 3318 5813 nam
3335 5760 3509 5825 σίνηα-
