3996 6470
539 393 645 454 3&3

540 513 734 568 dicimn
765 522 910 583 gesta
954 511 1137 565 luerim
1172 511 1243 581 (ιδ)
1266 554 1279 574 ,
1309 513 1638 582 Clll‘piSCItplS
1669 511 1863 564 uestris
1888 550 1904 576 ,
1933 507 2018 576 qui
2050 507 2123 560 si-

540 603 650 657 mul
669 604 720 657 in
740 603 829 656 illo
844 601 1043 672 judicio
1061 601 1435 672 praesidebant,
1459 603 1571 671 ipse
1590 602 1837 656 narravit.
1860 599 2119 664 Aitenim,

540 705 668 749 tunc
705 693 1018 764 quibusdam
1053 695 1470 760 susurranlibus,
1512 703 1566 750 et
1609 694 1946 760 dicentibus,
1977 691 2120 762 quod

543 806 563 838 ι
599 786 715 840 sine
746 785 837 840 Dei
867 784 1033 856 gratia
1064 805 1084 838 ι
1113 786 1312 840 diceret
1339 785 1394 840 Ρ,
1415 787 1577 856 Iagius
1609 803 1628 837 ι
1670 799 1823 855 posse
1851 784 2122 838 hominem

537 877 744 948 perlici,
781 896 800 930 ι
833 877 882 931 id
913 887 1015 944 est,
1044 878 1180 946 quod
1212 881 1456 948 superius
1484 877 1726 941 dixerat,
1761 894 1779 926 ι
1815 891 1936 930 esse
1967 889 2125 944 posse

538 969 809 1025 hominem
837 969 953 1022 sine
989 979 1244 1038 peccato:
1271 969 1505 1038 Culpans
1537 968 1552 999 ¹
1574 1009 1588 1033 ,
1621 987 1639 1020 ι
1671 966 1873 1037 inquit,
1910 983 1929 1017 ι
1965 979 2126 1033 super

539 1062 644 1117 hoc
681 1061 841 1114 etiam
893 1060 1065 1124 intuli,
1114 1061 1235 1130 quia
1279 1071 1330 1114 et
1360 1060 1630 1129 apostolus
1671 1058 1864 1112 Paulus
1902 1056 2124 1110 multum

538 1153 788 1207 laborans
817 1193 832 1217 ,
858 1165 952 1207 sea
984 1167 1088 1205 non
1114 1153 1404 1205 scentulum
1435 1168 1582 1206 suam
1611 1151 1854 1204 virtutem
1875 1190 1890 1215 ,
1917 1147 2009 1202 sed
2036 1162 2125 1202 se-

539 1245 772 1301 cundum
797 1244 1018 1314 gratiam
1053 1242 1166 1304 Dei,
1191 1243 1319 1296 dixit
1354 1261 1367 1297 :
1401 1243 1630 1312 Amplius
1655 1242 1883 1294 omnibus
1909 1241 2012 1292 illis
2042 1237 2125 1292 lu-

540 1337 751 1399 boravi;
791 1352 889 1389 non
917 1350 1008 1403 ego
1033 1344 1196 1386 autem
1223 1373 1236 1397 ,
1267 1333 1355 1386 sed
1382 1335 1544 1404 gratia
1577 1331 1667 1385 Dei
1689 1347 1917 1395 merum;
1945 1341 1998 1384 ct
2025 1331 2123 1385 ite-

541 1444 657 1482 rtnn
683 1470 696 1490 ,
732 1427 852 1481 Non
889 1438 958 1480 est
990 1425 1225 1491 volentis,
1253 1442 1408 1495 neque
1433 1425 1677 1478 currentis
1696 1467 1710 1488 ,
1739 1424 1827 1478 sed
1852 1421 2126 1476 miser-emis

540 1517 640 1572 Dei
667 1519 852 1588 (limit.
884 1534 958 1585 Ix,
993 1519 1126 1590 16);
1155 1528 1209 1571 ct
1236 1517 1399 1580 illud,
1433 1515 1550 1570 Nisi
1575 1514 1821 1568 Dominus
1845 1513 2124 1581 (edi/icore-

539 1613 604 1664 rit
635 1613 840 1666 domum
859 1652 874 1679 ,
916 1612 966 1666 in
997 1630 1177 1668 vanum
1205 1612 1554 1665 laboraverunt
1601 1608 1687 1679 qui
1714 1606 1970 1674 (edi/itaut
2015 1621 2126 1658 eam

540 1705 559 1772 (
585 1703 722 1756 Psal.
756 1719 940 1770 cxxvi,
981 1705 1005 1760 I
1031 1704 1087 1778 );
1115 1713 1167 1758 et
1207 1703 1306 1758 alia
1339 1702 1500 1755 multa
1531 1699 1724 1753 similia
1753 1697 1983 1752 diximus
2007 1738 2022 1762 ,
2047 1696 2128 1749 in-

539 1793 675 1862 quit,
706 1793 771 1848 de
797 1794 1082 1863 Scripturis
1107 1796 1324 1848 sanctis.
1356 1792 1464 1847 Illis
1494 1800 1668 1845 autem
1696 1807 1799 1843 non
1827 1788 2125 1859 suscipien-

543 1885 682 1938 tilms
702 1900 819 1954 qum
844 1884 1154 1940 dicebautur
1170 1901 1198 1940 a
1224 1884 1375 1939 nobis
1400 1883 1465 1938 de
1487 1883 1685 1937 sanctis
1705 1880 2012 1950 Scripturis,
2032 1878 2124 1933 sed

541 1975 717 2032 adhuc
735 1979 1153 2040 susurrantilnts,
1172 1978 1304 2030 dixit
1333 1975 1592 2045 Pelagius.
1621 1973 1686 2028 Et
1714 1988 1812 2043 ego
1829 1972 1908 2026 sic
1929 1970 2122 2025 credo:

541 2068 824 2123 anathema
867 2070 936 2124 sit
977 2070 1064 2139 qui
1105 2069 1234 2124 dicit
1275 2069 1475 2138 absque
1513 2065 1775 2136 adjutorio
1829 2063 1920 2117 Dei
1972 2075 2128 2133 posse

543 2163 812 2217 hominem
857 2163 922 2215 ad
970 2161 1258 2232 profectum
1304 2161 1540 2214 omnium
1585 2157 1766 2212 venire
1791 2157 2061 2210 virtutum.
2101 2171 2121 2207 ι

614 2255 839 2311 CAPUT
868 2253 983 2309 XV.
1014 2284 1088 2295 —
1111 2255 1198 2309 38.
1235 2254 1358 2308 llaec
1385 2250 1618 2306 narravit
1649 2251 1930 2319 episcopus
1957 2246 2125 2300 Joan-

543 2361 660 2410 nes,
706 2347 954 2402 audiente
996 2347 1204 2415 Pelagio
1229 2388 1244 2411 ,
1276 2345 1363 2414 qui
1407 2345 1587 2415 utique
1618 2352 1796 2413 posset
1838 2340 2128 2396 honoriﬁce

546 2439 726 2494 dicere
758 2457 771 2493 :
801 2438 1023 2494 Fallitur
1062 2439 1326 2492 Sanctitas
1355 2446 1462 2500 tua,
1493 2451 1596 2489 non
1640 2434 1776 2489 bene
1815 2430 2124 2496 meministi,

540 2543 649 2582 non
675 2529 781 2582 dixi
807 2528 872 2582 ad
904 2528 998 2581 ista
1026 2528 1325 2583 testimonia
1353 2542 1472 2596 qua:
1497 2525 1563 2579 de
1584 2524 1872 2594 Scripturis
1888 2538 2126 2578 comme-

544 2621 762 2674 morasti
789 2661 802 2681 ,
839 2638 858 2671 ι
895 2620 1004 2689 Ego
1031 2620 1106 2674 sic
1146 2620 1307 2673 credo
1338 2635 1352 2674 :
1385 2633 1404 2670 ι
1433 2617 1682 2687 quoniam
1711 2630 1814 2668 non
1851 2631 1912 2670 ea
1939 2614 2017 2668 sic
2041 2615 2126 2668 in-

543 2714 723 2780 telligo
748 2756 763 2780 ,
793 2713 934 2784 quod
965 2712 1131 2783 gratia
1177 2711 1266 2766 Dei
1309 2712 1386 2764 sic
1412 2710 1618 2763 laboret
1642 2723 1762 2762 cum
1794 2706 2006 2761 homine
2029 2748 2043 2771 ,
2073 2715 2131 2760 nt

545 2806 685 2876 quod
717 2821 820 2858 non
855 2813 1035 2874 peccat
1060 2846 1073 2868 ,
1106 2818 1209 2858 non
1243 2801 1466 2857 volentis
1496 2814 1669 2871 neque
1697 2798 1962 2854 currentis
1987 2839 2002 2864 ,
2034 2797 2127 2852 sed

545 2897 849 2952 ntisercutis
875 2896 943 2950 sit
976 2897 1086 2948 Dei.
1257 2876 1270 2886 ’

615 2986 839 3041 CAPUT
865 2985 1002 3040 XVI.
1031 3015 1102 3026 —
1123 2984 1212 3040 39.
1239 2983 1374 3038 Sunt
1400 2983 1540 3037 enim
1571 2980 1812 3051 qumdam
1838 2979 2129 3049 expositio-

549 3091 644 3132 nes
675 3075 924 3148 Epistula:
952 3074 1099 3130 P.mli
1120 3117 1135 3140 ,
1161 3090 1280 3144 qua:
1310 3073 1560 3128 scribitur
1585 3072 1650 3125 ad
1678 3071 1948 3126 Romanos
1969 3113 1984 3136 ,
2011 3085 2129 3140 quae

549 3167 717 3238 ipsius
752 3167 946 3236 Pelagii
984 3181 1106 3221 esse
1146 3164 1430 3230 dicuntur,
1465 3163 1550 3217 ubi
1575 3163 1676 3218 hoc
1703 3161 1842 3232 quod
1872 3161 2127 3232 scriptum

546 3268 628 3312 est
649 3299 664 3324 ,
701 3255 816 3312 Non
843 3258 1082 3325 volentis,
1112 3274 1270 3329 neque
1309 3257 1553 3311 currentis
1575 3296 1589 3319 ,
1621 3254 1709 3309 sed
1737 3253 2013 3307 miserantis
2059 3261 2131 3306 est

556 3353 648 3404 Dei
673 3366 692 3406 :
721 3369 741 3401 ι
776 3367 880 3405 non
911 3367 974 3405 ex
1019 3365 1241 3421 persona
1276 3349 1418 3403 Pauli
1459 3367 1477 3400 ι
1509 3347 1696 3402 asserit
1727 3364 1745 3397 ι
1779 3344 2010 3405 dictum;
2035 3344 2129 3399 sed

548 3458 669 3495 eum
696 3457 826 3497 voce
865 3443 1238 3511 interrogantis
1264 3449 1318 3495 ct
1349 3438 1712 3509 redarguentis
1754 3451 1905 3490 usum
1946 3436 2127 3500 fuisse,

550 3550 669 3588 eum
701 3533 800 3586 hoc
829 3533 860 3586 d
885 3543 1046 3598 ceret,
1079 3543 1325 3603 tanquam
1356 3531 1457 3585 hoc
1503 3529 1604 3584 dici
1635 3529 1815 3599 utique
1841 3544 1944 3582 non
1966 3527 2129 3582 debe-

553 3637 653 3681 ret.
691 3645 711 3680 ι
751 3626 863 3680 Νοιι
903 3642 1050 3694 ergo,
1083 3641 1201 3679 enin
1235 3625 1514 3694 episcopus
1534 3622 1768 3677 Joannes
1799 3621 1953 3690 plane
1975 3621 2128 3674 istam

550 3719 866 3772 sententiam
920 3733 1039 3771 esse
1088 3720 1108 3748 ¹
1164 3716 1400 3785 Apostoli
1456 3714 1685 3783 agnovit,
1745 3727 1969 3782 eamque
2013 3713 2131 3766 ideo

551 3811 1008 3867 conunemoravit,
1042 3822 1108 3860 ne
1137 3807 1376 3876 Pelagius
1400 3806 1515 3860 sine
1554 3805 1645 3859 Dei
1677 3806 1843 3874 gratia
1873 3820 1975 3856 non
2006 3819 2130 3873 pec-

551 3915 676 3952 care
714 3913 1031 3967 quemquam
1078 3906 1306 3967 putaret,
1348 3906 1400 3949 et
1440 3895 1572 3949 dixit
1610 3895 1947 3964 respondisse
1977 3895 2132 3950 Pela-

551 3989 695 4058 gium
715 4029 730 4054 ,
767 4006 785 4040 ι
818 3987 882 4042 Et
909 4003 1008 4056 ego
1033 3989 1108 4041 sic
1139 3988 1328 4049 credo;
1361 4005 1380 4036 ›
1413 4002 1581 4054 neque
1609 4002 1730 4040 cum
1771 3989 1870 4041 hoc
1901 4002 2134 4057 pra-svos

556 4080 782 4143 audiret,
822 4078 1114 4147 l't'SthIldll,
1160 4079 1270 4132 Non
1301 4080 1377 4132 sic
1421 4077 1600 4131 credo.
1633 4078 1853 4148 Oportet
1893 4086 1950 4132 ul.
1991 4080 2132 4133 illaut

553 4170 938 4239 eXpositionetn
967 4183 1266 4238 perversmn
1293 4211 1307 4235 ,
1338 4169 1424 4222 ubi
1466 4168 1566 4224 hoc
1599 4185 1700 4222 non
1739 4171 1969 4223 sensisse
1995 4173 2138 4241 Apo-

555 4263 771 4329 stolum,
820 4262 912 4316 sed
958 4261 1134 4331 potius
1175 4259 1512 4330 redarguisse
1559 4260 1774 4330 intelligi
1816 4261 1998 4316 voluit.
2045 4273 2136 4316 aut

557 4368 707 4408 sitam
737 4362 892 4421 neget
915 4393 930 4416 ,
962 4363 1052 4404 aut
1077 4352 1347 4421 corrigere
1387 4361 1548 4420 atque
1573 4351 1859 4406 emendare
1889 4368 1993 4406 non
2034 4353 2134 4406 du-

557 4446 706 4499 bitet.
737 4443 867 4498 Nam
892 4443 1144 4513 quidquid
1175 4443 1305 4496 dixit
1342 4445 1622 4512 episcOpns
1663 4443 1895 4498 Joannes
1923 4443 1990 4497 de
2009 4446 2130 4498 abs-

556 4535 770 4590 entibus
797 4534 1046 4588 fratribus
1074 4535 1291 4598 nostris,
1335 4535 1449 4588 sive
1473 4535 1806 4604 coepiscopis
1837 4535 2034 4591 Ilcrote
2073 4551 2136 4590 ac

558 4629 780 4690 Lazaro,
811 4627 925 4682 sive
944 4629 1010 4681 de
1037 4627 1351 4698 presbytero
1375 4626 1567 4682 Orosio
1591 4669 1604 4692 ,
1636 4627 1750 4682 sive
1775 4627 1840 4681 de
1863 4629 1980 4682 aliis
2002 4644 2136 4698 quo-

558 4735 676 4772 rum
707 4719 778 4772 ibi
809 4731 916 4772 non
947 4727 1070 4771 sunt
1111 4719 1324 4772 nomina
1355 4730 1605 4786 expressa
1649 4718 1720 4788 (b)
1741 4758 1755 4780 ,
1799 4720 1960 4772 credo
1997 4718 2136 4787 quod

561 4807 821 4878 intelligat
848 4807 912 4861 ad
939 4822 1123 4862 eorum
1153 4807 1518 4877 pra'jaidicium
1551 4823 1654 4862 non
1695 4811 1890 4863 valere.
1913 4808 1968 4863 Si
1994 4809 2136 4864 enim

563 4910 852 4971 praesentes
873 4909 1051 4954 essent
1071 4941 1085 4965 ,
1117 4908 1333 4970 possent
1364 4916 1484 4955 eum
1527 4900 1750 4954 for-uisse
1773 4941 1788 4963 ,
1817 4901 1949 4956 absit
1985 4902 2138 4956 utdi-

627 5081 642 5108 ¹
678 5076 794 5140 Editi
817 5083 1115 5140 constanter,
1139 5074 1347 5140 culpam.
1367 5076 1644 5138 Corrigendi
1669 5089 1732 5126 ex
1758 5076 1854 5127 illis
1884 5079 2064 5136 verbis,
2088 5093 2136 5127 n.

559 5139 623 5188 te
646 5153 657 5185 :
702 5157 723 5183 ι
747 5138 838 5186 hoc
858 5151 914 5186 se
939 5139 1118 5186 dixerit
1138 5136 1356 5199 culpasse
1377 5145 1416 5186 ,ιι
1433 5136 1603 5187 amics.
1629 5155 1650 5181 ιι

623 5201 644 5230 ⁸
679 5200 918 5264 Fditiones
941 5199 1017 5247 hic
1037 5198 1397 5264 οιιιὶιιμιιιιινεδδε
1418 5211 1435 5249 :
1459 5207 1508 5248 et
1529 5208 1693 5264 postea
1711 5198 1912 5264 agnovit.
1937 5209 2140 5260 mutarit,

563 5265 639 5320 in,
663 5261 892 5325 cognovit.
931 5261 1177 5325 Emendavi
1219 5262 1406 5310 debent
1441 5263 1725 5325 auctoritate
1742 5261 2016 5312 '(zolbertiui
2041 5277 2139 5321 .i.s.,

562 5338 614 5371 ιιι
660 5321 884 5372 nimirum
928 5321 1259 5384 intelligatur,
1301 5324 1595 5371 sententiam
1649 5323 1807 5385 illam,
1853 5337 1945 5372 non
1989 5325 2143 5374 volen-

561 5386 642 5438 ηδ,
667 5394 823 5440 etc.,a
841 5391 1024 5432 Joanne
1049 5386 1272 5445 episeopo
1291 5385 1498 5433 habitam
1522 5398 1633 5432 esse
1651 5397 1736 5446 pro
1755 5386 1996 5434 sententia
2015 5387 2140 5435 t‘anli

566 5447 810 5508 loquentis
831 5459 894 5494 ex
921 5447 1106 5508 propria
1133 5457 1353 5507 persona.

648 5463 810 5495 uenus
831 5463 894 5494 ex
921 5463 1106 5508 [νυνι-ιε
1133 5463 1353 5507 persona.

581 5463 700 5570 Ἵιι)
732 5516 972 5570 (κιιινυιιιυ
1020 5507 1206 5570 scilicet
1249 5506 1555 5570 .terosolymis
1599 5508 1762 5557 habito
1805 5509 1852 5556 in
1908 5507 2005 5556 line
2038 5508 2142 5569 julii

564 5569 688 5617 sinu
708 5569 806 5625 i135,
831 5581 979 5630 quem
1001 5569 1234 5618 describit
1257 5569 1450 5616 Orosius
1474 5570 1519 5615 in
1539 5571 1845 5631 Αιιυιίιειιιὶευ
1867 5583 1880 5619 ;
1910 5570 2034 5619 hunc
2060 5574 2143 5620 ba-

567 5632 798 5694 besintra
826 5633 872 5678 in
889 5631 1098 5694 secunda
1124 5638 1261 5692 parte
1287 5632 1585 5694 appemiicis.

630 5692 701 5759 (ὁ)
737 5695 870 5741 Avito
895 5692 1110 5759 toi-sitan,
1134 5692 1378 5759 t‘asserio,
1392 5699 1443 5738 et
1467 5695 1662 5759 Domino
1685 5706 1747 5742 ev
1769 5692 1915 5752 duce,
1937 5706 2144 5755 quorum

521 5773 526 5778 ε
568 5751 758 5816 nomina
781 5766 892 5816 quae
915 5757 961 5802 in
987 5755 1142 5815 gestis
1178 5751 1512 5816 Diospolitanis
1555 5765 1788 5815 expressa
1834 5751 1929 5804 non
1957 5751 2144 5814 'erant,

568 5813 812 5886 invenies
836 5816 955 5864 inira
977 5813 1008 5874 ,⁷
1036 5814 1249 5877 Appeud.
1286 5813 1425 5876 parte
1465 5813 1494 5863 Ξ
1514 5849 1529 5874 ,
1561 5816 1608 5864 in
1626 5813 1937 5881 ἶιιδοιοεοιιω
1969 5813 2144 5876 (assii,

566 5885 669 5936 up.
697 5885 742 5924 ς).

1591 396 1674 450 DE
1713 392 1952 450 elisus
1993 387 2280 448 remeo.
2324 390 2380 445 s.
2425 346 2788 448 .sttousrixt

3715 397 3820 461 3H

2228 518 2368 569 eam,
2396 508 2712 561 convincere
2742 509 2808 562 de
2843 509 3119 564 mendacio
3139 552 3154 573 ,
3186 525 3277 564 sco
3312 508 3446 565 forte
3473 526 3822 566 commemo-

2227 610 2367 658 rare,
2395 598 2520 664 qniil
2555 598 2692 652 {orte
2715 599 2901 654 luisset
2925 601 3142 665 oblitus,
3170 613 3259 656 aut
3290 602 3340 656 in
3365 619 3470 672 quo
3500 621 3622 658 cum
3653 603 3818 660 fefel-

2226 683 2343 739 lerit
2375 686 2566 741 latinus
2587 689 2864 760 interpres,
2887 693 2984 744 etsi
3007 707 3108 744 non
3128 691 3628 759 studiomentieodi,
3659 702 3820 750 certe

2228 775 2416 830 aliena:
2441 777 2630 848 lingua.-
2663 781 2838 833 minus
2868 781 3147 836 intellecta:
3176 783 3424 838 nonnulla
3448 784 3769 839 difﬁcultate
3799 802 3814 816 ·

2227 871 2517 934 przesertim
2542 871 2661 940 quia
2686 888 2788 925 non
2813 873 2862 926 in
2884 874 3047 943 gestis
3062 874 3316 945 agebatur
3339 876 3382 942 ',
3401 892 3539 946 quae,
3569 877 3808 944 improbi

2229 975 2293 1010 ne
2322 962 2646 1014 mentiantur
2670 1009 2684 1030 ,
2717 963 2838 1017 boui
2869 973 3045 1018 autem
3075 981 3139 1018 ne
3171 965 3368 1036 aliquid
3391 967 3780 1021 obliviscantur
3799 1007 3816 1028 ,

2227 1049 2430 1106 utiliter
2474 1054 2710 1107 instituta
2750 1063 2892 1109 sunt.
2921 1055 2973 1111 Si
3013 1057 3132 1126 quis
3157 1067 3332 1111 autem
3374 1058 3684 1113 memoratis
3711 1057 3820 1112 ira-

2230 1141 2402 1196 tribus
2428 1145 2624 1199 nostris
2649 1161 2713 1200 ex
2743 1146 2842 1200 hoc
2865 1147 3060 1217 aliquid
3087 1148 3391 1218 qumstionis
3412 1149 3669 1215 intulerit,
3691 1163 3822 1202 eos—-

2226 1248 2330 1303 quc
2356 1233 2422 1288 ad
2447 1235 2700 1304 judicium
2729 1239 3031 1308 episcopale
3060 1241 3325 1294 vocaverit
3350 1241 3398 1305 ',
3431 1240 3530 1295 sibi
3571 1250 3628 1295 ut
3657 1243 3836 1310 νοω-ι’

2227 1335 2371 1390 runt,
2421 1325 2684 1382 aderunt:
2731 1329 2886 1384 nobis
2931 1329 3019 1384 hic
3060 1329 3304 1386 laborare
3349 1332 3474 1402 quid
3505 1347 3640 1402 epus
3691 1343 3810 1397 est;

2225 1415 2438 1485 quando
2476 1434 2542 1472 ne
2587 1419 2683 1489 ipsi
2719 1421 2930 1492 quidem
2973 1421 3196 1491 judices,
3238 1432 3359 1493 post
3383 1425 3683 1495 coepiscopi
3714 1442 3817 1480 no-

2225 1509 2321 1562 stri
2372 1510 2726 1566 narrationem
2754 1553 2770 1578 ,
2812 1513 3008 1583 aliquid
3047 1513 3171 1568 inde
3224 1516 3568 1586 pronuntiare
3619 1517 3815 1572 Volue-

2226 1599 2385 1652 runt?

2296 1690 2519 1747 CAPUT
2551 1691 2710 1748 XVII.
2739 1725 2811 1733 —
2837 1695 2924 1751 40.
2957 1694 3087 1752 Cum
3127 1713 3253 1768 ergo
3274 1698 3516 1769 Pelagius
3542 1716 3813 1772 praesens,

2227 1781 2292 1835 ad
2317 1783 2401 1836 illa
2438 1785 2734 1838 testimonia
2761 1787 3150 1857 Scripturarum
3181 1790 3378 1845 dixisse
3402 1805 3461 1845 se
3491 1794 3558 1844 ita
3586 1790 3815 1847 credere

2228 1875 2415 1929 taeitus
2446 1877 2756 1945 agnoverit,
2795 1881 3064 1948 quomodo
3107 1882 3232 1936 illud
3280 1883 3516 1952 Apostoli
3567 1885 3818 1938 testimo-

2227 1969 2371 2021 nium
2435 1970 2591 2039 paula
2638 1973 2880 2041 superius
2932 1975 3207 2040 recolens,
3265 1983 3321 2029 et
3367 1975 3640 2030 inveniens
3689 1993 3816 2030 cum

2226 2058 2424 2112 dixisse
2444 2100 2459 2124 ,
2495 2058 2614 2113 Non
2641 2078 2750 2114 sum
2780 2063 2958 2132 dignus
2983 2065 3152 2118 vocari
3175 2065 3434 2133 apostolus
3453 2107 3469 2132 ,
3498 2067 3616 2132 quia
3645 2082 3819 2135 perse-

2226 2160 2372 2203 cialus
2405 2169 2516 2203 sum
2565 2150 2844 2206 Ecclesium
2873 2152 2966 2208 Dei
2985 2196 3000 2220 ,
3027 2156 3116 2209 sed
3141 2158 3302 2226 gratia
3330 2155 3425 2210 Dei
3460 2174 3570 2210 sum
3599 2158 3654 2210 id
3677 2159 3819 2227 quod

2226 2257 2375 2303 sum;
2399 2257 2500 2295 uo.i
2532 2243 2682 2310 vidit,
2715 2261 2817 2298 non
2851 2260 2910 2300 se
2929 2246 3106 2302 dicere
3133 2247 3397 2312 debuisse,
3421 2264 3540 2304 cum
3562 2262 3820 2320 ageretur

2227 2331 2292 2386 de
2318 2333 2634 2388 abundantia
2684 2339 2970 2404 gratiarum
2994 2381 3008 2402 ,
3035 2357 3167 2409 quas
3201 2341 3336 2395 idem
3367 2343 3570 2414 accepi:
3597 2356 3820 2412 aposto-

2230 2425 2330 2490 lus,
2369 2445 2386 2476 ι
2426 2427 2638 2495 ilignum
2661 2429 2822 2483 fuisse
2851 2432 2938 2500 qui
2967 2432 3260 2502 acciperet;
3296 2453 3314 2486 ι
3347 2449 3465 2488 cum
3494 2437 3603 2504 ipse
3623 2451 3683 2490 se
3704 2452 3817 2491 non

2232 2518 2405 2569 Solum
2435 2518 2647 2584 dixerit,
2676 2519 2769 2574 sed
2798 2533 2852 2574 et
2871 2523 3026 2576 aliam
3049 2539 3262 2577 causam
3293 2525 3541 2592 reddens,
3575 2527 3821 2596 probarit

2229 2607 2498 2678 indignum
2522 2652 2536 2674 ,
2560 2620 2610 2664 ct
2636 2629 2700 2666 eo
2729 2612 2843 2682 ipso
2879 2616 3102 2684 gratiam
3131 2632 3254 2672 vere
3282 2619 3502 2687 gratiam
3533 2636 3820 2678 commen-

2229 2700 2464 2756 daverit?
2485 2703 2588 2758 Sed
2621 2703 2662 2758 si
2688 2704 2822 2760 forte
2845 2706 2969 2760 illud
2993 2707 3304 2776 jamdudum
3335 2726 3364 2764 a
3403 2723 3585 2768 sancto
3605 2713 3822 2771 Joanne

2230 2806 2525 2863 narratum,
2556 2799 2788 2868 cogitare
2814 2801 2894 2853 vel
2925 2801 3229 2856 meminisse
3256 2795 3582 2874 non‘potuit;
3619 2822 3820 2862 recen-

2231 2887 2484 2940 tissimam
2505 2905 2652 2941 suam
2680 2891 3078 2959 responsionem
3099 2895 3409 2962 respiceret,
3431 2905 3484 2948 et
3504 2913 3620 2964 quae
3643 2897 3810 2966 paulo

2230 2990 2354 3034 ante
2399 2979 2465 3034 dc
2494 2978 2746 3036 leestio
2798 2982 2895 3036 sibi
2923 2984 3125 3053 objecta
3157 2987 3681 3042 anathematizaverit
3710 3005 3740 3042 a
3765 2992 3818 3042 l—

2229 3082 2477 3127 verteret.
2507 3073 2709 3143 Nempe
2750 3076 2911 3130 ctiam
2942 3077 3077 3130 inter
3103 3077 3190 3131 illa
3212 3089 3329 3145 est,
3361 3078 3500 3149 quod
3541 3079 3818 3148 objectqu

2230 3171 2312 3214 cst
2342 3162 2538 3217 dixiss:
2560 3163 2865 3217 Caelestiinn
2899 3207 2913 3228 ,
2952 3182 2970 3216 ι
3011 3165 3104 3220 Dei
3130 3168 3353 3236 gratiant
3383 3169 3671 3222 secundum
3697 3186 3818 3223 me-

2231 3254 2328 3305 rita
2377 3263 2554 3306 nostra
2605 3252 2740 3307 dari.
2773 3272 2792 3305 ι
2852 3255 2907 3308 Si
2942 3272 3069 3326 ergo
3107 3260 3368 3311 veraciter
3418 3258 3520 3314 hoc
3570 3260 3821 3332 Pelagius

2229 3344 2716 3409 :uiathcmaiizavit,
2761 3345 2884 3414 quid
2915 3358 2994 3400 est
3043 3347 3182 3418 quod
3213 3349 3373 3412 dicit,
3400 3351 3592 3419 gratias
3618 3368 3816 3408 (nunes

2231 3436 2487 3503 Apostolo
2534 3438 2826 3491 secundum
2869 3437 3114 3492 meritum
3168 3439 3351 3494 datas?
3404 3446 3484 3495 An
3536 3443 3678 3496 aliud
3730 3455 3822 3498 est

2229 3526 2444 3596 dignum
2462 3541 2581 3581 esse
2593 3527 2863 3598 accipere;
2885 3529 3050 3592 aliud,
3071 3531 3360 3584 secundum
3386 3533 3632 3586 meritum
3659 3535 3814 3588 acci-

2237 3619 2396 3689 pere?
2426 3626 2481 3673 et
2511 3628 2682 3687 potest
2702 3621 2875 3691 aliqua
2913 3624 3202 3678 subtilitate
3231 3623 3603 3693 disputationis
3627 3639 3818 3682 osten-

2232 3711 2380 3775 dere,
2411 3711 2624 3780 dignum
2652 3726 2771 3765 esse
2802 3711 3056 3781 aliquem,
3088 3713 3178 3765 sed
3203 3730 3315 3768 non
3344 3715 3568 3770 mereri?
3601 3715 3823 3770 Verum-

2235 3810 2408 3852 taineu
2443 3801 2724 3854 Cu'lestins
2744 3843 2759 3868 ,
2795 3802 2879 3854 vel
2923 3803 3042 3871 quis
3067 3803 3222 3870 alius,
3262 3803 3412 3873 cujus
3437 3822 3620 3859 omnes
3647 3823 3820 3876 supeo

2233 3890 2403 3943 riores
2429 3891 2890 3944 anathematizavit
2926 3893 3218 3946 sententias
3239 3934 3254 3958 ,
3285 3909 3382 3948 nec
3421 3894 3487 3949 de
3517 3895 3616 3950 hoc
3649 3900 3824 3951 verbo

2234 3999 2353 4035 eum
2385 3984 2604 4037 nebulas
2638 3983 2926 4038 obtendere
2964 3998 3120 4053 atque
3157 3985 3206 4038 in
3239 3984 3316 4039 eis
3345 3986 3508 4042 latere
3537 3991 3820 4057 permittit.

2237 4074 2395 4146 Urget
2432 4076 2572 4129 enim
2604 4085 2658 4129 et
2693 4076 2822 4129 dicit
2853 4094 2865 4128 :
2902 4095 2919 4120 ο
2955 4076 3014 4130 Et
3062 4078 3173 4146 ipsa
3205 4080 3370 4148 gratia
3403 4080 3452 4132 in
3481 4096 3595 4134 mea
3623 4083 3824 4136 volun-

2237 4177 2342 4221 tate
2371 4169 2538 4238 posita
2563 4177 2665 4234 est,
2693 4169 2804 4223 sive
2821 4169 3010 4238 dignus
3035 4173 3221 4224 l'neritn
3248 4211 3264 4236 ,
3287 4173 3395 4225 sive
3418 4173 3678 4244 indignus.
3720 4194 3738 4227 ι
3760 4176 3822 4230 Si

2235 4276 2361 4330 ergo
2391 4272 2534 4314 recte
2573 4258 2670 4312 hoc
2692 4276 2720 4312 a
2750 4260 2960 4331 Pelagio
2989 4262 3354 4332 vcraciterqne
3375 4263 3676 4317 danmatunt
3709 4276 3822 4330 est,

2237 4353 2323 4404 ubi
2355 4351 2566 4418 dicitur,
2603 4370 2621 4402 ι
2661 4353 2748 4405 Dei
2775 4353 2998 4421 gratiam
3025 4355 3312 4408 secundum
3343 4359 3526 4411 merita
3557 4365 3612 4411 et
3635 4358 3822 4429 dignis

2237 4442 2349 4496 dari
2385 4460 2397 4495 :
2431 4460 2448 4492 ι
2481 4458 2584 4512 quo
2621 4442 2781 4496 corde
2808 4444 3076 4513 Cogitavit,
3111 4460 3284 4514 quove
3313 4462 3406 4500 ore
3431 4447 3647 4516 protulit
3672 4452 3824 4520 quod

2237 4532 2344 4594 ait,
2381 4549 2399 4582 ι
2451 4532 2682 4587 Dicimus
2720 4532 2920 4587 donare
2965 4535 3126 4588 Deum
3179 4535 3249 4602 ei,
3289 4537 3376 4606 qui
3413 4535 3570 4592 fuerit
3625 4540 3827 4610 dignus

2238 4625 2499 4692 aet-ipere,
2540 4639 2725 4678 otnnes
2751 4624 2981 4694 gratias?
3017 4625 3147 4694 Quis
3187 4642 3292 4680 non
3317 4628 3416 4682 ista
3442 4629 3485 4682 si
3533 4630 3827 4699 diligenter

2239 4716 2564 4782 adverterit,
2607 4719 2698 4769 liat
2723 4715 2791 4770 de
2827 4717 2970 4771 illius
3005 4718 3350 4788 responsione
3392 4722 3474 4775 vel
3509 4721 3830 4780 defutsione

2239 4808 2529 4862 sollicitus?

2310 4900 2398 4954 Jl.
2431 4901 2538 4953 (Iur
2564 4915 2692 4969 ergo
2717 4942 2732 4965 ,
2760 4901 2828 4954 ait
2865 4901 3087 4970 aliquis.
3125 4901 3225 4956 hoc
3257 4902 3464 4972 indices
3488 4905 3830 4974 approbave-

2241 4993 2399 5046 runt?
2436 4993 2629 5047 Fateor
2650 5035 2664 5057 ,
2698 4992 2816 5048 ideo
2853 4993 2960 5064 jam
2998 4995 3108 5064 ipse
3134 4996 3343 5066 ambigo
3374 5013 3388 5049 :
3420 4997 3511 5050 sed
3545 4997 3829 5064 nimirum,

2241 5092 2333 5135 aut
2363 5088 2522 5137 breve
2567 5082 2768 5136 dictum
2814 5098 2996 5137 eorum
3023 5083 3352 5139 audientiam
3380 5094 3434 5139 et
3474 5085 3832 5143 intentionem

2244 5173 2394 5226 facile
2418 5174 2516 5226 sub
2539 5174 2750 5243 cri‘ugit,
2786 5185 2875 5226 aut
2901 5175 2967 5227 ali
2989 5190 3078 5244 [no
3105 5175 3264 5228 modo
3294 5176 3344 5230 id
3379 5187 3523 5231 recte
3551 5192 3707 5247 posse
3733 5196 3818 5232 zu:-

2242 5264 2343 5332 cipi
2372 5265 2754 5329 existimantes,
2779 5267 2932 5336 cujus
2957 5266 3024 5320 de
3057 5269 3154 5321 bac
3187 5283 3244 5322 re
3271 5269 3634 5324 confessiones
3665 5271 3829 5340 liqui.

2243 5357 2338 5410 das
2363 5358 2460 5411 sibi
2500 5357 2693 5412 habere
2721 5359 3056 5421 videbantur,
3091 5375 3226 5429 pene
3255 5359 3323 5415 de
3345 5377 3452 5415 uno
3479 5363 3662 5429 verbo,
3692 5365 3833 5421 nihil

2311 5513 2324 5544 ι
2358 5511 2600 5584 plerique,
2626 5524 2727 5584 non
2760 5513 2809 5562 in
2852 5511 3252 5584 gestisragitntur:
3279 5515 3448 5564 Verius
3488 5524 3619 5564 suar.
3641 5527 3708 5584 _et
3727 5519 3835 5568 Col-

2244 5574 2600 5641 hertinustts,
2626 5574 2878 5641 ugefuuuri
2912 5574 3356 5641 [forming-oditur,
3399 5577 3674 5641 uouhgestis
3722 5595 3838 5641 ιῃιι.

2247 5635 2272 5683 b
2306 5642 2416 5694 ur;
2453 5636 2614 5684 deleta
2643 5635 3006 5696 prun-(isititate,
3035 5635 3196 5693 infut
3222 5638 3360 5696 intra,
3401 5651 3448 5686 n.
3493 5635 3570 5687 53.
3597 5642 3717 5690 Dicit
3739 5635 3840 5691 Ᾰίι-

2245 5700 2469 5767 gustinus
2489 5697 2553 5744 de.
2579 5697 2635 5744 iis
2655 5698 3163 5768 qnteagzuddeannem
3187 5701 3464 5768 episcopum
3505 5701 3553 5749 in
3590 5707 3841 5768 Jerosoly-

2245 5758 2425 5808 nutatio
2447 5771 2674 5827 quiscssu
2699 5766 2814 5806 ante
2828 5758 3057 5827 judiiium
3081 5758 3451 5820 Diospblitaiitun
3484 5770 3590 5812 acta
3617 5758 3840 5827 ineran't,

2247 5829 2296 5867 ιιι
2323 5834 2448 5881 pers;
2471 5822 2626 5867 icuutn
2651 5827 2725 5866 est
2750 5833 2808 5866 ex
2838 5835 2884 5867 ιι.
2907 5821 2984 5869 57.
3139 5857 3141 5859 ι

2312 5885 2330 5913 ¹
2365 5896 2515 5939 σιμιλε,
2542 5893 2771 5930 t‘t‘t‘ucat‘c.
2789 5881 2842 5930 il.
