3996 6474
215 383 336 439 313

217 505 272 550 σοι
319 497 704 552 enntrovcrsim
751 495 1070 550 movendum
1125 505 1362 563 I-ntarunt
1418 497 1565 564 Q-oal
1595 505 1642 550 et
1671 497 1824 548 mihi;

221 593 458 644 lin-simu
477 583 824 660 contigisset;
851 591 894 643 si
921 609 1038 642 euut
1065 592 1144 642 eis
1173 591 1222 642 iu
1253 593 1342 642 illa
1363 591 1564 658 jttlieiu
1593 591 1826 644 sedisse-

221 695 374 733 mus.
403 682 460 735 Si
481 681 624 735 enim
650 697 746 750 pro
773 695 842 734 eo
871 680 1010 748 quod
1051 682 1280 751 positum
1309 691 1388 734 est
1421 684 1613 750 Dignus
1641 724 1656 746 ,
1689 683 1830 751 josi-

219 784 350 826 tum
371 785 508 828 esset
551 773 988 836 Phi-destinatus,
1017 773 1098 826 vel
1127 773 1320 841 aliquid
1343 773 1664 842 ltujusumtli,
1697 775 1826 828 nihil

219 875 382 921 certe
431 866 669 934 scrupuli
723 876 962 935 tangeret
999 875 1156 934 atque
1200 875 1420 930 angeret
1466 866 1700 919 animum
1735 873 1830 918 :ct

219 968 416 1012 tamen
447 961 490 1012 si
519 959 753 1023 dicatur,
787 975 910 1012 eum
951 957 1038 1028 qui
1069 973 1164 1028 per
1189 957 1508 1012 electionem
1533 959 1718 1028 gratize
1737 958 1826 1025 ju-

217 1049 522 1115 stiﬂeatur,
542 1051 706 1104 nullis
725 1051 940 1117 quidem
966 1049 1392 1117 pra-Cedentibus
1421 1049 1624 1102 meritis
1647 1048 1823 1114 bonis,

217 1140 324 1194 sed
349 1141 708 1195 destinatiooc
725 1140 944 1210 dignum
973 1139 1170 1202 vocari,
1197 1139 1330 1192 sicut
1363 1141 1566 1192 electus
1587 1148 1824 1204 vocatur,

219 1243 416 1285 utrum
449 1231 534 1286 vel
577 1240 744 1292 certe,
777 1231 862 1286 vel
892 1231 1106 1285 minima
1133 1230 1428 1284 ol'l'ensione
1467 1229 1828 1298 intelligentia:

217 1327 336 1378 dici
375 1327 561 1392 possit,
613 1325 830 1380 diﬂicile
867 1325 1152 1392 indicatur.
1203 1324 1332 1377 Nam
1361 1332 1614 1392 quantum
1647 1321 1710 1376 ad
1743 1338 1829 1376 me

219 1417 450 1474 attinet.
479 1417 546 1468 ab
575 1417 676 1470 hoc
705 1417 872 1469 verbo
915 1416 1064 1468 facite
1093 1416 1378 1468 transirem
1403 1455 1416 1474 ,
1447 1413 1546 1466 nisi
1579 1429 1662 1468 me
1695 1413 1829 1467 liber

221 1508 346 1571 ille,
369 1507 458 1562 cui
479 1508 746 1578 respondi.
763 1508 850 1560 ubi
869 1509 1084 1560 omnino
1103 1505 1298 1558 nullam
1323 1505 1446 1558 dicit
1467 1505 1556 1558 Dei
1579 1505 1826 1574 gratiam,

221 1599 334 1652 nisi
351 1609 600 1654 naturam
621 1607 856 1652 noster
871 1612 990 1650 eum
1011 1597 1176 1650 libero
1187 1597 1427 1662 arbitrio,
1447 1597 1669 1664 gratiam
1685 1611 1832 1650 crea-

221 1699 406 1742 turam
431 1689 557 1752 ﬁde
579 1689 742 1757 ipsius
767 1687 960 1756 Pelagii
981 1701 1141 1741 sensu
1163 1686 1446 1740 sollicitum
1475 1685 1744 1745 redderet.
1763 1699 1831 1740 uc

223 1779 370 1832 forte
401 1779 508 1832 hoc
555 1778 776 1832 verbum
805 1795 908 1830 non
936 1776 1004 1832 de
1029 1776 1342 1845 negligentia
1380 1776 1664 1828 locutionis
1683 1815 1701 1839 ,
1733 1775 1829 1828 sed

223 1873 296 1926 de
332 1871 408 1924 dil
433 1873 616 1940 gentia
663 1871 926 1940 dogmatis
969 1871 1170 1924 curarit
1195 1871 1453 1924 insert-re.
1477 1869 1594 1922 .Iatn
1621 1883 1682 1922 ea
1709 1883 1828 1936 quae

225 1973 440 2016 rese-nt
477 1963 797 2026 novissima,
829 1962 897 2016 ita
924 1961 1130 2029 judices
1155 1969 1582 2026 commoverunt,
1613 1971 1668 2014 ιιι
1707 1969 1831 2014 ante

226 2057 644 2126 resp-uisionem
669 2055 864 2124 Pelagii
887 2053 1186 2108 damnanda
1207 2063 1510 2110 censerent.

299 2149 536 2206 CAPUT
575 2148 760 2204 XVIII.
792 2177 864 2188 —-
899 2147 989 2202 42.
1029 2147 1162 2202 Nam
1185 2147 1237 2200 in
1263 2155 1413 2202 sexto
1443 2147 1676 2216 capitulo
1701 2145 1828 2200 Cm-

229 2243 369 2296 Iestii
407 2243 526 2296 libri
549 2242 778 2309 insitum
803 2240 1068 2308 obiectum
1099 2248 1200 2304 est,
1233 2257 1253 2288 ι
1279 2238 1440 2292 Filios
1466 2238 1554 2292 Dei
1576 2253 1679 2292 non
1705 2253 1831 2306 pus-

233 2350 296 2387 se
337 2333 558 2394 vocari,
595 2333 694 2386 nisi
739 2329 886 2384 utnui
927 2329 1086 2384 modo
1129 2331 1330 2398 absque
1374 2338 1590 2398 peccato
1635 2327 1829 2383 fuerint

234 2427 472 2479 enecti.»
510 2423 664 2488 Unde
695 2421 988 2478 semiudum
1036 2422 1205 2488 ipsum
1254 2419 1452 2472 dictum
1505 2429 1606 2483 est,
1661 2435 1832 2486 neque

231 2519 540 2586 ainnsuslum
593 2515 812 2570 Paulum
851 2527 968 2568 esse
1003 2513 1165 2566 lilium
1217 2512 1328 2572 Dei,
1361 2511 1450 2580 qui
1503 2509 1660 2574 dixit,
1711 2507 1830 2562 Non

234 2611 368 2672 quod
387 2611 504 2680 jam
537 2607 836 2675 (receperint,
863 2616 948 2658 aut
973 2607 1108 2674 quod
1129 2607 1242 2676 jam
1273 2603 1520 2672 perfectus
1551 2603 1650 2658 sint
1681 2600 1834 2672 (Plii-

235 2704 366 2771 lipp.
427 2717 504 2760 in,
553 2699 662 2768 ιε).
703 2699 756 2752 In
805 2698 1036 2768 septimo
1073 2696 1328 2766 capitulo,
1367 2714 1383 2746 t
1409 2693 1740 2750 Oblivionem
1780 2703 1833 2748 et

237 2795 592 2864 ignorantiam
621 2811 724 2846 non
753 2793 1028 2860 snbjaCere
1065 2800 1302 2861 peccato,
1325 2791 1574 2860 quoniam
1614 2805 1718 2844 non
1743 2805 1833 2844 se-

237 2887 472 2942 cundum
507 2888 836 2940 voluntatem
861 2885 1134 2950 eveniunt,
1163 2884 1253 2940 sed
1281 2883 1572 2938 secundum
1595 2883 1835 2938 necessi~

245 2989 430 3031 tati-tu.
463 2996 482 3028 ι
509 2977 646 3030 Cum
676 2975 838 3030 David
867 2974 1010 3028 dicat
1031 3015 1046 3036 ,
1079 2973 1274 3028 Delicta
1295 2975 1574 3044 juventutis
1611 2987 1732 3026 metu
1773 2989 1836 3026 ne

239 3071 524 3124 materiari:
553 3078 598 3122 et
629 3069 930 3140 ignorantia
967 3083 1090 3122 metu
1114 3066 1286 3137 (l’sal.
1313 3083 1462 3132 unt,
1488 3065 1542 3139 7)
1577 3084 1592 3120 :
1621 3077 1676 3121 ct
1711 3081 1832 3122 cum

237 3163 288 3214 in
315 3163 434 3230 tege.
461 3160 724 3214 s-criIicia
755 3174 852 3228 pro
881 3159 1170 3226 ignorantia
1202 3158 1338 3212 sicut
1375 3175 1469 3226 pro
1505 3165 1722 3226 peccato
1749 3155 1832 3211 of-

240 3257 476 3308 Ieiautur
503 3249 690 3321 (Levii.
713 3249 816 3320 tv).
841 3249 894 3303 In
915 3249 1122 3302 decimo
1149 3247 1402 3320 capitulo,
1437 3268 1456 3300 ι
1475 3249 1591 3304 Non
1619 3263 1736 3302 esse
1765 3248 1833 3302 li-

239 3345 426 3398 berum
451 3343 756 3406 arbitrium,
787 3341 830 3396 si
861 3341 952 3394 Dei
983 3341 1216 3407 indigeat
1241 3341 1464 3405 auxilio,
1489 3340 1738 3408 quoniam
1779 3339 1831 3392 iii

241 3437 450 3504 propria
467 3434 744 3488 voluntate
763 3432 922 3486 habet
935 3433 1294 3502 unusquisque
1307 3441 1394 3486 aut
1419 3432 1594 3486 facere
1611 3431 1829 3500 aliquid,

237 3538 324 3582 aut
353 3545 462 3580 una
493 3525 698 3581 facere.
741 3545 759 3574 ι
795 3525 850 3579 lu
877 3525 1192 3580 duodecimo
1218 3525 1470 3594 capitulo,
1499 3543 1518 3574 ι
1548 3523 1832 3578 Victoriam

241 3631 474 3674 tmstraui
497 3637 608 3672 non
636 3634 704 3672 ex
737 3617 828 3672 Dei
849 3632 968 3672 esse
991 3617 1276 3686 adjutorio,
1301 3617 1394 3670 sed
1411 3633 1476 3672 ex
1497 3617 1664 3670 libero
1689 3617 1836 3670 arbi-

243 3713 338 3762 trio
369 3729 386 3766 :
427 3731 446 3760 ι
475 3709 622 3780 quod
647 3709 844 3764 inferre
870 3709 1042 3762 dictus
1070 3721 1148 3764 est
1169 3708 1250 3762 his
1272 3709 1468 3772 verbis,
1497 3727 1514 3758 ι
1535 3707 1724 3762 Nostra
1753 3717 1838 3762 est

243 3801 486 3864 victoria,
543 3801 795 3870 quoniam
837 3801 1045 3869 propria
1093 3799 1362 3854 voluntate
1405 3814 1552 3852 arma
1597 3800 1836 3868 suscepi-

243 3905 388 3954 mus;
421 3893 563 3944 sicut
585 3907 618 3942 e
647 3891 916 3944 contrario
939 3899 1174 3944 uestrum
1205 3901 1288 3944 est
1315 3889 1529 3958 quanth
1556 3891 1834 3954 vincimur,

241 3983 488 4050 quoniam
521 3983 719 4036 armari
749 3985 958 4050 propria
981 3982 1248 4036 voluntate
1273 3983 1744 4052 contempsimus.)
1777 3985 1838 4036 lit

243 4077 308 4128 de
339 4075 590 4143 amstolo
625 4072 788 4128 Petro
831 4074 1004 4143 posuit
1053 4073 1438 4138 testimonium,
1467 4093 1486 4126 ι
1509 4075 1700 4128 divina:
1735 4091 1836 4128 nos

243 4183 358 4222 esse
411 4176 701 4220 consortes
735 4177 938 4220 natura:
975 4186 992 4218 ι
1029 4165 1094 4238 (11
1125 4165 1270 4220 Ριιιτ.
1317 4183 1350 4228 I,
1403 4168 1486 4238 4).
1523 4169 1584 4222 lit
1623 4167 1836 4238 syllogi-

243 4275 416 4312 smum
453 4259 635 4312 facere
665 4259 894 4312 dicitur:
929 4277 948 4310 ι
971 4259 1230 4326 Quoniam
1255 4259 1300 4314 si
1329 4259 1504 4314 anima
1533 4275 1636 4314 non
1665 4269 1840 4330 potest

243 4365 360 4406 esse
407 4350 530 4404 sin-2
571 4361 810 4419 peccato,
841 4365 972 4420 ergo
1017 4361 1076 4406 et
1123 4352 1260 4406 υνυς
1311 4353 1550 4420 sulijaeet
1595 4362 1834 4422 peccato,

243 4444 394 4510 Cujus
433 4455 578 4510 pars,
609 4441 712 4496 hoc
737 4451 820 4496 est
847 4443 1018 4496 anima
1043 4481 1058 4506 ,
1091 4451 1312 4512 peccato
1335 4445 1562 4498 obnoxia
1589 4455 1690 4498 est.
1723 4463 1742 4495 ι
1779 4445 1832 4498 Ιιι

247 4535 400 4588 tertio
427 4535 642 4588 decimo
667 4535 900 4602 capitulo
923 4534 1072 4596 dicit,
1103 4554 1122 4586 ι
1161 4535 1418 4602 Quoniam
1451 4536 1831 4604 paenitentibus

245 4627 394 4680 venia
419 4643 528 4682 non
568 4627 727 4680 datur
753 4627 1048 4682 secundum
1076 4630 1298 4698 gratiam
1325 4639 1382 4686 et
1417 4631 1835 4686 misericordiam

247 4721 360 4786 Dei,
391 4721 488 4776 sed
515 4721 812 4776 secundum
835 4721 1022 4774 merita
1053 4733 1110 4778 et.
1125 4723 1360 4778 laborem
1387 4737 1595 4788 eorum,
1625 4723 1714 4793 qui
1743 4739 1838 4792 per

247 4813 616 4883 pceuitentiam
635 4811 781 4876 digni
811 4812 1006 4866 fuerint
1027 4813 1408 4868 misericordia.
1445 4831 1466 4864 ι

316 4903 546 4960 CAPUT
587 4902 732 4958 XIX.
771 4931 844 4942 —
877 4902 970 4956 45.
1013 4903 1106 4958 llis
1132 4904 1366 4958 recitatis
1390 4904 1638 4975 Synodns
1661 4905 1831 4960 dixit:

253 5011 272 5042 ι
305 4994 442 5063 Quid
473 4995 544 5048 ad
581 4993 696 5048 bare
721 5009 842 5064 qua:
867 4994 1001 5048 lecta
1041 5004 1158 5048 smn
1187 4995 1412 5064 capitula
1440 4997 1568 5050 dicit
1597 5013 1834 5066 pra‘seus

247 5085 490 5156 Pelagius
513 5087 812 5140 monachus
830 5086 854 5140 ?
871 5086 984 5140 lloc
1009 5088 1148 5142 enim
1177 5089 1426 5157 reprobat
1453 5100 1634 5142 sancta
1662 5089 1835 5161 Syno-

247 5178 380 5244 dus,
411 5187 468 5230 et
489 5187 674 5232 sancta
707 5178 797 5232 Dei
839 5177 1100 5240 catholica
1131 5179 1386 5236 Ecclesia.
1417 5199 1438 5232 ι
1457 5179 1708 5262 Pelagius
1752 5197 1838 5237 re-
1909 5197 1912 5200 '

247 5271 460 5338 spondit
491 5288 508 5324 :
545 5288 563 5322 ι
587 5269 784 5324 lterum
813 5269 934 5324 dico
972 5271 1092 5340 quia
1123 5271 1236 5326 haec
1261 5281 1316 5326 et
1351 5271 1642 5326 secundum
1687 5273 1830 5342 ipso-

250 5379 364 5418 rum
389 5364 759 5416 tcstituonium
789 5377 896 5420 non
925 5372 1052 5418 sunt
1079 5379 1230 5428 mea;
1261 5379 1356 5433 pro
1381 5365 1606 5433 quibus,
1627 5377 1680 5418 ut
1703 5369 1830 5432 dixi,

247 5455 664 5510 satisfactionem
693 5469 800 5507 non
844 5453 1052 5508 debeo:
1083 5471 1200 5524 quae
1244 5471 1370 5509 vero
1399 5472 1512 5508 mea
1547 5473 1668 5511 esse
1704 5475 1834 5510 toa-

249 5547 424 5602 l’cssus
451 5563 592 5608 sum,
627 5547 742 5600 lta'c
775 5556 915 5600 recta
947 5561 1065 5601 esse
1097 5549 1304 5620 aflirmu
1335 5564 1346 5598 :
1375 5563 1490 5616 qua:
1521 5559 1696 5602 autem
1725 5551 1832 5604 dixi

249 5655 353 5694 non
385 5655 508 5696 esse
533 5655 676 5706 mea,
709 5638 1002 5692 secundum
1029 5638 1282 5707 judicium
1324 5650 1526 5692 Sunt‘ltl!
1583 5640 1835 5696 Ecclesia:

249 5732 498 5804 mprobe,
549 5729 839 5785 anathema
887 5727 1070 5784 dicens
1113 5731 1258 5784 omni
1311 5731 1730 5788 contraveuicuti
1783 5741 1838 5786 ct

317 5903 334 5922 ο
365 5894 516 5953 t-‘m‘tc,
538 5885 700 5954 gratis
722 5891 950 5936 crcatmn.

1679 373 1872 434 l.llii.li
1919 383 1934 432 ἱ
1963 381 2108 438 κιρ..

1931 515 2308 571 contra-alienun
2350 527 2544 573 sancta:
2593 519 2868 576 Catholica!
2921 521 3178 578 Ecclesia!
3233 521 3512 579 doctrinis.

1933 607 2045 676 Ege
2075 609 2216 661 cnitn
2241 607 2289 662 in
2335 612 2490 664 unius
2533 613 2838 667 substantim
2872 614 3182 670 Trinitatem
3219 614 3404 680 credo,
3461 627 3518 671 ct

1931 697 2108 752 omnia
2133 701 2422 754 secundum
2461 701 2752 756 doctrinam
2790 713 2986 759 sanctae
3015 705 3291 759 catholica:
3323 705 3510 760 Eccle-

1932 791 2062 844 siae:
2092 791 2134 844 si
2189 793 2308 861 quis
2361 807 2487 847 vero
2539 795 2710 848 aliena
2761 795 2828 850 ab
2880 795 2982 850 hac
3026 797 3186 867 sapit,
3230 795 3514 852 anathema

1934 883 2019 937 sit.
2051 904 2069 936 ι

2005 976 2228 1033 CAPUT
2259 977 2375 1032 XX.
2415 1009 2489 1020 -—
2523 979 2612 1034 M.
2653 979 2901 1051 Synodus
2941 980 3114 1035 dixit:
3144 1001 3164 1034 ε
3187 979 3339 1036 Nunc
3383 997 3518 1050 quo-

1935 1072 2074 1126 niam
2105 1071 2432 1125 satisfaetum
2477 1083 2556 1125 est
2605 1073 2755 1126 nobis
2787 1073 3242 1142 prosecutionibus
3283 1089 3516 1142 praesen-

1935 1166 2002 1218 tis
2021 1165 2216 1236 Pelagii
2247 1165 2616 1234 monachi.qui
2644 1165 2856 1234 quidem
2888 1165 2986 1232 piis
3005 1165 3260 1219 doctrinis
3287 1179 3517 1220 consen-

1934 1255 2015 1320 tit,
2043 1256 2306 1310 contraria
2337 1271 2462 1308 vero
2501 1253 2758 1310 Ecclesiae
2793 1255 2912 1308 Iidei
2945 1255 3237 1323 ‘reprohat
3279 1265 3334 1309 et
3382 1270 3513 1309 ana-

1933 1345 2258 1410 tltematizat,
2284 1346 2678 1400 communionis
2704 1345 3084 1400 ecclesiasticae
3128 1360 3250 1400 eum
3297 1359 3420 1400 esse
3465 1354 3518 1399 et

1931 1439 2204 1492 catholicm
2226 1439 2561 1492 conﬁtentur.
2600 1457 2618 1488 ι

1999 1527 2228 1585 CAPUT
2267 1528 2409 1583 XXI.
2447 1557 2520 1568 —
2559 1528 2648 1584 45.
2689 1527 2744 1583 Si
2795 1527 2892 1582 ista
2935 1527 3041 1581 sint
3086 1527 3293 1597 gesta’,
3322 1524 3516 1594 quibus

1933 1619 2088 1673 amici
2117 1619 2312 1688 Pelagii
2337 1619 2565 1689 gaudent
2592 1635 2710 1672 eum
2739 1633 2857 1673 esse
2887 1627 3162 1688 purgatum
3190 1635 3202 1669 :
3231 1633 3349 1682 nos,
3377 1633 3516 1686 quo-

1935 1713 2074 1766 niam
2125 1729 2248 1782 erga
2289 1729 2347 1766 se
2398 1723 2632 1764 nostram
2677 1727 2888 1781 quoque
2947 1711 3254 1774 amicitiam,
3297 1710 3518 1778 prolatis

1933 1805 2092 1858 etiam
2125 1803 2472 1858 familiaribus
2495 1803 2734 1871 epistolis
2761 1803 2991 1864 nostris,
3023 1812 3180 1870 atque
3209 1801 3260 1854 lll
3296 1799 3398 1855 hoc
3427 1799 3518 1870 ju-

1932 1893 2074 1948 dicio
2120 1895 2376 1958 recitatis,
2417 1909 2550 1964 quas
2591 1893 2819 1946 insertas
2864 1891 3138 1945 continent
3180 1899 3350 1960 gesta,
3387 1891 3519 1945 satis

1935 1987 2160 2057 probare
2185 1987 2406 2052 curavit,
2436 1986 2657 2040 salutem
2681 1983 2894 2054 quidem
2921 1983 3038 2049 ejus
3065 1984 3114 2035 in
3137 1981 3350 2036 Christo
3371 1981 3523 2051 cupi-

1935 2095 2054 2134 mus
2091 2093 2144 2134 et
2168 2089 2444 2150 Optamus;
2475 2077 2540 2132 de
2567 2077 2664 2132 ista
2711 2092 2840 2130 vero
2867 2076 2984 2144 ejus
3021 2075 3346 2144 purgatione,
3399 2089 3518 2143 qum

1934 2171 2101 2242 magis
2145 2170 2378 2224 creditur
2398 2211 2412 2234 ,
2442 2185 2598 2240 quant
2629 2168 2826 2237 liquido
2847 2168 3262 2226 demonstratur,
3285 2164 3520 2235 gaudere

1935 2275 2132 2318 temere
2161 2280 2262 2317 noti
2293 2263 2568 2316 debemus.
2605 2260 2783 2328 Neque
2809 2259 2908 2312 hac
2934 2257 3136 2318 dicens,
3163 2257 3398 2324 jinlienm
3425 2271 3518 2308 ar-

1931 2371 2036 2425 guo
2067 2353 2145 2407 vol
2175 2353 2564 2422 negligentiam,
2595 2351 2676 2406 vel
2702 2349 3116 2412 conuiventiam,
3151 2349 3254 2412 vel,
3281 2347 3420 2418 quod
3448 2349 3516 2402 ab

1933 2445 2011 2500 eis
2043 2445 2196 2514 longe
2235 2444 2523 2498 abhorrere
2561 2443 2916 2497 certissimum
2943 2451 3045 2504 est,
3079 2441 3359 2509 impiorum
3383 2441 3519 2510 dog-

1935 2547 2134 2589 matum
2185 2534 2562 2588 conscientiam
2593 2549 2606 2586 :
2635 2531 2728 2586 sed
2757 2545 2940 2584 eorum
2984 2530 3182 2599 judicio
3211 2546 3302 2598 pro
3335 2531 3524 2583 ttteritu

1933 2625 2226 2696 approbato
2253 2633 2410 2695 atque
2453 2623 2685 2689 laudato,
2739 2624 2980 2693 Pelagius
3023 2631 3198 2676 nuncii
3236 2622 3373 2690 apud
3427 2637 3523 2676 eos

1933 2720 2124 2790 quibus
2153 2719 2376 2787 amplius
2407 2717 2707 2786 certiusque
2736 2727 2890 2770 notus
2915 2725 2998 2769 est
3023 2715 3062 2780 ³,
3083 2723 3194 2768 ἰιίιιι
3224 2715 3351 2768 mihi
3376 2713 3524 2766 vitle-

1937 2821 2024 2866 tur
2047 2827 2164 2864 esse
2195 2821 2464 2880 purgatus.
2499 2805 2574 2862 Illi
2617 2807 2757 2862 cuitu
2791 2819 3036 2875 tanquam
3069 2807 3136 2860 de
3173 2807 3350 2876 ignoto
3376 2805 3523 2874 judi-

1935 2915 2140 2968 cantes,
2191 2903 2272 2955 bis
2323 2901 2616 2971 praesertim
2659 2895 2971 2954 abiculihus
3023 2899 3110 2966 qui
3163 2907 3348 2952 contra
3399 2911 3521 2952 eum

1937 2995 2169 3052 libellum
2198 2993 2476 3058 dederant,
2521 2993 2789 3047 hominem
2823 2993 3034 3062 quidem
3059 2991 3364 3061 diligentius
3392 3007 3523 3045 exa-

1937 3089 2138 3142 minare
2162 3087 2378 3140 minime
2409 3093 2693 3153 potuerunt
2723 3102 2734 3138 :
2769 3083 3010 3136 ha'resiiu
3035 3095 3212 3136 tamen
3251 3083 3453 3152 ipsam,
3479 3083 3524 3136 si

1934 3193 2120 3233 eorum
2161 3187 2448 3247 sequantur
2471 3175 2728 3243 judicium
2767 3175 2853 3244 qui
2888 3189 2983 3242 pro
3025 3176 3142 3240 ejus
3177 3175 3527 3243 perversitate

1935 3271 2230 3334 certabant,
2275 3270 2489 3340 penitus
2529 3267 2890 3336 peremerunt.
2923 3267 3001 3320 Illi
3045 3276 3220 3320 autem
3267 3267 3355 3336 qui
3393 3267 3528 3319 bene

1937 3363 2112 3415 sciunt
2163 3377 2281 3430 qua:
2323 3360 2566 3429 Pelagius
2593 3347 2790 3412 docere
2831 3359 3126 3418 consuevit,
3151 3359 3263 3412 sive
3299 3359 3388 3428 qui
3411 3359 3526 3426 ejus

1936 3453 2380 3522 disputationibus
2400 3451 2726 3508 restiterunt.
2759 3450 2870 3504 sive
2903 3450 2992 3511 qui
3029 3465 3092 3502 ex
3123 3449 3236 3517 ipsai
3265 3463 3448 3502 errore
3467 3465 3525 3502 se

1940 3545 2194 3598 liberatos
2241 3559 2360 3597 esse
2409 3543 2759 3612 gratuiautur,
2812 3538 3078 3607 quomodo
3129 3547 3350 3607 possunt
3401 3554 3522 3592 eum

1939 3653 2041 3689 non
2095 3635 2292 3689 habere
2339 3645 2663 3702 snsliecttun,
2701 3633 2912 3702 quando
2945 3632 3060 3698 ejus
3095 3647 3197 3684 non
3229 3631 3521 3700 simplicem

1937 3727 2328 3783 ciittl't-Ssionem
2361 3727 2620 3794 praeterita
2655 3733 2826 3778 errata
2845 3723 3183 3776 damnauth
3207 3765 3221 3786 ,
3249 3721 3340 3775 sed
3365 3721 3521 3774 talem

1937 3817 2326 3874 Cttltfthslntlt‘ttt
2353 3816 2372 3848 ³
2401 3818 2595 3880 legunt,
2634 3817 2784 3884 quasi
2827 3827 3094 3882 nunquam
3135 3812 3290 3866 aliter
3335 3825 3523 3866 sense.

1939 3911 2026 3974 rit,
2059 3925 2214 3978 quam
2242 3909 2343 3962 isto
2365 3906 2566 3976 judicio
2593 3907 2644 3960 in
2685 3906 2800 3976 ejus
2835 3913 2916 3959 est
2959 3903 3392 3973 I‘CSjIOIlSltlltibllS
3427 3919 3523 3972 ap-

1939 4001 2216 4072 ιιι-ιι1ι.ιιιιιιι
2237 4001 2262 4052 ?

2007 4090 2230 4146 CAPUT
2269 4089 2434 4144 XXII.
2473 4117 2546 4129 --
2581 4089 2668 4142 46.
2711 4087 2840 4141 Natu
2862 4130 2874 4149 ,
2905 4095 2958 4140 ιιι
2995 4085 3062 4140 de
3093 4101 3178 4140 me
3211 4086 3327 4156 ipso
3357 4085 3524 4154 potis-

1937 4185 2130 4240 sitnutn
2185 4185 2379 4248 dicam,
2435 4185 2582 4252 prius
2629 4181 2864 4236 absentis
2917 4190 2970 4232 ct
3019 4178 3202 4232 Ruina:
3252 4176 3520 4231 constituti

1939 4277 2134 4346 Pelagii
2163 4293 2353 4330 nomen
2379 4291 2496 4328 cum
2521 4289 2706 4342 magna
2731 4273 2843 4341 ejus
2875 4271 3030 4325 laude
3055 4271 3274 4339 cognovi
3303 4279 3520 4340 :pnstea

1937 4370 2099 4439 rmpit
2124 4367 2186 4420 ad
2218 4382 2314 4420 nos
2335 4367 2468 4418 tanta
2495 4364 2750 4432 perferre,
2792 4361 2930 4432 quod
2973 4361 3231 4416 adversus
3271 4361 3362 4415 Dei
3397 4375 3520 4428 gra-

1940 4462 2062 4515 tiam
2090 4459 2416 4526 dis‘pnlaret;
2448 4455 2584 4520 qttod
2617 4455 2739 4508 lict-t
2775 4455 3012 4508 dolerem
3033 4495 3050 4517 ,
3085 4461 3137 4506 et
3175 4453 3244 4506 ab
3273 4453 3350 4504 eis
3391 4451 3520 4505 mihi

1937 4553 2200 4608 diceretur
2229 4551 2422 4620 quibus
2445 4548 2737 4610 crederem,
2772 4547 2838 4600 ab
2885 4547 3000 4615 ipso
3045 4555 3218 4600 tamen
3270 4545 3374 4599 tale
3418 4545 3518 4597 ali-

1937 4646 2084 4717 quid,
2129 4645 2208 4698 vel
2263 4645 2315 4696 itt
2355 4633 2470 4712 ejus
2518 4641 2692 4711 aliquo
2717 4641 2852 4694 libro
2881 4655 3040 4694 nosse
3067 4639 3366 4708 cupiebam,
3400 4638 3520 4692 utsi

1939 4737 2229 4806 inciperent
2263 4733 2600 4803 redarguere,
2626 4747 2819 4802 negare
2848 4747 2951 4784 non
2975 4739 3174 4800 pesset.
3209 4729 3398 4784 Postea
3425 4745 3520 4784 vc-

1937 4845 2000 4884 ro
2027 4843 2184 4897 quam
2211 4829 2260 4880 ιιι
2290 4824 2522 4880 Africam
2553 4824 2710 4880 \enit.
2737 4839 2820 4877 nte
2843 4824 3086 4886 absente,
3117 4833 3318 4886 nostro,
3344 4821 3394 4876 id
3415 4831 3519 4886 est,

1939 4919 2263 4992 llipponeusi
2311 4919 2484 4972 littore
2521 4927 2773 4985 CXCI'IDIUS
2807 4927 2910 4982 est,
2957 4917 3044 4970 ubi
3091 4918 3330 4980 omnino,
3385 4915 3523 4970 sicut

1936 5013 2169 5082 eotnperi
2223 5027 2252 5064 a
2280 5011 2302 5044 '
2337 5009 2551 5073 llttsll‘iS,
2581 5010 2706 5062 nihil
2736 5009 2803 5061 ab
2829 5009 2920 5062 illo
2951 5007 3249 5076 hujusmodi
3281 5005 3518 5061 auditum

1937 5115 2020 5158 est
2049 5123 2060 5156 :
2089 5105 2210 5173 quia
2263 5112 2316 5156 et
2347 5103 2500 5155 citius
2533 5115 2690 5169 quant
2739 5101 3036 5170 putabatur,
3081 5099 3201 5153 inde
3252 5099 3520 5168 profectus

1937 5208 2040 5255 est.
2089 5195 2428 5252 Postumilqu
2478 5194 2596 5262 ejus
2634 5193 2820 5247 facient
2871 5193 3212 5263 Carthagine,
3263 5199 3519 5262 quantum

1937 5290 2137 5355 I‘OCtIlO,
2169 5285 2335 5341 semel
2363 5285 2442 5340 vel
2471 5284 2662 5338 iterent
2687 5283 2828 5350 vidi,
2861 5285 3075 5354 quando
3104 5299 3230 5337 cura
3260 5281 3520 5338 Collatin-

2003 5521 2018 5584 ε
2053 5516 2358 5584 (ξιιιιονιίιιιιιι
2379 5511 2606 5584 usque!
2631 5511 2840 5584 ςὶηιιιὶιίε
2859 5511 2998 5578 fidei.

2000 5583 2020 5612 ²
2055 5581 2182 5627 Idem
2211 5585 2314 5632 Msa,
2333 5577 2416 5624 sed
2437 5577 2526 5638 ista
2549 5577 2640 5624 sint
2663 5583 2813 5638 θυαμ.

2001 5645 2022 5675 ³
2055 5651 2154 5690 Duo
2178 5648 2304 5696 Mss,
2327 5635 2598 5698 maiusque
2621 5635 2757 5698 uetus
2782 5642 2870 5686 est.

1999 5705 2020 5736 ι
2053 5715 2184 5752 suar.
2211 5709 2264 5750 et
2285 5695 2415 5748 uilli.
2435 5695 2544 5759 rttsé,
2567 5695 2904 5759 defensionem-

2000 5767 2020 5798 ⁵
2053 5773 2118 5814 tta
2137 5773 2270 5811 suar.
2297 5767 2347 5810 et
2367 5755 2668 5820 wlbertinus
2705 5766 2784 5808 Ms.
2811 5764 2862 5820 tu
2900 5757 3052 5820 prima
3080 5755 3310 5820 editione
3335 5755 3526 5808 νοιδοῆ

1937 5829 2132 5882 omisso,
2151 5821 2359 5882 comperi
2393 5832 2459 5876 τις
2495 5818 2776 5882 legebatur,
2797 5816 2919 5869 sicui
2941 5816 3130 5882 nostris.
3175 5820 3294 5868 Iliae
3313 5833 3436 5871 vero
3475 5834 3524 5870 nt

1937 5877 2286 5953 posterioribus
2309 5877 2599 5932 editiooinus
2619 5877 2794 5930 tactum
2819 5888 2940 5938 erat,
2965 5877 3086 5931 iicut
3111 5882 3274 5932 nostis.
