3996 6508
493 384 598 443 an

491 498 578 555 nis
605 498 648 565 ⁸,
673 509 833 567 quam
858 508 979 549 cum
994 488 1260 545 hatreticis
1285 486 1570 542 Donatistis
1592 484 1818 539 habituri
1841 494 2075 543 eramus,

482 586 933 659 occupatissimus
976 583 1047 637 fut
1078 599 1093 636 :
1126 580 1214 636 ille
1242 595 1369 634 vero
1411 578 1571 633 etiam
1614 576 1681 631 ad
1730 573 2079 629 transmarina

495 678 819 750 properavit.
853 676 1057 729 Interea
1088 688 1184 744 per
1207 686 1301 725 ora
1323 686 1505 725 eorum
1546 670 1635 740 qui
1680 669 1798 735 ejus
1834 664 2080 734 discipuli

497 771 826 833 ferebantur,
853 766 1099 836 dogmata
1128 764 1229 818 ista
1277 760 1586 817 fervebant:
1619 760 1687 814 ita
1716 768 1772 813 ιιι
1800 753 2083 812 Caelestius

499 861 567 916 ad
605 858 1024 916 ecclesiasticum
1072 853 1327 925 judicium
1365 850 1686 923 perveniret,
1716 857 1770 902 et
1790 854 2084 917 reportaret

492 953 708 1023 dignam
740 966 833 1005 sua
874 948 1225 1019 perversitate
1266 944 1604 1001 sententiam.
1644 941 1917 998 Salubrius
1954 953 2084 994 sane

496 1048 757 1099 adversus
782 1058 876 1097 eos
905 1043 985 1112 agi
1022 1041 1358 1112 putabamus,
1391 1039 1434 1092 si
1472 1037 1744 1092 hominum
1784 1033 2085 1089 nominibus

498 1135 689 1198 tacitis,
722 1135 820 1205 ipsi
861 1131 1217 1189 rcfutareutur
1246 1140 1300 1184 et
1347 1128 1795 1198 redarguerentur
1849 1138 2081 1185 errores,

498 1238 659 1298 atque
688 1226 760 1282 ita
790 1235 934 1280 metu
973 1224 1148 1294 potius
1173 1221 1515 1278 ecclesiastici
1540 1218 1723 1289 judicii
1754 1217 2087 1286 corrigeren-

500 1330 586 1373 tur
612 1318 881 1381 homines,
907 1332 1065 1388 quam
1090 1316 1204 1385 ipso
1227 1312 1428 1383 judicio
1460 1312 1792 1381 punirentur.
1816 1307 2085 1363 Neclibris

501 1411 659 1480 igitur
682 1410 938 1464 adversus
966 1407 1101 1462 mala
1142 1407 1231 1460 illa
1270 1406 1556 1471 disserere,
1608 1417 1706 1457 nec
1748 1399 2086 1471 popularibus

501 1501 816 1556 tractatibus
843 1498 1207 1555 cessabamus.

572 1592 799 1650 CAPUT
839 1591 1028 1646 XXIII.
1069 1620 1139 1630 -—
1174 1591 1264 1644 47.
1303 1587 1436 1643 Cum
1459 1602 1587 1642 vero
1614 1584 1743 1641 mihi
1772 1583 1929 1639 etiam
1952 1582 2089 1638 liber

406 1756 415 1763 ἡ
502 1685 591 1739 ille
609 1685 767 1739 datus
794 1693 936 1738 esset
964 1682 1182 1736 aservis
1210 1681 1322 1746 Dei,
1366 1679 1518 1733 bouis
1569 1688 1622 1732 et
1677 1675 1912 1731 honestis
1961 1674 2089 1729 viris

509 1776 745 1831 Timasio
772 1786 823 1830 et
846 1774 1065 1839 Jacobo,
1099 1772 1185 1826 ubi
1207 1771 1539 1841 apertissime
1567 1768 1808 1839 Pelagius
1828 1766 2088 1836 objectam

501 1870 603 1925 sibi
630 1886 658 1923 a
690 1884 747 1924 se
778 1868 894 1937 ipso
920 1876 1167 1936 tanquam
1190 1866 1256 1920 ab
1282 1862 1612 1929 adversario,
1643 1861 1781 1914 unde
1804 1860 1912 1929 jam
1932 1873 2090 1929 gran-

503 1962 557 2015 di
594 1959 789 2014 invidia
824 1957 1122 2022 laborabat,
1150 1956 1217 2012 de
1244 1956 1336 2010 Dei
1376 1955 1544 2025 gratia
1593 1952 1939 2023 qua‘stionem
1985 1965 2089 2006 non

501 2052 660 2106 aliter
693 2050 793 2103 sibi
824 2048 1033 2104 snlvcrc
1062 2047 1205 2102 \isus
1231 2055 1330 2112 est,
1363 2044 1461 2099 nisi
1484 2053 1538 2098 ut
1559 2052 1933 2098 uaturamcum
1955 2040 2091 2095 libe-

504 2160 565 2197 ro
589 2142 811 2197 arbitrio
839 2141 1130 2207 conditam,
1157 2141 1245 2195 Dei
1270 2140 1473 2194 diceret
1498 2138 1754 2207 gratiam;
1785 2133 2089 2207 aliquando,

506 2234 663 2305 idque
710 2233 938 2290 tenuiter
962 2235 1007 2299 ⁸,
1036 2248 1137 2287 nec
1165 2239 1373 2301 aperte,
1404 2231 1451 2285 ei
1491 2229 1819 2299 conjungeus
1848 2227 1932 2282 vel
1963 2226 2093 2297 legis

506 2326 857 2397 adjutorium,
888 2325 973 2381 vcl
1002 2323 1369 2379 remissionem
1395 2323 1553 2377 etiam
1577 2330 1909 2392 peccatorum
1936 2335 1951 2372 :
1981 2326 2093 2374 tum

509 2433 638 2473 vero
684 2418 802 2472 sine
833 2417 935 2471 ulla
974 2416 1304 2471 dubitatione
1348 2414 1473 2469 mihi
1504 2414 1712 2477 claruit,
1757 2428 1914 2483 quam
1951 2421 2097 2466 esset

506 2508 810 2563 christiana:
838 2508 998 2563 saluti
1028 2522 1294 2563 venenum
1339 2507 1480 2563 illius
1508 2504 1869 2576 pervcrsitatis
1916 2503 2095 2557 inimi-

506 2618 654 2657 cum.
683 2600 791 2657 Nec
819 2603 899 2656 sic
926 2612 1101 2656 tamen
1126 2600 1273 2671 operi
1306 2614 1453 2664 meo,
1482 2614 1587 2669 quo
1626 2596 1871 2654 eumdem
1902 2596 2096 2651 librum

510 2696 706 2761 refelli,
740 2695 937 2766 Pelagii
959 2710 1151 2750 nomen
1184 2693 1379 2747 inserui
1408 2710 1421 2745 :
1448 2690 1657 2746 facilius
1683 2706 1768 2745 me
1787 2690 2098 2745 existimans

508 2788 866 2860 profuturum,
892 2789 936 2843 si
957 2796 1164 2842 servata
1193 2786 1447 2852 amicitia,
1473 2784 1648 2839 adhuc
1686 2784 1805 2854 ejus
1832 2799 2097 2840 verecun-

507 2880 611 2933 dize
639 2895 933 2949 parcerem,
960 2878 1114 2949 cujus
1153 2877 1343 2932 litteris
1385 2876 1495 2946 jam
1527 2892 1745 2946 parcere
1800 2890 1905 2930 non
1936 2874 2101 2930 debe-

510 2987 647 3025 rem.
682 2971 813 3025 llinc
840 2980 942 3035 est,
973 2967 1115 3040 quod
1146 2984 1285 3023 nunc
1302 2969 1525 3024 moleste
1552 2970 1686 3036 fero,
1713 2970 1762 3023 in
1791 2968 1889 3023 hoc
1901 2968 2102 3038 judicio

506 3063 712 3129 dixisse
743 3063 890 3116 illum
929 3061 1160 3132 quodam
1198 3062 1337 3127 loco,
1377 3079 1397 3114 ο
1427 3060 1840 3116 Anathematizo
1868 3062 1987 3116 illos
2012 3062 2099 3132 qui

512 3156 591 3211 sic
618 3165 817 3221 tenent,
841 3164 931 3210 aut
956 3154 1242 3226 aliquando
1266 3164 1567 3210 tenuerunt.
1592 3174 1611 3208 ι
1637 3154 1932 3211 Suil'ecerat
1957 3154 2104 3211 dicc-

514 3264 596 3315 re,
626 3266 644 3299 ι
672 3247 856 3318 quisic
883 3255 1098 3310 tenent;
1129 3266 1148 3300 ι
1175 3255 1232 3301 ιιι
1269 3262 1391 3303 cum
1428 3246 1770 3302 crederemus
1816 3262 1936 3301 esse
1980 3260 2100 3301 cor-

514 3351 718 3396 rectum
750 3357 763 3393 :
791 3355 912 3394 cum
960 3356 1089 3394 vero
1132 3338 1355 3403 addidit,
1408 3347 1543 3393 «aut
1581 3337 1867 3408 aliquando
1913 3348 2102 3392 tenue-

516 3441 677 3495 runt;
708 3449 727 3484 ι
772 3432 1019 3499 primum,
1056 3444 1217 3500 quam
1261 3429 1457 3499 injuste
1499 3428 1757 3484 damnare
1808 3427 2106 3482 immeritos

515 3538 677 3577 ausus
704 3532 806 3585 est,
834 3522 922 3592 qui
948 3521 1061 3585 illo,
1092 3536 1253 3590 quem
1281 3520 1393 3575 sive
1430 3518 1567 3583 aliis,
1601 3519 1717 3573 sive
1744 3519 1859 3587 ipso
1884 3518 2107 3573 doctore

518 3615 842 3678 didicerant,
874 3627 1058 3667 errore
1083 3610 1400 3666 caruerunt?
1426 3608 1645 3673 Deinde,
1668 3610 1787 3680 quis
1803 3624 1988 3664 eorum
2015 3608 2105 3679 qui

517 3722 638 3758 eum
670 3705 770 3760 ista
800 3720 904 3759 non
945 3705 1116 3759 solum
1145 3702 1432 3774 aliquando
1456 3702 1708 3767 tenuisse,
1736 3717 1918 3757 verum
1946 3702 2107 3756 etiam

517 3798 763 3855 docuisse
794 3805 1089 3861 noverunt,
1119 3811 1224 3850 non
1267 3795 1457 3849 merito
1497 3793 1831 3864 suspicetur,
1862 3791 2108 3847 simulate

518 3888 995 3947 anathematizasse
1022 3887 1109 3958 qui
1152 3886 1268 3945 lucc
1314 3894 1516 3950 tenent,
1552 3901 1670 3939 cum
1707 3884 1896 3940 eodem
1949 3882 2109 3937 modo

518 3979 970 4038 anathematizare
997 3994 1102 4032 non
1135 3977 1395 4032 dubitavit
1422 3976 1513 4048 qui
1554 3976 1667 4031 ιιωο
1704 3976 1988 4047 aliquando
2033 3984 2111 4031 te-

520 4079 771 4134 nuerunt,
801 4069 854 4124 in
891 4069 1084 4140 quibus
1108 4084 1230 4124 eum
1268 4067 1439 4139 ipsum
1484 4065 1906 4122 recordabuntur
1939 4067 2108 4136 magi-

520 4165 726 4219 strum?
752 4164 908 4229 Ecce,
940 4174 999 4218 ut
1026 4162 1160 4217 alios
1189 4172 1415 4225 taceam,
1447 4160 1737 4217 Timasium
1762 4159 2105 4226 etJacohum,

520 4255 716 4331 quibus
738 4253 928 4317 oculis,
946 4268 1047 4324 qua
1080 4252 1253 4307 fronte
1272 4252 1584 4321 couSpicict,
1598 4266 1724 4307 suos
1740 4262 1787 4306 et
1803 4251 2108 4317 dilectores,

521 4356 577 4403 et
599 4346 884 4417 aliquando
912 4345 1220 4414 discipulos,
1250 4344 1317 4399 ad
1359 4359 1492 4415 quos
1520 4344 1711 4403 librum
1765 4343 1976 4413 scripsi,
2023 4344 2111 4397 ubi

523 4436 660 4497 libro
688 4436 803 4504 ejus
828 4435 1073 4506 respondi
1098 4434 1213 4507 (u)?
1233 4435 1323 4506 qui
1344 4445 1490 4491 certe
1505 4434 1954 4505 quemadmodum
1981 4436 2111 4490 mihi

526 4525 898 4600 rescripseriut
918 4568 935 4589 .
966 4526 1245 4581 tacendum
1274 4538 1327 4581 et
1363 4525 1791 4595 prartereui:dum
1817 4542 1921 4581 non
1955 4537 2111 4596 puta—

526 4611 608 4671 vi;
638 4610 730 4664 sed
758 4610 1059 4678 exemplum
1086 4610 1379 4664 litterarum
1409 4610 1592 4663 subter
1615 4609 1864 4663 auncxui.

597 4700 819 4759 CAPUT
860 4700 1051 4757 XXIV.
1092 4731 1165 4742 —
1202 4702 1290 4757 48.
1337 4719 1355 4752 ι
1384 4701 1607 4755 Domino
1634 4717 1759 4756 vere
1781 4701 2111 4769 beatissimo,

523 4803 579 4848 ct
610 4793 800 4848 merito
826 4793 1115 4850 venerabili
1151 4793 1284 4864 patri
1307 4795 1559 4865 episcopo
1591 4794 1905 4865 Augustino,
1931 4795 2113 4850 Tima-

526 4887 640 4943 sius
660 4896 713 4940 et
739 4884 989 4948 Jacobus.
1023 4886 1073 4940 in
1105 4886 1330 4941 Domino
1355 4887 1600 4942 salutem.
1633 4886 1706 4943 ita
1738 4904 1833 4943 nos
1855 4886 2039 4944 refecit
2059 4896 2114 4943 et

530 4979 794 5033 recreavit
816 4978 985 5049 gratia
1036 4977 1127 5032 Dei
1158 4978 1451 5033 tninistrata
1481 4994 1575 5049 per
1602 4980 1817 5035 verbum
1850 4989 2019 5045 tuum,
2062 4989 2119 5033 ut

533 5084 754 5145 prorsus
785 5084 1039 5139 germane
1083 5068 1343 5131 dicamus,
1377 5068 1515 5124 Misit
1543 5072 1741 5124 verbum
1767 5087 1930 5136 suum,
1957 5080 2004 5124 et
2028 5088 2117 5123 sa-

532 5163 672 5218 nauit
691 5179 773 5217 eos
804 5162 974 5234 (I’sal.
996 5161 1234 5231 01,20),
1258 5159 1472 5217 domine
1501 5161 1826 5227 beatissime,
1853 5171 1907 5215 et
1928 5163 2119 5216 merito

531 5256 849 5311 venerabilis
878 5266 1047 5327 pater.
1069 5256 1209 5312 Sane
1243 5272 1303 5312 ea
1335 5255 1607 5325 diligentia
1654 5255 1937 5311 ventilasse
1980 5254 2118 5311 Sau—

532 5349 771 5404 ctitatem
799 5357 944 5402 tuam
971 5359 1168 5404 textum
1192 5347 1429 5418 ejusdem
1448 5346 1613 5403 libelli
1643 5347 1957 5417 reperimus,
1983 5357 2035 5400 ut
2053 5345 2118 5400 ad

531 5440 770 5511 singulos
796 5441 977 5511 apices
1005 5456 1260 5510 responsa
1302 5440 1506 5495 reddita
1537 5451 1845 5510 stupeamus
1864 5481 1880 5505 ,
1902 5440 2014 5493 sive
2067 5440 2118 5493 in

530 5531 617 5588 bis
642 5548 761 5603 qua:
788 5532 1041 5600 refutare,
1068 5531 1340 5597 detestari,
1372 5547 1435 5587 ac
1461 5532 1644 5604 fugere
1671 5531 1857 5589 deccat
1880 5530 2124 5587 christia-

594 5689 619 5784 ξ
1033 5688 1512 5784 ffifﬁfdm

600 5751 619 5784 ι
649 5751 788 5813 aditi,
809 5750 864 5803 id
885 5750 1015 5815 quod
1037 5750 1205 5803 εεηιιίι.

600 5810 674 5877 (ι)
706 5814 806 5868 Lib.
827 5814 895 5900 de
917 5822 1088 5866 satura
1113 5822 1163 5865 et
1182 5814 1352 5865 civ-ua.

1546 372 1634 426 DE
1672 368 1909 424 (ὶιςδτιδ
1938 361 2230 426 i’ELACII,
2270 362 2326 418 S.
2361 363 2726 420 Αυϐυδτικι

3662 365 3767 422 διδ

2187 492 2313 530 ιιιιιιι
2339 494 2353 541 ;
2378 478 2487 532 sive
2515 478 2565 531 iu
2597 478 2721 542 illis,
2753 479 2805 532 in
2826 478 3017 550 quibus
3046 493 3152 533 non
3196 477 3325 534 satis
3368 477 3635 536 invenitur
3675 496 3766 537 er-

2187 585 2363 634 rasse;
2400 572 2660 639 quamvis,
2689 572 2869 625 nescio
2891 586 2991 641 qua
3012 569 3316 635 calliditate,
3337 570 3388 625 iu
3411 571 3541 641 ipsis
3560 586 3768 641 quoque

2184 663 2405 732 gratiam
2442 662 2530 716 Dci
2574 662 2797 717 credidit
2826 660 3275 732 supprimendam.
3325 661 3429 717 Sed
3482 677 3643 716 unum
3690 673 3773 716 est

2185 753 2325 823 quod
2359 769 2455 809 nos
2476 755 2527 808 in
2559 763 2703 808 tanto
2726 754 2983 810 beneficio
3006 754 3188 819 afficit,
3209 754 3332 823 quia
3362 752 3511 808 tarde
3539 753 3641 809 hoc
3664 763 3768 808 tam

2187 847 2498 916 pneclarum
2524 847 2706 918 gratim
2751 847 2841 902 Dei
2873 860 3067 902 munus
3090 847 3309 917 effulsit.
3342 846 3611 916 Siquidem
3638 862 3769 902 ron-

2189 936 2303 1007 tigit
2335 936 2621 993 ‘absentes
2647 938 2759 993 fieri
2803 937 3083 1009 quosdam,
3131 952 3357 1007 quorum
3409 938 3632 991 caccitati
3674 937 3772 990 ista

2189 1038 2296 1082 tam
2322 1030 2618 1099 perspicua:
2645 1029 2881 1083 veritatis
2906 1029 3187 1084 illustratio
3208 1028 3601 1093 deberetnr;ad
3617 1043 3770 1097 quos,

2187 1121 2286 1175 etsi
2327 1120 2549 1185 tardius,
2606 1136 2711 1176 non
2762 1119 3055 1176 diffidimus
3104 1124 3331 1190 propitio
3377 1120 3487 1173 Deo
3531 1119 3771 1174 eamdem

2188 1217 2411 1281 gratiam
2454 1214 2765 1284 pervenire,
2797 1215 2885 1285 qui
2932 1214 3042 1266 vult
3084 1228 3274 1267 omnes
3317 1212 3558 1266 homines
3599 1210 3775 1266 salvos

2191 1307 2327 1372 fieri,
2356 1315 2410 1362 et
2432 1307 2497 1362 ad
2525 1306 2849 1377 agnitionem
2877 1306 3117 1361 veritatis
3145 1305 3328 1359 venire
3351 1305 3393 1375 (Ι
3425 1302 3561 1359 Tim.
3597 1318 3629 1357 ιι
3650 1343 3668 1367 ,
3696 1303 3774 1369 ι).

2191 1402 2297 1457 Nos
2333 1416 2484 1467 vero,
2516 1400 2617 1456 etsi
2645 1400 2772 1454 olim
2801 1401 2987 1469 spiritu
3012 1400 3294 1455 charitatis
3316 1401 3357 1463 ⁸,
3390 1399 3479 1470 qui
3510 1399 3561 1452 in
3593 1409 3645 1453 te
3670 1407 3772 1461 est,

2191 1498 2332 1555 docti
2358 1540 2373 1565 ,
2427 1498 2812 1567 subjectionem
2844 1496 3008 1565 'ejus
3051 1495 3405 1565 ahjccerinuis
3453 1494 3672 1557 erroris,
3724 1494 3775 1547 in

2192 1591 2295 1646 hoc
2330 1592 2490 1645 etiam
2529 1606 2670 1645 nunc
2712 1590 2909 1660 gratias
2940 1589 3168 1659 agimus,
3199 1588 3339 1657 quod
3373 1592 3485 1641 bare
3507 1602 3627 1657 qnze
3654 1596 3778 1640 aute

2192 1682 2537 1746 credidimus,
2562 1696 2701 1735 nunc
2727 1682 2845 1737 aliis
2875 1684 3083 1751 aperire
3110 1680 3413 1743 didicimus,
3446 1679 3583 1732 viam
3615 1678 3781 1732 facili-

2195 1775 2365 1831 tatis‘
2390 1776 2640 1830 uberiore
2690 1772 2999 1830 Sanctitatis
3052 1782 3157 1827 tua:
3208 1786 3456 1826 sermone
3493 1769 3758 1839 pandente

2197 1869 2263 1924 Et
2291 1870 2392 1923 alia
2420 1878 2612 1922 manu:
2642 1866 2963 1923 Incolumem
2994 1865 3379 1921 Deatitudiuem
3402 1873 3565 1928 luant,
3590 1863 3780 1915 nostri-

2195 1977 2300 2032 que
2327 1976 2640 2024 memorem,
2688 1958 3050 2015 misericordia
3095 1957 3187 2012 Dei
3233 1955 3400 2011 nostri
3439 1954 3703 2025 glorilleet
3730 1954 3779 2008 in

2196 2064 2454 2109 internum
2481 2071 2500 2106 ι
2526 2052 2721 2122 (Epist.
2757 2051 2880 2117 168,
2908 2052 3041 2104 inter
3063 2048 3505 2120 Augustiuimms).

2267 2144 2493 2201 CAPUT
2532 2144 2897 2199 χχν.-ιθ.
2938 2142 2994 2199 Si
3031 2157 3160 2212 ergo
3189 2153 3243 2197 et
3274 2142 3376 2195 iste
3405 2140 3778 2201 confiteretur,

2200 2237 2271 2292 ita
2300 2238 2352 2292 in
2396 2238 2495 2290 hoc
2531 2251 2713 2291 errore
2753 2250 2813 2290 se
2854 2235 3015 2288 fuisse
3050 2233 3372 2303 aliquando,
3409 2241 3471 2286 ut
3510 2231 3779 2285 hominem

2201 2340 2664 2399 praeoccupatum,
2710 2327 2806 2382 sed
2858 2341 2999 2381 mmc
3038 2324 3491 2379 anathematizare
3535 2323 3625 2393 qui
3673 2320 3783 2377 inec

2203 2431 2430 2485 tenent;
2498 2422 2739 2491 quisquis
2797 2420 2847 2475 ei
2916 2436 3023 2474 non
3090 2419 3487 2489 gratularetur,
3568 2427 3783 2472 tenente

2195 2514 2304 2584 jam
2375 2514 2464 2568 illo
2527 2514 2663 2567 viain
2722 2513 2997 2577 veritatis,
3070 2512 3183 2581 ipse
3248 2511 3515 2565 amitteret
3580 2512 3782 2565 viscera

2201 2606 2497 2661 charitatis.
2524 2605 2676 2661 Nunc
2722 2619 2849 2660 vero
2904 2620 3089 2675 parum
3127 2614 3209 2659 est
3248 2603 3391 2674 quod
3436 2618 3492 2659 se
3527 2619 3632 2658 non
3664 2618 3786 2658 cou-

2204 2697 2376 2753 fessus
2419 2707 2503 2752 est
2537 2698 2604 2751 ab
2650 2713 2711 2751 ea
2753 2706 2901 2767 peste
2943 2696 3221 2750 liberatum
3246 2738 3262 2763 ,
3302 2695 3396 2751 sed
3436 2695 3785 2751 anathemati-

2203 2791 2340 2846 zavit
2388 2790 2606 2860 insuper
2659 2790 2951 2855 liberatos,
3000 2788 3091 2858 qui
3142 2803 3263 2843 eum
3304 2788 3382 2841 sic
3422 2787 3686 2857 diligunt,
3730 2796 3785 2841 ut

2204 2885 2362 2941 etiam
2391 2884 2562 2953 ipsmn
2592 2883 2811 2952 cupiant
2845 2882 3057 2935 liberari
3086 2898 3101 2936 :
3128 2881 3179 2935 in
3206 2880 3398 2952 quibus
3422 2889 3474 2935 et
3512 2880 3600 2934 isti
3626 2888 3783 2946 sunt,

2205 2978 2293 3045 qui
2332 2977 2752 3032 benevolentiam
2782 2990 2933 3029 suam
2974 2989 3101 3044 erga
3133 2974 3279 3029 illum
3309 2974 3744 3045 significaverunt
3766 3016 3782 3041 ,

2206 3068 2289 3124 his
2318 3068 2383 3123 ad
2414 3084 2500 3122 me
2528 3067 2665 3122 datis
2694 3067 2884 3121 litteris
2908 3067 3051 3129 suis;
3083 3080 3207 3120 nam
3236 3076 3291 3121 et
3322 3066 3492 3135 ipsum
3526 3066 3787 3136 praecipue

2206 3160 2543 3231 cogitabant,
2582 3175 2702 3213 cum
2736 3158 3008 3223 dicerent,
3044 3158 3145 3213 hoc
3179 3174 3239 3213 se
3262 3158 3402 3213 afﬁci
3425 3200 3439 3225 ,
3468 3159 3611 3229 quod
3644 3158 3788 3215 tarde

2210 3255 2356 3310 illum
2380 3254 2571 3308 librum
2601 3252 2943 3321 scripserim?
2979 3270 2997 3303 ι
3045 3250 3323 3322 Siquidem
3350 3251 3589 3323 contigit,
3645 3271 3665 3305 ι
3709 3252 3787 3306 in-

2208 3346 2416 3417 quiunl,
2464 3363 2483 3398 ι
2529 3346 2778 3400 absentes
2820 3344 2933 3399 fieri
2977 3344 3271 3414 quosdam,
3302 3360 3528 3416 quorum
3567 3344 3787 3399 uocitati

2211 3437 2309 3492 ista
2337 3446 2443 3491 tam
2470 3436 2763 3506 perspicuas
2788 3438 3027 3492 veritatis
3067 3437 3350 3492 illustratio
3378 3434 3697 3501 deberetur;
3724 3433 3787 3488 ad

2210 3544 2343 3600 quos
2370 3530 2473 3584 etsi
2503 3530 2742 3597 tardius,
2780 3549 2799 3583 ι
2832 3531 3075 3601 inquiunt
3096 3571 3111 3596 ,
3158 3546 3177 3581 ι
3217 3545 3321 3583 non
3351 3527 3646 3583 diffidimus
3674 3542 3791 3599 pro-

2213 3622 2345 3692 pitio
2362 3622 2471 3676 Deo
2490 3622 2732 3677 eamdem
2750 3624 2972 3694 gratiam
2993 3622 3292 3692 pervenire.
3325 3640 3343 3673 ο
3368 3619 3572 3675 Nomen
3597 3621 3789 3689 quippe

2212 3714 2295 3768 vel
2323 3713 2535 3768 nomina
2574 3714 2671 3783 ipsi
2716 3729 2928 3784 quoque
2967 3713 3140 3768 adhuc
3178 3711 3397 3767 tacenda
3436 3718 3784 3781 putaverunt,

2214 3816 2268 3859 ut
2284 3806 2494 3861 vivente
2514 3806 2763 3868 amicitia.
2782 3820 2935 3860 error
2965 3806 3140 3874 potius
3162 3811 3460 3858 moreretur
3479 3802 3787 3857 amicorum.

2285 3897 2373 3953 50.
2416 3899 2487 3951 At
2516 3912 2656 3951 nunc
2696 3897 2740 3951 si
2770 3896 3015 3966 Pelagius
3044 3896 3207 3949 Deum
3232 3895 3464 3965 cogitat,
3493 3894 3537 3947 si
3578 3908 3687 3947 non
3716 3899 3795 3945 est

2216 3990 2451 4061 ingratus
2476 3990 2595 4059 ejus
2624 3988 3024 4052 misericordiie,
3053 3988 3142 4059 qui
3168 4003 3290 4043 eum
3316 3987 3382 4041 ad
3419 3987 3790 4055 episcoporum

2210 4082 2472 4152 judicium
2501 4090 2780 4151 propterea
2810 4079 3074 4150 perduxit,
3107 4087 3163 4132 ut
3194 4078 3309 4132 luce
3337 4076 3677 4133 anathemata
3707 4075 3796 4128 dc-

2216 4174 2431 4230 fendcre
2470 4183 2653 4243 postea
2695 4188 2802 4229 non
2845 4172 3099 4235 auderet,
3141 4171 3356 4240 jamque
3401 4168 3710 4223 detestanda
3746 4176 3796 4220 et

2214 4265 2510 4336 abjicieuda
2539 4272 2886 4335 cognosceret
2907 4305 2920 4325 ,
2953 4267 3153 4333 gratius
3197 4261 3424 4331 accipiet
3465 4260 3671 4313 litteras
3702 4271 3794 4311 no-

2216 4366 2377 4422 stras,
2395 4355 2610 4426 quando
2624 4369 2879 4423 expresso
2902 4353 3117 4409 nomine
3141 4353 3289 4407 ulcus
3309 4351 3602 4405 sanandum
3629 4349 3797 4421 potius

2216 4451 2506 4520 aperimus,
2523 4463 2681 4518 quam
2702 4448 2815 4502 illas
2833 4446 2931 4517 (α),
2948 4446 3033 4500 ubi
3054 4460 3175 4500 cum
3193 4444 3432 4501 dolorem
3456 4444 3629 4498 facere
3648 4443 3795 4496 time-

2218 4558 2399 4598 remus
2418 4584 2433 4604 ,
2463 4552 2723 4595 tumorem
2746 4583 2761 4605 ,
2791 4539 2930 4612 quod
2962 4556 3058 4596 nos
3086 4539 3305 4609 panitet
3327 4579 3341 4603 ,
3369 4537 3713 4609 augebantus.
3743 4534 3797 4589 Si

2218 4644 2395 4690 autem
2423 4634 2551 4689 milii
2579 4634 2735 4689 fuerit
2757 4634 2942 4700 iratus,
2963 4648 3121 4705 quam
3147 4633 3326 4704 inique
3354 4632 3799 4686 irascaturatten-

2220 4728 2330 4789 dat,
2359 4736 2414 4781 et
2436 4734 2494 4781 ut
2517 4726 2694 4781 vincat
2724 4726 2877 4792 iram,
2903 4723 3115 4779 tandem
3140 4721 3426 4795 aliquando
3452 4721 3543 4777 Dei
3571 4720 3801 4791 postulet

2220 4818 2443 4890 gratiam
2464 4858 2479 4882 ,
2510 4832 2667 4887 quam
2710 4817 2760 4871 iu
2803 4817 2903 4871 hoc
2927 4815 3126 4885 judicio
3165 4814 3444 4870 confessus
3470 4820 3553 4868 est
3582 4810 3798 4882 singulis

2224 4913 2420 4967 nostris
2456 4911 2662 4966 actibus
2692 4910 3075 4973 necessariam;
3116 4916 3175 4963 ut
3200 4923 3380 4962 veram
3407 4913 3763 4975 consequatur
3783 4943 3796 4965 ,

2225 5005 2316 5060 illo
2336 5004 2637 5073 adjuvante,
2670 5002 2967 5056 victoriam.
2994 5001 3131 5069 Quid
3155 5001 3296 5054 enim
3323 4999 3370 5053 ei
3400 5007 3623 5069 prosunt
3650 5004 3803 5051 tanta:

2224 5098 2344 5167 ejus
2366 5097 2547 5151 Iaudes
2572 5097 2623 5150 in
2649 5094 2888 5165 epistolis
2908 5093 3303 5164 episcoporum,
3321 5107 3453 5162 quas
3477 5106 3571 5161 pro
3592 5105 3650 5145 se
3665 5103 3804 5143 com-

2225 5190 2639 5255 memorandas,
2681 5189 2765 5245 vel
2813 5192 2973 5243 etiam
3023 5186 3271 5257 legendas
3312 5194 3471 5255 atque
3507 5181 3805 5252 allegaudas

2226 5282 2459 5355 putavit;
2487 5282 2636 5351 quasi
2663 5296 2785 5336 eum
2814 5280 2931 5335 haec
2962 5293 3213 5349 perversa
3243 5278 3443 5333 sentire
3463 5318 3477 5340 ,
3508 5289 3697 5331 omnes
3721 5271 3806 5343 qui

2226 5375 2571 5431 vehementes
2621 5381 2675 5429 et
2725 5371 2956 5443 quodam
3005 5370 3166 5425 modo
3215 5368 3465 5426 ardentes
3508 5366 3574 5423 ad
3616 5365 3805 5423 bonam

2293 5568 2309 5632 ξ
2345 5570 2501 5632 suam
2523 5557 2769 5632 οοξιέρεςίι·
3012 5614 3045 5632 Α,

2293 5628 2313 5659 ι
2336 5627 2410 5675 sic
2429 5614 2558 5672 suar.
2581 5614 2704 5671 Editi
2733 5633 2853 5671 vero
2874 5615 2973 5669 alii.
2998 5614 3252 5670 τιατιιαιυ.

2296 5689 2316 5720 ³
2345 5685 2651 5735 Florentinus
2674 5691 2775 5740 Ms,
2799 5678 3155 5732 saluationem.

2295 5751 2313 5781 ⁸
2352 5758 2468 5797 suar
2490 5783 2504 5805 ,
2529 5743 2787 5809 felicitatis.

2299 5812 2372 5875 (ιι)
2405 5805 2628 5869 subaudi,
2650 5805 2853 5868 accepit.
