3996 6482
185 393 305 451 διε

190 510 372 563 sitam
395 503 807 564 exhortationes
827 506 944 580 ejus
968 506 1267 578 audiebant,
1298 507 1447 564 facile
1470 509 1607 566 scire
1632 519 1808 581 potue-

188 601 316 657 rint
335 599 364 654 ἲ

264 690 502 749 CAPUT
538 690 737 747 XXVI.
768 721 845 733 -—
875 692 961 749 5|.
1003 692 1069 748 Et
1100 706 1201 765 ego
1241 692 1454 764 quidem
1496 693 1546 747 in
1583 690 1807 763 epistola

184 801 339 849 mea,
379 801 533 857 quam
560 785 808 854 protulit,
837 801 942 839 non
972 785 1144 840 solum
1172 786 1239 840 ab
1266 784 1379 855 ejus
1408 784 1652 839 laudibus
1675 793 1809 839 tem-

182 882 425 951 peravi;
453 879 547 934 sed
567 880 732 934 etiam
762 888 1017 949 quantum
1048 879 1213 946 potui,
1243 878 1358 933 sine
1382 876 1499 948 ejus
1522 878 1536 910 ¹
1563 893 1805 933 commo-

178 975 347 1029 tione
373 972 706 1043 qnzestiouis,
735 972 804 1026 de
833 971 927 1027 Dei
950 971 1120 1042 gratia
1148 981 1295 1027 recte
1320 985 1509 1042 sapere
1529 970 1802 1026 admonui.

162 1066 311 1120 {tisi
340 1081 471 1121 cum
496 1065 692 1136 quippe
724 1065 777 1120 in
810 1064 1147 1128 salutatione,
1173 1064 1453 1120 Dominum
1483 1081 1497 1118 :
1525 1062 1667 1135 quod
1689 1062 1804 1134 epi-

178 1160 391 1213 Stolari
416 1172 564 1213 more
587 1161 746 1213 etiam
775 1173 882 1213 non
905 1156 1208 1212 christianis
1228 1157 1544 1227 quibusdam
1568 1157 1803 1213 scribere

182 1249 481 1313 solemus;
516 1263 685 1319 neque
717 1247 769 1302 id
801 1248 1150 1314 mendaciter,
1180 1247 1431 1318 quoniam
1462 1248 1709 1303 omnibus
1730 1248 1796 1303 ad

182 1340 455 1399 salutem,
478 1355 597 1410 qua:
620 1339 671 1393 in
696 1338 910 1393 Christo
937 1347 1035 1403 est,
1066 1339 1515 1409 consequendam,
1544 1338 1800 1394 debemus

182 1430 433 1501 quodam
453 1428 615 1485 modo
631 1429 853 1485 liberam
871 1429 1202 1483 servitutem.
1229 1429 1341 1484 Dixi
1359 1428 1760 1484 dilectissimum
1781 1448 1795 1485 :

183 1522 339 1593 quod
375 1533 427 1579 et
453 1539 596 1577 nunc
638 1522 757 1577 dico
779 1564 793 1587 ,
826 1520 926 1577 etsi
969 1522 1135 1577 iratus
1163 1521 1353 1587 fuerit,
1385 1520 1557 1577 adhuc
1585 1522 1792 1587 dicam;

183 1617 453 1687 quoniam
490 1616 588 1670 nisi
614 1630 737 1684 erga
767 1630 889 1669 eum
915 1614 1254 1670 dilectionem
1285 1624 1537 1680 tenuero,
1568 1613 1658 1669 illo
1688 1614 1796 1669 ira-

185 1718 423 1771 scente,
455 1707 572 1776 ipse
617 1706 744 1760 mihi
777 1704 946 1775 magis
976 1704 1201 1760 nocebo.
1236 1704 1350 1759 Dixi
1395 1704 1795 1759 Dcsideratissi-

187 1812 377 1863 mum;
407 1797 664 1869 quoniam
684 1797 838 1853 valde
866 1796 1144 1867 cupiebam
1173 1811 1293 1851 cum
1318 1805 1580 1867 prasente
1601 1794 1795 1868 aliquid

188 1892 428 1961 colloqui
462 1908 477 1943 :
507 1890 619 1960 jam
660 1889 802 1944 enim
844 1890 1119 1944 audieram
1163 1897 1349 1944 contra
1388 1888 1644 1959 gratiam,
1688 1904 1793 1961 qua

186 1981 571 2053 iustificamur,
592 1980 806 2051 quando
827 1979 949 2035 hinc
964 1979 1137 2050 aliqua
1158 1978 1597 2036 cnmmemoratio
1619 1979 1791 2046 fieret,

189 2082 379 2141 aperta
422 2086 550 2126 eum
582 2072 928 2125 contentione
967 2072 1171 2125 conari.
1220 2070 1457 2141 Denique
1496 2070 1792 2125 litterarum

192 2167 432 2235 ipsarum
463 2163 645 2220 brevis
675 2172 849 2218 textus
877 2162 979 2218 hoc
1008 2163 1204 2218 indicat
1224 2179 1237 2215 :
1260 2179 1379 2218 nam
1407 2178 1530 2219 cum
1560 2164 1791 2234 egissem

191 2258 425 2327 gratias,
459 2256 606 2326 quod
647 2271 732 2309 me
774 2254 985 2324 scriptis
1021 2255 1131 2310 suis
1169 2254 1515 2309 exhilarasset
1538 2296 1554 2321 ,
1583 2263 1792 2309 certum

192 2349 443 2403 faciendo
466 2348 537 2403 de
562 2362 659 2401 sua
684 2347 856 2403 salute
881 2362 944 2401 ac
964 2362 1203 2412 suorum,
1230 2363 1364 2417 quos
1390 2346 1571 2417 utique
1598 2346 1640 2400 si
1666 2361 1791 2401 oor-

192 2451 370 2495 rectos
394 2440 683 2503 volumus,
722 2438 884 2493 etiam
932 2437 1197 2505 corporali
1245 2439 1413 2492 salute
1453 2439 1629 2491 salvos
1658 2436 1793 2491 velle

192 2531 491 2594 debemus;
515 2545 640 2583 mox
667 2528 717 2583 ei
743 2530 879 2583 bona
905 2529 1079 2597 optavi
1107 2544 1135 2582 a
1167 2528 1389 2583 Domino
1416 2529 1661 2595 retribui,
1685 2544 1789 2583 non

192 2621 257 2674 ad
284 2620 518 2675 stiutem
549 2618 795 2689 corporis
826 2619 1142 2688 pertinentia
1162 2660 1178 2685 ,
1206 2608 1302 2674 sed
1339 2635 1399 2674 ea
1431 2622 1641 2689 pot'us,
1673 2634 1793 2688 qua:

194 2715 413 2781 putabat
438 2726 567 2767 esse
590 2750 606 2775 ,
638 2710 723 2765 vel
752 2708 893 2764 forte
920 2708 1098 2764 adhuc
1134 2719 1310 2779 putat,
1344 2709 1394 2762 in
1433 2710 1550 2764 solo
1574 2709 1792 2762 arbitrio

191 2804 489 2873 voluntatis
511 2810 569 2856 et
601 2800 814 2871 propria
841 2809 1101 2871 potestate
1130 2800 1317 2868 posita,
1343 2799 1501 2853 siund
1524 2812 1713 2868 optans
1738 2809 1792 2854 et

198 2904 414 2963 propter
447 2893 554 2947 hoc
582 2882 743 2947 vitam
770 2901 1042 2945 :eternatn.
1080 2891 1279 2945 Deinde
1303 2891 1422 2961 quia
1448 2890 1636 2944 litteris
1656 2887 1788 2953 suis,

190 2984 382 3052 quibus
413 2982 833 3053 respondebam,
867 2982 990 3036 talia
1018 2981 1261 3051 quaedam
1292 2981 1344 3036 in
1379 2998 1464 3037 me
1488 2981 1627 3036 bona
1658 2982 1793 3035 mul-

197 3088 301 3131 tum
331 3076 675 3146 benigneque
714 3073 1054 3141 laudaverat;
1086 3073 1246 3129 etiam
1289 3073 1359 3129 ibi
1400 3073 1558 3143 petivi
1586 3074 1656 3128 ab
1692 3087 1788 3141 eo,

195 3178 247 3222 ut
272 3184 372 3237 pro
401 3174 707 3222 mc‘oraret
727 3207 744 3232 ,
771 3180 878 3236 quo
907 3167 1083 3236 potius
1112 3182 1139 3219 a
1170 3165 1396 3220 Domino
1424 3167 1540 3221 talis
1569 3167 1751 3221 fierem
1773 3207 1789 3233 ,

196 3262 401 3331 qualem
427 3276 517 3315 me
531 3274 654 3315 esse
666 3259 778 3329 jam
799 3258 1041 3314 crederet
1064 3274 1079 3312 :
1104 3268 1158 3312 ut
1179 3274 1298 3313 eum
1317 3260 1394 3314 sic
1410 3260 1752 3313 admonerem
1772 3301 1789 3327 ,

196 3364 378 3408 contra
427 3351 576 3421 quod
611 3351 699 3405 ille
737 3350 1011 3421 sapiebat,
1054 3350 1221 3420 ipsam
1264 3364 1476 3420 quoque
1497 3350 1789 3419 justitiam,

197 3459 347 3512 quam
380 3442 434 3496 in
467 3457 556 3496 me
588 3440 906 3495 laudandam
936 3452 1234 3510 potaverat,
1268 3456 1373 3494 non
1400 3456 1519 3495 esse
1542 3441 1789 3509 volentis,

200 3550 364 3604 neque
390 3534 701 3597 currentis,
730 3531 825 3587 sed
856 3532 1156 3587 misereutis
1190 3531 1286 3587 Dei
1328 3532 1516 3601 (lium.
1550 3548 1629 3597 Ix,
1662 3532 1788 3605 16).

200 3626 304 3681 [Inc
324 3638 408 3681 est
429 3633 628 3691 totum,
649 3623 791 3694 quod
822 3623 998 3678 brevis
1028 3624 1114 3679 illa
1140 3622 1364 3694 epistola
1393 3638 1508 3677 mea
1531 3625 1790 3683 continet.

198 3736 359 3785 eaque
390 3717 698 3771 intentione
725 3717 923 3771 dictata
952 3726 1033 3771 est
1066 3733 1079 3769 :
1109 3733 1230 3771 nam
1261 3718 1329 3770 ita
1356 3732 1414 3771 se
1446 3717 1605 3771 habet
1632 3734 1647 3772 :

261 3808 495 3865 CAPUT
525 3806 718 3864 XXVII
750 3816 796 3862 et
830 3806 1069 3863 XXVIII.
1095 3836 1167 3847 —
1195 3806 1285 3863 52.
1332 3825 1351 3859 t
1400 3808 1626 3864 Domino
1660 3806 1791 3864 dile-

199 3903 472 3972 ctissimo,
505 3910 562 3959 et
610 3900 1067 3957 desideratissimo
1117 3899 1263 3955 fratri
1314 3900 1562 3971 Pelagio,
1604 3901 1790 3971 Augu-

203 3997 399 4060 Stinus,
438 3996 492 4049 in
533 3994 760 4048 Domino
798 3992 1049 4048 salutem.
1081 3990 1289 4045 Gratias
1328 4005 1428 4062 ago
1465 3991 1791 4063 plurimum,

204 4088 338 4155 quod
356 4105 448 4142 me
475 4086 667 4141 litteris
689 4086 794 4139 tuis
818 4084 1116 4140 exhilarare
1140 4082 1385 4153 dignatus
1407 4098 1487 4150 es,
1516 4090 1791 4138 etcertum

206 4180 376 4235 facere
399 4180 475 4233 de
498 4178 674 4232 salute
694 4187 889 4231 vestra.
915 4177 1191 4232 Retribuat
1224 4176 1316 4231 tibi
1347 4175 1600 4231 Dominus
1631 4176 1789 4242 bona,

206 4271 392 4337 quitus
420 4282 644 4338 semper
667 4267 743 4323 sis
773 4268 964 4333 bonus,
996 4277 1196 4323 etcum
1225 4267 1317 4324 illo
1341 4278 1543 4323 aeterno
1570 4268 1717 4320 vivas
1739 4267 1790 4321 in

207 4371 489 4422 sternam.
546 4359 765 4416 domine
817 4360 1198 4425 dilectissime,
1245 4370 1301 4417 et
1340 4360 1793 4418 desideratissime

206 4453 383 4508 inter.
412 4452 534 4523 Ego
561 4462 737 4506 autem
760 4493 776 4515 .
801 4453 901 4507 etsi
930 4453 980 4509 in
1012 4468 1098 4507 me
1128 4468 1233 4507 non
1269 4466 1499 4522 agnoseo
1527 4454 1791 4522 pra-conia

205 4544 268 4596 de
293 4559 377 4599 me
403 4552 537 4608 tua,
565 4558 686 4612 qua:
724 4551 831 4596 tua:
873 4542 1219 4614 Denignitatis
1256 4544 1479 4614 epistola
1517 4544 1790 4610 continet;

209 4633 467 4689 benevolo
487 4642 668 4689 tamen
693 4634 873 4689 animo
892 4648 1016 4703 erga
1039 4633 1379 4704 exiguitatem
1403 4649 1599 4702 meam,
1620 4636 1794 4706 ingra-

209 4737 285 4779 tus
311 4740 442 4783 esse
474 4741 584 4781 non
607 4741 824 4796 possum
846 4726 1031 4781 :simui
1057 4728 1373 4793 admonens,
1395 4738 1454 4783 ut
1482 4729 1657 4799 potius
1672 4742 1793 4785 ores

207 4833 301 4887 pro
326 4835 440 4884 me,
481 4833 590 4889 quo
619 4819 739 4873 talis
775 4834 806 4872 a
859 4817 1084 4873 Domino
1126 4817 1284 4885 fiam,
1315 4819 1526 4889 qualem
1572 4835 1659 4875 me
1682 4819 1792 4889 jam

208 4926 321 4965 esse
354 4910 661 4967 arbitraris.
704 4908 770 4967 Et
799 4910 902 4964 alia
949 4926 1099 4964 mamt
1128 4924 1149 4964 :
1187 4909 1387 4965 Memor
1412 4909 1615 4977 nostri,
1644 4909 1793 4965 inco-

210 5004 358 5058 lamis
389 5004 623 5058 Domino
653 5003 893 5071 placeas,
922 5003 1135 5057 domine
1165 5001 1539 5064 dilectissime.
1565 5012 1621 5058 et
1646 5001 1794 5058 desi-

208 5096 551 5149 deratissime
587 5094 750 5149 frater
784 5112 804 5147 s
842 5094 1030 5165 (Epist.
1063 5094 1212 5166 146).

272 5185 501 5242 CAPUT
532 5185 724 5241 XXIX.
744 5214 817 5226 --
835 5185 923 5240 53.
958 5185 1011 5241 in
1041 5186 1152 5255 ipsa
1170 5201 1378 5257 quoque
1404 5186 1795 5256 subscriptione

208 5278 344 5346 qum!
370 5278 548 5347 posui,
575 5288 635 5333 ut
660 5279 886 5333 Domino
912 5279 1137 5347 placeat,
1168 5279 1334 5347 magis
1360 5279 1461 5334 hoc
1490 5295 1610 5334 esse
1630 5280 1795 5350 signi-

210 5370 357 5424 ﬁcavi
387 5371 443 5423 in
471 5371 589 5438 ejus
612 5370 808 5440 gratia,
838 5386 994 5439 quam
1024 5371 1076 5424 in
1105 5371 1217 5424 sola
1248 5369 1480 5424 hominis
1501 5371 1793 5438 voluntate,

209 5462 419 5531 quando
446 5462 497 5516 id
530 5478 630 5517 nec
658 5463 902 5517 hortatus
926 5478 1065 5528 sum,
1096 5478 1191 5516 nec
1220 5462 1467 5531 praecepi,
1496 5477 1596 5517 nec
1615 5461 1792 5525 docui,

210 5555 300 5606 sed
345 5554 548 5623 optavi.
602 5552 1060 5623 Quemadmodum
1110 5567 1240 5607 vero
1289 5553 1333 5607 si
1376 5553 1650 5618 hortarer,
1706 5562 1799 5607 aut

211 5647 599 5718 praeciperem,
652 5645 741 5703 vel
795 5644 1081 5710 docerem,
1148 5643 1415 5715 pertinere
1467 5644 1569 5700 hoc
1617 5653 1673 5700 et
1727 5645 1793 5698 ad

269 5815 292 5837 ⁸
325 5809 558 5852 ttotttanus
588 5809 694 5862 us,
721 5798 885 5862 ullius.
925 5797 1244 5862 Colbertinus,
1285 5796 1415 5850 illius
1450 5808 1793 5849 commemora-

216 5862 357 5921 ω.
395 5863 523 5921 Alius
542 5859 741 5932 quidam
763 5861 920 5913 codex
936 5896 951 5915 .
976 5859 1347 5911 comnmiliovw.

1714 392 1913 449 LIBER
1957 393 2153 450 UNUS.

3400 406 3505 460 350

1924 509 2147 564 liberum
2202 511 2478 569 arbitrium
2529 513 2981 583 demonstrarem,
3039 533 3138 573 nec
3185 527 3360 573 tamen
3407 520 3501 575 Dei

1915 605 2099 675 gratia:
2148 604 2459 678 derogat-cm
2511 626 2524 662 :
2585 610 2653 665 ita
2702 613 2821 682 quia
2874 610 3090 682 optavi,
3144 612 3234 669 Dei
3282 612 3499 685 quidem

1914 696 2280 752 commendavi
2342 699 2605 769 gratiam,
2667 718 2771 755 non
2830 712 3005 758 tamen
3069 703 3346 758 arbitrium
3404 720 3503 757 vo-

1916 787 2133 843 luntatis
2155 791 2404 845 exstinxi.
2438 790 2632 862 thuid
2671 809 2798 865 ergo
2844 794 2895 847 in
2930 793 3032 850 hoc
3052 794 3255 865 judicio
3283 796 3503 865 protulit

1913 880 2052 936 hanc
2079 882 2392 951 epistolam?
2422 884 2711 939 secundum
2742 902 2897 956 quam
2934 887 2978 941 si
3014 888 3082 942 ab
3112 888 3262 942 initio
3290 889 3499 958 sapuis-

1910 980 2013 1037 set,
2045 972 2189 1025 nullo
2216 973 2376 1028 modo
2402 973 2668 1040 fortassis,
2703 976 2826 1030 licet
2853 992 2881 1029 a
2911 976 3066 1031 bonis
3095 976 3366 1042 fratribus,
3399 978 3494 1033 sed

1912 1070 2087 1119 tamen
2133 1066 2478 1133 perversitate
2520 1066 2941 1137 disputationum
2991 1070 3107 1138 ejus
3148 1067 3403 1132 offensis,
3429 1070 3495 1123 ad

1908 1156 2210 1227 episcOpale
2248 1157 2509 1227 judicium
2554 1169 2854 1215 vocaretur.
2908 1159 3075 1215 Porro
3116 1170 3315 1225 autem,
3361 1162 3499 1216 sicut

1906 1262 2007 1317 ego
2028 1248 2287 1304 rationem
2308 1250 2376 1304 de
2398 1249 2496 1305 hac
2519 1266 2635 1307 mea
2658 1251 2880 1322 epistola
2913 1250 3147 1317 reddidi;
3177 1253 3247 1306 ita
3273 1252 3341 1308 de
3360 1253 3493 1315 suis,

1904 1340 1946 1391 si
1970 1347 2111 1394 esset
2136 1355 2380 1406 necesse,
2406 1341 2693 1397 redderent
2716 1359 2943 1415 quorum
2964 1343 3230 1414 allegavit,
3256 1342 3496 1399 dicentes

1906 1430 1987 1484 vel
2025 1430 2150 1501 quid
2184 1431 2518 1501 putaverint,
2552 1431 2635 1487 vel
2678 1434 2803 1503 quid
2846 1434 3240 1503 ignoraverint,
3271 1433 3355 1488 vel
3390 1450 3495 1504 qua

1904 1520 2108 1576 ratione
2144 1522 2475 1592 scripserint.
2512 1523 2739 1579 Proinde
2770 1523 3013 1595 Pelagius
3041 1524 3107 1579 de
3136 1525 3495 1595 quorumlibet

1902 1619 2206 1665 sanctorum
2229 1612 2464 1667 amicitia
2494 1629 2552 1668 se
2578 1613 2880 1683 jactaverit,
2909 1615 3268 1685 quorumlibet
3290 1615 3356 1669 de
3378 1615 3493 1669 suis

1903 1699 2145 1757 laudibus
2192 1702 2396 1758 litteras
2445 1702 2670 1773 legerit,
2712 1704 2964 1773 qua'libet
3007 1704 3333 1773 purgationis
3379 1719 3492 1759 sua:

1900 1804 2045 1863 gesta
2078 1795 2380 1865 protulerit,
2412 1797 2514 1851 nisi
2544 1813 2607 1852 ea
2636 1813 2754 1868 qua:
2783 1808 2970 1852 contra
2992 1798 3086 1852 Dei
3117 1797 3361 1869 gratiam,
3388 1813 3491 1866 qua

1902 1900 2156 1941 vocantur
2198 1896 2252 1942 et
2290 1886 2676 1958 justificamur,
2723 1889 2968 1960 posuisse
3020 1890 3073 1944 iu
3126 1889 3277 1944 libris
3320 1890 3336 1921 ί
3376 1890 3491 1944 suis

1899 1974 2213 2033 idoneorum
2247 1980 2460 2035 lcSlitlm
2503 1980 2606 2035 fide
2651 1981 2933 2051 probatur,
2964 1979 3243 2037 confessus
3268 1980 3490 2034 anathe-

1899 2070 2261 2137 tnatizaverit,
2300 2086 2364 2127 ac
2417 2072 2613 2128 deinde
2643 2074 2663 2105 '
2690 2085 2874 2128 contra
2911 2072 3028 2130 haec
3069 2074 3181 2145 ipsa
3219 2072 3492 2146 scripserit

1897 2173 1949 2217 et
1981 2162 2348 2232 disputaverit,
2383 2179 2719 2235 nequaquam
2750 2163 2835 2221 his
2863 2166 3056 2237 quibus
3086 2165 3294 2236 plenius
3326 2175 3485 2221 notus

1895 2264 1999 2321 est,
2028 2255 2293 2311 videbitur
2325 2272 2446 2313 esse
2475 2268 2770 2335 correctus.

1964 2345 2193 2403 CAPUT
2221 2345 2391 2402 XXX.
2417 2378 2489 2388 —
2513 2348 2602 2404 54.
2634 2348 2751 2404 Jam
2783 2350 2947 2416 enim,
2971 2366 3090 2421 qua:
3121 2360 3239 2422 post
3270 2350 3371 2406 hoc
3394 2352 3485 2422 ju-

1905 2436 2102 2491 dicium
2132 2447 2416 2493 consecuta
2448 2439 2571 2504 sint,
2605 2455 2723 2510 qua:
2761 2437 2900 2495 hanc
2929 2441 3286 2512 suspicionem
3319 2444 3488 2514 magis

1894 2537 2140 2597 augeant,
2173 2544 2277 2582 non
2309 2529 2513 2584 tacebo.
2543 2529 2792 2585 Pervenit
2820 2530 2872 2585 in
2899 2547 3089 2587 manus
3117 2544 3325 2588 nostras
3352 2550 3489 2588 non-

1898 2621 2036 2674 nulla
2062 2620 2302 2690 epistola,
2326 2637 2445 2693 qua:
2465 2620 2631 2692 ipsius
2657 2621 2855 2694 Pelagii
2882 2623 3171 2693 diceretur,
3195 2625 3485 2680 scribentis
3502 2616 3531 2642 ⁹

1894 2710 1958 2765 ad
1990 2711 2217 2767 amicum
2260 2728 2412 2767 suum
2452 2712 2737 2784 quemdam
2784 2714 3189 2786 presbyterum,
3230 2716 3318 2785 qui
3359 2732 3483 2770 eum

1895 2801 2105 2870 litteris,
2135 2802 2273 2858 sicut
2297 2803 2483 2859 eadem
2520 2804 2743 2874 epistola
2781 2805 3102 2870 continetur,
3130 2805 3357 2878 benigne
3383 2806 3483 2861 ad-

1895 2904 2207 2965 monuerat,
2235 2913 2302 2953 ne
2326 2912 2422 2968 per
2448 2897 2565 2969 ejus
2598 2898 2936 2954 occasionem
2981 2914 3041 2955 se
3068 2900 3259 2971 aliquis
3297 2916 3327 2954 a
3357 2915 3482 2956 cor-

1896 3003 2023 3059 pore
2041 2988 2294 3045 Ecclesim
2310 3000 2606 3061 separaret.
2624 2989 2699 3046 lbi
2722 2992 2863 3048 inter
2877 3003 3093 3059 czetera,
3111 3008 3229 3064 quae
3246 2993 3485 3048 inserere

1896 3078 2110 3148 longum
2140 3089 2243 3146 est,
2274 3096 2372 3136 nec
2398 3096 2533 3153 opus
2569 3091 2653 3137 est
2673 3122 2688 3147 ,
2720 3081 2794 3137 ait
2820 3082 3062 3153 Pelagius
3097 3080 3189 3145 τιΔ
3214 3083 3483 3152 Quatuor-

1893 3167 2070 3225 decim
2101 3171 2476 3243 episcoporum
2520 3173 2785 3228 sententia
2828 3172 3069 3228 definitio
3112 3184 3291 3229 nostra
3332 3191 3486 3229 com.

1896 3260 2114 3331 probata
2139 3271 2250 3330 est,
2280 3277 2382 3332 qua
2412 3261 2644 3316 diximus
2666 3303 2682 3328 ,
2711 3278 2870 3333 posse
2904 3262 3173 3318 hominem
3202 3265 3318 3320 sine
3349 3280 3477 3335 pec-

1895 3361 2017 3407 c.ito
2052 3366 2172 3406 esse
2195 3393 2209 3417 ,
2240 3362 2297 3407 et
2330 3353 2420 3407 Dei
2451 3352 2700 3408 mandata
2741 3351 2898 3409 facile
2940 3352 3212 3410 custodire
3253 3356 3298 3409 si
3333 3355 3484 3410 velit.

1894 3443 2023 3511 Qua)
2046 3445 2306 3498 sententia
2326 3485 2341 3509 ,
2389 3462 2409 3496 ι
2453 3443 2652 3514 inquit,
2700 3463 2719 3498 ι
2765 3444 3203 3500 contradictionis
3223 3460 3284 3499 os
3306 3444 3327 3477 ³
3352 3462 3486 3501 emr-

1896 3533 2103 3588 fusione
2138 3533 2401 3603 perfudit,
2442 3545 2495 3589 et
2521 3548 2733 3589 omnem
2768 3536 2818 3589 in
2850 3536 3046 3590 malum
3084 3535 3482 3604 conspirantem

1895 3626 2205 3680 societatem
2243 3624 2311 3679 ab
2352 3624 2575 3680 invicem
2616 3627 2909 3695 separavit.
2954 3645 2974 3679 ι
3017 3627 3141 3683 Sive
3169 3644 3296 3698 ergo
3324 3629 3481 3685 istaut

1895 3714 2173 3784 epistolam
2204 3715 2448 3787 Pelagius
2484 3732 2610 3771 vere
2634 3716 2905 3787 scripserit
2925 3759 2939 3783 ,
2971 3718 3083 3773 sive
3112 3720 3210 3773 sub
3235 3719 3351 3789 ejus
3383 3734 3481 3773 no.

1897 3809 2038 3862 mine
2057 3822 2087 3862 a
2104 3823 2438 3879 quocumque
2455 3808 2677 3863 conficta
2705 3809 2794 3873 sit,
2812 3809 2931 3880 quis
2950 3826 3054 3864 non
3074 3809 3272 3877 videat,
3295 3826 3484 3881 quemq

1895 3899 2181 3953 admodum
2208 3899 2295 3955 hic
2321 3914 2472 3955 error
2498 3909 2551 3955 et
2577 3899 2644 3955 de
2668 3900 2869 3971 judicio
2895 3901 2982 3956 ubi
3015 3902 3294 3957 convictus
3322 3910 3485 3970 atque

1895 3990 2178 4045 datnnatus
2225 4000 2347 4057 est,
2396 4001 2643 4063 tanquam
2687 3992 2755 4047 de
2793 3992 3012 4047 victoria
3055 3993 3351 4063 glorietur?
3392 3992 3525 4048 Sio‘

1895 4081 2037 4136 cnim
2065 4081 2241 4152 posuit
2277 4082 2391 4136 lucc
2429 4083 2587 4137 verba
2608 4123 2622 4145 ,
2654 4083 3099 4153 quemadmodum
3150 4085 3395 4154 leguntur
3421 4085 3484 4145 in

1898 4172 2033 4228 libro
2062 4170 2176 4242 ejus
2200 4215 2214 4239 ,
2256 4174 2343 4243 qui
2388 4174 2750 4244 Capitulorum
2780 4185 3000 4230 vocatur
3022 4216 3037 4242 ,
3080 4191 3186 4235 non
3229 4176 3484 4247 quemad—

1896 4263 2110 4319 modum
2136 4263 2341 4333 ohjccta
2382 4274 2508 4319 sunt
2550 4266 2601 4319 in
2640 4265 2876 4334 judicio,
2910 4267 2989 4319 vel
3033 4266 3147 4335 ejus
3189 4268 3356 4323 etiam
3397 4281 3485 4321 rev

1895 4359 2183 4428 Spousione
2208 4355 2451 4425 repetita.
2480 4355 2612 4411 Nam
2642 4368 2694 4411 et
2720 4357 2795 4410 illi
2819 4357 2909 4426 qui
2936 4356 3271 4425 objecerunt,
3301 4358 3484 4415 nescio

1895 4467 1995 4519 qua
2028 4449 2228 4506 incuria
2254 4490 2268 4513 ,
2298 4449 2474 4502 minus
2518 4457 2810 4518 posuerunt
2847 4450 3066 4504 verbum
3094 4491 3108 4515 ,
3140 4448 3207 4503 de
3234 4464 3341 4518 quo
3369 4464 3483 4509 non

1897 4556 2059 4611 parva
2086 4550 2168 4595 est
2188 4541 2570 4596 controversia.
2607 4541 2904 4595 l‘osuerunt
2929 4540 3071 4595 enim
3103 4557 3223 4595 eum
3248 4540 3485 4606 dixisse,

1902 4652 1922 4687 ς
1968 4632 2131 4689 POSSe
2160 4632 2453 4700 hominem,
2489 4634 2532 4688 si
2563 4634 2708 4699 velit,
2739 4647 2859 4688 esse
2885 4634 2999 4687 sine
3028 4639 3273 4703 peccato,
3305 4641 3357 4690 et
3390 4633 3489 4689 Dei.

1899 4723 2143 4780 mandata
2171 4723 2439 4779 custodire
2479 4724 2523 4779 si
2565 4724 2731 4779 velit:
2774 4743 2793 4777 ι
2832 4724 2900 4779 de
2941 4723 3192 4779 facilitate
3232 4723 3363 4783 nihil
3403 4735 3488 4785 est

1897 4817 2116 4871 dictum.
2160 4816 2359 4871 Deinde
2386 4816 2497 4884 ipse
2522 4814 2853 4885 respondens
2879 4814 2984 4879 ait,
3020 4833 3040 4868 ι
3079 4814 3241 4870 Posse
3266 4813 3484 4885 quidem

1899 4910 2165 4965 hominem
2186 4923 2304 4963 esse
2326 4909 2440 4964 sine
2462 4916 2699 4979 peccato,
2724 4917 2777 4961 et
2801 4906 2892 4962 Dei
2916 4905 3163 4962 mandata
3185 4906 3477 4969 custodire,

1898 5004 1941 5056 si
1971 5002 2124 5066 velit,
2156 5001 2387 5057 diximus
2420 5021 2435 5056 ;
2472 5020 2491 5053 ι
2527 5016 2699 5071 neque
2728 5001 2843 5072 ipse
2869 5000 3024 5068 dixit,
3063 5018 3083 5054 ‹
3120 5000 3276 5056 facile
3305 5012 3487 5057 custo.

1898 5082 2050 5157 dire;
2091 5110 2110 5143 ι
2144 5092 2236 5145 sed
2264 5091 2650 5157 tantummodo,
2688 5108 2705 5141 ι
2746 5091 3035 5146 custodire.
3075 5109 3094 5141 μ
3132 5091 3207 5145 Ita
3234 5090 3338 5151 alio
3367 5092 3493 5147 loco.

1901 5186 2037 5239 inter
2072 5182 2157 5238 illa
2188 5181 2255 5236 de
2283 5183 2477 5252 quibus
2511 5198 2596 5237 me
2626 5182 2857 5237 Hilarius
2882 5181 3187 5246 consuluit,
3219 5191 3379 5251 atque
3399 5196 3487 5236 ree

1899 5277 2107 5348 scripsi,
2128 5276 2206 5330 sic
2225 5275 2490 5345 objectum
2518 5284 2599 5331 est
2631 5292 2645 5328 :
2683 5295 2701 5326 ι
2744 5275 2909 5330 Posse
2935 5274 3206 5330 hominem
3226 5290 3346 5328 esse
3367 5275 3487 5329 sine

1903 5381 2138 5443 peccato,
2158 5371 2201 5423 si
2216 5369 2359 5423 vclit.
2387 5388 2406 5420 ι
2432 5368 2510 5422 Ad
2528 5368 2667 5440 quod
2692 5369 2806 5437 ipse
2831 5372 2901 5422 ita
2926 5367 3200 5438 respondit
3224 5384 3237 5420 :
3271 5385 3290 5418 ι
3317 5366 3486 5420 Posse

1900 5465 2112 5535 quidem
2141 5463 2409 5519 hominem
2452 5462 2565 5517 sine
2596 5470 2812 5531 peccato
2856 5475 2974 5517 esse
2995 5503 3011 5527 ,
3043 5461 3242 5514 dictum
3275 5468 3355 5512 est
3384 5471 3481 5510 su.

1903 5556 2100 5626 perius.
2140 5573 2161 5607 ι
2192 5553 2374 5624 Neque
2402 5553 2487 5608 hic
2511 5568 2660 5622 ergo,
2687 5554 2769 5607 vel
2799 5553 2868 5606 ab
2896 5550 2976 5605 eis
3002 5551 3090 5620 qui
3126 5549 3439 5619 objecerunt
3463 5587 3480 5613 ,

1966 5732 1983 5765 ι
2018 5738 2151 5780 Suar.
2170 5726 2533 5780 etcolbertinus
2554 5733 2655 5785 Its,
2682 5723 2871 5777 litteris.

1965 5796 1986 5827 ι
2010 5800 2242 5841 Romanus
2263 5798 2366 5848 Ms...
2390 5803 2448 5840 ac
2470 5793 2661 5839 demum

1970 5857 1989 5882 ι
2010 5854 2309 5882 ιιηιιωνοοῖ.ι.ιρ
2332 5859 2394 5882 με
2463 5858 2567 5882 1......
2586 5863 2623 5876 -ρ
2646 5850 2656 5869 I

1970 5857 1989 5886 Ι
2010 5854 2309 5890 Γαηγὶννοῖλιιρ
2332 5859 2395 5889 υς
2422 5885 2435 5894 ο
2463 5858 2567 5882 λιιινο
2586 5863 2623 5876 νο
2646 5847 2798 5871 ¹¹”⁶¹¹³’⁶’
2817 5860 2851 5870 ⁵-
2883 5860 2924 5865 "‘
2954 5858 2999 5867 "'
