3996 6474
565 337 660 393 35'
1594 329 1679 385 DE
1719 326 1960 383 GI~LSTlS
1998 322 2389 385 PEl.ACIl,.S.
2433 326 2795 385 AUGUSTJNI

563 451 645 504 vel
668 450 734 505 ab
759 450 875 521 ipso
898 450 986 521 qtti
1009 445 1299 516 respondit,
1323 445 1560 500 additutn
1585 456 1687 511 est,
1721 465 1739 497 ι
1776 445 1948 498 facile.
1990 462 2009 496 ι
2042 439 2142 496 Su-

566 542 746 610 perius
775 541 932 595 etiam
964 540 1014 595 in
1047 541 1352 593 narratione
1379 538 1547 592 sancti
1575 536 1794 592 Joannis
1816 535 2051 606 episcopi
2077 535 2145 587 ita

564 626 1036 684 commemoratum
1063 638 1144 683 est
1174 646 1187 682 :
1225 647 1244 681 ι
1285 629 1423 693 illis,
1459 647 1477 680 ι
1512 627 1717 697 inquit,
1766 645 1787 680 ι
1825 625 2146 681 instantibus

565 730 621 776 et
640 721 958 787 dicentibus,
981 721 1111 789 Quia
1142 721 1422 774 han-etictts
1441 729 1522 773 est
1545 736 1561 784 ;
1585 719 1711 774 dicit
1728 719 1871 774 enim
1893 715 2143 788 quoniam

568 820 741 879 potes:
769 811 945 874 homo,
976 812 1019 864 si
1046 812 1292 877 voluerit,
1320 827 1439 867 esse
1461 811 1576 866 sine
1598 819 1817 881 peccato
1842 828 1857 865 :
1880 820 1932 863 et
1956 809 2021 864 de
2045 804 2146 861 hoc

566 890 1013 972 interrogmttibns
1042 903 1194 957 nobis
1223 918 1366 968 eum,
1400 902 1694 973 respondit,
1722 900 1840 956 Non
1868 899 1977 956 dixi
2006 915 2144 971 quo-

566 991 704 1045 niam
731 993 931 1061 recepit
962 993 977 1025 ¹
1009 1003 1192 1047 natura
1212 992 1445 1048 hominis
1467 1003 1523 1048 ut
1544 993 1903 1062 impcccahilis
1924 992 1988 1047 sit
2012 1008 2025 1056 ;
2050 990 2145 1046 sed

564 1081 668 1135 disi
699 1085 949 1154 quoniam
974 1084 1063 1155 qni
1091 1084 1315 1140 voluerit
1344 1100 1441 1155 pro
1471 1086 1682 1154 propria
1708 1085 1878 1140 salute
1902 1083 2146 1139 laborare

562 1182 617 1225 et
642 1175 952 1243 :Igttﬂllul'c,
986 1184 1041 1229 ut
1067 1192 1170 1229 non
1205 1185 1388 1245 peccet
1440 1187 1495 1232 et
1518 1176 1753 1231 ambulet
1781 1178 1832 1230 itt
1866 1175 2147 1246 praeceptis

563 1267 655 1321 Dei
682 1309 698 1328 ,
740 1268 937 1323 habere
975 1285 1096 1324 eum
1129 1268 1266 1325 hanc
1309 1270 1709 1339 possibilitatem
1752 1285 1781 1323 a
1824 1270 1953 1324 Deo.
1994 1269 2146 1324 Tunc

559 1360 873 1428 quibusdam
901 1362 1303 1417 susurrantibus
1322 1372 1378 1418 et
1401 1362 1700 1418 dicentibus
1718 1406 1735 1431 ,
1757 1363 1899 1435 quod
1917 1363 2032 1417 sine
2053 1362 2145 1417 Dei

559 1452 726 1520 gratia
755 1453 961 1509 diceret
991 1454 1236 1525 Pelagius
1265 1470 1420 1523 posse
1449 1455 1718 1510 hominem
1752 1456 1934 1525 perlici
1970 1473 1985 1511 :
2015 1451 2144 1509 Cul-

561 1557 714 1611 paus,
751 1560 770 1594 ι
808 1544 997 1614 inquit,
1034 1563 1053 1596 ι
1092 1561 1253 1614 super
1280 1545 1378 1600 hoc
1401 1546 1561 1601 etiam
1589 1547 1763 1612 intuli,
1787 1547 1908 1616 quia
1932 1556 1986 1601 et
2010 1563 2142 1615 apo-

557 1634 727 1687 stolus
757 1632 951 1688 Paulus
992 1632 1215 1688 multum
1255 1635 1507 1690 laborans
1530 1677 1546 1701 ,
1576 1636 1669 1692 sed
1713 1653 1819 1691 non
1849 1636 2143 1691 secundum

559 1740 711 1777 suam
753 1725 1038 1789 virtutem,
1072 1726 1163 1779 sed
1207 1727 1496 1781 secundum
1540 1728 1766 1798 gratiam
1817 1728 1947 1794 Dei,
1975 1727 2143 1792 dixit,

560 1814 798 1882 Amplius
827 1816 1056 1870 omnibus
1090 1816 1193 1871 iliis
1245 1818 1498 1884 laboravi,
1533 1836 1634 1872 non
1678 1836 1768 1890 ego
1810 1829 2012 1884 autent,
2054 1818 2141 1874 mi

559 1905 847 1979 ῃνιιιὲαιοεὶ
889 1924 1083 1963 mecum
1127 1928 1145 1961 ι
1188 1909 1241 1981 (1
1269 1907 1388 1965 Cor.
1416 1926 1507 1972 xv,
1545 1895 1710 1983 l0.)‘:
1735 1920 1790 1967 et
1807 1921 1999 1966 cietera
2023 1927 2145 1984 qua:

556 1999 667 2068 jam
694 2004 1107 2055 commemoravi
1131 2000 1354 2072 (Supra,
1386 2019 1438 2054 η.
1467 2002 1582 2074 57).
1727 2008 1734 2013 ’

635 2091 724 2148 55.
766 2092 901 2160 Quid
932 2093 1030 2148 sibi
1071 2110 1199 2165 ergo
1228 2095 1375 2161 vult,
1420 2094 1561 2163 quod
1602 2094 1653 2149 in
1686 2095 1786 2151 hae
1820 2096 2043 2166 epistola
2072 2096 2144 2152 ita

560 2184 776 2256 gloriari
807 2184 922 2239 ausi
964 2194 1122 2250 sunt,
1153 2195 1209 2240 ut
1240 2203 1345 2240 non
1377 2188 1549 2240 solum
1595 2187 2005 2259 possibilitatem
2038 2203 2143 2242 non

564 2275 836 2345 peccandi,
864 2275 958 2331 sed
985 2277 1145 2332 etiam
1175 2275 1505 2345 facilitatem,
1529 2279 1666 2334 sicut
1693 2279 1745 2334 in
1774 2279 1908 2334 libro
1930 2277 2148 2350 Capitu-

547 2357 733 2421 lorum
760 2365 997 2436 ejusdem
1025 2367 1223 2438 Pelagii
1252 2368 1480 2440 positum
1501 2379 1604 2435 est,
1629 2369 1991 2439 judicantibus
2011 2386 2145 2440 qua-

561 2455 854 2511 tuordeeim
896 2457 1162 2528 episcopis
1209 2474 1268 2514 se
1313 2461 1642 2530 persuasisse
1675 2460 1977 2529 jactarcnt,
2022 2478 2142 2518 cum

543 2536 717 2603 toties
755 2548 941 2604 eadem
978 2549 1186 2630 objecta
1227 2552 1393 2622 gestis
1439 2560 1598 2623 atque
1628 2553 1851 2624 repetita
1882 2569 2144 2625 nusquam

563 2638 665 2693 hoc
701 2637 897 2695 habere
931 2639 1304 2697 inveniantur?
1333 2640 1613 2712 Quomodo
1654 2645 1796 2700 enim
1837 2645 1996 2700 etiam
2046 2646 2145 2716 ipsi

559 2724 855 2787 defensioni
877 2742 929 2788 et
956 2734 1292 2803 responsioni
1322 2734 1521 2805 Pelagii
1551 2752 1656 2791 non
1682 2747 1764 2792 est
1793 2736 1897 2792 hoc
1922 2737 2144 2794 verbum

558 2824 906 2891 contrarium,
925 2841 1045 2880 cum
1064 2836 1114 2880 et
1133 2825 1417 2896 episcopus
1435 2826 1664 2881 Joannes
1690 2829 1765 2883 sic
1785 2844 1906 2883 eum
1928 2828 2068 2900 apud
2085 2845 2146 2886 se

560 2915 898 2983 I‘CSpOIIdisse
937 2915 1162 2980 dixerit,
1201 2926 1257 2970 ut
1306 2938 1325 2970 ι
1371 2933 1491 2973 eum
1521 2918 1682 2972 vellet
1724 2919 1944 2991 intelligi
1985 2934 2146 2991 posse

560 3004 665 3061 non
682 3023 917 3077 peccare,
938 3008 1026 3080 qui
1045 3009 1273 3064 voluerit
1290 3024 1385 3078 pro
1401 3009 1571 3064 salute
1587 3026 1680 3064 sua
1696 3011 1937 3067 laborare
1949 3023 1999 3067 et
2018 3028 2147 3084 ago-

557 3092 768 3166 nizare;
797 3119 814 3152 ι
835 3110 889 3156 et
908 3102 1020 3169 ipse
1048 3102 1151 3170 iam
1168 3103 1331 3172 gestis
1349 3118 1512 3174 agens
1539 3102 1613 3175 (a)
1644 3118 1808 3175 seque
1826 3102 2142 3173 defendens,

544 3177 587 3245 ἰ
615 3196 828 3264 proprio
857 3195 1036 3249 labore
1064 3203 1118 3249 et
1146 3194 1239 3248 Dei
1266 3195 1432 3264 gratia
1457 3236 1473 3261 ,
1510 3214 1529 3248 ι
1565 3195 1780 3259 dixerit,
1815 3215 1836 3248 ι
1875 3197 2145 3253 hominem

552 3268 720 3356 posse
746 3301 867 3343 esse
895 3287 1009 3343 sine
1040 3287 1294 3357 peccato?
1329 3304 1349 3339 ι
1391 3287 1672 3355 Quomodo
1711 3304 1839 3361 ergo
1879 3290 2032 3347 facile
2064 3292 2141 3360 lit,

559 3376 603 3431 si
630 3376 901 3432 laboratur
930 3387 986 3432 ιιι
1031 3378 1156 3432 fiat?
1183 3377 1319 3433 Puto
1357 3379 1499 3434 enim
1541 3394 1754 3435 onmem
1794 3397 2012 3437 sensum
2043 3382 2146 3438 bo-

562 3471 762 3524 minum
800 3471 1074 3525 nobiscum
1103 3487 1394 3542 agnoscere
1417 3472 1558 3543 quod
1585 3472 1673 3527 ubi
1705 3474 1856 3529 labor
1875 3485 1980 3544 est,
2012 3475 2145 3531 faci-

560 3560 682 3616 litas
707 3576 814 3615 non
841 3569 941 3616 est.
984 3561 1057 3637 Et
1081 3571 1256 3618 tamen
1297 3563 1523 3632 cpistola
1560 3565 1790 3619 carnalis
1815 3568 2148 3623 ventositatis

559 3661 614 3704 et
642 3651 888 3706 elationis
913 3652 1097 3717 volat,
1141 3662 1196 3708 et
1238 3668 1509 3723 geStorum
1542 3653 1790 3710 tarditate
1831 3666 2107 3725 procurata
2130 3700 2145 3724 ,

559 3738 831 3795 celeritate
859 3741 1165 3810 przecedens
1184 3783 1200 3810 ,
1231 3742 1282 3796 in
1310 3759 1499 3798 manus
1539 3744 1815 3800 hominum
1855 3748 2108 3817 prmvolat
2128 3793 2144 3816 ,

564 3840 622 3885 ut
646 3832 1047 3902 quatuordeeim
1078 3835 1344 3907 episcopis
1382 3836 1729 3893 orientalibus
1758 3838 2023 3908 placuisse
2062 3841 2149 3896 di-

560 3933 731 3988 catur,
756 3938 863 3977 non
884 3924 1054 3979 solum
1092 3945 1109 3977 ι
1148 3942 1306 3996 posse
1334 3943 1454 3984 esse
1476 3926 1746 3984 hominem
1768 3931 1885 3987 sine
1905 3944 2145 4002 peccato,

560 4025 612 4068 et
643 4014 736 4070 Dei
782 4016 1026 4072 mandata
1066 4018 1373 4084 custodire,
1413 4040 1433 4073 ι
1468 4020 1562 4076 sed
1602 4030 1658 4077 et
1706 4041 1725 4075 ι
1765 4021 1919 4079 facile
1959 4038 2146 4081 custo-

561 4108 712 4174 dire;
746 4127 766 4161 ι
800 4125 900 4165 nec
930 4111 1199 4168 nominato
1231 4113 1338 4166 Deo
1361 4112 1580 4185 juvaute
1603 4157 1619 4183 ,
1650 4116 1742 4171 scd
1785 4127 2007 4185 tantum,
2046 4138 2065 4173 ι
2101 4120 2148 4175 si

563 4199 732 4254 velit:
770 4218 788 4252 ι
822 4210 879 4254 ιιι
905 4201 1150 4265 videlicet
1181 4204 1373 4271 tacita,
1416 4220 1512 4276 pro
1539 4221 1642 4277 qua
1681 4206 2149 4267 vehementissime

564 4292 927 4361 pugnabatur,
950 4292 1127 4348 divina
1152 4297 1350 4366 gratia,
1379 4306 1578 4364 restet,
1610 4307 1667 4353 ut
1694 4301 1806 4356 sola
1844 4302 1896 4355 in
1925 4302 2147 4370 epistola

563 4382 768 4453 legatur
788 4384 986 4450 infelix,
1006 4394 1061 4440 et
1087 4400 1145 4441 se
1164 4387 1329 4456 ipsam
1352 4387 1625 4459 decipiens
1651 4392 1792 4446 velut
1812 4393 2022 4456 victrix,
2052 4394 2149 4449 hu-

565 4489 720 4529 mana
750 4475 1016 4544 superbia.
1064 4476 1226 4545 Quasi
1274 4495 1380 4533 non
1430 4479 1531 4535 hoc
1575 4495 1634 4537 se
1676 4483 1869 4538 dixerit
1903 4486 2149 4555 culpasse

560 4565 796 4620 Joannes
813 4565 1116 4636 episc0pus,
1140 4579 1194 4624 et
1217 4571 1362 4625 velut
1378 4573 1651 4642 giganteos
1671 4585 1876 4629 llltllllcs
1892 4576 2148 4633 adversus

563 4657 1068 4733 superemincntiam
1090 4660 1273 4729 gratia:
1296 4662 1530 4717 cmlestis
1556 4674 1788 4719 structos
1818 4668 1986 4724 tribus
2013 4670 2150 4724 divi-

564 4765 757 4804 norum
808 4752 1233 4819 testimoniorum
1297 4762 1547 4826 tanquam
1613 4754 1888 4813 fulminum
1956 4760 2149 4817 ictibus

563 4841 824 4912 deiecisse
841 4860 855 4895 :
870 4852 962 4898 aut
979 4859 1108 4898 vero
1124 4861 1244 4899 cum
1268 4847 1356 4900 illo
1376 4849 1535 4902 etiam
1558 4851 1736 4905 caueri
1754 4853 1986 4926 episcopi
2003 4854 2149 4926 judi-

562 4947 671 4995 ces,
690 4933 768 4987 vel
789 4944 983 4997 mente,
1000 4937 1077 4987 vel
1096 4935 1223 5005 ipsis
1237 4937 1454 4991 auribus
1472 4938 1669 4995 ferrent
1688 4941 1951 5013 Pelagium
1965 4944 2149 5001 dicen-

568 5033 696 5094 tem,
726 5043 744 5076 ι
779 5026 940 5081 Posse
956 5027 1168 5097 quidem
1188 5028 1456 5086 hominem
1475 5032 1589 5086 sine
1604 5038 2147 5102 peccatoesse,etDei

566 5117 815 5173 mandata
836 5119 1127 5184 custodire,
1155 5121 1199 5175 si
1229 5122 1376 5188 Velit,
1402 5122 1667 5188 diximus;
1706 5143 1725 5178 ι
1762 5126 1862 5179 nisi
1892 5128 2147 5181 continuo

564 5220 913 5279 sequeretur,
966 5228 985 5263 ι
1042 5210 1189 5266 lianc
1232 5212 1375 5267 enim
1435 5214 1836 5283 possibilitatem
1888 5216 2026 5271 Deus
2074 5216 2147 5271 illi

564 5299 711 5355 dedit
746 5321 766 5353 ι
807 5300 976 5372 (quod
1008 5302 1315 5360 nesciebant
1339 5305 1432 5369 illi,
1461 5322 1582 5363 eum
1621 5305 1800 5363 dieere
1827 5308 1893 5363 de
1923 5317 2106 5377 natura
2127 5351 2143 5376 ,

566 5407 675 5447 non
699 5391 767 5447 de
793 5392 916 5461 illa,
953 5410 1110 5465 quam
1158 5395 1211 5450 in
1240 5397 1530 5468 apostolica
1571 5382 1950 5468 printlieati0ne
1985 5417 2148 5456 mne-

631 5611 650 5680 ξ
671 5617 735 5680 ξι
757 5618 912 5680 suam,
936 5612 1135 5680 recepit.
1155 5622 1215 5680 Διιι
1241 5615 1288 5664 in
1312 5613 1420 5664 aliis
1456 5616 1778 5680 editionibus,
1811 5617 2000 5680 reripit.

629 5672 703 5782 ἕρ
734 5672 924 5724 Scilicet
942 5672 1065 5737 amid
1088 5676 1338 5741 episwpos
1358 5678 1523 5741 synodi
1542 5672 1890 5740 Diospolitanze,
1913 5672 1995 5745 qui
2021 5683 2153 5745 prius

714 5741 964 5782 Joannem.
990 5751 1085 5782 non
1108 5736 1344 5782 confectis
1363 5740 1533 5782 uestis.
1559 5740 1617 5782 ad
1634 5741 1727 5782 sibi
1748 5742 1934 5782 animus.
1951 5758 2046 5782 me.
2064 5760 2152 5782 nn-

567 5736 693 5808 apud
714 5741 964 5808 lectionem,
978 5736 1085 5786 non
1108 5736 1344 5808 confectis
1363 5736 1534 5803 gestis,
1559 5740 1618 5791 ad
1634 5736 1729 5793 sibi
1748 5736 2049 5808 objecta'resl
2064 5760 2152 5795 ou-

565 5795 755 5848 derant.
787 5798 899 5851 Sido:
916 5812 1078 5862 supra,
1102 5812 1152 5848 ιι.
1177 5800 1252 5849 59.

3726 337 3841 393 352

2259 450 2410 506 rant,
2436 441 2672 511 gratia);
2711 461 2775 500 ac
2810 444 3004 503 deinde
3040 444 3414 520 coniungeret,
3452 467 3472 503 ι
3509 449 3628 507 Non
3657 464 3840 508 autem

2255 533 2520 600 diximus,
2548 534 2689 604 and
2732 537 3030 592 inveniatur
3057 538 3281 610 aliquis,
3309 541 3378 596 ab
3418 541 3634 598 infantia
3666 562 3842 615 uSqne

2255 622 2321 677 ad
2350 636 2617 681 senectam
2638 669 2655 693 ,
2682 629 2769 699 qui
2795 645 3065 701 nunquam
3107 634 3433 701 peccaverit;
3462 634 3555 691 sed
3581 638 3838 706 quoniam

2255 730 2286 770 a
2329 718 2564 787 peccatis
2606 736 2898 775 conversus
2921 763 2937 788 ,
2969 724 3184 793 proprio
3228 726 3412 782 labore
3440 736 3494 784 et
3533 729 3624 786 Dei
3665 731 3837 801 gratia

2258 809 2424 877 possit
2446 825 2566 865 esse
2586 810 2701 867 sine
2724 824 2959 883 peccato.
2996 833 3017 867 ι
3051 815 3201 882 Quod
3223 817 3382 872 etiam
3412 819 3428 850 ¹
3457 834 3550 873 sua
3571 833 3839 877 sententia

2255 898 2616 970 declararunt,
2650 904 2885 961 dicentes
2905 948 2920 972 ,
2949 922 3069 962 eum
3101 919 3245 965 recte
3271 912 3634 981 reSpoudisse,
3665 913 3841 969 homi-

2256 1008 2377 1047 nem
2408 1010 2529 1048 cum
2556 996 2819 1066 adjutorio
2848 999 2937 1054 Dei
2969 1010 3023 1054 et
3048 1002 3214 1072 gratia
3241 1019 3396 1072 posse
3422 1020 3546 1061 esse
3572 1007 3687 1061 sine
3708 1023 3843 1088 pec;

2253 1095 2374 1136 cato
2405 1102 2417 1139 :
2454 1105 2474 1138 ι
2509 1086 2631 1157 quid
2662 1088 2803 1144 aliud
2842 1102 3141 1148 metuentes
3161 1136 3175 1156 ,
3210 1094 3309 1149 nisi
3341 1111 3406 1150 ne
3429 1097 3529 1151 hoc
3555 1086 3838 1168 negando,

2256 1191 2359 1227 non
2389 1178 2718 1245 possibilitati
2752 1178 2984 1237 hominis
3007 1223 3022 1247 ,
3054 1184 3148 1238 sed
3192 1184 3291 1255 ipsi
3335 1186 3424 1240 Dei
3453 1188 3634 1258 gratia:
3662 1189 3842 1245 facere

2256 1265 2563 1322 viderentur
2591 1269 2874 1341 iujuriam?
2905 1273 3012 1330 Nec
3048 1286 3223 1331 tamen
3251 1276 3525 1334 delinitum
3546 1290 3647 1346 est,
3675 1298 3846 1353 quan-

2253 1356 2323 1411 do
2346 1358 2435 1413 liat
2462 1358 2623 1414 homo
2650 1363 2767 1419 sine
2793 1375 3032 1435 peccato,
3058 1366 3196 1437 quod
3229 1368 3341 1424 lieri
3370 1385 3529 1439 posse
3552 1371 3843 1443 adjmanto

2256 1448 2347 1503 Dei
2364 1454 2551 1522 gratia.
2571 1453 2862 1523 judicatqu
2887 1468 2964 1512 est
2992 1477 3006 1510 :
3033 1474 3136 1513 non
3158 1467 3259 1526 est,
3278 1459 3512 1532 inquam,
3533 1462 3838 1531 definitum,

2255 1552 2428 1595 utrum
2454 1545 2503 1597 in
2537 1544 2633 1597 hac
2658 1560 2818 1600 carne
2842 1552 3255 1616 conettpisecnte
3284 1552 3539 1608 adversus
3565 1555 3841 1624 spiritum,

2252 1630 2451 1698 fuerit,
2481 1636 2563 1690 vel
2606 1638 2676 1691 sit
2699 1679 2713 1700 ,
2746 1640 2828 1693 vel
2863 1639 3069 1695 futurus
3118 1643 3187 1697 sit
3234 1644 3426 1716 aliquis
3447 1689 3463 1711 ,
3487 1646 3595 1718 jam
3628 1654 3841 1721 ratione

2254 1735 2411 1778 utens
2441 1736 2494 1781 et
2530 1729 2815 1785 voluntatis
2862 1732 3082 1786 arbitrio
3104 1775 3122 1800 ,
3158 1735 3270 1791 sive
3316 1737 3366 1790 itt
3407 1738 3505 1792 ista
3536 1738 3835 1810 frequentia

2252 1814 2564 1885 bmninum',
2597 1820 2710 1876 sive
2749 1822 2800 1875 in
2832 1823 3116 1880 solitudine
3157 1829 3576 1898 monachorum,
3607 1833 3693 1886 eui
3725 1849 3837 1888 non

2249 1910 2321 1964 sit
2359 1910 2470 1980 jam
2507 1916 2901 1983 necessarium,
2940 1934 3046 1972 non
3097 1930 3312 1990 propter
3338 1924 3509 1990 alios,
3549 1924 3641 1981 sed
3669 1929 3839 1982 etiam

2254 2009 2470 2068 propter
2492 2018 2552 2056 se
2579 2002 2750 2074 ipsum
2782 2006 2960 2062 dicere
2984 2008 3034 2062 in
3061 2014 3324 2078 oratione,
3357 2013 3561 2070 Dimitte
3588 2019 3727 2073 nobis
3754 2020 3843 2074 de-

2252 2089 2353 2142 bita
2376 2101 2546 2145 nostra
2576 2094 2795 2164 (Matth.
2834 2114 2885 2152 vt
2906 2140 2923 2165 ,
2958 2099 3056 2170 12)
3086 2118 3099 2153 :
3127 2117 3195 2157 an
3223 2120 3348 2158 vero
3380 2116 3503 2161 tunc
3531 2108 3846 2177 perficiatur

2252 2180 2353 2238 hoc
2379 2183 2598 2249 donum,
2627 2188 2839 2257 quando
2877 2191 3080 2247 similes
3106 2195 3156 2249 ei
3191 2197 3413 2265 erimus,
3444 2201 3655 2269 quando
3681 2182 3839 2259 vidc-

2252 2273 2427 2331 himus
2447 2293 2598 2345 eum,
2630 2280 2784 2334 sicuti
2814 2292 2897 2337 est
2944 2282 2992 2357 (l
3021 2283 3179 2342 Joan.
3207 2303 3285 2354 tu,
3314 2288 3412 2360 2);
3443 2293 3654 2360 quando
3681 2295 3838 2351 dice-

2253 2380 2360 2437 tur,
2384 2388 2489 2426 non
2518 2387 2547 2425 a
2577 2375 2949 2444 pugnantibus,
2988 2376 3143 2433 Video
3167 2381 3320 2435 aliam
3347 2385 3503 2453 legent
3526 2386 3578 2440 in
3601 2388 3840 2443 membris

2252 2464 2373 2516 meis
2394 2476 2760 2536 repugnantem
2788 2468 2884 2539 legi
2912 2471 3092 2526 mentis
3115 2488 3237 2527 mea:
3262 2472 3435 2546 (Rom.
3462 2494 3556 2543 vtl,
3584 2479 3707 2549 23),;
3739 2482 3842 2537 sed

2248 2571 2280 2613 a
2310 2556 2774 2629 triumphantibus,
2807 2560 2905 2617 Ubi
2927 2572 3022 2630 est,
3050 2581 3216 2628 mora,
3244 2567 3449 2623 victoria
3474 2580 3562 2624 tua
3582 2571 3609 2625 .’
3636 2573 3723 2628 ubi
3738 2585 3839 2641 ea,

2250 2664 2418 2716 mors,
2442 2652 2646 2706 aculeus
2686 2663 2802 2707 tuus
2840 2654 2899 2724 (Ι
2927 2653 3047 2711 Cor.
3078 2673 3168 2723 xv,
3196 2660 3265 2714 55
3283 2660 3343 2731 )?
3370 2661 3524 2729 Quod
3548 2681 3656 2720 non
3695 2668 3844 2725 inter

2250 2736 2554 2796 Catholicos
2590 2752 2645 2798 et
2692 2742 2974 2801 luereticos
2997 2789 3014 2813 ,
3050 2750 3144 2804 sed
3192 2751 3332 2807 inter
3358 2754 3502 2824 ipsos
3529 2757 3846 2817 Catholicos

2252 2829 2479 2887 fortasse
2504 2834 2525 2864 ³
2555 2835 2772 2903 pacilice
2801 2841 3178 2909 requirendum
3206 2855 3290 2900 est
3316 2846 3419 2917 (a).

2322 2924 2547 2979 CAPUT
2568 2925 2761 2983 XXXI.
2781 2959 2852 2969 —
2870 2930 2958 2986 56.
2981 2932 3260 3001 Quomodo
3289 2938 3444 3009 igitur
3463 2941 3611 2997 credi
3632 2955 3842 3015 potcst,

2253 3015 2521 3088 Pelagittttt
2568 3020 2654 3090 (si
2706 3030 2881 3077 tamen
2926 3022 3040 3080 haec
3086 3028 3310 3097 epistola
3354 3031 3469 3103 ejus
3505 3035 3711 3104 est)et
3738 3038 3845 3094 Dei

2250 3109 2510 3178 gratiam,
2536 3125 2656 3182 quat
2682 3127 2854 3183 neque
2880 3125 3064 3171 natura
3106 3128 3189 3173 est
3224 3136 3346 3176 cum
3385 3122 3553 3179 libero
3588 3127 3845 3196 arbitrio,

2254 3220 2424 3275 neque
2454 3206 2584 3277 legis
2608 3207 2851 3277 scientia,
2883 3224 3057 3281 neque
3087 3221 3288 3268 tantum
3316 3217 3560 3273 remissio
3590 3232 3853 3289 peccato-

2240 3282 2369 3377 :rum
2388 3344 2406 3366 ,
2444 3302 2538 3358 sed
2567 3319 2627 3359 ea
2657 3319 2777 3375 quae
2812 3304 2863 3358 in
2893 3306 3116 3377 singulis
3150 3310 3347 3365 nostris
3386 3314 3708 3389 est.actibns
3734 3330 3845 3371 ne-

2250 3392 2505 3458 cessaria,
2529 3394 2788 3450 veraciter
2816 3394 2977 3451 fuisse
2997 3398 3320 3469 confessum,
3345 3410 3402 3456 et
3422 3405 3686 3461 veraciter
3707 3421 3849 3463 ana-

2254 3480 2625 3537 thematizasse
2650 3485 2890 3556 quisquis
2914 3496 3097 3542 contra
3124 3488 3225 3545 ista
3254 3493 3512 3559 sentiret;
3539 3496 3760 3565 quando
3787 3500 3846 3553 in

2250 3573 2473 3641 epistola
2513 3589 2607 3629 sua
2654 3584 2707 3631 ct
2749 3575 3055 3634 facilitatem
3095 3584 3275 3651 posuit
3313 3600 3418 3639 non
3460 3591 3739 3655 peccandi,
3771 3593 3847 3649 de

2251 3679 2353 3733 qua
2382 3665 2522 3718 nulla
2553 3665 2604 3720 itt
2634 3666 2735 3724 hoc
2755 3667 2958 3739 judicio
2981 3673 3206 3742 quatstlo
3233 3674 3359 3741 fuit,
3387 3681 3537 3748 quasi
3562 3680 3848 3749 jttdicibtts

2253 3756 2411 3811 etiam
2439 3756 2507 3812 de
2535 3758 2634 3814 hoc
2659 3760 2820 3816 verbo
2848 3762 3125 3833 placuerit,
3153 3774 3208 3820 et
3231 3769 3452 3837 gratiam
3485 3771 3576 3826 Dei
3609 3789 3714 3829 non
3742 3791 3851 3844 po-

2252 3848 2359 3902 suit
2379 3889 2394 3917 ,
2429 3866 2585 3927 qttam
2618 3853 2924 3908 conlitendo
2951 3864 3004 3908 et
3032 3855 3299 3926 addendo,
3337 3874 3554 3936 patiam
3576 3865 3850 3922 ecclesia—

2252 3940 2399 3994 stica:
2426 3938 2781 3997 damnationis
2804 3944 3012 3999 evasit?

2323 4029 2548 4088 CAPUT
2578 4032 2794 4089 XXXII.
2814 4064 2889 4075 -—
2911 4037 3001 4091 57.
3025 4038 3119 4093 Est
3139 4049 3194 4095 et
3217 4041 3359 4096 aliud
3381 4045 3522 4114 quod
3548 4047 3710 4103 silere
3730 4066 3849 4107 non

2253 4123 2443 4179 debeo.
2482 4125 2539 4180 In
2581 4126 2819 4184 chartula
2862 4129 3190 4189 defensionis
3216 4150 3354 4203 suae,
3384 4154 3543 4208 quam
3580 4142 3712 4199 mihi
3743 4160 3852 4215 per

2251 4217 2536 4287 quemdam
2580 4219 2809 4275 Charino
2863 4232 3106 4280 nostrum
3141 4225 3161 4256 ³
3197 4226 3592 4298 Hipponensem
3637 4236 3846 4305 civem,

2252 4309 2564 4365 orientalem
2585 4322 2761 4367 autem
2784 4313 3090 4385 diaconum,
3111 4317 3274 4386 misit,
3297 4319 3424 4376 fecit
3449 4324 3670 4394 aliquid,
3692 4333 3847 4398 quod

2252 4402 2411 4456 aliter
2438 4419 2497 4456 se
2525 4402 2711 4458 ltabeat
2733 4446 2748 4469 ,
2776 4422 2935 4476 quam
2963 4409 3130 4478 gestis
3165 4410 3554 4481 episcopalibus
3587 4421 3849 4477 contine-

2256 4504 2358 4547 tur.
2390 4494 2539 4563 ρυθά
2580 4507 2757 4551 autent
2799 4497 2997 4555 habent
3033 4512 3201 4569 gesta,
3231 4503 3384 4575 longe
3423 4506 3612 4571 melius
3647 4521 3739 4565 est
3780 4529 3854 4567 ac

2256 4585 2477 4650 lirmius,
2516 4598 2569 4640 et
2607 4590 2827 4645 otnnino
2863 4592 3143 4648 enodatius
3184 4610 3280 4664 pro
3315 4595 3575 4654 catholica
3613 4604 3856 4661 veritate

2253 4688 2436 4734 contra
2490 4679 2632 4734 illius
2677 4679 2712 4733 lt
2731 4683 2900 4737 rresis
2951 4694 3175 4752 pestem.
3208 4685 3374 4755 Nam,
3420 4704 3539 4746 eum
3589 4694 3854 4751 eamdem

2254 4770 2552 4825 chartulam
2578 4771 2830 4842 legerem,
2850 4775 3155 4845 priusquam
3177 4778 3243 4834 ad
3265 4795 3363 4835 nos
3381 4791 3527 4852 gesta
3541 4784 3856 4851 venissent,

2255 4863 2556 4917 nesciebam
2597 4880 2658 4918 ea
2701 4864 2813 4934 ipsa
2848 4866 3006 4920 verba
3039 4870 3308 4938 posuisse,
3332 4874 3554 4942 quibus,
3585 4891 3711 4931 cum
3740 4881 3859 4937 sibi

2252 4955 2485 5018 adesset,
2512 4971 2638 5011 usus
2667 4965 2750 5011 est
2780 4957 2832 5011 in
2856 4958 3056 5029 judicio
3083 4978 3096 5015 :
3119 4977 3282 5031 pauca
3308 4964 3475 5031 enim,
3497 4977 3551 5021 et
3570 4985 3678 5022 non
3703 4974 3862 5028 mul-

2255 5057 2362 5103 tmn
2394 5048 2548 5103 aliter
2575 5064 2632 5103 se
2661 5048 2886 5118 habent,
2913 5052 2979 5107 de
3004 5054 3194 5119 quibus
3217 5071 3327 5115 non
3360 5058 3516 5114 nimis
3540 5075 3695 5115 curo.

2324 5141 2550 5197 CAPUT
2589 5141 2826 5199 XXXIII.
2851 5174 2924 5185 —-
2944 5144 3164 5201 Moleste
3192 5159 3368 5203 autem
3397 5148 3631 5206 ferebam
3649 5192 3667 5216 ,
3697 5157 3857 5224 quod

2254 5234 2546 5304 aliquarum
2565 5237 2948 5291 sententiarum
2966 5236 3224 5305 Coelestii,
3240 5256 3373 5309 quas
3387 5256 3507 5296 cum
3523 5244 3691 5311 gestis
3705 5259 3859 5300 ana-

2228 5392 2233 5397 t
2257 5326 2628 5381 thematizasse
2659 5328 2995 5397 perspicuum
3022 5340 3124 5396 est,
3152 5346 3400 5388 servasse
3433 5333 3535 5388 sibi
3564 5333 3861 5391 defensio-

2326 5500 2340 5532 ι
2366 5508 2599 5550 nontaans
2625 5509 2724 5560 \ts.,
2745 5501 2828 5558 qui
2846 5502 3008 5553 etiam.

2319 5564 2339 5593 ³
2364 5564 2445 5610 ttie
2465 5566 2665 5625 [ortaest
2686 5565 2969 5622 aldidimus,
2995 5579 3054 5615 ex
3080 5565 3210 5615 Coll).
3232 5574 3310 5617 Ms.

2321 5625 2342 5654 ³
2364 5632 2596 5672 ttotnaztus
2620 5632 2723 5685 διε»,
2750 5635 2972 5677 (estnam.

2321 5685 2392 5744 (a)
2414 5693 2521 5753 _I'.e.s_
2538 5690 2641 5736 ita-c
2655 5698 2772 5753 post
2796 5702 2943 5753 unum
2980 5696 3077 5753 aut
3099 5689 3305 5740 alterum
3322 5704 3499 5741 annum
3522 5692 3722 5745 deﬁnita
3765 5695 3874 5753 fuit

2257 5759 2285 5816 ξι
2307 5747 2664 5816 (ξιιιιικιπὶιιρηεὶ
2685 5750 2908 5816 cpncilio,
2927 5751 3194 5816 eaa.fit8.g\
3208 5753 3286 5803 ide
3308 5765 3453 5816 supra
3464 5747 3874 5811 Admonitionem;

2260 5810 2309 5859 in
2328 5807 2503 5857 lic-runt
2526 5809 2590 5860 de
2614 5807 2915 5881 I‘erfectione
2932 5813 3141 5881 justilim'
3154 5807 3376 5865 hominis:
