3996 6478
112 557 271 595 11-’.ιι,
300 544 482 607 potest
506 533 702 586 videri.
734 532 864 586 Nam
897 548 1075 584 catum
1101 545 1350 598 quautam
1385 547 1506 582 :.tt..s
1537 530 1743 595 ι.υ,;;ιιὶι

111 645 266 689 «δερ,
313 627 505 680 dicens
551 623 954 686 tautuunumlo,
990 642 1005 670 ι
1041 639 1134 689 pro
1182 623 1259 674 cis
1301 637 1405 673 ttou
1448 635 1506 673 se
1548 620 1746 673 dubi-re

115 718 560 772 satisfacriouem
604 731 617 767 :
672 734 691 766 ι
727 715 1178 768 auathctnalimre
1226 723 1403 765 autem
1458 711 1508 764 iu
1559 711 1743 765 eadem

115 809 376 863 cluirtula
404 806 599 871 uoluit,
621 822 741 876 qme
771 805 887 859 istzc
910 812 1032 858 sunt
1057 821 1068 856 :
1096 821 1114 852 t
1138 803 1302 856 Adam
1328 801 1605 855 mortalem
1628 816 1746 856 esse

123 905 358 961 (acuunt,
401 899 497 969 qui
543 897 657 952 sive
706 905 974 966 peccaret,
1012 909 1124 948 sive
1164 909 1267 947 non
1307 903 1573 964 peccaret,
1605 901 1747 945 chct

125 991 461 1044 moriturus.
487 988 640 1055 Quod
672 998 946 1057 peccatum
976 984 1102 1038 Αιιειι
1133 985 1302 1037 solmn
1337 985 1511 1052 ipsum
1546 998 1738 1036 nocue-

127 1085 198 1137 rit
235 1095 294 1137 et.
345 1100 454 1136 non
497 1096 666 1152 genus
709 1080 1019 1133 humanum.
1046 1077 1196 1144 Quod
1241 1078 1322 1130 lex
1363 1077 1441 1130 sic
1480 1077 1646 1128 mittat
1677 1074 1743 1129 ad

129 1195 362 1248 riguum
417 1178 682 1230 Ctl'lttl'lllll
710 1217 724 1239 ,
769 1172 1219 1244 quemadmodum
1271 1179 1326 1224 et
1373 1170 1740 1239 livaugelium.

129 1271 282 1337 Quod
319 1269 562 1322 infantes
587 1281 756 1335 nuper
783 1265 889 1318 noli
921 1265 970 1318 in
1002 1264 1090 1316 illo
1121 1272 1262 1315 statu
1292 1263 1417 1320 sint,
1443 1261 1492 1314 iu
1523 1277 1628 1331 quo
1653 1260 1746 1313 fuit

135 1362 309 1413 Adam
359 1370 491 1414 ante
536 1358 1052 1429 pt‘a-varicatiouem.
1083 1353 1232 1421 Quod
1265 1368 1436 1422 neque
1473 1368 1565 1420 per
1597 1367 1744 1405 mor-

136 1467 239 1506 tem
270 1453 360 1506 vel
392 1449 893 1520 prmvaricationcnt
916 1447 1042 1501 Ada‘.
1072 1461 1230 1498 omne
1258 1459 1426 1514 genus
1454 1443 1742 1496 humanum

138 1546 427 1599 moriatur.
457 1558 630 1612 neque
656 1557 750 1612 per
780 1540 1224 1594 resurrectionem
1250 1535 1443 1590 Christi
1467 1551 1626 1588 omne
1655 1551 1747 1605 ge-

141 1656 237 1693 nus
270 1638 576 1690 humanum
617 1643 879 1703 resurgat.
909 1631 1165 1708 Infantes,
1204 1629 1408 1684 etiamsi
1441 1644 1544 1682 non
1577 1627 1746 1695 bapti-

141 1741 351 1794 zentnr,
400 1728 603 1780 habere
643 1727 804 1778 vitam
853 1735 1130 1777 a‘tcrnam.
1172 1720 1376 1775 Divites
1421 1719 1740 1788 baptizatos,

143 1825 238 1876 nisi
267 1819 532 1873 omnibus
559 1813 1072 1874 ahrenuntiaveriut,
1103 1812 1147 1866 si
1175 1811 1299 1880 quid
1343 1810 1463 1862 boni
1502 1809 1745 1862 \‘idcttlttt‘

146 1914 340 1972 Leu-re,
381 1925 493 1963 non
535 1908 641 1961 illis
684 1905 950 1974 reputari,
981 1917 1151 1972 neque
1183 1901 1459 1955 habituros
1500 1899 1621 1952 illos
1660 1913 1745 1952 rc-

147 2023 299 2073 gnum
344 2002 614 2057 cmlorum
655 2019 672 2049 ι
707 1997 808 2068 (a).
839 1997 917 2050 Ad
951 1995 1045 2048 isltl
1076 1993 1272 2063 quippe
1303 1992 1354 2045 iu
1387 1989 1624 2044 chartula
1656 1989 1741 2042 illa

149 2103 212 2151 i'a
240 2095 529 2165 ieqmndit
555 2111 567 2145 :
599 2111 616 2142 ι
649 2090 772 2145 lla-e
797 2089 973 2143 omnia
1004 2085 1292 2141 scctmdum
1323 2084 1558 2152 ipsorum
1591 2081 1743 2136 testi-

153 2193 384 2245 muniunt
418 2207 448 2241 ιι
484 2203 574 2242 me
603 2187 742 2240 dicta
775 2201 880 2237 noti
924 2190 1064 2243 sunt,
1096 2195 1191 2233 ttec
1219 2194 1314 2248 pro
1342 2179 1422 2233 eis
1447 2177 1616 2231 debeo
1655 2189 1746 2227 sa-

153 2283 533 2337 llsraclltﬂlt'lll.
573 2297 592 2329 ι
623 2275 678 2330 lu
708 2277 870 2342 gestis
900 2283 1074 2326 autem
1103 2271 1168 2323 ad
1201 2269 1386 2322 eadem
1421 2268 1528 2336 ipsa
1562 2270 1629 2320 ita
1661 2266 1743 2318 lo-

152 2385 300 2427 cutus
343 2383 468 2425 est:
504 2389 522 2420 ι
561 2367 865 2423 Secundum
916 2366 1153 2432 ipsorum
1204 2360 1564 2415 testimonium
1597 2375 1624 2412 a
1657 2375 1744 2415 me

154 2468 284 2519 dicta
317 2481 427 2517 non
461 2472 605 2524 situt,
630 2477 726 2531 pro
748 2459 942 2530 quibus
961 2473 1058 2527 ego
1088 2455 1392 2509 satisfacere
1416 2470 1519 2506 non
1543 2453 1742 2518 debeo;

156 2559 238 2613 sed
277 2568 462 2612 tamen
497 2557 565 2608 ad
603 2555 1017 2609 satisfactionem
1060 2559 1256 2603 sancta:
1283 2545 1485 2619 Synodi
1525 2545 1747 2600 anathe-

157 2651 345 2704 matizo
376 2665 475 2702 eos
501 2648 592 2717 qui
623 2648 698 2700 sic
733 2655 937 2706 leuent,
964 2652 1053 2696 :utt
1081 2642 1364 2712 aliquamlo
1387 2648 1686 2693 tenuerunt.
1719 2657 1737 2691 ι

157 2744 254 2796 Cur
272 2759 401 2810 ergo
424 2758 529 2792 non
563 2739 632 2792 ita
661 2748 712 2792 ct
741 2738 792 2791 iu
825 2737 913 2790 illa
941 2734 1176 2790 chartula
1206 2734 1458 2802 scriptum
1487 2732 1608 2786 est?
1629 2732 1744 2786 Non

159 2836 396 2897 multum,
439 2843 494 2885 ιιι
534 2831 748 2900 opinor,
789 2827 1106 2891 atramenti,
1145 2840 1242 2879 nec
1288 2825 1602 2885 litterarum,
1647 2838 1745 2878 nec

161 2943 332 2989 tnom‘,
360 2939 463 2978 nec
485 2924 656 2993 ipsius
673 2920 948 2982 chartulae,
968 2919 1010 2971 si
1037 2918 1106 2971 ita
1132 2917 1301 2982 ﬁeret,
1327 2914 1743 2985 impenderetur.

159 3018 254 3072 Sed
273 3019 392 3086 quis
414 3033 520 3069 non
544 3014 730 3067 credat
758 3011 806 3065 id
837 3010 999 3064 fuisse
1024 3017 1386 3079 procuratum,
1417 3017 1472 3060 ttt
1499 3017 1746 3077 tanquam

162 3126 247 3177 pro
276 3119 556 3178 gestorum
589 3105 800 3159 illorum
828 3101 1177 3166 breviationc,
1215 3101 1310 3154 ista
1345 3097 1527 3152 charta
1559 3113 1750 3168 usque-

163 3217 358 3270 quaque
379 3199 712 3252 discurreret
737 3194 793 3246 ‘?
818 3194 903 3247 ubi
934 3200 1224 3262 putaretur,
1251 3205 1356 3245 non
1378 3205 1496 3244 esse
1523 3188 1748 3242 ablatam

163 3295 446 3363 quamlibet
471 3308 660 3346 eartun
699 3288 1081 3343 sententiarum
1112 3285 1430 3339 defendendi
1460 3283 1748 3349 licentiam,

166 3386 290 3453 quod
320 3387 367 3440 ei
403 3380 782 3437 tantummodo
811 3379 1064 3449 objecta',
1091 3392 1187 3432 nec
1212 3376 1328 3445 ejus
1358 3375 1589 3445 probata:
1621 3373 1753 3428 fuis-

167 3490 291 3538 sent,
324 3494 434 3529 non
467 3485 646 3528 tamen
675 3469 1136 3524 anathematizato
1162 3478 1320 3537 atque
1343 3466 1628 3520 damnatzn.

230 3572 312 3626 5:8.
355 3570 559 3624 Po~tca
611 3567 772 3620 ctiam
818 3565 884 3618 de
933 3564 1066 3617 libro
1104 3561 1337 3617 Caelcstii
1384 3559 1610 3629 capitttla
1655 3557 1755 3612 sihi

169 3664 361 3732 objecta
392 3663 448 3714 iu
476 3659 668 3714 eadem
692 3655 935 3710 chartula
961 3654 1126 3708 multa
1150 3652 1415 3722 congessit
1439 3667 1453 3715 ;
1480 3665 1651 3721 neque
1676 3650 1758 3704 his

173 3754 464 3809 intervallis
506 3767 626 3822 qiuc
670 3750 950 3803 continent
989 3757 1156 3815 gesta,
1185 3744 1318 3799 duas
1356 3744 1755 3814 responsiones,

171 3849 346 3916 quibus
393 3845 589 3900 cadent
637 3843 866 3912 capitula
913 3838 1414 3901 anathematimvit,
1460 3836 1553 3891 sed
1600 3851 1757 3889 unam

173 3939 315 3991 simul
335 3936 596 3990 omnilms
617 3933 870 3987 subdidit.
891 3929 1040 3998 Quod
1063 3930 1238 3983 studio
1259 3927 1532 3984 brevitatis
1564 3925 1758 3980 factum

175 4041 428 4099 imbirem,
457 4029 562 4082 nisi
592 4026 877 4098 plurimum
914 4023 978 4076 ad
1009 4023 1058 4076 id
1085 4021 1225 4092 quod
1255 4038 1353 4076 nos
1376 4029 1572 4086 movet,
1595 4020 1761 4074 inter-

172 4142 279 4179 esse
320 4123 707 4194 perspicerem.
750 4119 824 4171 Ita
868 4116 1008 4171 enim
1049 4115 1236 4170 clausit
1282 4131 1294 4167 :
1330 4133 1348 4166 ‹
1395 4113 1586 4168 lterum
1618 4112 1759 4176 dico,

173 4216 414 4286 quoniam
464 4215 568 4266 ista
619 4220 671 4265 et
715 4207 1008 4264 secundant
1049 4223 1232 4262 cormn
1265 4204 1622 4259 testimonium
1654 4219 1760 4256 non

174 4319 288 4360 sunt
318 4320 464 4365 mea,
495 4319 596 4374 pro
622 4301 836 4372 quibus,
865 4310 918 4353 ut
946 4297 1075 4362 dixi,
1108 4297 1521 4352 satisfactionem
1550 4311 1654 4349 non
1677 4294 1764 4349 de-

175 4400 298 4461 beo;
330 4414 456 4467 quze
484 4405 666 4450 autem
698 4408 816 4447 mea
844 4406 964 4447 esse
989 4390 1264 4446 confessus
1293 4404 1408 4442 sum
1431 4430 1448 4453 ,
1477 4388 1591 4441 lucc
1621 4395 1764 4442 recte

177 4507 254 4546 ine
296 4491 481 4544 dicere
528 4486 784 4541 affirmo:
818 4499 937 4554 qua!
979 4492 1153 4537 autem
1191 4479 1299 4534 dixi
1341 4494 1456 4534 mea
1486 4493 1589 4532 non
1621 4491 1761 4542 esse,

176 4583 466 4637 secundum
514 4579 772 4650 judicium
818 4584 1016 4631 sauclrc
1057 4573 1307 4628 Eeclesim
1357 4570 1607 4641 reprobo,
1638 4585 1766 4621 ana-

175 4677 345 4731 thema
371 4674 564 4728 dicens
583 4671 727 4725 omni
753 4666 1167 4725 contraveuicnti
1195 4673 1392 4719 sancta:
1417 4674 1470 4717 et
1490 4661 1766 4716 catholica:

177 4769 433 4823 Ecclesia:
462 4764 757 4828 doctrinis;
787 4759 1032 4816 similiter
1064 4767 1118 4814 ct
1153 4757 1232 4811 his
1261 4757 1350 4827 qtti
1393 4755 1520 4810 falsa
1561 4754 1768 4824 litigen-

178 4872 271 4924 ιω,
297 4860 457 4915 nobis
481 4855 804 4912 calumniam
835 4860 1257 4909 commoverunt.
1289 4867 1308 4901 ι
1343 4848 1492 4904 llunc
1522 4847 1767 4902 ultimum

179 4969 386 5006 versum
420 4967 529 5006 non
558 4949 760 5004 habent
798 4955 944 5018 gesta
968 4987 980 5010 ,
1022 4944 1116 5000 sed
1159 4943 1288 4999 nihil
1319 4942 1384 4996 ad
1415 4958 1526 4997 rem
1566 4941 1634 4997 de
1667 4956 1770 5012 qna

180 5046 388 5101 solliciti
432 5058 556 5100 esse
594 5041 877 5095 debemus.
899 5039 1016 5094 Siat
1055 5039 1197 5092 enim
1233 5051 1452 5106 prorsus
1488 5035 1770 5089 anathema

184 5148 232 5190 el
277 5137 328 5189 hi
377 5135 468 5204 qui
521 5132 652 5187 falsa
698 5131 985 5200 fingentes,
1012 5129 1090 5184 eis
1120 5127 1438 5182 calumniam
1467 5141 1774 5182 commove.

161 5212 320 5281 inmt.
353 5225 463 5282 Sed
493 5241 616 5280 cum
648 5226 880 5294 primum
921 5219 1042 5289 legi,
1081 5238 1098 5270 ι
1126 5218 1254 5287 Qum
1293 5227 1468 5272 autem
1508 5217 1614 5270 dixi
1657 5232 1773 5272 mea

185 5336 285 5372 non
325 5333 468 5384 esse,
511 5313 808 5372 secundum
853 5310 1108 5382 judicium
1155 5317 1352 5364 sancta:
1397 5307 1647 5363 Ecclesia:
1686 5324 1775 5362 re-

189 5417 377 5486 probo:
403 5435 423 5467 ι
451 5415 641 5470 factum
672 5409 803 5466 illud
829 5423 947 5464 esse
964 5407 1218 5477 judicium
1241 5404 1486 5459 Ecclesiae
1508 5403 1774 5463 nesciens,

188 5510 433 5578 quoniam
467 5507 550 5562 hic
576 5505 801 5560 tacitum
830 5510 932 5565 est,
961 5510 1012 5553 et
1041 5507 1188 5568 gesta
1218 5512 1320 5551 non
1355 5497 1581 5564 legeram
1605 5536 1618 5551 .
1646 5494 1774 5548 nihil

191 5602 324 5657 aliud
365 5598 684 5667 existimavi,
727 5607 890 5666 quam
925 5607 1045 5646 eum
1083 5590 1252 5644 fuisse
1271 5588 1562 5659 polliciunn
1590 5587 1689 5641 ltuc
1719 5602 1779 5640 se

252 5761 267 5793 ι
293 5760 583 5812 mlbertinus
606 5763 718 5814 διε..
745 5755 985 5802 curreret.

249 5836 316 5887 (α)
343 5809 864 5887 ηέιὲζιέίέρεικέὶεωω
898 5811 1136 5876 ιιι-αξοῑιιυθ
1167 5809 1391 5873 dogmata
1414 5809 1597 5872 repetit
1622 5818 1782 5870 .‘tttgtt-

191 5885 331 5940 mutis
348 5889 467 5939 intra
489 5902 538 5937 n.
567 5885 651 5935 65.

106 421 220 476 37:3
1571 413 1753 469 Lilli'll:

1862 413 1996 470 (US.

1848 531 1914 582 de
1961 529 2042 582 bis
2083 546 2361 584 sensurum
2407 547 2526 586 esse
2571 519 2842 603 capitulis.
2877 536 3015 606 quod
3048 535 3281 592 Ecclesia
3317 537 3428 608 jam

1851 636 1952 673 non
1981 621 2292 688 judicassct,
2317 625 2407 677 sed
2437 625 2753 695 quandoque
2777 628 3067 695 judicarct,
3096 641 3144 684 et
3175 645 3236 684 ea
3262 647 3320 686 se
3345 647 3433 684 re-

1849 713 2215 780 probaturunt,
2247 732 2364 784 quas
2395 716 2480 769 illa
2506 718 2613 784 jam
2645 734 2746 772 non
2777 721 3129 788 reprobasset,
3153 721 3247 776 sed
3269 738 3434 790 quau-

1847 805 2022 874 doque
2060 808 2402 874 rcprobarct;
2436 815 2490 860 ut
2531 808 2596 860 ad
2640 808 2738 863 hoc
2778 812 3066 878 pertineret
3105 814 3263 866 etiam
3291 814 3432 883 quod

1847 895 2086 966 adjunxit
2106 939 2120 958 ,
2160 917 2177 947 ε
2209 899 2488 953 anathema
2519 898 2702 952 dicens
2730 902 2869 953 omni
2901 905 3317 958 contraveniettti
3350 906 3430 958 vel

1847 987 2227 1042 contradicenti
2273 999 2470 1042 sanctae
2511 989 2784 1043 catholicm
2815 991 3064 1044 Eci-lesia-~
3093 994 3369 1048 doctrinis.
3407 1013 3427 1048 ο

1853 1076 2043 1132 Verum
2074 1088 2272 1144 autem,
2306 1088 2361 1133 ut
2389 1092 2532 1148 gesta
2576 1090 2855 1147 testantur,
2887 1083 2996 1150 jam
3035 1083 3101 1136 de
3144 1085 3226 1137 bis
3254 1086 3431 1140 eccle-

1847 1167 2118 1222 siasticum
2146 1169 2400 1238 judicium
2430 1169 2498 1223 ah
2521 1171 2787 1242 episcopis
2809 1174 3209 1242 quatuordecim
3239 1176 3430 1230 factum

1848 1269 1983 1322 erat,
2011 1263 2302 1315 secundum
2329 1263 2468 1331 quod
2491 1263 2748 1333 judicium
2777 1281 2836 1320 se
2860 1266 2991 1320 dixit
3022 1268 3119 1320 ista
3149 1269 3325 1320 omnia
3352 1285 3433 1322 re-

1848 1354 2092 1422 probarc,
2125 1364 2177 1408 et
2206 1354 2488 1414 anathema
2530 1357 2707 1412 dieere
2745 1359 2825 1412 his
2855 1360 2943 1429 qui
2982 1361 3102 1414 talia
3133 1360 3430 1424 sentiendo,

1846 1454 2032 1498 contra
2056 1444 2310 1513 judicium
2337 1448 2577 1512 veniunt,
2602 1450 2739 1518 quod
2757 1449 2865 1518 jam
2891 1451 3083 1504 factum
3107 1449 3269 1505 fuisse
3287 1461 3434 1521 gesta

1848 1536 2103 1590 indicant.
2131 1538 2246 1592 .lam
2274 1541 2417 1593 enim
2440 1540 2684 1596 dixerant
2705 1542 2930 1612 judices,
2967 1561 2986 1595 α
3016 1545 3151 1611 Quid
3181 1545 3247 1599 ad
3281 1545 3395 1600 htcc
3418 1586 3433 1610 ,

1846 1647 1965 1700 qua)
1997 1631 2132 1685 lecta
2157 1643 2278 1686 sunt
2303 1634 2554 1702 capitula,
2581 1635 2710 1690 dicit
2731 1653 2966 1704 przrsens
2990 1639 3231 1709 Pelagius
3251 1654 3434 1693 mona-

1847 1723 2016 1777 chus?
2043 1724 2165 1778 ll:cc
2203 1726 2344 1778 enim
2388 1727 2640 1794 reprobat
2669 1737 2848 1781 sancta
2879 1729 3145 1800 Synodus,
3173 1739 3226 1785 et
3251 1740 3435 1787 sancta

1849 1816 1942 1870 Dei
1973 1816 2235 1871 catholica
2284 1817 2546 1873 Ecclesia.
2587 1837 2605 1869 ι
2653 1818 2758 1873 Sed
2808 1819 2910 1874 hoe
2954 1821 3044 1890 qui
3092 1821 3352 1884 nesciunt,
3385 1831 3440 1875 et

1849 1907 2004 1961 istam
2051 1909 2291 1964 chartam
2340 1910 2543 1979 legunt,
2586 1919 2772 1980 putant
2813 1913 3007 1982 aliquid
3052 1913 3260 1968 illorum
3295 1914 3440 1969 licite

1849 2016 2005 2069 posse
2031 2001 2266 2067 defendi,
2299 2011 2551 2074 tauquam
2584 2020 2687 2058 non
2729 2004 2887 2059 fuerit
2921 2005 3211 2074 judicatum
3252 2006 3440 2061 catho-

1848 2091 1963 2146 liea:
2003 2095 2329 2148 contrarimn
2370 2111 2489 2149 esse
2515 2095 2792 2164 doctrinm,
2830 2107 3179 2168 paratumque
3203 2113 3262 2152 se
3288 2098 3442 2153 Pela-

1853 2185 1971 2254 gius
2011 2185 2223 2250 dixerit,
2268 2185 2318 2239 id
2358 2185 2425 2240 de
2470 2186 2552 2241 his
2597 2187 2755 2241 rebus
2795 2204 3000 2258 sapere,
3035 2189 3175 2259 quod
3203 2189 3440 2244 Ecclesia

1855 2293 1960 2330 non
1984 2275 2260 2346 judicavit,
2289 2277 2383 2332 sed
2410 2277 2744 2347 judicaverit.
2766 2277 2880 2334 Non
2912 2279 3088 2350 itaque
3116 2281 3194 2336 sic
3230 2282 3445 2350 scripsit

1854 2369 1906 2422 in
1937 2384 2020 2427 ea.
2052 2368 2119 2423 de
2148 2385 2250 2440 qua
2284 2384 2426 2423 nunc
2455 2372 2660 2440 agimus
2689 2370 2950 2433 chartula,
2982 2380 3040 2425 ut
3067 2382 3448 2442 agnosceretur

1853 2461 1993 2531 quod
2019 2461 2179 2515 habet
2201 2473 2472 2532 gestorum
2503 2463 2652 2526 ﬁdes,
2676 2464 2851 2516 omnia
2877 2463 3082 2518 scilicet
3112 2464 3199 2518 illa
3225 2465 3448 2534 dogma-

1850 2561 1920 2614 ta,
1945 2552 2138 2622 quibus
2167 2552 2355 2606 eadcm
2384 2551 2607 2607 ltzcresis
2637 2554 3002 2622 proscrpebat,
3030 2562 3084 2608 et
3110 2554 3445 2609 contentiosa

1850 2643 2258 2698 convalescebat
2281 2643 2522 2712 audacia,
2545 2644 2910 2700 ecclesiastico
2928 2643 3130 2714 judicio
3154 2645 3446 2713 przcsiden-

1853 2735 1994 2789 tibus
2039 2734 2443 2804 quatuordecim
2487 2735 2751 2805 episcopis
2796 2749 2917 2790 esse
2963 2735 3232 2789 damnata.
3274 2735 3444 2804 Quam
3496 2745 3503 2750 ‘

1856 2841 1994 2891 rem,
2029 2825 2071 2879 si
2106 2835 2162 2879 ιιι
2188 2835 2289 2890 est,
2320 2825 2654 2881 innotescere
2686 2824 2880 2892 timuit,
2903 2840 2960 2879 se
2993 2825 3165 2894 potius
3192 2826 3444 2895 corrigat,

1853 2929 2014 2986 quam
2049 2926 2246 2971 nostra:
2278 2916 2402 2972 licet
2443 2931 2577 2972 sera:
2608 2917 2892 2986 vigilantia:
2927 2918 3298 2987 qualicumque
3327 2931 3450 2971 suc-

1857 3021 2096 3066 censeat.
2123 3009 2178 3065 Si
2227 3018 2404 3064 autem
2450 3009 2550 3065 hoc
2578 3023 2700 3064 eum
2743 3011 2980 3066 timuisse
3023 3010 3214 3065 falsum
3259 3019 3361 3077 est,
3395 3019 3450 3066 et

1857 3102 1996 3156 sicut
2039 3103 2284 3156 homines
2326 3101 2678 3172 SiISpicamur,
2717 3103 2973 3172 ignoscat,
3003 3103 3129 3158 dum
3171 3112 3348 3159 tamen
3387 3119 3449 3159 ea

1860 3207 1980 3262 qum
2006 3193 2190 3268 gestis,
2223 3191 2415 3263 quibus
2443 3193 2655 3247 auditus
2679 3201 2780 3258 est,
2808 3194 3248 3249 anathematizato
3278 3206 3332 3249 ct
3361 3212 3450 3250 re-

1863 3283 2086 3353 probata
2135 3293 2294 3348 sunt,
2339 3283 2407 3338 de
2455 3293 2652 3338 eadem
2699 3293 3012 3354 oppugnet;
3065 3301 3132 3339 ne
3188 3286 3453 3354 parcendo

1861 3375 1986 3442 illis,
2035 3391 2138 3428 non
2185 3375 2357 3429 solum
2405 3373 2517 3428 lucc
2561 3382 2716 3429 antea
2759 3375 3070 3440 credidisse,
3101 3375 3195 3430 sed
3228 3375 3452 3431 credere

1859 3468 2120 3520 videatur.

1865 3570 1874 3576 '
1933 3558 2156 3614 CAPUT
2192 3557 2432 3614 XXXIV.
2461 3590 2527 3598 —
2553 3559 2641 3614 59.
2680 3558 2903 3614 Proinde
2937 3559 3092 3614 istum
3133 3559 3363 3621 librum.
3397 3560 3450 3614 itt

1864 3663 1967 3706 tam
1997 3651 2142 3721 gravi
2180 3663 2232 3706 et
2270 3652 2453 3722 grandi
2495 3667 2652 3707 causa
2685 3667 2789 3705 non
2822 3650 3016 3706 frustra
3059 3652 3283 3704 fortasse
3322 3667 3450 3722 pro-

1863 3743 2048 3809 lixum,
2080 3742 2149 3797 ob
2177 3741 2277 3796 hoc
2307 3742 2372 3795 ad
2406 3752 2546 3796 tuam
2579 3741 2987 3798 cherationem
3017 3743 3258 3798 scribere
3284 3743 3446 3807 volui,

1866 3844 1923 3888 ut
1947 3834 1992 3888 si
2021 3834 2124 3888 tuis
2147 3832 2392 3888 sensibus
2421 3847 2524 3886 non
2553 3832 2902 3904 displicuerit,
2934 3833 3251 3888 auctoritate
3281 3835 3454 3903 potius

1867 3934 1974 3989 tua,
2007 3942 2125 3992 qua:
2157 3925 2310 3994 longe
2339 3924 2508 3992 major
2527 3933 2608 3979 est
2628 3941 2788 3995 quam
2817 3935 3015 3980 nostrrc
3042 3925 3346 3996 exiguitatis
3375 3926 3455 3980 in-

1867 4016 2092 4081 dustria,
2115 4015 2306 4082 quibus
2329 4017 2687 4069 necessarium
2709 4016 3112 4079 existimaverit,
3137 4018 3452 4078 innotescat,

1868 4105 1935 4160 ad
1962 4122 2146 4159 eorum
2169 4106 2427 4160 vanitates
2448 4107 2919 4176 contentionesque
2941 4107 3338 4178 opprimendas,
3361 4110 3452 4180 qtti

1869 4206 2054 4268 putattt
2078 4198 2322 4250 absoluto
2351 4197 2580 4268 Pelagio,
2615 4197 2882 4267 judicibus
2912 4199 3175 4269 cpisc0pis
3214 4201 3454 4255 orienta-

1870 4291 2006 4344 lilms
2035 4290 2120 4343 illa
2151 4290 2397 4360 dogmata
2432 4288 2712 4358 placuisse,
2748 4305 2867 4358 qua:
2896 4290 3178 4344 adversum
3207 4289 3456 4346 christia-

1871 4395 1990 4434 nam
2033 4379 2218 4443 fidem,
2247 4389 2301 4434 et
2334 4379 2426 4435 Dei
2456 4380 2679 4450 gratiam
2704 4393 2805 4447 qua
2837 4394 3092 4433 vocamur
3116 4389 3170 4434 et
3194 4380 3454 4447 jttstilica-

1872 4489 2022 4538 mur,
2065 4471 2512 4541 perniciosissime
2549 4469 2890 4541 pulluleutia,
2920 4469 3208 4528 christiana
3245 4487 3458 4540 semper
3543 4510 3548 4516 ς

1872 4566 2070 4618 veritas
2097 4564 2344 4625 damnat,
2373 4570 2428 4616 et
2467 4563 2686 4616 istorum
2713 4563 2872 4616 etiam
2904 4561 3302 4631 quatuordecim
3341 4565 3458 4632 epi-

1873 4670 2155 4725 seoporum
2199 4653 2516 4708 auctoritate
2554 4649 2854 4717 damnavit,
2887 4668 3005 4721 qttze
3043 4652 3198 4706 simul
3223 4663 3273 4707 et
3304 4653 3448 4708 Peia.

1873 4749 2017 4818 gium
2037 4789 2052 4813 ,
2082 4746 2181 4800 nisi
2213 4747 2280 4800 ab
2307 4746 2395 4800 illo
2423 4753 2602 4798 CSScnl
2628 4745 3067 4798 anathematizata
3088 4785 3104 4809 ,
3131 4745 3454 4802 damnasSct.

1873 4839 2168 4908 Nuncjam,
2184 4836 2431 4908 qttouiam
2451 4834 2779 4890 reddidimus
2800 4833 3002 4888 homini
3021 4849 3201 4888 curam
3217 4836 3462 4890 fraterna:

1875 4931 2182 4996 charitatis,
2215 4937 2269 4984 et
2307 4927 2374 4982 de
2401 4927 2494 4982 illo
2520 4942 2581 4982 ac
2611 4942 2706 4996 pro
2735 4927 2825 4979 illo
2866 4935 3100 4981 nostram
3145 4927 3464 4982 sollicitudi-

1877 5040 1999 5080 nem
2031 5021 2253 5077 lidclitcr
2280 5020 2656 5090 prompsimus,
2687 5019 2963 5072 videamus
2988 5019 3256 5088 quomodo
3287 5019 3466 5073 brevi-

1879 5129 1961 5173 ter
1987 5117 2156 5188 possit
2182 5113 2404 5177 adverti,
2439 5099 2598 5168 etiam
2629 5111 2743 5175 illo,
2776 5112 2916 5185 quod
2944 5113 3168 5177 clarum,
3199 5112 3340 5182 apud
3368 5113 3467 5164 bo.

1881 5210 2053 5263 mines
2079 5206 2351 5267 absoluto,
2386 5205 2632 5258 ltmresint
2661 5214 2837 5257 tamen
2871 5203 3038 5272 ipsam
3065 5205 3246 5257 divino
3267 5203 3469 5272 judicio

1881 5319 2094 5373 semper
2117 5299 2491 5363 daumahllem,
2525 5299 2681 5351 etiam
2701 5296 2902 5367 judicio
2923 5297 3321 5366 quatuordecim
3351 5297 3465 5364 epi-

1883 5409 2164 5465 scoporum
2193 5390 2531 5445 orientalium
2566 5405 2685 5445 esse
2714 5389 3038 5442 damnatam.

1957 5485 2181 5544 CAPUT
2221 5483 2438 5540 XXXV.
2463 5513 2535 5522 —
2572 5484 2660 5537 60.
2695 5481 2818 5536 lla-c
2847 5492 2928 5535 est
2968 5481 3106 5534 il'ius
3146 5478 3325 5544 jlithCii
3368 5492 3468 5547 po-

1885 5590 2080 5636 strema
2112 5577 2396 5633 sententia.
2427 5573 2670 5647 Synodus
2695 5573 2862 5626 dixit:
2889 5589 2907 5622 ι
2938 5572 3084 5624 Nunc
3104 5570 3352 5638 quoniam
3381 5585 3471 5622 sa-

1889 5675 2150 5730 tisfactum
2182 5683 2261 5725 est
2291 5670 2441 5724 nobis
2479 5665 2942 5738 prosecutionibus
2974 5664 3246 5734 przvsetitis
3276 5661 3471 5730 Pelagii

1891 5764 2169 5822 monachi,
2208 5761 2295 5830 qui
2337 5759 2546 5829 quidem
2589 5757 2686 5825 piis
2719 5755 2977 5808 doctrinis
3015 5754 3308 5813 consentit,
3337 5769 3472 5808 con-

1893 5859 2048 5912 traria
2079 5874 2202 5912 vero
2235 5855 2321 5908 lict
2342 5852 2483 5907 huic
2515 5850 2632 5902 liilci
2661 5850 2908 5921 reprobat
2936 5856 2986 5901 ct
3027 5847 3472 5915 nuntietuatizct,
