  <div class='ocr_page' id='page_1' title='image "/cluster/home/n/w/nwhite01/storage/ocr_20150623/44/hvd.32044015706336/183.png"; bbox 0 0 3996 6488; ppageno 0'>
   <div class='ocr_carea' id='block_1_1' title="bbox 543 381 650 438">
    <p class='ocr_par' dir='ltr' id='par_1_1' title="bbox 543 381 650 438">
     <span class='ocr_line' id='line_1_1' title="bbox 543 381 650 438; baseline -0.019 0"><span class='ocrx_word' id='word_1_1' title='bbox 543 381 650 438; x_wconf 74' lang='lat'><strong>555</strong></span> 
     </span>
    </p>
   </div>
   <div class='ocr_carea' id='block_1_2' title="bbox 544 484 2124 562">
    <p class='ocr_par' dir='ltr' id='par_1_2' title="bbox 544 484 2124 562">
     <span class='ocr_line' id='line_1_2' title="bbox 544 484 2124 562; baseline -0.01 -8"><span class='ocrx_word' id='word_1_2' title='bbox 544 493 934 562; x_wconf 71' lang='lat' dir='ltr'><strong>communionis</strong></span> <span class='ocrx_word' id='word_1_3' title='bbox 979 490 1354 549; x_wconf 72' lang='lat' dir='ltr'><strong>ecclesiastica:</strong></span> <span class='ocrx_word' id='word_1_4' title='bbox 1400 503 1523 545; x_wconf 89' lang='lat' dir='ltr'><strong>eum</strong></span> <span class='ocrx_word' id='word_1_5' title='bbox 1574 502 1694 543; x_wconf 88' lang='lat' dir='ltr'><strong>esse</strong></span> <span class='ocrx_word' id='word_1_6' title='bbox 1746 497 1800 543; x_wconf 90' lang='lat' dir='ltr'><strong>et</strong></span> <span class='ocrx_word' id='word_1_7' title='bbox 1847 484 2124 541; x_wconf 75' lang='lat' dir='ltr'><strong>catholica:</strong></span> 
     </span>
    </p>
   </div>
   <div class='ocr_carea' id='block_1_3' title="bbox 549 578 2127 656">
    <p class='ocr_par' dir='ltr' id='par_1_3' title="bbox 549 578 2127 656">
     <span class='ocr_line' id='line_1_3' title="bbox 549 578 2127 656; baseline -0.01 -8"><span class='ocrx_word' id='word_1_8' title='bbox 549 591 885 648; x_wconf 83' lang='lat' dir='ltr'><strong>conﬁtemur.</strong></span> <span class='ocrx_word' id='word_1_9' title='bbox 916 607 934 641; x_wconf 79' lang='grc' dir='ltr'><strong>ι</strong></span> <span class='ocrx_word' id='word_1_10' title='bbox 969 588 1081 642; x_wconf 89' lang='lat' dir='ltr'><strong>Duo</strong></span> <span class='ocrx_word' id='word_1_11' title='bbox 1101 584 1340 656; x_wconf 63' lang='lat' dir='ltr'><strong>qutedam</strong></span> <span class='ocrx_word' id='word_1_12' title='bbox 1366 583 1496 638; x_wconf 89' lang='lat' dir='ltr'><strong>satis</strong></span> <span class='ocrx_word' id='word_1_13' title='bbox 1518 581 1792 652; x_wconf 86' lang='lat' dir='ltr'><strong>perspicua</strong></span> <span class='ocrx_word' id='word_1_14' title='bbox 1818 580 1886 635; x_wconf 89' lang='lat' dir='ltr'><strong>de</strong></span> <span class='ocrx_word' id='word_1_15' title='bbox 1914 578 2127 649; x_wconf 85' lang='lat' dir='ltr'><strong>Pelagio</strong></span> 
     </span>
    </p>
   </div>
   <div class='ocr_carea' id='block_1_4' title="bbox 543 668 2127 748">
    <p class='ocr_par' dir='ltr' id='par_1_4' title="bbox 543 668 2127 748">
     <span class='ocr_line' id='line_1_4' title="bbox 543 668 2127 748; baseline -0.009 -13"><span class='ocrx_word' id='word_1_16' title='bbox 543 681 805 736; x_wconf 79' lang='lat' dir='ltr'><strong>monacho</strong></span> <span class='ocrx_word' id='word_1_17' title='bbox 829 679 996 734; x_wconf 89' lang='lat' dir='ltr'><strong>sancti</strong></span> <span class='ocrx_word' id='word_1_18' title='bbox 1029 675 1264 748; x_wconf 83' lang='lat' dir='ltr'><strong>episcopi</strong></span> <span class='ocrx_word' id='word_1_19' title='bbox 1284 673 1492 746; x_wconf 87' lang='lat' dir='ltr'><strong>judices</strong></span> <span class='ocrx_word' id='word_1_20' title='bbox 1515 688 1626 728; x_wconf 86' lang='lat' dir='ltr'><strong>suae</strong></span> <span class='ocrx_word' id='word_1_21' title='bbox 1651 671 1929 726; x_wconf 79' lang='lat' dir='ltr'><strong>sententia:</strong></span> <span class='ocrx_word' id='word_1_22' title='bbox 1948 668 2127 723; x_wconf 86' lang='lat' dir='ltr'><strong>brevi-</strong></span> 
     </span>
    </p>
   </div>
   <div class='ocr_carea' id='block_1_5' title="bbox 543 763 2129 838">
    <p class='ocr_par' dir='ltr' id='par_1_5' title="bbox 543 763 2129 838">
     <span class='ocr_line' id='line_1_5' title="bbox 543 763 2129 838; baseline -0.007 -14"><span class='ocrx_word' id='word_1_23' title='bbox 543 779 652 825; x_wconf 85' lang='lat' dir='ltr'><strong>tate</strong></span> <span class='ocrx_word' id='word_1_24' title='bbox 695 767 956 838; x_wconf 81' lang='lat' dir='ltr'><strong>complexi</strong></span> <span class='ocrx_word' id='word_1_25' title='bbox 1001 776 1159 822; x_wconf 86' lang='lat' dir='ltr'><strong>sunt:</strong></span> <span class='ocrx_word' id='word_1_26' title='bbox 1200 781 1362 821; x_wconf 89' lang='lat' dir='ltr'><strong>unum</strong></span> <span class='ocrx_word' id='word_1_27' title='bbox 1396 763 1610 835; x_wconf 84' lang='lat' dir='ltr'><strong>quidem</strong></span> <span class='ocrx_word' id='word_1_28' title='bbox 1654 781 1674 816; x_wconf 75' lang='grc' dir='ltr'><strong>ι</strong></span> <span class='ocrx_word' id='word_1_29' title='bbox 1703 763 1802 833; x_wconf 85' lang='lat' dir='ltr'><strong>piis</strong></span> <span class='ocrx_word' id='word_1_30' title='bbox 1838 777 1959 816; x_wconf 91' lang='lat' dir='ltr'><strong>cum</strong></span> <span class='ocrx_word' id='word_1_31' title='bbox 1996 774 2129 814; x_wconf 80' lang='lat' dir='ltr'><strong>con-</strong></span> 
     </span>
    </p>
   </div>
   <div class='ocr_carea' id='block_1_6' title="bbox 543 851 2130 926">
    <p class='ocr_par' dir='ltr' id='par_1_6' title="bbox 543 851 2130 926">
     <span class='ocr_line' id='line_1_6' title="bbox 543 851 2130 926; baseline -0.005 -10"><span class='ocrx_word' id='word_1_32' title='bbox 543 864 743 916; x_wconf 84' lang='lat' dir='ltr'><strong>sentire</strong></span> <span class='ocrx_word' id='word_1_33' title='bbox 775 861 1068 926; x_wconf 81' lang='lat' dir='ltr'><strong>doctrinis;</strong></span> <span class='ocrx_word' id='word_1_34' title='bbox 1099 879 1118 913; x_wconf 78' lang='grc' dir='ltr'><strong>ι</strong></span> <span class='ocrx_word' id='word_1_35' title='bbox 1153 862 1377 914; x_wconf 90' lang='lat' dir='ltr'><strong>alterum</strong></span> <span class='ocrx_word' id='word_1_36' title='bbox 1411 865 1619 921; x_wconf 88' lang='lat' dir='ltr'><strong>autem,</strong></span> <span class='ocrx_word' id='word_1_37' title='bbox 1667 875 1685 908; x_wconf 82' lang='grc' dir='ltr'><strong>ι</strong></span> <span class='ocrx_word' id='word_1_38' title='bbox 1718 856 1968 912; x_wconf 82' lang='lat' dir='ltr'><strong>Ecclesiae</strong></span> <span class='ocrx_word' id='word_1_39' title='bbox 2009 851 2130 908; x_wconf 89' lang='lat' dir='ltr'><strong>lidei</strong></span> 
     </span>
    </p>
   </div>
   <div class='ocr_carea' id='block_1_7' title="bbox 547 945 2130 1022">
    <p class='ocr_par' dir='ltr' id='par_1_7' title="bbox 547 945 2130 1022">
     <span class='ocr_line' id='line_1_7' title="bbox 547 945 2130 1022; baseline -0.005 -16"><span class='ocrx_word' id='word_1_40' title='bbox 547 953 840 1022; x_wconf 87' lang='lat' dir='ltr'><strong>reprobare</strong></span> <span class='ocrx_word' id='word_1_41' title='bbox 894 963 944 1009; x_wconf 93' lang='lat' dir='ltr'><strong>et</strong></span> <span class='ocrx_word' id='word_1_42' title='bbox 995 951 1446 1008; x_wconf 84' lang='lat' dir='ltr'><strong>anathematizare</strong></span> <span class='ocrx_word' id='word_1_43' title='bbox 1495 947 1780 1004; x_wconf 86' lang='lat' dir='ltr'><strong>contraria.</strong></span> <span class='ocrx_word' id='word_1_44' title='bbox 1818 967 1836 999; x_wconf 77' lang='grc' dir='ltr'><strong>ι</strong></span> <span class='ocrx_word' id='word_1_45' title='bbox 1887 945 2130 1015; x_wconf 81' lang='lat' dir='ltr'><strong>Pelagius</strong></span> 
     </span>
    </p>
   </div>
   <div class='ocr_carea' id='block_1_8' title="bbox 548 1039 2131 1115">
    <p class='ocr_par' dir='ltr' id='par_1_8' title="bbox 548 1039 2131 1115">
     <span class='ocr_line' id='line_1_8' title="bbox 548 1039 2131 1115; baseline -0.004 -17"><span class='ocrx_word' id='word_1_46' title='bbox 548 1056 762 1115; x_wconf 87' lang='lat' dir='ltr'><strong>propter</strong></span> <span class='ocrx_word' id='word_1_47' title='bbox 801 1046 916 1101; x_wconf 74' lang='lat' dir='ltr'><strong>haec</strong></span> <span class='ocrx_word' id='word_1_48' title='bbox 943 1045 1048 1100; x_wconf 89' lang='lat' dir='ltr'><strong>duo</strong></span> <span class='ocrx_word' id='word_1_49' title='bbox 1079 1062 1097 1096; x_wconf 80' lang='grc' dir='ltr'><strong>ι</strong></span> <span class='ocrx_word' id='word_1_50' title='bbox 1126 1041 1516 1098; x_wconf 90' lang='lat' dir='ltr'><strong>communionis</strong></span> <span class='ocrx_word' id='word_1_51' title='bbox 1548 1039 1919 1095; x_wconf 75' lang='lat' dir='ltr'><strong>ecclesiastica:</strong></span> <span class='ocrx_word' id='word_1_52' title='bbox 1947 1047 2003 1092; x_wconf 94' lang='lat' dir='ltr'><strong>et</strong></span> <span class='ocrx_word' id='word_1_53' title='bbox 2037 1051 2131 1091; x_wconf 84' lang='lat' dir='ltr'><strong>ca-</strong></span> 
     </span>
    </p>
   </div>
   <div class='ocr_carea' id='block_1_9' title="bbox 546 1128 2134 1208">
    <p class='ocr_par' dir='ltr' id='par_1_9' title="bbox 546 1128 2134 1208">
     <span class='ocr_line' id='line_1_9' title="bbox 546 1128 2134 1208; baseline -0.007 -16"><span class='ocrx_word' id='word_1_54' title='bbox 546 1140 760 1194; x_wconf 74' lang='lat' dir='ltr'><strong>tholica:</strong></span> <span class='ocrx_word' id='word_1_55' title='bbox 789 1156 810 1191; x_wconf 83' lang='grc'><strong>›</strong></span> <span class='ocrx_word' id='word_1_56' title='bbox 856 1138 1225 1208; x_wconf 72' lang='lat' dir='ltr'><strong>pronuntiatus</strong></span> <span class='ocrx_word' id='word_1_57' title='bbox 1263 1145 1364 1191; x_wconf 89' lang='lat' dir='ltr'><strong>cst.</strong></span> <span class='ocrx_word' id='word_1_58' title='bbox 1413 1133 1614 1202; x_wconf 84' lang='lat' dir='ltr'><strong>Quibus</strong></span> <span class='ocrx_word' id='word_1_59' title='bbox 1655 1146 1784 1200; x_wconf 87' lang='lat' dir='ltr'><strong>ergo</strong></span> <span class='ocrx_word' id='word_1_60' title='bbox 1813 1129 1988 1183; x_wconf 82' lang='lat' dir='ltr'><strong>verbis</strong></span> <span class='ocrx_word' id='word_1_61' title='bbox 2017 1128 2134 1194; x_wconf 91' lang='lat' dir='ltr'><strong>ejus</strong></span> 
     </span>
    </p>
   </div>
   <div class='ocr_carea' id='block_1_10' title="bbox 546 1218 2134 1300">
    <p class='ocr_par' dir='ltr' id='par_1_10' title="bbox 546 1218 2134 1300">
     <span class='ocr_line' id='line_1_10' title="bbox 546 1218 2134 1300; baseline -0.007 -15"><span class='ocrx_word' id='word_1_62' title='bbox 546 1232 780 1291; x_wconf 88' lang='lat' dir='ltr'><strong>interim.</strong></span> <span class='ocrx_word' id='word_1_63' title='bbox 813 1238 1066 1300; x_wconf 88' lang='lat' dir='ltr'><strong>quantum</strong></span> <span class='ocrx_word' id='word_1_64' title='bbox 1094 1227 1337 1281; x_wconf 81' lang='lat' dir='ltr'><strong>homines</strong></span> <span class='ocrx_word' id='word_1_65' title='bbox 1364 1227 1416 1279; x_wconf 91' lang='lat' dir='ltr'><strong>in</strong></span> <span class='ocrx_word' id='word_1_66' title='bbox 1445 1223 1724 1294; x_wconf 79' lang='lat' dir='ltr'><strong>przcseutia</strong></span> <span class='ocrx_word' id='word_1_67' title='bbox 1750 1221 1819 1276; x_wconf 89' lang='lat' dir='ltr'><strong>de</strong></span> <span class='ocrx_word' id='word_1_68' title='bbox 1839 1218 2134 1274; x_wconf 79' lang='lat' dir='ltr'><strong>manifestis</strong></span> 
     </span>
    </p>
   </div>
   <div class='ocr_carea' id='block_1_11' title="bbox 543 1308 2137 1391">
    <p class='ocr_par' dir='ltr' id='par_1_11' title="bbox 543 1308 2137 1391">
     <span class='ocr_line' id='line_1_11' title="bbox 543 1308 2137 1391; baseline -0.009 -16"><span class='ocrx_word' id='word_1_69' title='bbox 543 1321 786 1391; x_wconf 83' lang='lat' dir='ltr'><strong>judicare</strong></span> <span class='ocrx_word' id='word_1_70' title='bbox 813 1328 1115 1390; x_wconf 88' lang='lat' dir='ltr'><strong>potuerunt.</strong></span> <span class='ocrx_word' id='word_1_71' title='bbox 1144 1327 1426 1386; x_wconf 87' lang='lat' dir='ltr'><strong>utrumque</strong></span> <span class='ocrx_word' id='word_1_72' title='bbox 1453 1314 1726 1376; x_wconf 78' lang='lat' dir='ltr'><strong>claruerit,</strong></span> <span class='ocrx_word' id='word_1_73' title='bbox 1755 1310 1932 1366; x_wconf 80' lang='lat' dir='ltr'><strong>omnia</strong></span> <span class='ocrx_word' id='word_1_74' title='bbox 1959 1308 2137 1364; x_wconf 86' lang='lat' dir='ltr'><strong>brevi-</strong></span> 
     </span>
    </p>
   </div>
   <div class='ocr_carea' id='block_1_12' title="bbox 552 1400 2132 1480">
    <p class='ocr_par' dir='ltr' id='par_1_12' title="bbox 552 1400 2132 1480">
     <span class='ocr_line' id='line_1_12' title="bbox 552 1400 2132 1480; baseline -0.009 -14"><span class='ocrx_word' id='word_1_75' title='bbox 552 1423 633 1468; x_wconf 87' lang='lat' dir='ltr'><strong>ter</strong></span> <span class='ocrx_word' id='word_1_76' title='bbox 656 1411 1052 1480; x_wconf 79' lang='lat' dir='ltr'><strong>recapitulando</strong></span> <span class='ocrx_word' id='word_1_77' title='bbox 1073 1409 1368 1464; x_wconf 82' lang='lat' dir='ltr'><strong>videamus.</strong></span> <span class='ocrx_word' id='word_1_78' title='bbox 1399 1406 1454 1460; x_wconf 91' lang='lat' dir='ltr'><strong>ln</strong></span> <span class='ocrx_word' id='word_1_79' title='bbox 1485 1405 1568 1460; x_wconf 84' lang='lat' dir='ltr'><strong>his</strong></span> <span class='ocrx_word' id='word_1_80' title='bbox 1594 1403 1735 1458; x_wconf 90' lang='lat' dir='ltr'><strong>enim</strong></span> <span class='ocrx_word' id='word_1_81' title='bbox 1759 1403 1860 1458; x_wconf 88' lang='lat' dir='ltr'><strong>sibi</strong></span> <span class='ocrx_word' id='word_1_82' title='bbox 1889 1400 2132 1468; x_wconf 78' lang='lat' dir='ltr'><strong>objectis,</strong></span> 
     </span>
    </p>
   </div>
   <div class='ocr_carea' id='block_1_13' title="bbox 549 1492 2138 1573">
    <p class='ocr_par' dir='ltr' id='par_1_13' title="bbox 549 1492 2138 1573">
     <span class='ocr_line' id='line_1_13' title="bbox 549 1492 2138 1573; baseline -0.007 -18"><span class='ocrx_word' id='word_1_83' title='bbox 549 1519 669 1573; x_wconf 72' lang='lat' dir='ltr'><strong>quae</strong></span> <span class='ocrx_word' id='word_1_84' title='bbox 695 1518 788 1557; x_wconf 86' lang='lat' dir='ltr'><strong>sua</strong></span> <span class='ocrx_word' id='word_1_85' title='bbox 815 1518 921 1556; x_wconf 91' lang='lat' dir='ltr'><strong>non</strong></span> <span class='ocrx_word' id='word_1_86' title='bbox 950 1515 1070 1555; x_wconf 89' lang='lat' dir='ltr'><strong>esse</strong></span> <span class='ocrx_word' id='word_1_87' title='bbox 1107 1498 1415 1568; x_wconf 91' lang='lat' dir='ltr'><strong>respondit,</strong></span> <span class='ocrx_word' id='word_1_88' title='bbox 1445 1495 1620 1550; x_wconf 89' lang='lat' dir='ltr'><strong>dictus</strong></span> <span class='ocrx_word' id='word_1_89' title='bbox 1648 1503 1732 1548; x_wconf 90' lang='lat' dir='ltr'><strong>est</strong></span> <span class='ocrx_word' id='word_1_90' title='bbox 1756 1492 2042 1561; x_wconf 86' lang='lat' dir='ltr'><strong>reprobare</strong></span> <span class='ocrx_word' id='word_1_91' title='bbox 2084 1498 2138 1544; x_wconf 91' lang='lat' dir='ltr'><strong>ct</strong></span> 
     </span>
    </p>
   </div>
   <div class='ocr_carea' id='block_1_14' title="bbox 545 1582 2138 1654">
    <p class='ocr_par' dir='ltr' id='par_1_14' title="bbox 545 1582 2138 1654">
     <span class='ocr_line' id='line_1_14' title="bbox 545 1582 2138 1654; baseline -0.009 -7"><span class='ocrx_word' id='word_1_92' title='bbox 545 1593 1000 1649; x_wconf 74' lang='lat' dir='ltr'><strong>attathematizare</strong></span> <span class='ocrx_word' id='word_1_93' title='bbox 1031 1589 1320 1647; x_wconf 88' lang='lat' dir='ltr'><strong>contraria.</strong></span> <span class='ocrx_word' id='word_1_94' title='bbox 1367 1587 1607 1642; x_wconf 82' lang='lat' dir='ltr'><strong>Breviter</strong></span> <span class='ocrx_word' id='word_1_95' title='bbox 1634 1599 1762 1654; x_wconf 88' lang='lat' dir='ltr'><strong>ergo</strong></span> <span class='ocrx_word' id='word_1_96' title='bbox 1789 1591 1953 1638; x_wconf 90' lang='lat' dir='ltr'><strong>totam</strong></span> <span class='ocrx_word' id='word_1_97' title='bbox 1982 1582 2138 1636; x_wconf 89' lang='lat' dir='ltr'><strong>istam</strong></span> 
     </span>
    </p>
   </div>
   <div class='ocr_carea' id='block_1_15' title="bbox 547 1679 1652 1752">
    <p class='ocr_par' dir='ltr' id='par_1_15' title="bbox 547 1679 1652 1752">
     <span class='ocr_line' id='line_1_15' title="bbox 547 1679 1652 1752; baseline -0.011 -13"><span class='ocrx_word' id='word_1_98' title='bbox 547 1697 766 1739; x_wconf 85' lang='lat' dir='ltr'><strong>causam</strong></span> <span class='ocrx_word' id='word_1_99' title='bbox 790 1684 881 1747; x_wconf 88' lang='lat' dir='ltr'><strong>ita,</strong></span> <span class='ocrx_word' id='word_1_100' title='bbox 910 1683 954 1738; x_wconf 88' lang='lat' dir='ltr'><strong>si</strong></span> <span class='ocrx_word' id='word_1_101' title='bbox 987 1694 1286 1752; x_wconf 88' lang='lat' dir='ltr'><strong>possumus,</strong></span> <span class='ocrx_word' id='word_1_102' title='bbox 1318 1679 1652 1747; x_wconf 75' lang='lat' dir='ltr'><strong>colligamus.</strong></span> 
     </span>
    </p>
   </div>
   <div class='ocr_carea' id='block_1_16' title="bbox 626 1762 2141 1842">
    <p class='ocr_par' dir='ltr' id='par_1_16' title="bbox 626 1762 2141 1842">
     <span class='ocr_line' id='line_1_16' title="bbox 626 1762 2141 1842; baseline -0.011 -12"><span class='ocrx_word' id='word_1_103' title='bbox 626 1776 714 1830; x_wconf 81' lang='lat'><strong>6|.</strong></span> <span class='ocrx_word' id='word_1_104' title='bbox 735 1774 994 1842; x_wconf 87' lang='lat' dir='ltr'><strong>Quoniam</strong></span> <span class='ocrx_word' id='word_1_105' title='bbox 1013 1785 1228 1826; x_wconf 86' lang='lat' dir='ltr'><strong>necesse</strong></span> <span class='ocrx_word' id='word_1_106' title='bbox 1245 1777 1362 1826; x_wconf 88' lang='lat' dir='ltr'><strong>erat</strong></span> <span class='ocrx_word' id='word_1_107' title='bbox 1378 1768 1584 1839; x_wconf 91' lang='lat' dir='ltr'><strong>impleri</strong></span> <span class='ocrx_word' id='word_1_108' title='bbox 1601 1763 1742 1836; x_wconf 88' lang='lat' dir='ltr'><strong>quod</strong></span> <span class='ocrx_word' id='word_1_109' title='bbox 1763 1762 2005 1834; x_wconf 73' lang='lat' dir='ltr'><strong>pratdixit</strong></span> <span class='ocrx_word' id='word_1_110' title='bbox 2019 1776 2141 1831; x_wconf 83' lang='lat' dir='ltr'><strong>apo-</strong></span> 
     </span>
    </p>
   </div>
   <div class='ocr_carea' id='block_1_17' title="bbox 550 1854 2140 1935">
    <p class='ocr_par' dir='ltr' id='par_1_17' title="bbox 550 1854 2140 1935">
     <span class='ocr_line' id='line_1_17' title="bbox 550 1854 2140 1935; baseline -0.012 -11"><span class='ocrx_word' id='word_1_111' title='bbox 550 1869 724 1924; x_wconf 90' lang='lat' dir='ltr'><strong>stolus</strong></span> <span class='ocrx_word' id='word_1_112' title='bbox 753 1867 964 1931; x_wconf 89' lang='lat' dir='ltr'><strong>Paulus,</strong></span> <span class='ocrx_word' id='word_1_113' title='bbox 993 1866 1199 1935; x_wconf 81' lang='lat' dir='ltr'><strong>Oportet</strong></span> <span class='ocrx_word' id='word_1_114' title='bbox 1221 1871 1265 1916; x_wconf 85' lang='lat' dir='ltr'><strong>et</strong></span> <span class='ocrx_word' id='word_1_115' title='bbox 1295 1863 1511 1916; x_wconf 74' lang='lat' dir='ltr'><strong>Itwreses</strong></span> <span class='ocrx_word' id='word_1_116' title='bbox 1536 1874 1662 1922; x_wconf 83' lang='lat' dir='ltr'><strong>esse,</strong></span> <span class='ocrx_word' id='word_1_117' title='bbox 1683 1866 1736 1912; x_wconf 85' lang='lat' dir='ltr'><strong>ut</strong></span> <span class='ocrx_word' id='word_1_118' title='bbox 1759 1854 1953 1928; x_wconf 83' lang='lat' dir='ltr'><strong>probati</strong></span> <span class='ocrx_word' id='word_1_119' title='bbox 1977 1854 2140 1907; x_wconf 86' lang='lat' dir='ltr'><strong>mani-</strong></span> 
     </span>
    </p>
   </div>
   <div class='ocr_carea' id='block_1_18' title="bbox 552 1947 2135 2030">
    <p class='ocr_par' dir='ltr' id='par_1_18' title="bbox 552 1947 2135 2030">
     <span class='ocr_line' id='line_1_18' title="bbox 552 1947 2135 2030; baseline -0.011 -14"><span class='ocrx_word' id='word_1_120' title='bbox 552 1961 668 2030; x_wconf 79' lang='lat' dir='ltr'><strong>festi</strong></span> <span class='ocrx_word' id='word_1_121' title='bbox 693 1959 888 2028; x_wconf 80' lang='lat' dir='ltr'><strong>ﬁantiu</strong></span> <span class='ocrx_word' id='word_1_122' title='bbox 916 1956 1052 2011; x_wconf 81' lang='lat' dir='ltr'><strong>vobis</strong></span> <span class='ocrx_word' id='word_1_123' title='bbox 1078 1956 1116 2026; x_wconf 92' lang='lat' dir='ltr'><strong>(l</strong></span> <span class='ocrx_word' id='word_1_124' title='bbox 1134 1954 1252 2010; x_wconf 86' lang='lat' dir='ltr'><strong>Cor.</strong></span> <span class='ocrx_word' id='word_1_125' title='bbox 1272 1970 1347 2016; x_wconf 79' lang='lat' dir='ltr'><strong>xi,</strong></span> <span class='ocrx_word' id='word_1_126' title='bbox 1369 1951 1458 2024; x_wconf 76' lang='grc'><strong>19)</strong></span> <span class='ocrx_word' id='word_1_127' title='bbox 1487 1969 1500 2006; x_wconf 90' lang='lat'><strong>:</strong></span> <span class='ocrx_word' id='word_1_128' title='bbox 1525 1959 1644 2022; x_wconf 88' lang='lat' dir='ltr'><strong>post</strong></span> <span class='ocrx_word' id='word_1_129' title='bbox 1657 1957 1867 2004; x_wconf 80' lang='lat' dir='ltr'><strong>veteres</strong></span> <span class='ocrx_word' id='word_1_130' title='bbox 1885 1947 2135 2012; x_wconf 63' lang='lat' dir='ltr'><strong>harreses,</strong></span> 
     </span>
    </p>
   </div>
   <div class='ocr_carea' id='block_1_19' title="bbox 551 2037 2135 2111">
    <p class='ocr_par' dir='ltr' id='par_1_19' title="bbox 551 2037 2135 2111">
     <span class='ocr_line' id='line_1_19' title="bbox 551 2037 2135 2111; baseline -0.01 -5"><span class='ocrx_word' id='word_1_131' title='bbox 551 2051 762 2111; x_wconf 87' lang='lat' dir='ltr'><strong>invecta</strong></span> <span class='ocrx_word' id='word_1_132' title='bbox 791 2049 950 2104; x_wconf 90' lang='lat' dir='ltr'><strong>etiam</strong></span> <span class='ocrx_word' id='word_1_133' title='bbox 999 2046 1158 2102; x_wconf 90' lang='lat' dir='ltr'><strong>modo</strong></span> <span class='ocrx_word' id='word_1_134' title='bbox 1188 2044 1411 2100; x_wconf 81' lang='lat' dir='ltr'><strong>ha-resis</strong></span> <span class='ocrx_word' id='word_1_135' title='bbox 1438 2053 1522 2098; x_wconf 90' lang='lat' dir='ltr'><strong>est</strong></span> <span class='ocrx_word' id='word_1_136' title='bbox 1542 2084 1557 2108; x_wconf 91' lang='lat'><strong>,</strong></span> <span class='ocrx_word' id='word_1_137' title='bbox 1600 2057 1706 2096; x_wconf 90' lang='lat' dir='ltr'><strong>non</strong></span> <span class='ocrx_word' id='word_1_138' title='bbox 1741 2040 1809 2095; x_wconf 91' lang='lat' dir='ltr'><strong>ab</strong></span> <span class='ocrx_word' id='word_1_139' title='bbox 1837 2037 2135 2108; x_wconf 83' lang='lat' dir='ltr'><strong>episcopis,</strong></span> 
     </span>
    </p>
   </div>
   <div class='ocr_carea' id='block_1_20' title="bbox 551 2128 2136 2212">
    <p class='ocr_par' dir='ltr' id='par_1_20' title="bbox 551 2128 2136 2212">
     <span class='ocr_line' id='line_1_20' title="bbox 551 2128 2136 2212; baseline -0.011 -12"><span class='ocrx_word' id='word_1_140' title='bbox 551 2157 648 2200; x_wconf 84' lang='lat' dir='ltr'><strong>seu</strong></span> <span class='ocrx_word' id='word_1_141' title='bbox 690 2139 1048 2212; x_wconf 82' lang='lat' dir='ltr'><strong>presbyteris,</strong></span> <span class='ocrx_word' id='word_1_142' title='bbox 1091 2137 1176 2192; x_wconf 80' lang='lat' dir='ltr'><strong>vel</strong></span> <span class='ocrx_word' id='word_1_143' title='bbox 1220 2137 1640 2205; x_wconf 83' lang='lat' dir='ltr'><strong>quibuscumque</strong></span> <span class='ocrx_word' id='word_1_144' title='bbox 1681 2131 1926 2196; x_wconf 84' lang='lat' dir='ltr'><strong>clericis;</strong></span> <span class='ocrx_word' id='word_1_145' title='bbox 1970 2128 2064 2184; x_wconf 89' lang='lat' dir='ltr'><strong>sed</strong></span> <span class='ocrx_word' id='word_1_146' title='bbox 2105 2142 2136 2182; x_wconf 91' lang='lat' dir='ltr'><strong>a</strong></span> 
     </span>
    </p>
   </div>
   <div class='ocr_carea' id='block_1_21' title="bbox 551 2221 2134 2304">
    <p class='ocr_par' dir='ltr' id='par_1_21' title="bbox 551 2221 2134 2304">
     <span class='ocr_line' id='line_1_21' title="bbox 551 2221 2134 2304; baseline -0.009 -16"><span class='ocrx_word' id='word_1_147' title='bbox 551 2231 868 2304; x_wconf 80' lang='lat' dir='ltr'><strong>quibusdam</strong></span> <span class='ocrx_word' id='word_1_148' title='bbox 897 2229 1057 2286; x_wconf 80' lang='lat' dir='ltr'><strong>veluti</strong></span> <span class='ocrx_word' id='word_1_149' title='bbox 1087 2226 1382 2292; x_wconf 83' lang='lat' dir='ltr'><strong>monachis,</strong></span> <span class='ocrx_word' id='word_1_150' title='bbox 1415 2241 1533 2296; x_wconf 64' lang='lat' dir='ltr'><strong>quae</strong></span> <span class='ocrx_word' id='word_1_151' title='bbox 1557 2235 1742 2281; x_wconf 88' lang='lat' dir='ltr'><strong>contra</strong></span> <span class='ocrx_word' id='word_1_152' title='bbox 1770 2223 1863 2278; x_wconf 88' lang='lat' dir='ltr'><strong>Dei</strong></span> <span class='ocrx_word' id='word_1_153' title='bbox 1888 2221 2134 2292; x_wconf 89' lang='lat' dir='ltr'><strong>gratiam,</strong></span> 
     </span>
    </p>
   </div>
   <div class='ocr_carea' id='block_1_22' title="bbox 551 2315 2132 2397">
    <p class='ocr_par' dir='ltr' id='par_1_22' title="bbox 551 2315 2132 2397">
     <span class='ocr_line' id='line_1_22' title="bbox 551 2315 2132 2397; baseline -0.009 -17"><span class='ocrx_word' id='word_1_154' title='bbox 551 2340 673 2397; x_wconf 74' lang='lat' dir='ltr'><strong>qua:</strong></span> <span class='ocrx_word' id='word_1_155' title='bbox 693 2323 848 2379; x_wconf 88' lang='lat' dir='ltr'><strong>nobis</strong></span> <span class='ocrx_word' id='word_1_156' title='bbox 867 2332 948 2378; x_wconf 87' lang='lat' dir='ltr'><strong>est</strong></span> <span class='ocrx_word' id='word_1_157' title='bbox 971 2336 1064 2392; x_wconf 90' lang='lat' dir='ltr'><strong>per</strong></span> <span class='ocrx_word' id='word_1_158' title='bbox 1077 2319 1260 2376; x_wconf 82' lang='lat' dir='ltr'><strong>Jcsum</strong></span> <span class='ocrx_word' id='word_1_159' title='bbox 1281 2318 1549 2375; x_wconf 82' lang='lat' dir='ltr'><strong>Christum</strong></span> <span class='ocrx_word' id='word_1_160' title='bbox 1574 2315 1849 2374; x_wconf 88' lang='lat' dir='ltr'><strong>Dominum</strong></span> <span class='ocrx_word' id='word_1_161' title='bbox 1873 2323 2132 2378; x_wconf 88' lang='lat' dir='ltr'><strong>nostrmn,</strong></span> 
     </span>
    </p>
   </div>
   <div class='ocr_carea' id='block_1_23' title="bbox 554 2404 2133 2486">
    <p class='ocr_par' dir='ltr' id='par_1_23' title="bbox 554 2404 2133 2486">
     <span class='ocr_line' id='line_1_23' title="bbox 554 2404 2133 2486; baseline -0.011 -13"><span class='ocrx_word' id='word_1_162' title='bbox 554 2423 806 2486; x_wconf 85' lang='lat' dir='ltr'><strong>tanquam</strong></span> <span class='ocrx_word' id='word_1_163' title='bbox 843 2411 1180 2468; x_wconf 87' lang='lat' dir='ltr'><strong>defendendo</strong></span> <span class='ocrx_word' id='word_1_164' title='bbox 1218 2410 1442 2466; x_wconf 89' lang='lat' dir='ltr'><strong>liberum</strong></span> <span class='ocrx_word' id='word_1_165' title='bbox 1471 2406 1780 2471; x_wconf 88' lang='lat' dir='ltr'><strong>arhitrimn,</strong></span> <span class='ocrx_word' id='word_1_166' title='bbox 1811 2404 2133 2476; x_wconf 86' lang='lat' dir='ltr'><strong>disputaret,</strong></span> 
     </span>
    </p>
   </div>
   <div class='ocr_carea' id='block_1_24' title="bbox 552 2492 2130 2565">
    <p class='ocr_par' dir='ltr' id='par_1_24' title="bbox 552 2492 2130 2565">
     <span class='ocr_line' id='line_1_24' title="bbox 552 2492 2130 2565; baseline -0.011 0"><span class='ocrx_word' id='word_1_167' title='bbox 552 2517 608 2565; x_wconf 83' lang='lat' dir='ltr'><strong>et</strong></span> <span class='ocrx_word' id='word_1_168' title='bbox 632 2514 915 2562; x_wconf 84' lang='lat' dir='ltr'><strong>conaretur</strong></span> <span class='ocrx_word' id='word_1_169' title='bbox 932 2502 1238 2560; x_wconf 74' lang='lat' dir='ltr'><strong>christiana:</strong></span> <span class='ocrx_word' id='word_1_170' title='bbox 1262 2500 1382 2558; x_wconf 83' lang='lat' dir='ltr'><strong>fidei</strong></span> <span class='ocrx_word' id='word_1_171' title='bbox 1405 2499 1795 2554; x_wconf 84' lang='lat' dir='ltr'><strong>firmamentum</strong></span> <span class='ocrx_word' id='word_1_172' title='bbox 1820 2504 2065 2550; x_wconf 88' lang='lat' dir='ltr'><strong>evertere</strong></span> <span class='ocrx_word' id='word_1_173' title='bbox 2090 2492 2130 2559; x_wconf 87' lang='grc'>¹,</span> 
     </span>
    </p>
   </div>
   <div class='ocr_carea' id='block_1_25' title="bbox 549 2589 2138 2668">
    <p class='ocr_par' dir='ltr' id='par_1_25' title="bbox 549 2589 2138 2668">
     <span class='ocr_line' id='line_1_25' title="bbox 549 2589 2138 2668; baseline -0.013 -12"><span class='ocrx_word' id='word_1_174' title='bbox 549 2598 620 2656; x_wconf 85' lang='lat' dir='ltr'><strong>de</strong></span> <span class='ocrx_word' id='word_1_175' title='bbox 643 2614 750 2668; x_wconf 88' lang='lat' dir='ltr'><strong>quo</strong></span> <span class='ocrx_word' id='word_1_176' title='bbox 773 2596 1029 2664; x_wconf 89' lang='lat' dir='ltr'><strong>scriptum</strong></span> <span class='ocrx_word' id='word_1_177' title='bbox 1053 2602 1158 2662; x_wconf 90' lang='lat' dir='ltr'><strong>est,</strong></span> <span class='ocrx_word' id='word_1_178' title='bbox 1193 2591 1294 2648; x_wconf 78' lang='lat' dir='ltr'><strong>Per</strong></span> <span class='ocrx_word' id='word_1_179' title='bbox 1321 2607 1480 2646; x_wconf 78' lang='lat' dir='ltr'><strong>totum</strong></span> <span class='ocrx_word' id='word_1_180' title='bbox 1508 2589 1761 2644; x_wconf 81' lang='lat' dir='ltr'><strong>hominem</strong></span> <span class='ocrx_word' id='word_1_181' title='bbox 1789 2601 1947 2652; x_wconf 89' lang='lat' dir='ltr'><strong>mors,</strong></span> <span class='ocrx_word' id='word_1_182' title='bbox 1977 2594 2025 2638; x_wconf 83' lang='lat' dir='ltr'><strong>et</strong></span> <span class='ocrx_word' id='word_1_183' title='bbox 2049 2599 2138 2654; x_wconf 84' lang='lat' dir='ltr'><strong>per</strong></span> 
     </span>
    </p>
   </div>
   <div class='ocr_carea' id='block_1_26' title="bbox 549 2675 2137 2744">
    <p class='ocr_par' dir='ltr' id='par_1_26' title="bbox 549 2675 2137 2744">
     <span class='ocr_line' id='line_1_26' title="bbox 549 2675 2137 2744; baseline -0.009 -2"><span class='ocrx_word' id='word_1_184' title='bbox 549 2705 710 2742; x_wconf 82' lang='lat' dir='ltr'><strong>unum</strong></span> <span class='ocrx_word' id='word_1_185' title='bbox 751 2687 1005 2744; x_wconf 83' lang='lat' dir='ltr'><strong>hominem</strong></span> <span class='ocrx_word' id='word_1_186' title='bbox 1040 2683 1340 2739; x_wconf 73' lang='lat' dir='ltr'><strong>resurrectio</strong></span> <span class='ocrx_word' id='word_1_187' title='bbox 1367 2690 1721 2736; x_wconf 86' lang='lat' dir='ltr'><strong>mortuorum:</strong></span> <span class='ocrx_word' id='word_1_188' title='bbox 1766 2678 1895 2734; x_wconf 82' lang='lat' dir='ltr'><strong>sicut</strong></span> <span class='ocrx_word' id='word_1_189' title='bbox 1923 2678 2055 2730; x_wconf 85' lang='lat' dir='ltr'><strong>enim</strong></span> <span class='ocrx_word' id='word_1_190' title='bbox 2084 2675 2137 2729; x_wconf 83' lang='lat' dir='ltr'><strong>in</strong></span> 
     </span>
    </p>
   </div>
   <div class='ocr_carea' id='block_1_27' title="bbox 548 2767 2138 2842">
    <p class='ocr_par' dir='ltr' id='par_1_27' title="bbox 548 2767 2138 2842">
     <span class='ocr_line' id='line_1_27' title="bbox 548 2767 2138 2842; baseline -0.009 -8"><span class='ocrx_word' id='word_1_191' title='bbox 548 2780 718 2834; x_wconf 79' lang='lat' dir='ltr'><strong>Adam</strong></span> <span class='ocrx_word' id='word_1_192' title='bbox 743 2795 914 2833; x_wconf 81' lang='lat' dir='ltr'><strong>omnes</strong></span> <span class='ocrx_word' id='word_1_193' title='bbox 937 2777 1244 2842; x_wconf 85' lang='lat' dir='ltr'><strong>moriuntur,</strong></span> <span class='ocrx_word' id='word_1_194' title='bbox 1273 2774 1346 2830; x_wconf 82' lang='lat' dir='ltr'><strong>sic</strong></span> <span class='ocrx_word' id='word_1_195' title='bbox 1383 2783 1427 2828; x_wconf 82' lang='lat' dir='ltr'><strong>et</strong></span> <span class='ocrx_word' id='word_1_196' title='bbox 1452 2773 1506 2827; x_wconf 88' lang='lat' dir='ltr'><strong>iu</strong></span> <span class='ocrx_word' id='word_1_197' title='bbox 1543 2771 1745 2827; x_wconf 81' lang='lat' dir='ltr'><strong>Christo</strong></span> <span class='ocrx_word' id='word_1_198' title='bbox 1780 2785 1953 2824; x_wconf 79' lang='lat' dir='ltr'><strong>oumes</strong></span> <span class='ocrx_word' id='word_1_199' title='bbox 1978 2767 2138 2836; x_wconf 67' lang='lat' dir='ltr'><strong>viviﬁo</strong></span> 
     </span>
    </p>
   </div>
   <div class='ocr_carea' id='block_1_28' title="bbox 549 2857 2137 2940">
    <p class='ocr_par' dir='ltr' id='par_1_28' title="bbox 549 2857 2137 2940">
     <span class='ocr_line' id='line_1_28' title="bbox 549 2857 2137 2940; baseline -0.01 -12"><span class='ocrx_word' id='word_1_200' title='bbox 549 2871 800 2928; x_wconf 78' lang='lat' dir='ltr'><strong>cabautur</strong></span> <span class='ocrx_word' id='word_1_201' title='bbox 827 2867 935 2940; x_wconf 83' lang='lat' dir='ltr'><strong>(Id.</strong></span> <span class='ocrx_word' id='word_1_202' title='bbox 963 2883 1069 2932; x_wconf 86' lang='lat' dir='ltr'><strong>xv,</strong></span> <span class='ocrx_word' id='word_1_203' title='bbox 1108 2865 1209 2934; x_wconf 86' lang='grc'><strong>21,</strong></span> <span class='ocrx_word' id='word_1_204' title='bbox 1246 2865 1339 2936; x_wconf 76' lang='grc'><strong>22)</strong></span> <span class='ocrx_word' id='word_1_205' title='bbox 1369 2882 1383 2920; x_wconf 88' lang='lat'><strong>:</strong></span> <span class='ocrx_word' id='word_1_206' title='bbox 1414 2873 1470 2919; x_wconf 92' lang='lat' dir='ltr'><strong>et</strong></span> <span class='ocrx_word' id='word_1_207' title='bbox 1507 2863 1557 2918; x_wconf 91' lang='lat' dir='ltr'><strong>in</strong></span> <span class='ocrx_word' id='word_1_208' title='bbox 1583 2862 1792 2916; x_wconf 87' lang='lat' dir='ltr'><strong>actibus</strong></span> <span class='ocrx_word' id='word_1_209' title='bbox 1819 2859 2016 2916; x_wconf 90' lang='lat' dir='ltr'><strong>nostris</strong></span> <span class='ocrx_word' id='word_1_210' title='bbox 2041 2857 2137 2914; x_wconf 86' lang='lat' dir='ltr'><strong>Dei</strong></span> 
     </span>
    </p>
   </div>
   <div class='ocr_carea' id='block_1_29' title="bbox 550 2954 2134 3031">
    <p class='ocr_par' dir='ltr' id='par_1_29' title="bbox 550 2954 2134 3031">
     <span class='ocr_line' id='line_1_29' title="bbox 550 2954 2134 3031; baseline -0.008 -15"><span class='ocrx_word' id='word_1_211' title='bbox 550 2959 874 3031; x_wconf 82' lang='lat' dir='ltr'><strong>adjutorium</strong></span> <span class='ocrx_word' id='word_1_212' title='bbox 913 2958 1225 3028; x_wconf 85' lang='lat' dir='ltr'><strong>denegaret,</strong></span> <span class='ocrx_word' id='word_1_213' title='bbox 1252 2954 1509 3019; x_wconf 89' lang='lat' dir='ltr'><strong>dicendo,</strong></span> <span class='ocrx_word' id='word_1_214' title='bbox 1554 2971 1573 3005; x_wconf 80' lang='grc' dir='ltr'><strong>ι</strong></span> <span class='ocrx_word' id='word_1_215' title='bbox 1602 2963 1660 3008; x_wconf 93' lang='grc' dir='ltr'><strong>ιιι</strong></span> <span class='ocrx_word' id='word_1_216' title='bbox 1685 2967 1790 3008; x_wconf 90' lang='lat' dir='ltr'><strong>non</strong></span> <span class='ocrx_word' id='word_1_217' title='bbox 1820 2965 2100 3022; x_wconf 87' lang='lat' dir='ltr'><strong>peccemus</strong></span> <span class='ocrx_word' id='word_1_218' title='bbox 2118 2991 2134 3016; x_wconf 94' lang='lat'><strong>,</strong></span> 
     </span>
    </p>
   </div>
   <div class='ocr_carea' id='block_1_30' title="bbox 555 3043 2134 3124">
    <p class='ocr_par' dir='ltr' id='par_1_30' title="bbox 555 3043 2134 3124">
     <span class='ocr_line' id='line_1_30' title="bbox 555 3043 2134 3124; baseline -0.011 -12"><span class='ocrx_word' id='word_1_219' title='bbox 555 3055 980 3124; x_wconf 78' lang='lat' dir='ltr'><strong>ituplcatnusque</strong></span> <span class='ocrx_word' id='word_1_220' title='bbox 1000 3050 1282 3120; x_wconf 88' lang='lat' dir='ltr'><strong>justitiam,</strong></span> <span class='ocrx_word' id='word_1_221' title='bbox 1311 3063 1467 3118; x_wconf 86' lang='lat' dir='ltr'><strong>posse</strong></span> <span class='ocrx_word' id='word_1_222' title='bbox 1493 3046 1740 3102; x_wconf 88' lang='lat' dir='ltr'><strong>suflicere</strong></span> <span class='ocrx_word' id='word_1_223' title='bbox 1764 3055 2003 3099; x_wconf 87' lang='lat' dir='ltr'><strong>naturam</strong></span> <span class='ocrx_word' id='word_1_224' title='bbox 2034 3043 2134 3097; x_wconf 82' lang='lat' dir='ltr'><strong>hu-</strong></span> 
     </span>
    </p>
   </div>
   <div class='ocr_carea' id='block_1_31' title="bbox 551 3137 2139 3218">
    <p class='ocr_par' dir='ltr' id='par_1_31' title="bbox 551 3137 2139 3218">
     <span class='ocr_line' id='line_1_31' title="bbox 551 3137 2139 3218; baseline -0.006 -17"><span class='ocrx_word' id='word_1_225' title='bbox 551 3162 787 3216; x_wconf 78' lang='lat' dir='ltr'><strong>matiam,</strong></span> <span class='ocrx_word' id='word_1_226' title='bbox 817 3161 936 3218; x_wconf 68' lang='lat' dir='ltr'><strong>qua:</strong></span> <span class='ocrx_word' id='word_1_227' title='bbox 955 3143 1168 3200; x_wconf 87' lang='lat' dir='ltr'><strong>condita</strong></span> <span class='ocrx_word' id='word_1_228' title='bbox 1194 3151 1277 3198; x_wconf 91' lang='lat' dir='ltr'><strong>est</strong></span> <span class='ocrx_word' id='word_1_229' title='bbox 1300 3158 1420 3198; x_wconf 91' lang='lat' dir='ltr'><strong>cum</strong></span> <span class='ocrx_word' id='word_1_230' title='bbox 1448 3141 1616 3196; x_wconf 89' lang='lat' dir='ltr'><strong>libero</strong></span> <span class='ocrx_word' id='word_1_231' title='bbox 1635 3137 1887 3203; x_wconf 90' lang='lat' dir='ltr'><strong>arbitrio;</strong></span> <span class='ocrx_word' id='word_1_232' title='bbox 1914 3151 2139 3208; x_wconf 87' lang='lat' dir='ltr'><strong>eamque</strong></span> 
     </span>
    </p>
   </div>
   <div class='ocr_carea' id='block_1_32' title="bbox 550 3230 2137 3308">
    <p class='ocr_par' dir='ltr' id='par_1_32' title="bbox 550 3230 2137 3308">
     <span class='ocr_line' id='line_1_32' title="bbox 550 3230 2137 3308; baseline -0.008 -12"><span class='ocrx_word' id='word_1_233' title='bbox 550 3254 672 3296; x_wconf 82' lang='lat' dir='ltr'><strong>esse</strong></span> <span class='ocrx_word' id='word_1_234' title='bbox 701 3238 794 3294; x_wconf 92' lang='lat' dir='ltr'><strong>Dei</strong></span> <span class='ocrx_word' id='word_1_235' title='bbox 819 3237 1064 3308; x_wconf 84' lang='lat' dir='ltr'><strong>gratiam,</strong></span> <span class='ocrx_word' id='word_1_236' title='bbox 1095 3235 1215 3307; x_wconf 86' lang='lat' dir='ltr'><strong>quia</strong></span> <span class='ocrx_word' id='word_1_237' title='bbox 1246 3235 1324 3290; x_wconf 89' lang='lat' dir='ltr'><strong>sic</strong></span> <span class='ocrx_word' id='word_1_238' title='bbox 1363 3232 1562 3290; x_wconf 88' lang='lat' dir='ltr'><strong>conditi</strong></span> <span class='ocrx_word' id='word_1_239' title='bbox 1591 3246 1798 3298; x_wconf 89' lang='lat' dir='ltr'><strong>sumus,</strong></span> <span class='ocrx_word' id='word_1_240' title='bbox 1829 3239 1885 3285; x_wconf 90' lang='lat' dir='ltr'><strong>ut</strong></span> <span class='ocrx_word' id='word_1_241' title='bbox 1913 3230 2014 3284; x_wconf 90' lang='lat' dir='ltr'><strong>hoc</strong></span> <span class='ocrx_word' id='word_1_242' title='bbox 2041 3243 2137 3284; x_wconf 79' lang='lat' dir='ltr'><strong>vo-</strong></span> 
     </span>
    </p>
   </div>
   <div class='ocr_carea' id='block_1_33' title="bbox 550 3321 2136 3400">
    <p class='ocr_par' dir='ltr' id='par_1_33' title="bbox 550 3321 2136 3400">
     <span class='ocr_line' id='line_1_33' title="bbox 550 3321 2136 3400; baseline -0.008 -13"><span class='ocrx_word' id='word_1_243' title='bbox 550 3332 755 3387; x_wconf 81' lang='lat' dir='ltr'><strong>luntate</strong></span> <span class='ocrx_word' id='word_1_244' title='bbox 781 3331 1068 3400; x_wconf 86' lang='lat' dir='ltr'><strong>possimus,</strong></span> <span class='ocrx_word' id='word_1_245' title='bbox 1093 3337 1149 3384; x_wconf 91' lang='lat' dir='ltr'><strong>et</strong></span> <span class='ocrx_word' id='word_1_246' title='bbox 1173 3327 1311 3397; x_wconf 85' lang='lat' dir='ltr'><strong>quod</strong></span> <span class='ocrx_word' id='word_1_247' title='bbox 1335 3325 1657 3397; x_wconf 87' lang='lat' dir='ltr'><strong>adjutorium</strong></span> <span class='ocrx_word' id='word_1_248' title='bbox 1686 3324 1816 3395; x_wconf 88' lang='lat' dir='ltr'><strong>legis</strong></span> <span class='ocrx_word' id='word_1_249' title='bbox 1856 3321 2136 3377; x_wconf 90' lang='lat' dir='ltr'><strong>mandato-</strong></span> 
     </span>
    </p>
   </div>
   <div class='ocr_carea' id='block_1_34' title="bbox 547 3413 2139 3492">
    <p class='ocr_par' dir='ltr' id='par_1_34' title="bbox 547 3413 2139 3492">
     <span class='ocr_line' id='line_1_34' title="bbox 547 3413 2139 3492; baseline -0.008 -14"><span class='ocrx_word' id='word_1_250' title='bbox 547 3437 776 3492; x_wconf 86' lang='lat' dir='ltr'><strong>rumque</strong></span> <span class='ocrx_word' id='word_1_251' title='bbox 804 3436 1022 3475; x_wconf 87' lang='lat' dir='ltr'><strong>suorum</strong></span> <span class='ocrx_word' id='word_1_252' title='bbox 1053 3418 1230 3483; x_wconf 87' lang='lat' dir='ltr'><strong>dedit,</strong></span> <span class='ocrx_word' id='word_1_253' title='bbox 1270 3427 1324 3473; x_wconf 91' lang='lat' dir='ltr'><strong>et</strong></span> <span class='ocrx_word' id='word_1_254' title='bbox 1347 3416 1487 3486; x_wconf 88' lang='lat' dir='ltr'><strong>quod</strong></span> <span class='ocrx_word' id='word_1_255' title='bbox 1513 3414 1579 3470; x_wconf 91' lang='lat' dir='ltr'><strong>ad</strong></span> <span class='ocrx_word' id='word_1_256' title='bbox 1615 3429 1674 3470; x_wconf 89' lang='lat' dir='ltr'><strong>se</strong></span> <span class='ocrx_word' id='word_1_257' title='bbox 1711 3413 1984 3468; x_wconf 74' lang='lat' dir='ltr'><strong>Conversis</strong></span> <span class='ocrx_word' id='word_1_258' title='bbox 2012 3424 2139 3482; x_wconf 87' lang='lat' dir='ltr'><strong>pec-</strong></span> 
     </span>
    </p>
   </div>
   <div class='ocr_carea' id='block_1_35' title="bbox 543 3503 2135 3584">
    <p class='ocr_par' dir='ltr' id='par_1_35' title="bbox 543 3503 2135 3584">
     <span class='ocr_line' id='line_1_35' title="bbox 543 3503 2135 3584; baseline -0.008 -15"><span class='ocrx_word' id='word_1_259' title='bbox 543 3521 661 3569; x_wconf 87' lang='lat' dir='ltr'><strong>cata</strong></span> <span class='ocrx_word' id='word_1_260' title='bbox 690 3512 951 3584; x_wconf 69' lang='lat' dir='ltr'><strong>praeterita</strong></span> <span class='ocrx_word' id='word_1_261' title='bbox 982 3511 1238 3581; x_wconf 80' lang='lat' dir='ltr'><strong>ignoscit;</strong></span> <span class='ocrx_word' id='word_1_262' title='bbox 1271 3526 1292 3562; x_wconf 80' lang='lat' dir='ltr'><strong>s</strong></span> <span class='ocrx_word' id='word_1_263' title='bbox 1325 3508 1378 3563; x_wconf 92' lang='lat' dir='ltr'><strong>iu</strong></span> <span class='ocrx_word' id='word_1_264' title='bbox 1400 3508 1483 3563; x_wconf 91' lang='lat' dir='ltr'><strong>his</strong></span> <span class='ocrx_word' id='word_1_265' title='bbox 1502 3507 1632 3560; x_wconf 90' lang='lat' dir='ltr'><strong>solis</strong></span> <span class='ocrx_word' id='word_1_266' title='bbox 1653 3520 1774 3561; x_wconf 86' lang='lat' dir='ltr'><strong>esse</strong></span> <span class='ocrx_word' id='word_1_267' title='bbox 1797 3503 1889 3560; x_wconf 90' lang='lat' dir='ltr'><strong>Dei</strong></span> <span class='ocrx_word' id='word_1_268' title='bbox 1911 3505 2135 3576; x_wconf 88' lang='lat' dir='ltr'><strong>gratiam</strong></span> 
     </span>
    </p>
   </div>
   <div class='ocr_carea' id='block_1_36' title="bbox 548 3597 2138 3677">
    <p class='ocr_par' dir='ltr' id='par_1_36' title="bbox 548 3597 2138 3677">
     <span class='ocr_line' id='line_1_36' title="bbox 548 3597 2138 3677; baseline -0.008 -14"><span class='ocrx_word' id='word_1_269' title='bbox 548 3605 930 3677; x_wconf 87' lang='lat' dir='ltr'><strong>deputandam,</strong></span> <span class='ocrx_word' id='word_1_270' title='bbox 957 3619 1065 3660; x_wconf 90' lang='lat' dir='ltr'><strong>nou</strong></span> <span class='ocrx_word' id='word_1_271' title='bbox 1088 3604 1139 3658; x_wconf 89' lang='lat' dir='ltr'><strong>in</strong></span> <span class='ocrx_word' id='word_1_272' title='bbox 1164 3601 1428 3672; x_wconf 89' lang='lat' dir='ltr'><strong>adjutorio</strong></span> <span class='ocrx_word' id='word_1_273' title='bbox 1457 3607 1760 3656; x_wconf 90' lang='lat' dir='ltr'><strong>nostrorum</strong></span> <span class='ocrx_word' id='word_1_274' title='bbox 1790 3606 1999 3652; x_wconf 86' lang='lat' dir='ltr'><strong>actuum</strong></span> <span class='ocrx_word' id='word_1_275' title='bbox 2027 3597 2138 3650; x_wconf 74' lang='lat' dir='ltr'><strong>sin—</strong></span> 
     </span>
    </p>
   </div>
   <div class='ocr_carea' id='block_1_37' title="bbox 548 3690 2136 3772">
    <p class='ocr_par' dir='ltr' id='par_1_37' title="bbox 548 3690 2136 3772">
     <span class='ocr_line' id='line_1_37' title="bbox 548 3690 2136 3772; baseline -0.006 -18"><span class='ocrx_word' id='word_1_276' title='bbox 548 3701 814 3772; x_wconf 81' lang='lat' dir='ltr'><strong>gulorum.</strong></span> <span class='ocrx_word' id='word_1_277' title='bbox 847 3716 866 3749; x_wconf 84' lang='grc' dir='ltr'><strong>ι</strong></span> <span class='ocrx_word' id='word_1_278' title='bbox 898 3697 1060 3754; x_wconf 83' lang='lat' dir='ltr'><strong>Posse</strong></span> <span class='ocrx_word' id='word_1_279' title='bbox 1081 3695 1224 3752; x_wconf 89' lang='lat' dir='ltr'><strong>enim</strong></span> <span class='ocrx_word' id='word_1_280' title='bbox 1247 3693 1514 3748; x_wconf 87' lang='lat' dir='ltr'><strong>hominem</strong></span> <span class='ocrx_word' id='word_1_281' title='bbox 1535 3705 1656 3747; x_wconf 90' lang='lat' dir='ltr'><strong>esse</strong></span> <span class='ocrx_word' id='word_1_282' title='bbox 1676 3690 1794 3746; x_wconf 83' lang='lat' dir='ltr'><strong>sine</strong></span> <span class='ocrx_word' id='word_1_283' title='bbox 1814 3698 2054 3760; x_wconf 89' lang='lat' dir='ltr'><strong>peccato,</strong></span> <span class='ocrx_word' id='word_1_284' title='bbox 2081 3697 2136 3762; x_wconf 86' lang='lat' dir='ltr'><strong>et</strong></span> 
     </span>
    </p>
   </div>
   <div class='ocr_carea' id='block_1_38' title="bbox 548 3781 1712 3852">
    <p class='ocr_par' dir='ltr' id='par_1_38' title="bbox 548 3781 1712 3852">
     <span class='ocr_line' id='line_1_38' title="bbox 548 3781 1712 3852; baseline -0.011 -5"><span class='ocrx_word' id='word_1_285' title='bbox 548 3789 796 3848; x_wconf 87' lang='lat' dir='ltr'><strong>mandata</strong></span> <span class='ocrx_word' id='word_1_286' title='bbox 829 3789 921 3848; x_wconf 88' lang='lat' dir='ltr'><strong>Dei</strong></span> <span class='ocrx_word' id='word_1_287' title='bbox 949 3787 1102 3843; x_wconf 80' lang='lat' dir='ltr'><strong>facile</strong></span> <span class='ocrx_word' id='word_1_288' title='bbox 1124 3784 1417 3852; x_wconf 88' lang='lat' dir='ltr'><strong>custodire,</strong></span> <span class='ocrx_word' id='word_1_289' title='bbox 1446 3784 1492 3838; x_wconf 92' lang='lat' dir='ltr'><strong>si</strong></span> <span class='ocrx_word' id='word_1_290' title='bbox 1516 3781 1660 3838; x_wconf 88' lang='lat' dir='ltr'><strong>velit.</strong></span> <span class='ocrx_word' id='word_1_291' title='bbox 1693 3800 1712 3834; x_wconf 73' lang='grc' dir='ltr'><strong>ι</strong></span> 
     </span>
    </p>
   </div>
   <div class='ocr_carea' id='block_1_39' title="bbox 620 3871 2131 3951">
    <p class='ocr_par' dir='ltr' id='par_1_39' title="bbox 620 3871 2131 3951">
     <span class='ocr_line' id='line_1_39' title="bbox 620 3871 2131 3951; baseline -0.008 -16"><span class='ocrx_word' id='word_1_292' title='bbox 620 3885 711 3938; x_wconf 77' lang='grc'><strong>62.</strong></span> <span class='ocrx_word' id='word_1_293' title='bbox 727 3883 827 3938; x_wconf 86' lang='lat' dir='ltr'><strong>Ista</strong></span> <span class='ocrx_word' id='word_1_294' title='bbox 846 3881 1066 3937; x_wconf 65' lang='lat' dir='ltr'><strong>haeresis</strong></span> <span class='ocrx_word' id='word_1_295' title='bbox 1084 3895 1206 3936; x_wconf 90' lang='lat' dir='ltr'><strong>cum</strong></span> <span class='ocrx_word' id='word_1_296' title='bbox 1229 3879 1485 3951; x_wconf 89' lang='lat' dir='ltr'><strong>plurimos</strong></span> <span class='ocrx_word' id='word_1_297' title='bbox 1505 3873 1824 3945; x_wconf 89' lang='lat' dir='ltr'><strong>decepissel,</strong></span> <span class='ocrx_word' id='word_1_298' title='bbox 1847 3881 1901 3928; x_wconf 91' lang='lat' dir='ltr'><strong>et</strong></span> <span class='ocrx_word' id='word_1_299' title='bbox 1919 3871 2131 3937; x_wconf 84' lang='lat' dir='ltr'><strong>fratres,</strong></span> 
     </span>
    </p>
   </div>
   <div class='ocr_carea' id='block_1_40' title="bbox 547 3963 2132 4048">
    <p class='ocr_par' dir='ltr' id='par_1_40' title="bbox 547 3963 2132 4048">
     <span class='ocr_line' id='line_1_40' title="bbox 547 3963 2132 4048; baseline -0.008 -17"><span class='ocrx_word' id='word_1_300' title='bbox 547 3992 684 4048; x_wconf 84' lang='lat' dir='ltr'><strong>quos</strong></span> <span class='ocrx_word' id='word_1_301' title='bbox 713 3991 818 4030; x_wconf 85' lang='lat' dir='ltr'><strong>non</strong></span> <span class='ocrx_word' id='word_1_302' title='bbox 854 3973 1168 4043; x_wconf 83' lang='lat' dir='ltr'><strong>deceperat,</strong></span> <span class='ocrx_word' id='word_1_303' title='bbox 1197 3970 1573 4032; x_wconf 83' lang='lat' dir='ltr'><strong>conturbaret;</strong></span> <span class='ocrx_word' id='word_1_304' title='bbox 1610 3965 1890 4022; x_wconf 64' lang='lat' dir='ltr'><strong>Caelestius</strong></span> <span class='ocrx_word' id='word_1_305' title='bbox 1918 3963 2132 4034; x_wconf 90' lang='lat' dir='ltr'><strong>quidam</strong></span> 
     </span>
    </p>
   </div>
   <div class='ocr_carea' id='block_1_41' title="bbox 547 4057 2134 4133">
    <p class='ocr_par' dir='ltr' id='par_1_41' title="bbox 547 4057 2134 4133">
     <span class='ocr_line' id='line_1_41' title="bbox 547 4057 2134 4133; baseline -0.007 -10"><span class='ocrx_word' id='word_1_306' title='bbox 547 4068 672 4123; x_wconf 90' lang='lat' dir='ltr'><strong>talia</strong></span> <span class='ocrx_word' id='word_1_307' title='bbox 713 4065 983 4128; x_wconf 85' lang='lat' dir='ltr'><strong>sentiens,</strong></span> <span class='ocrx_word' id='word_1_308' title='bbox 1013 4063 1082 4119; x_wconf 86' lang='lat' dir='ltr'><strong>ad</strong></span> <span class='ocrx_word' id='word_1_309' title='bbox 1121 4062 1380 4133; x_wconf 87' lang='lat' dir='ltr'><strong>judicium</strong></span> <span class='ocrx_word' id='word_1_310' title='bbox 1405 4058 1845 4130; x_wconf 73' lang='lat' dir='ltr'><strong>Carthaginiensis</strong></span> <span class='ocrx_word' id='word_1_311' title='bbox 1880 4057 2134 4113; x_wconf 62' lang='lat' dir='ltr'><strong>Ecclesiae</strong></span> 
     </span>
    </p>
   </div>
   <div class='ocr_carea' id='block_1_42' title="bbox 547 4147 2128 4228">
    <p class='ocr_par' dir='ltr' id='par_1_42' title="bbox 547 4147 2128 4228">
     <span class='ocr_line' id='line_1_42' title="bbox 547 4147 2128 4228; baseline -0.008 -13"><span class='ocrx_word' id='word_1_312' title='bbox 547 4157 856 4228; x_wconf 82' lang='lat' dir='ltr'><strong>perductus,</strong></span> <span class='ocrx_word' id='word_1_313' title='bbox 875 4155 1244 4226; x_wconf 88' lang='lat' dir='ltr'><strong>episcoporum</strong></span> <span class='ocrx_word' id='word_1_314' title='bbox 1259 4152 1518 4208; x_wconf 86' lang='lat' dir='ltr'><strong>sententia</strong></span> <span class='ocrx_word' id='word_1_315' title='bbox 1534 4149 1916 4206; x_wconf 83' lang='lat' dir='ltr'><strong>condemnatus</strong></span> <span class='ocrx_word' id='word_1_316' title='bbox 1933 4158 2015 4204; x_wconf 90' lang='lat' dir='ltr'><strong>est</strong></span> <span class='ocrx_word' id='word_1_317' title='bbox 2031 4147 2128 4220; x_wconf 92' lang='lat' dir='ltr'><strong>(a).</strong></span> 
     </span>
    </p>
   </div>
   <div class='ocr_carea' id='block_1_43' title="bbox 547 4239 2132 4318">
    <p class='ocr_par' dir='ltr' id='par_1_43' title="bbox 547 4239 2132 4318">
     <span class='ocr_line' id='line_1_43' title="bbox 547 4239 2132 4318; baseline -0.008 -13"><span class='ocrx_word' id='word_1_318' title='bbox 547 4249 750 4306; x_wconf 84' lang='lat' dir='ltr'><strong>Deinde</strong></span> <span class='ocrx_word' id='word_1_319' title='bbox 775 4257 896 4318; x_wconf 85' lang='lat' dir='ltr'><strong>post</strong></span> <span class='ocrx_word' id='word_1_320' title='bbox 915 4247 1117 4317; x_wconf 87' lang='lat' dir='ltr'><strong>aliquot</strong></span> <span class='ocrx_word' id='word_1_321' title='bbox 1153 4259 1323 4300; x_wconf 89' lang='lat' dir='ltr'><strong>annos</strong></span> <span class='ocrx_word' id='word_1_322' title='bbox 1348 4242 1582 4312; x_wconf 83' lang='lat' dir='ltr'><strong>Pelagio,</strong></span> <span class='ocrx_word' id='word_1_323' title='bbox 1619 4241 1708 4312; x_wconf 90' lang='lat' dir='ltr'><strong>qui</strong></span> <span class='ocrx_word' id='word_1_324' title='bbox 1735 4239 1986 4312; x_wconf 83' lang='lat' dir='ltr'><strong>magister</strong></span> <span class='ocrx_word' id='word_1_325' title='bbox 2013 4239 2132 4308; x_wconf 90' lang='lat' dir='ltr'><strong>ejus</strong></span> 
     </span>
    </p>
   </div>
   <div class='ocr_carea' id='block_1_44' title="bbox 545 4329 2130 4413">
    <p class='ocr_par' dir='ltr' id='par_1_44' title="bbox 545 4329 2130 4413">
     <span class='ocr_line' id='line_1_44' title="bbox 545 4329 2130 4413; baseline -0.008 -15"><span class='ocrx_word' id='word_1_326' title='bbox 545 4341 938 4413; x_wconf 85' lang='lat' dir='ltr'><strong>perhiberetur,</strong></span> <span class='ocrx_word' id='word_1_327' title='bbox 977 4353 1100 4395; x_wconf 90' lang='lat' dir='ltr'><strong>cum</strong></span> <span class='ocrx_word' id='word_1_328' title='bbox 1146 4337 1247 4391; x_wconf 86' lang='lat' dir='ltr'><strong>ista</strong></span> <span class='ocrx_word' id='word_1_329' title='bbox 1289 4334 1510 4392; x_wconf 71' lang='lat' dir='ltr'><strong>hrresis</strong></span> <span class='ocrx_word' id='word_1_330' title='bbox 1551 4331 1743 4389; x_wconf 81' lang='lat' dir='ltr'><strong>fuisset</strong></span> <span class='ocrx_word' id='word_1_331' title='bbox 1780 4331 2020 4401; x_wconf 86' lang='lat' dir='ltr'><strong>objecta,</strong></span> <span class='ocrx_word' id='word_1_332' title='bbox 2064 4329 2130 4386; x_wconf 89' lang='lat' dir='ltr'><strong>ad</strong></span> 
     </span>
    </p>
   </div>
   <div class='ocr_carea' id='block_1_45' title="bbox 545 4423 2130 4505">
    <p class='ocr_par' dir='ltr' id='par_1_45' title="bbox 545 4423 2130 4505">
     <span class='ocr_line' id='line_1_45' title="bbox 545 4423 2130 4505; baseline -0.01 -14"><span class='ocrx_word' id='word_1_333' title='bbox 545 4434 850 4505; x_wconf 88' lang='lat' dir='ltr'><strong>episcopale</strong></span> <span class='ocrx_word' id='word_1_334' title='bbox 885 4432 1142 4502; x_wconf 90' lang='lat' dir='ltr'><strong>judicium</strong></span> <span class='ocrx_word' id='word_1_335' title='bbox 1169 4430 1330 4484; x_wconf 88' lang='lat' dir='ltr'><strong>etiam</strong></span> <span class='ocrx_word' id='word_1_336' title='bbox 1371 4427 1486 4499; x_wconf 77' lang='lat' dir='ltr'><strong>ipse</strong></span> <span class='ocrx_word' id='word_1_337' title='bbox 1526 4425 1767 4496; x_wconf 87' lang='lat' dir='ltr'><strong>pervenit</strong></span> <span class='ocrx_word' id='word_1_338' title='bbox 1794 4424 1866 4497; x_wconf 77' lang='grc' dir='ltr'><strong>(ὁ)</strong></span> <span class='ocrx_word' id='word_1_339' title='bbox 1892 4440 1905 4476; x_wconf 94' lang='lat'>:</span> <span class='ocrx_word' id='word_1_340' title='bbox 1936 4423 2130 4478; x_wconf 89' lang='lat' dir='ltr'><strong>recita-</strong></span> 
     </span>
    </p>
   </div>
   <div class='ocr_carea' id='block_1_46' title="bbox 545 4516 2131 4596">
    <p class='ocr_par' dir='ltr' id='par_1_46' title="bbox 545 4516 2131 4596">
     <span class='ocr_line' id='line_1_46' title="bbox 545 4516 2131 4596; baseline -0.008 -14"><span class='ocrx_word' id='word_1_341' title='bbox 545 4527 721 4596; x_wconf 86' lang='lat' dir='ltr'><strong>tisque</strong></span> <span class='ocrx_word' id='word_1_342' title='bbox 744 4524 991 4580; x_wconf 90' lang='lat' dir='ltr'><strong>omnibus</strong></span> <span class='ocrx_word' id='word_1_343' title='bbox 1014 4538 1135 4593; x_wconf 69' lang='lat' dir='ltr'><strong>qua:</strong></span> <span class='ocrx_word' id='word_1_344' title='bbox 1162 4521 1214 4576; x_wconf 91' lang='lat' dir='ltr'><strong>in</strong></span> <span class='ocrx_word' id='word_1_345' title='bbox 1247 4519 1423 4576; x_wconf 84' lang='lat' dir='ltr'><strong>libello</strong></span> <span class='ocrx_word' id='word_1_346' title='bbox 1449 4525 1635 4573; x_wconf 90' lang='lat' dir='ltr'><strong>contra</strong></span> <span class='ocrx_word' id='word_1_347' title='bbox 1661 4531 1784 4572; x_wconf 90' lang='lat' dir='ltr'><strong>eum</strong></span> <span class='ocrx_word' id='word_1_348' title='bbox 1811 4516 1935 4570; x_wconf 90' lang='lat' dir='ltr'><strong>dato</strong></span> <span class='ocrx_word' id='word_1_349' title='bbox 1961 4516 2131 4570; x_wconf 88' lang='lat' dir='ltr'><strong>lleros</strong></span> 
     </span>
    </p>
   </div>
   <div class='ocr_carea' id='block_1_47' title="bbox 543 4607 2129 4685">
    <p class='ocr_par' dir='ltr' id='par_1_47' title="bbox 543 4607 2129 4685">
     <span class='ocr_line' id='line_1_47' title="bbox 543 4607 2129 4685; baseline -0.008 -11"><span class='ocrx_word' id='word_1_350' title='bbox 543 4627 600 4675; x_wconf 90' lang='lat' dir='ltr'><strong>et</strong></span> <span class='ocrx_word' id='word_1_351' title='bbox 627 4617 862 4673; x_wconf 79' lang='lat' dir='ltr'><strong>Lazarus</strong></span> <span class='ocrx_word' id='word_1_352' title='bbox 888 4615 1124 4685; x_wconf 87' lang='lat' dir='ltr'><strong>episcopi</strong></span> <span class='ocrx_word' id='word_1_353' title='bbox 1155 4613 1289 4669; x_wconf 83' lang='lat' dir='ltr'><strong>Galli</strong></span> <span class='ocrx_word' id='word_1_354' title='bbox 1319 4619 1637 4682; x_wconf 87' lang='lat' dir='ltr'><strong>posuerant;</strong></span> <span class='ocrx_word' id='word_1_355' title='bbox 1666 4609 1768 4663; x_wconf 88' lang='lat' dir='ltr'><strong>illis</strong></span> <span class='ocrx_word' id='word_1_356' title='bbox 1793 4607 2004 4678; x_wconf 82' lang='lat' dir='ltr'><strong>quidem</strong></span> <span class='ocrx_word' id='word_1_357' title='bbox 2029 4607 2129 4664; x_wconf 81' lang='lat' dir='ltr'><strong>ah-</strong></span> 
     </span>
    </p>
   </div>
   <div class='ocr_carea' id='block_1_48' title="bbox 544 4699 2126 4775">
    <p class='ocr_par' dir='ltr' id='par_1_48' title="bbox 544 4699 2126 4775">
     <span class='ocr_line' id='line_1_48' title="bbox 544 4699 2126 4775; baseline -0.008 -9"><span class='ocrx_word' id='word_1_358' title='bbox 544 4708 805 4773; x_wconf 78' lang='lat' dir='ltr'><strong>sentibus,</strong></span> <span class='ocrx_word' id='word_1_359' title='bbox 836 4715 891 4762; x_wconf 92' lang='lat' dir='ltr'><strong>et</strong></span> <span class='ocrx_word' id='word_1_360' title='bbox 917 4706 984 4762; x_wconf 88' lang='lat' dir='ltr'><strong>de</strong></span> <span class='ocrx_word' id='word_1_361' title='bbox 1005 4705 1316 4775; x_wconf 71' lang='lat' dir='ltr'><strong>mgritudine</strong></span> <span class='ocrx_word' id='word_1_362' title='bbox 1337 4703 1492 4757; x_wconf 87' lang='lat' dir='ltr'><strong>unius</strong></span> <span class='ocrx_word' id='word_1_363' title='bbox 1512 4716 1699 4759; x_wconf 88' lang='lat' dir='ltr'><strong>eorum</strong></span> <span class='ocrx_word' id='word_1_364' title='bbox 1731 4699 2126 4764; x_wconf 81' lang='lat' dir='ltr'><strong>excusantibus,</strong></span> 
     </span>
    </p>
   </div>
   <div class='ocr_carea' id='block_1_49' title="bbox 543 4791 2129 4869">
    <p class='ocr_par' dir='ltr' id='par_1_49' title="bbox 543 4791 2129 4869">
     <span class='ocr_line' id='line_1_49' title="bbox 543 4791 2129 4869; baseline -0.006 -13"><span class='ocrx_word' id='word_1_365' title='bbox 543 4798 814 4869; x_wconf 84' lang='lat' dir='ltr'><strong>Pelagium</strong></span> <span class='ocrx_word' id='word_1_366' title='bbox 861 4797 928 4851; x_wconf 87' lang='lat' dir='ltr'><strong>ad</strong></span> <span class='ocrx_word' id='word_1_367' title='bbox 987 4795 1162 4850; x_wconf 85' lang='lat' dir='ltr'><strong>omnia</strong></span> <span class='ocrx_word' id='word_1_368' title='bbox 1226 4793 1634 4864; x_wconf 88' lang='lat' dir='ltr'><strong>respondentem</strong></span> <span class='ocrx_word' id='word_1_369' title='bbox 1658 4834 1675 4860; x_wconf 93' lang='lat'><strong>,</strong></span> <span class='ocrx_word' id='word_1_370' title='bbox 1729 4791 2129 4862; x_wconf 86' lang='lat' dir='ltr'><strong>quatuordecim</strong></span> 
     </span>
    </p>
   </div>
   <div class='ocr_carea' id='block_1_50' title="bbox 545 4886 2129 4962">
    <p class='ocr_par' dir='ltr' id='par_1_50' title="bbox 545 4886 2129 4962">
     <span class='ocr_line' id='line_1_50' title="bbox 545 4886 2129 4962; baseline -0.004 -14"><span class='ocrx_word' id='word_1_371' title='bbox 545 4891 781 4962; x_wconf 87' lang='lat' dir='ltr'><strong>episc0pi</strong></span> <span class='ocrx_word' id='word_1_372' title='bbox 807 4889 1089 4960; x_wconf 69' lang='lat' dir='ltr'><strong>provinciae</strong></span> <span class='ocrx_word' id='word_1_373' title='bbox 1110 4887 1406 4943; x_wconf 71' lang='lat' dir='ltr'><strong>Pola-stium</strong></span> <span class='ocrx_word' id='word_1_374' title='bbox 1435 4886 1724 4942; x_wconf 89' lang='lat' dir='ltr'><strong>secundum</strong></span> <span class='ocrx_word' id='word_1_375' title='bbox 1753 4886 2129 4955; x_wconf 81' lang='lat' dir='ltr'><strong>responsiones</strong></span> 
     </span>
    </p>
   </div>
   <div class='ocr_carea' id='block_1_51' title="bbox 543 4976 2127 5055">
    <p class='ocr_par' dir='ltr' id='par_1_51' title="bbox 543 4976 2127 5055">
     <span class='ocr_line' id='line_1_51' title="bbox 543 4976 2127 5055; baseline -0.003 -16"><span class='ocrx_word' id='word_1_376' title='bbox 543 4984 664 5055; x_wconf 84' lang='lat' dir='ltr'><strong>ejus</strong></span> <span class='ocrx_word' id='word_1_377' title='bbox 683 4985 913 5038; x_wconf 89' lang='lat' dir='ltr'><strong>alienum</strong></span> <span class='ocrx_word' id='word_1_378' title='bbox 947 4997 976 5035; x_wconf 90' lang='lat' dir='ltr'><strong>a</strong></span> <span class='ocrx_word' id='word_1_379' title='bbox 1006 4980 1352 5052; x_wconf 81' lang='lat' dir='ltr'><strong>perversitate</strong></span> <span class='ocrx_word' id='word_1_380' title='bbox 1382 4978 1538 5050; x_wconf 88' lang='lat' dir='ltr'><strong>hujus</strong></span> <span class='ocrx_word' id='word_1_381' title='bbox 1567 4978 1790 5035; x_wconf 72' lang='lat' dir='ltr'><strong>hazresis</strong></span> <span class='ocrx_word' id='word_1_382' title='bbox 1815 4976 2127 5048; x_wconf 86' lang='lat' dir='ltr'><strong>pronuntia-</strong></span> 
     </span>
    </p>
   </div>
   <div class='ocr_carea' id='block_1_52' title="bbox 544 5070 2125 5142">
    <p class='ocr_par' dir='ltr' id='par_1_52' title="bbox 544 5070 2125 5142">
     <span class='ocr_line' id='line_1_52' title="bbox 544 5070 2125 5142; baseline -0.004 -9"><span class='ocrx_word' id='word_1_383' title='bbox 544 5086 698 5142; x_wconf 88' lang='lat' dir='ltr'><strong>runt;</strong></span> <span class='ocrx_word' id='word_1_384' title='bbox 726 5091 844 5132; x_wconf 89' lang='lat' dir='ltr'><strong>eam</strong></span> <span class='ocrx_word' id='word_1_385' title='bbox 875 5085 1049 5130; x_wconf 89' lang='lat' dir='ltr'><strong>tamen</strong></span> <span class='ocrx_word' id='word_1_386' title='bbox 1080 5073 1326 5128; x_wconf 69' lang='lat' dir='ltr'><strong>haeresim</strong></span> <span class='ocrx_word' id='word_1_387' title='bbox 1355 5073 1471 5128; x_wconf 88' lang='lat' dir='ltr'><strong>sine</strong></span> <span class='ocrx_word' id='word_1_388' title='bbox 1495 5070 1601 5126; x_wconf 81' lang='lat' dir='ltr'><strong>ulla</strong></span> <span class='ocrx_word' id='word_1_389' title='bbox 1620 5070 1948 5126; x_wconf 86' lang='lat' dir='ltr'><strong>dubitatione</strong></span> <span class='ocrx_word' id='word_1_390' title='bbox 1971 5070 2125 5126; x_wconf 89' lang='lat' dir='ltr'><strong>dam-</strong></span> 
     </span>
    </p>
   </div>
   <div class='ocr_carea' id='block_1_53' title="bbox 545 5163 2126 5238">
    <p class='ocr_par' dir='ltr' id='par_1_53' title="bbox 545 5163 2126 5238">
     <span class='ocr_line' id='line_1_53' title="bbox 545 5163 2126 5238; baseline -0.003 -14"><span class='ocrx_word' id='word_1_391' title='bbox 545 5179 754 5224; x_wconf 88' lang='lat' dir='ltr'><strong>nantes.</strong></span> <span class='ocrx_word' id='word_1_392' title='bbox 787 5167 1224 5238; x_wconf 86' lang='lat' dir='ltr'><strong>Approbaverunt</strong></span> <span class='ocrx_word' id='word_1_393' title='bbox 1253 5165 1396 5221; x_wconf 80' lang='lat' dir='ltr'><strong>enim</strong></span> <span class='ocrx_word' id='word_1_394' title='bbox 1437 5163 1729 5220; x_wconf 89' lang='lat' dir='ltr'><strong>secundum</strong></span> <span class='ocrx_word' id='word_1_395' title='bbox 1759 5163 1898 5233; x_wconf 91' lang='lat' dir='ltr'><strong>quod</strong></span> <span class='ocrx_word' id='word_1_396' title='bbox 1927 5165 2016 5220; x_wconf 88' lang='lat' dir='ltr'><strong>ille</strong></span> <span class='ocrx_word' id='word_1_397' title='bbox 2057 5163 2126 5220; x_wconf 80' lang='lat' dir='ltr'><strong>ad</strong></span> 
     </span>
    </p>
   </div>
   <div class='ocr_carea' id='block_1_54' title="bbox 523 5254 2125 5331">
    <p class='ocr_par' dir='ltr' id='par_1_54' title="bbox 523 5254 2125 5331">
     <span class='ocr_line' id='line_1_54' title="bbox 523 5254 2125 5331; baseline -0.004 -14"><span class='ocrx_word' id='word_1_398' title='bbox 523 5269 604 5321; x_wconf 82' lang='lat' dir='ltr'><strong>.‘ea</strong></span> <span class='ocrx_word' id='word_1_399' title='bbox 625 5276 743 5331; x_wconf 65' lang='lat' dir='ltr'><strong>quae</strong></span> <span class='ocrx_word' id='word_1_400' title='bbox 762 5260 970 5329; x_wconf 86' lang='lat' dir='ltr'><strong>objecta</strong></span> <span class='ocrx_word' id='word_1_401' title='bbox 991 5267 1133 5322; x_wconf 90' lang='lat' dir='ltr'><strong>sunt,</strong></span> <span class='ocrx_word' id='word_1_402' title='bbox 1158 5255 1531 5326; x_wconf 78' lang='lat' dir='ltr'><strong>reSpondcbat,</strong></span> <span class='ocrx_word' id='word_1_403' title='bbox 1561 5273 1579 5307; x_wconf 84' lang='grc' dir='ltr'><strong>ι</strong></span> <span class='ocrx_word' id='word_1_404' title='bbox 1602 5255 1837 5324; x_wconf 87' lang='lat' dir='ltr'><strong>adjuvari</strong></span> <span class='ocrx_word' id='word_1_405' title='bbox 1857 5254 2125 5311; x_wconf 88' lang='lat' dir='ltr'><strong>hominem</strong></span> 
     </span>
    </p>
   </div>
   <div class='ocr_carea' id='block_1_55' title="bbox 544 5346 2123 5424">
    <p class='ocr_par' dir='ltr' id='par_1_55' title="bbox 544 5346 2123 5424">
     <span class='ocr_line' id='line_1_55' title="bbox 544 5346 2123 5424; baseline -0.005 -16"><span class='ocrx_word' id='word_1_406' title='bbox 544 5367 644 5424; x_wconf 88' lang='lat' dir='ltr'><strong>per</strong></span> <span class='ocrx_word' id='word_1_407' title='bbox 669 5352 800 5422; x_wconf 82' lang='lat' dir='ltr'><strong>legis</strong></span> <span class='ocrx_word' id='word_1_408' title='bbox 819 5349 1094 5406; x_wconf 85' lang='lat' dir='ltr'><strong>scientiam</strong></span> <span class='ocrx_word' id='word_1_409' title='bbox 1122 5347 1189 5403; x_wconf 89' lang='lat' dir='ltr'><strong>ad</strong></span> <span class='ocrx_word' id='word_1_410' title='bbox 1212 5362 1316 5402; x_wconf 91' lang='lat' dir='ltr'><strong>non</strong></span> <span class='ocrx_word' id='word_1_411' title='bbox 1341 5346 1688 5418; x_wconf 86' lang='lat' dir='ltr'><strong>peccandum,</strong></span> <span class='ocrx_word' id='word_1_412' title='bbox 1709 5346 1842 5400; x_wconf 91' lang='lat' dir='ltr'><strong>sicut</strong></span> <span class='ocrx_word' id='word_1_413' title='bbox 1868 5347 2123 5416; x_wconf 88' lang='lat' dir='ltr'><strong>scriptum</strong></span> 
     </span>
    </p>
   </div>
   <div class='ocr_carea' id='block_1_56' title="bbox 601 5477 2122 5547">
    <p class='ocr_par' dir='ltr' id='par_1_56' title="bbox 601 5477 2122 5547">
     <span class='ocr_line' id='line_1_56' title="bbox 601 5477 2122 5547; baseline -0.006 -10"><span class='ocrx_word' id='word_1_414' title='bbox 601 5488 620 5520; x_wconf 75' lang='grc'><strong><em>³</em></strong></span> <span class='ocrx_word' id='word_1_415' title='bbox 645 5486 794 5537; x_wconf 79' lang='lat' dir='ltr'><strong>Editio</strong></span> <span class='ocrx_word' id='word_1_416' title='bbox 814 5493 968 5546; x_wconf 84' lang='lat' dir='ltr'><strong>Suar.,</strong></span> <span class='ocrx_word' id='word_1_417' title='bbox 1002 5481 1631 5547; x_wconf 70' lang='lat' dir='ltr'><strong>fundamentumevertere.</strong></span> <span class='ocrx_word' id='word_1_418' title='bbox 1675 5477 1864 5540; x_wconf 84' lang='lat' dir='ltr'><strong>Confer,</strong></span> <span class='ocrx_word' id='word_1_419' title='bbox 1889 5477 2029 5538; x_wconf 86' lang='lat' dir='ltr'><strong>infra,</strong></span> <span class='ocrx_word' id='word_1_420' title='bbox 2063 5478 2122 5528; x_wconf 84' lang='lat' dir='ltr'><strong>li-</strong></span> 
     </span>
    </p>
   </div>
   <div class='ocr_carea' id='block_1_57' title="bbox 536 5542 1411 5602">
    <p class='ocr_par' dir='ltr' id='par_1_57' title="bbox 536 5542 1411 5602">
     <span class='ocr_line' id='line_1_57' title="bbox 536 5542 1411 5602; baseline -0.013 -1"><span class='ocrx_word' id='word_1_421' title='bbox 536 5549 756 5601; x_wconf 75' lang='lat' dir='ltr'><strong>brumde</strong></span> <span class='ocrx_word' id='word_1_422' title='bbox 779 5542 976 5598; x_wconf 83' lang='lat' dir='ltr'><strong>Peccato</strong></span> <span class='ocrx_word' id='word_1_423' title='bbox 993 5542 1242 5602; x_wconf 72' lang='lat' dir='ltr'><strong>originali,</strong></span> <span class='ocrx_word' id='word_1_424' title='bbox 1262 5557 1309 5592; x_wconf 83' lang='grc' dir='ltr'><strong>[ι.</strong></span> <span class='ocrx_word' id='word_1_425' title='bbox 1334 5542 1411 5591; x_wconf 65' lang='grc'><strong>26.</strong></span> 
     </span>
    </p>
   </div>
   <div class='ocr_carea' id='block_1_58' title="bbox 599 5599 2122 5674">
    <p class='ocr_par' dir='ltr' id='par_1_58' title="bbox 599 5599 2122 5674">
     <span class='ocr_line' id='line_1_58' title="bbox 599 5599 2122 5674; baseline -0.007 -13"><span class='ocrx_word' id='word_1_426' title='bbox 599 5610 674 5674; x_wconf 87' lang='lat' dir='ltr'><strong>(a)</strong></span> <span class='ocrx_word' id='word_1_427' title='bbox 703 5610 940 5674; x_wconf 80' lang='lat' dir='ltr'><strong>Judieinm</strong></span> <span class='ocrx_word' id='word_1_428' title='bbox 967 5599 1100 5674; x_wconf 71' lang='lat' dir='ltr'><strong>istud</strong></span> <span class='ocrx_word' id='word_1_429' title='bbox 1125 5599 1315 5674; x_wconf 67' lang='lat' dir='ltr'><strong>Aurelio</strong></span> <span class='ocrx_word' id='word_1_430' title='bbox 1335 5602 1696 5674; x_wconf 53' lang='lat' dir='ltr'><strong>Cartlmginenﬁ</strong></span> <span class='ocrx_word' id='word_1_431' title='bbox 1740 5601 1965 5674; x_wconf 68' lang='lat' dir='ltr'><strong>episcopo</strong></span> <span class='ocrx_word' id='word_1_432' title='bbox 1985 5599 2122 5674; x_wconf 49' lang='lat' dir='ltr'><strong>trahi:-</strong></span> 
     </span>
    </p>
   </div>
   <div class='ocr_carea' id='block_1_59' title="bbox 538 5662 2120 5727">
    <p class='ocr_par' dir='ltr' id='par_1_59' title="bbox 538 5662 2120 5727">
     <span class='ocr_line' id='line_1_59' title="bbox 538 5662 2120 5727; baseline -0.006 -3"><span class='ocrx_word' id='word_1_433' title='bbox 538 5662 747 5724; x_wconf 74' lang='lat' dir='ltr'><strong>min&#39;est</strong></span> <span class='ocrx_word' id='word_1_434' title='bbox 761 5671 855 5721; x_wconf 86' lang='lat' dir='ltr'><strong>sub</strong></span> <span class='ocrx_word' id='word_1_435' title='bbox 878 5669 1064 5718; x_wconf 87' lang='lat' dir='ltr'><strong>initium</strong></span> <span class='ocrx_word' id='word_1_436' title='bbox 1087 5667 1197 5716; x_wconf 86' lang='lat' dir='ltr'><strong>anni</strong></span> <span class='ocrx_word' id='word_1_437' title='bbox 1222 5663 1329 5725; x_wconf 76' lang='lat' dir='ltr'><strong>us,</strong></span> <span class='ocrx_word' id='word_1_438' title='bbox 1355 5671 1410 5715; x_wconf 90' lang='lat' dir='ltr'><strong>ut</strong></span> <span class='ocrx_word' id='word_1_439' title='bbox 1443 5662 1733 5727; x_wconf 65' lang='lat' dir='ltr'><strong>iniungitur</strong></span> <span class='ocrx_word' id='word_1_440' title='bbox 1751 5662 1815 5727; x_wconf 66' lang='lat' dir='ltr'><strong>ex</strong></span> <span class='ocrx_word' id='word_1_441' title='bbox 1840 5662 2044 5727; x_wconf 71' lang='lat' dir='ltr'><strong>Epistola</strong></span> <span class='ocrx_word' id='word_1_442' title='bbox 2059 5665 2120 5714; x_wconf 86' lang='lat' dir='ltr'><strong>ad</strong></span> 
     </span>
    </p>
   </div>
   <div class='ocr_carea' id='block_1_60' title="bbox 536 5726 1916 5790">
    <p class='ocr_par' dir='ltr' id='par_1_60' title="bbox 536 5726 1916 5790">
     <span class='ocr_line' id='line_1_60' title="bbox 536 5726 1916 5790; baseline -0.008 -5"><span class='ocrx_word' id='word_1_443' title='bbox 536 5734 879 5789; x_wconf 86' lang='lat' dir='ltr'><strong>innocentium,</strong></span> <span class='ocrx_word' id='word_1_444' title='bbox 899 5743 1011 5790; x_wconf 69' lang='lat' dir='ltr'><strong>quae</strong></span> <span class='ocrx_word' id='word_1_445' title='bbox 1033 5727 1157 5790; x_wconf 87' lang='lat' dir='ltr'><strong>apud</strong></span> <span class='ocrx_word' id='word_1_446' title='bbox 1181 5733 1380 5790; x_wconf 67' lang='lat' dir='ltr'><strong>August.</strong></span> <span class='ocrx_word' id='word_1_447' title='bbox 1406 5733 1484 5776; x_wconf 88' lang='lat' dir='ltr'><strong>est</strong></span> <span class='ocrx_word' id='word_1_448' title='bbox 1512 5726 1767 5790; x_wconf 50' lang='lat' dir='ltr'><strong>l73,’nn._t</strong></span> <span class='ocrx_word' id='word_1_449' title='bbox 1790 5726 1916 5790; x_wconf 62' lang='lat' dir='ltr'><strong>etii.</strong></span> 
     </span>
    </p>
   </div>
   <div class='ocr_carea' id='block_1_61' title="bbox 599 5743 2120 5860">
    <p class='ocr_par' dir='ltr' id='par_1_61' title="bbox 599 5743 2120 5860">
     <span class='ocr_line' id='line_1_61' title="bbox 599 5743 1916 5790; baseline -0.008 -6"><span class='ocrx_word' id='word_1_450' title='bbox 599 5743 879 5789; x_wconf 72' lang='lat' dir='ltr'><strong>mentium,</strong></span> <span class='ocrx_word' id='word_1_451' title='bbox 933 5743 1011 5781; x_wconf 69' lang='lat' dir='ltr'><strong>uae</strong></span> <span class='ocrx_word' id='word_1_452' title='bbox 1033 5743 1060 5778; x_wconf 83' lang='lat' dir='ltr'><strong>tl</strong></span> <span class='ocrx_word' id='word_1_453' title='bbox 1079 5743 1157 5777; x_wconf 82' lang='lat' dir='ltr'><strong>)uu</strong></span> <span class='ocrx_word' id='word_1_454' title='bbox 1181 5743 1380 5790; x_wconf 67' lang='lat' dir='ltr'><strong>august.</strong></span> <span class='ocrx_word' id='word_1_455' title='bbox 1406 5743 1484 5776; x_wconf 71' lang='grc' dir='ltr'><strong>εει</strong></span> <span class='ocrx_word' id='word_1_456' title='bbox 1512 5743 1612 5784; x_wconf 76' lang='lat' dir='ltr'><strong>uo,</strong></span> <span class='ocrx_word' id='word_1_457' title='bbox 1635 5743 1717 5774; x_wconf 88' lang='lat' dir='ltr'><strong>un.</strong></span> <span class='ocrx_word' id='word_1_458' title='bbox 1746 5743 1767 5774; x_wconf 80' lang='grc' dir='ltr'><strong>ι</strong></span> <span class='ocrx_word' id='word_1_459' title='bbox 1797 5743 1847 5776; x_wconf 82' lang='lat' dir='ltr'><strong>et</strong></span> <span class='ocrx_word' id='word_1_460' title='bbox 1869 5743 1916 5774; x_wconf 84' lang='lat'><strong>0.</strong></span> 
     </span>
     <span class='ocr_line' id='line_1_62' title="bbox 599 5743 2120 5860; baseline -0.003 -15"><span class='ocrx_word' id='word_1_461' title='bbox 599 5795 672 5858; x_wconf 73' lang='grc' dir='ltr'><strong>(ὁ)</strong></span> <span class='ocrx_word' id='word_1_462' title='bbox 704 5804 838 5860; x_wconf 60' lang='lat' dir='ltr'><strong>anno</strong></span> <span class='ocrx_word' id='word_1_463' title='bbox 857 5745 966 5852; x_wconf 44' lang='lat'><strong>411‘),</strong></span> <span class='ocrx_word' id='word_1_464' title='bbox 991 5743 1212 5860; x_wconf 31' lang='lat' dir='ltr'><strong>Poggius</strong></span> <span class='ocrx_word' id='word_1_465' title='bbox 1227 5789 1431 5860; x_wconf 60' lang='lat' dir='ltr'><strong>hatresis</strong></span> <span class='ocrx_word' id='word_1_466' title='bbox 1451 5794 1701 5860; x_wconf 72' lang='lat' dir='ltr'><strong>accusatus</strong></span> <span class='ocrx_word' id='word_1_467' title='bbox 1723 5787 2012 5860; x_wconf 85' lang='lat' dir='ltr'><strong>iu_ju_dicium</strong></span> <span class='ocrx_word' id='word_1_468' title='bbox 2036 5803 2120 5840; x_wconf 62' lang='grc' dir='ltr'><strong>τες</strong></span> 
     </span>
    </p>
   </div>
   <div class='ocr_carea' id='block_1_62' title="bbox 537 5849 1862 5919">
    <p class='ocr_par' dir='ltr' id='par_1_62' title="bbox 537 5849 1862 5919">
     <span class='ocr_line' id='line_1_63' title="bbox 537 5849 1862 5919; baseline -0.003 -13"><span class='ocrx_word' id='word_1_469' title='bbox 537 5849 625 5919; x_wconf 71' lang='lat' dir='ltr'><strong>nit,</strong></span> <span class='ocrx_word' id='word_1_470' title='bbox 648 5849 962 5908; x_wconf 75' lang='lat' dir='ltr'><strong>celebratum</strong></span> <span class='ocrx_word' id='word_1_471' title='bbox 973 5849 1097 5916; x_wconf 87' lang='lat' dir='ltr'><strong>apud</strong></span> <span class='ocrx_word' id='word_1_472' title='bbox 1106 5849 1379 5914; x_wconf 62' lang='lat' dir='ltr'><strong>&#39;Diospolim</strong></span> <span class='ocrx_word' id='word_1_473' title='bbox 1403 5863 1575 5901; x_wconf 85' lang='lat' dir='ltr'><strong>mense</strong></span> <span class='ocrx_word' id='word_1_474' title='bbox 1597 5849 1862 5902; x_wconf 75' lang='lat' dir='ltr'><strong>decembri.</strong></span> 
     </span>
    </p>
   </div>
   <div class='ocr_carea' id='block_1_63' title="bbox 1591 341 2791 434">
    <p class='ocr_par' dir='ltr' id='par_1_63' title="bbox 1591 341 2791 434">
     <span class='ocr_line' id='line_1_64' title="bbox 1591 341 2791 434; baseline -0.003 -10"><span class='ocrx_word' id='word_1_475' title='bbox 1591 368 1681 425; x_wconf 81' lang='lat' dir='ltr'><strong>DE</strong></span> <span class='ocrx_word' id='word_1_476' title='bbox 1719 367 1959 426; x_wconf 81' lang='lat' dir='ltr'><strong>GESTIS</strong></span> <span class='ocrx_word' id='word_1_477' title='bbox 1998 363 2287 434; x_wconf 77' lang='lat' dir='ltr'><strong>PELAGII,</strong></span> <span class='ocrx_word' id='word_1_478' title='bbox 2327 364 2387 421; x_wconf 89' lang='lat' dir='ltr'><strong>S.</strong></span> <span class='ocrx_word' id='word_1_479' title='bbox 2427 341 2791 424; x_wconf 58' lang='lat' dir='ltr'><strong>AUGUSfINI</strong></span> 
     </span>
    </p>
   </div>
   <div class='ocr_carea' id='block_1_64' title="bbox 3703 372 3808 428">
    <p class='ocr_par' dir='ltr' id='par_1_64' title="bbox 3703 372 3808 428">
     <span class='ocr_line' id='line_1_65' title="bbox 3703 372 3808 428; baseline 0 0"><span class='ocrx_word' id='word_1_480' title='bbox 3703 372 3808 428; x_wconf 73' lang='lat'><strong>556</strong></span> 
     </span>
    </p>
   </div>
   <div class='ocr_carea' id='block_1_65' title="bbox 2231 481 3805 556">
    <p class='ocr_par' dir='ltr' id='par_1_65' title="bbox 2231 481 3805 556">
     <span class='ocr_line' id='line_1_66' title="bbox 2231 481 3805 556; baseline 0.005 -20"><span class='ocrx_word' id='word_1_481' title='bbox 2231 491 2332 543; x_wconf 85' lang='lat' dir='ltr'><strong>est.</strong></span> <span class='ocrx_word' id='word_1_482' title='bbox 2355 481 2533 554; x_wconf 74' lang='lat' dir='ltr'><strong>Legem</strong></span> <span class='ocrx_word' id='word_1_483' title='bbox 2550 483 2603 536; x_wconf 84' lang='lat' dir='ltr'><strong>in</strong></span> <span class='ocrx_word' id='word_1_484' title='bbox 2623 482 2932 555; x_wconf 83' lang='lat' dir='ltr'><strong>adjutorium</strong></span> <span class='ocrx_word' id='word_1_485' title='bbox 2951 483 3088 539; x_wconf 79' lang='lat' dir='ltr'><strong>dedit</strong></span> <span class='ocrx_word' id='word_1_486' title='bbox 3111 484 3242 539; x_wconf 66' lang='lat' dir='ltr'><strong>illis:</strong></span> <span class='ocrx_word' id='word_1_487' title='bbox 3270 483 3423 554; x_wconf 85' lang='lat' dir='ltr'><strong>(Isai.</strong></span> <span class='ocrx_word' id='word_1_488' title='bbox 3448 502 3561 550; x_wconf 85' lang='lat' dir='ltr'><strong>vm,</strong></span> <span class='ocrx_word' id='word_1_489' title='bbox 3582 486 3678 556; x_wconf 85' lang='grc'><strong>20,</strong></span> <span class='ocrx_word' id='word_1_490' title='bbox 3704 505 3805 544; x_wconf 79' lang='lat' dir='ltr'><strong>sec.</strong></span> 
     </span>
    </p>
   </div>
   <div class='ocr_carea' id='block_1_66' title="bbox 2231 573 3807 650">
    <p class='ocr_par' dir='ltr' id='par_1_66' title="bbox 2231 573 3807 650">
     <span class='ocr_line' id='line_1_67' title="bbox 2231 573 3807 650; baseline 0.006 -22"><span class='ocrx_word' id='word_1_491' title='bbox 2231 573 2375 628; x_wconf 78' lang='lat' dir='ltr'><strong>LXX</strong></span> <span class='ocrx_word' id='word_1_492' title='bbox 2402 578 2442 645; x_wconf 90' lang='lat'><strong>).</strong></span> <span class='ocrx_word' id='word_1_493' title='bbox 2491 574 2605 629; x_wconf 86' lang='lat' dir='ltr'><strong>Non</strong></span> <span class='ocrx_word' id='word_1_494' title='bbox 2639 585 2812 630; x_wconf 88' lang='lat' dir='ltr'><strong>tamen</strong></span> <span class='ocrx_word' id='word_1_495' title='bbox 2843 591 2908 631; x_wconf 87' lang='lat' dir='ltr'><strong>ex</strong></span> <span class='ocrx_word' id='word_1_496' title='bbox 2947 575 3049 630; x_wconf 91' lang='lat' dir='ltr'><strong>hoc</strong></span> <span class='ocrx_word' id='word_1_497' title='bbox 3090 577 3331 632; x_wconf 86' lang='lat' dir='ltr'><strong>eamdem</strong></span> <span class='ocrx_word' id='word_1_498' title='bbox 3360 579 3492 650; x_wconf 87' lang='lat' dir='ltr'><strong>legis</strong></span> <span class='ocrx_word' id='word_1_499' title='bbox 3535 579 3807 637; x_wconf 87' lang='lat' dir='ltr'><strong>scientiam</strong></span> 
     </span>
    </p>
   </div>
   <div class='ocr_carea' id='block_1_67' title="bbox 2233 666 3809 744">
    <p class='ocr_par' dir='ltr' id='par_1_67' title="bbox 2233 666 3809 744">
     <span class='ocr_line' id='line_1_68' title="bbox 2233 666 3809 744; baseline 0.006 -24"><span class='ocrx_word' id='word_1_500' title='bbox 2233 666 2376 720; x_wconf 84' lang='lat' dir='ltr'><strong>illam</strong></span> <span class='ocrx_word' id='word_1_501' title='bbox 2405 666 2492 720; x_wconf 88' lang='lat' dir='ltr'><strong>Dei</strong></span> <span class='ocrx_word' id='word_1_502' title='bbox 2521 667 2743 737; x_wconf 84' lang='lat' dir='ltr'><strong>gratiam</strong></span> <span class='ocrx_word' id='word_1_503' title='bbox 2769 681 2889 722; x_wconf 86' lang='lat' dir='ltr'><strong>esse</strong></span> <span class='ocrx_word' id='word_1_504' title='bbox 2922 667 3350 737; x_wconf 86' lang='lat' dir='ltr'><strong>approbaverunt</strong></span> <span class='ocrx_word' id='word_1_505' title='bbox 3375 673 3414 737; x_wconf 78' lang='grc' dir='ltr'><strong>ί,</strong></span> <span class='ocrx_word' id='word_1_506' title='bbox 3447 671 3514 726; x_wconf 89' lang='lat' dir='ltr'><strong>de</strong></span> <span class='ocrx_word' id='word_1_507' title='bbox 3538 688 3640 744; x_wconf 87' lang='lat' dir='ltr'><strong>qua</strong></span> <span class='ocrx_word' id='word_1_508' title='bbox 3677 676 3809 729; x_wconf 88' lang='lat' dir='ltr'><strong>scri-</strong></span> 
     </span>
    </p>
   </div>
   <div class='ocr_carea' id='block_1_68' title="bbox 2234 758 3813 838">
    <p class='ocr_par' dir='ltr' id='par_1_68' title="bbox 2234 758 3813 838">
     <span class='ocr_line' id='line_1_69' title="bbox 2234 758 3813 838; baseline 0.004 -26"><span class='ocrx_word' id='word_1_509' title='bbox 2234 768 2381 828; x_wconf 87' lang='lat' dir='ltr'><strong>ptum</strong></span> <span class='ocrx_word' id='word_1_510' title='bbox 2422 767 2534 824; x_wconf 89' lang='lat' dir='ltr'><strong>est,</strong></span> <span class='ocrx_word' id='word_1_511' title='bbox 2569 758 2697 824; x_wconf 82' lang='lat' dir='ltr'><strong>Quis</strong></span> <span class='ocrx_word' id='word_1_512' title='bbox 2726 776 2804 815; x_wconf 85' lang='lat' dir='ltr'><strong>me</strong></span> <span class='ocrx_word' id='word_1_513' title='bbox 2841 759 3067 815; x_wconf 84' lang='lat' dir='ltr'><strong>liberabit</strong></span> <span class='ocrx_word' id='word_1_514' title='bbox 3095 760 3158 815; x_wconf 84' lang='lat' dir='ltr'><strong>de</strong></span> <span class='ocrx_word' id='word_1_515' title='bbox 3183 778 3392 833; x_wconf 83' lang='lat' dir='ltr'><strong>corpore</strong></span> <span class='ocrx_word' id='word_1_516' title='bbox 3417 766 3590 819; x_wconf 87' lang='lat' dir='ltr'><strong>mortis</strong></span> <span class='ocrx_word' id='word_1_517' title='bbox 3619 766 3813 838; x_wconf 73' lang='lat' dir='ltr'><strong>hujus?</strong></span> 
     </span>
    </p>
   </div>
   <div class='ocr_carea' id='block_1_69' title="bbox 2235 849 3812 920">
    <p class='ocr_par' dir='ltr' id='par_1_69' title="bbox 2235 849 3812 920">
     <span class='ocr_line' id='line_1_70' title="bbox 2235 849 3812 920; baseline 0.006 -16"><span class='ocrx_word' id='word_1_518' title='bbox 2235 850 2414 905; x_wconf 78' lang='lat' dir='ltr'><strong>Gratia</strong></span> <span class='ocrx_word' id='word_1_519' title='bbox 2461 849 2558 905; x_wconf 84' lang='lat' dir='ltr'><strong>Dei</strong></span> <span class='ocrx_word' id='word_1_520' title='bbox 2602 867 2692 920; x_wconf 85' lang='lat' dir='ltr'><strong>per</strong></span> <span class='ocrx_word' id='word_1_521' title='bbox 2737 849 2914 906; x_wconf 81' lang='lat' dir='ltr'><strong>Jcsum</strong></span> <span class='ocrx_word' id='word_1_522' title='bbox 2965 849 3220 908; x_wconf 83' lang='lat' dir='ltr'><strong>Christum</strong></span> <span class='ocrx_word' id='word_1_523' title='bbox 3271 853 3544 910; x_wconf 86' lang='lat' dir='ltr'><strong>Dominum</strong></span> <span class='ocrx_word' id='word_1_524' title='bbox 3585 869 3812 912; x_wconf 84' lang='lat' dir='ltr'><strong>nostrum</strong></span> 
     </span>
    </p>
   </div>
   <div class='ocr_carea' id='block_1_70' title="bbox 2239 943 3813 1020">
    <p class='ocr_par' dir='ltr' id='par_1_70' title="bbox 2239 943 3813 1020">
     <span class='ocr_line' id='line_1_71' title="bbox 2239 943 3813 1020; baseline 0.004 -22"><span class='ocrx_word' id='word_1_525' title='bbox 2239 943 2411 1016; x_wconf 88' lang='lat' dir='ltr'><strong>(Rom.</strong></span> <span class='ocrx_word' id='word_1_526' title='bbox 2458 947 2588 1011; x_wconf 59' lang='lat' dir='ltr'><strong>vn,’</strong></span> <span class='ocrx_word' id='word_1_527' title='bbox 2617 945 2725 1010; x_wconf 79' lang='grc'><strong>24,</strong></span> <span class='ocrx_word' id='word_1_528' title='bbox 2771 945 2889 1018; x_wconf 86' lang='grc'><strong>25).</strong></span> <span class='ocrx_word' id='word_1_529' title='bbox 2943 945 3052 1002; x_wconf 74' lang='lat' dir='ltr'><strong>Nec</strong></span> <span class='ocrx_word' id='word_1_530' title='bbox 3103 946 3223 1000; x_wconf 91' lang='lat' dir='ltr'><strong>ideo</strong></span> <span class='ocrx_word' id='word_1_531' title='bbox 3269 947 3468 1004; x_wconf 82' lang='lat' dir='ltr'><strong>dixisse</strong></span> <span class='ocrx_word' id='word_1_532' title='bbox 3513 947 3813 1020; x_wconf 82' lang='lat' dir='ltr'><strong>Pelagium,</strong></span> 
     </span>
    </p>
   </div>
   <div class='ocr_carea' id='block_1_71' title="bbox 2242 1036 3816 1112">
    <p class='ocr_par' dir='ltr' id='par_1_71' title="bbox 2242 1036 3816 1112">
     <span class='ocr_line' id='line_1_72' title="bbox 2242 1036 3816 1112; baseline 0.004 -23"><span class='ocrx_word' id='word_1_533' title='bbox 2242 1055 2262 1088; x_wconf 79' lang='grc' dir='ltr'><strong>ι</strong></span> <span class='ocrx_word' id='word_1_534' title='bbox 2288 1036 2488 1093; x_wconf 90' lang='lat' dir='ltr'><strong>Omnes</strong></span> <span class='ocrx_word' id='word_1_535' title='bbox 2515 1038 2788 1092; x_wconf 89' lang='lat' dir='ltr'><strong>voluntate</strong></span> <span class='ocrx_word' id='word_1_536' title='bbox 2830 1052 2927 1093; x_wconf 89' lang='lat' dir='ltr'><strong>sua</strong></span> <span class='ocrx_word' id='word_1_537' title='bbox 2969 1037 3112 1107; x_wconf 84' lang='lat' dir='ltr'><strong>regi,</strong></span> <span class='ocrx_word' id='word_1_538' title='bbox 3143 1057 3163 1092; x_wconf 76' lang='grc' dir='ltr'><strong>ι</strong></span> <span class='ocrx_word' id='word_1_539' title='bbox 3213 1048 3269 1094; x_wconf 80' lang='grc' dir='ltr'><strong>ιιι</strong></span> <span class='ocrx_word' id='word_1_540' title='bbox 3310 1055 3418 1095; x_wconf 90' lang='lat' dir='ltr'><strong>non</strong></span> <span class='ocrx_word' id='word_1_541' title='bbox 3465 1055 3560 1095; x_wconf 88' lang='lat' dir='ltr'><strong>eos</strong></span> <span class='ocrx_word' id='word_1_542' title='bbox 3609 1052 3816 1112; x_wconf 87' lang='lat' dir='ltr'><strong>regeret</strong></span> 
     </span>
    </p>
   </div>
   <div class='ocr_carea' id='block_1_72' title="bbox 2236 1124 3814 1200">
    <p class='ocr_par' dir='ltr' id='par_1_72' title="bbox 2236 1124 3814 1200">
     <span class='ocr_line' id='line_1_73' title="bbox 2236 1124 3814 1200; baseline 0.004 -18"><span class='ocrx_word' id='word_1_543' title='bbox 2236 1124 2418 1183; x_wconf 86' lang='lat' dir='ltr'><strong>Deus:</strong></span> <span class='ocrx_word' id='word_1_544' title='bbox 2451 1129 2724 1198; x_wconf 89' lang='lat' dir='ltr'><strong>respondit</strong></span> <span class='ocrx_word' id='word_1_545' title='bbox 2749 1129 2914 1194; x_wconf 90' lang='lat' dir='ltr'><strong>enim,</strong></span> <span class='ocrx_word' id='word_1_546' title='bbox 2952 1147 2972 1182; x_wconf 83' lang='grc' dir='ltr'><strong>ι</strong></span> <span class='ocrx_word' id='word_1_547' title='bbox 2997 1128 3108 1184; x_wconf 87' lang='lat' dir='ltr'><strong>lloc</strong></span> <span class='ocrx_word' id='word_1_548' title='bbox 3136 1145 3195 1185; x_wconf 91' lang='lat' dir='ltr'><strong>se</strong></span> <span class='ocrx_word' id='word_1_549' title='bbox 3216 1130 3416 1186; x_wconf 84' lang='lat' dir='ltr'><strong>dixisse</strong></span> <span class='ocrx_word' id='word_1_550' title='bbox 3445 1141 3661 1200; x_wconf 89' lang='lat' dir='ltr'><strong>propter</strong></span> <span class='ocrx_word' id='word_1_551' title='bbox 3688 1131 3814 1188; x_wconf 86' lang='lat' dir='ltr'><strong>libe-</strong></span> 
     </span>
    </p>
   </div>
   <div class='ocr_carea' id='block_1_73' title="bbox 2238 1218 3816 1292">
    <p class='ocr_par' dir='ltr' id='par_1_73' title="bbox 2238 1218 3816 1292">
     <span class='ocr_line' id='line_1_74' title="bbox 2238 1218 3816 1292; baseline 0.002 -19"><span class='ocrx_word' id='word_1_552' title='bbox 2238 1235 2355 1273; x_wconf 91' lang='lat' dir='ltr'><strong>rum</strong></span> <span class='ocrx_word' id='word_1_553' title='bbox 2385 1218 2698 1285; x_wconf 89' lang='lat' dir='ltr'><strong>arbitrium,</strong></span> <span class='ocrx_word' id='word_1_554' title='bbox 2738 1218 2825 1274; x_wconf 91' lang='lat' dir='ltr'><strong>cui</strong></span> <span class='ocrx_word' id='word_1_555' title='bbox 2867 1219 3003 1274; x_wconf 90' lang='lat' dir='ltr'><strong>Dens</strong></span> <span class='ocrx_word' id='word_1_556' title='bbox 3047 1218 3257 1289; x_wconf 90' lang='lat' dir='ltr'><strong>adjutor</strong></span> <span class='ocrx_word' id='word_1_557' title='bbox 3293 1229 3374 1275; x_wconf 90' lang='lat' dir='ltr'><strong>est</strong></span> <span class='ocrx_word' id='word_1_558' title='bbox 3403 1221 3614 1292; x_wconf 88' lang='lat' dir='ltr'><strong>cligenti</strong></span> <span class='ocrx_word' id='word_1_559' title='bbox 3643 1221 3816 1288; x_wconf 88' lang='lat' dir='ltr'><strong>bona;</strong></span> 
     </span>
    </p>
   </div>
   <div class='ocr_carea' id='block_1_74' title="bbox 2239 1309 3816 1385">
    <p class='ocr_par' dir='ltr' id='par_1_74' title="bbox 2239 1309 3816 1385">
     <span class='ocr_line' id='line_1_75' title="bbox 2239 1309 3816 1385; baseline 0.003 -21"><span class='ocrx_word' id='word_1_560' title='bbox 2239 1309 2509 1365; x_wconf 89' lang='lat' dir='ltr'><strong>hominem</strong></span> <span class='ocrx_word' id='word_1_561' title='bbox 2540 1325 2668 1365; x_wconf 83' lang='lat' dir='ltr'><strong>vero</strong></span> <span class='ocrx_word' id='word_1_562' title='bbox 2698 1320 3004 1381; x_wconf 89' lang='lat' dir='ltr'><strong>peccantem</strong></span> <span class='ocrx_word' id='word_1_563' title='bbox 3036 1311 3206 1384; x_wconf 90' lang='lat' dir='ltr'><strong>ipsum</strong></span> <span class='ocrx_word' id='word_1_564' title='bbox 3236 1326 3356 1368; x_wconf 89' lang='lat' dir='ltr'><strong>esse</strong></span> <span class='ocrx_word' id='word_1_565' title='bbox 3379 1313 3430 1368; x_wconf 90' lang='lat' dir='ltr'><strong>in</strong></span> <span class='ocrx_word' id='word_1_566' title='bbox 3459 1314 3635 1384; x_wconf 87' lang='lat' dir='ltr'><strong>culpa,</strong></span> <span class='ocrx_word' id='word_1_567' title='bbox 3667 1315 3816 1385; x_wconf 87' lang='lat' dir='ltr'><strong>quasi</strong></span> 
     </span>
    </p>
   </div>
   <div class='ocr_carea' id='block_1_75' title="bbox 2242 1399 3820 1477">
    <p class='ocr_par' dir='ltr' id='par_1_75' title="bbox 2242 1399 3820 1477">
     <span class='ocr_line' id='line_1_76' title="bbox 2242 1399 3820 1477; baseline 0.004 -23"><span class='ocrx_word' id='word_1_568' title='bbox 2242 1399 2392 1454; x_wconf 89' lang='lat' dir='ltr'><strong>liberi</strong></span> <span class='ocrx_word' id='word_1_569' title='bbox 2431 1400 2660 1456; x_wconf 88' lang='lat' dir='ltr'><strong>arbitrii.</strong></span> <span class='ocrx_word' id='word_1_570' title='bbox 2708 1418 2729 1452; x_wconf 74' lang='grc' dir='ltr'><strong>ι</strong></span> <span class='ocrx_word' id='word_1_571' title='bbox 2776 1402 3148 1470; x_wconf 83' lang='lat' dir='ltr'><strong>Approbarunt</strong></span> <span class='ocrx_word' id='word_1_572' title='bbox 3201 1403 3398 1470; x_wconf 86' lang='lat' dir='ltr'><strong>etiam,</strong></span> <span class='ocrx_word' id='word_1_573' title='bbox 3461 1422 3482 1456; x_wconf 75' lang='grc' dir='ltr'><strong>ι</strong></span> <span class='ocrx_word' id='word_1_574' title='bbox 3530 1405 3722 1477; x_wconf 89' lang='lat' dir='ltr'><strong>iniquis</strong></span> <span class='ocrx_word' id='word_1_575' title='bbox 3768 1415 3820 1461; x_wconf 88' lang='lat' dir='ltr'><strong>et</strong></span> 
     </span>
    </p>
   </div>
   <div class='ocr_carea' id='block_1_76' title="bbox 2240 1493 3818 1568">
    <p class='ocr_par' dir='ltr' id='par_1_76' title="bbox 2240 1493 3818 1568">
     <span class='ocr_line' id='line_1_77' title="bbox 2240 1493 3818 1568; baseline 0.005 -20"><span class='ocrx_word' id='word_1_576' title='bbox 2240 1494 2611 1565; x_wconf 83' lang='lat' dir='ltr'><strong>peccatoribus</strong></span> <span class='ocrx_word' id='word_1_577' title='bbox 2645 1493 2696 1548; x_wconf 93' lang='lat' dir='ltr'><strong>in</strong></span> <span class='ocrx_word' id='word_1_578' title='bbox 2727 1494 2815 1551; x_wconf 81' lang='lat' dir='ltr'><strong>die</strong></span> <span class='ocrx_word' id='word_1_579' title='bbox 2850 1495 3033 1565; x_wconf 91' lang='lat' dir='ltr'><strong>judicii</strong></span> <span class='ocrx_word' id='word_1_580' title='bbox 3065 1512 3168 1552; x_wconf 89' lang='lat' dir='ltr'><strong>non</strong></span> <span class='ocrx_word' id='word_1_581' title='bbox 3197 1511 3316 1552; x_wconf 89' lang='lat' dir='ltr'><strong>esse</strong></span> <span class='ocrx_word' id='word_1_582' title='bbox 3345 1499 3695 1568; x_wconf 87' lang='lat' dir='ltr'><strong>parcendum,</strong></span> <span class='ocrx_word' id='word_1_583' title='bbox 3724 1500 3818 1556; x_wconf 85' lang='lat' dir='ltr'><strong>sed</strong></span> 
     </span>
    </p>
   </div>
   <div class='ocr_carea' id='block_1_77' title="bbox 2240 1585 3816 1656">
    <p class='ocr_par' dir='ltr' id='par_1_77' title="bbox 2240 1585 3816 1656">
     <span class='ocr_line' id='line_1_78' title="bbox 2240 1585 3816 1656; baseline 0.005 -18"><span class='ocrx_word' id='word_1_584' title='bbox 2240 1585 2454 1640; x_wconf 74' lang='lat' dir='ltr'><strong>:cternis</strong></span> <span class='ocrx_word' id='word_1_585' title='bbox 2479 1600 2572 1640; x_wconf 88' lang='lat' dir='ltr'><strong>eos</strong></span> <span class='ocrx_word' id='word_1_586' title='bbox 2611 1585 2819 1654; x_wconf 81' lang='lat' dir='ltr'><strong>ignibus</strong></span> <span class='ocrx_word' id='word_1_587' title='bbox 2844 1587 3156 1656; x_wconf 89' lang='lat' dir='ltr'><strong>puniendos.</strong></span> <span class='ocrx_word' id='word_1_588' title='bbox 3191 1606 3212 1640; x_wconf 74' lang='grc' dir='ltr'><strong>ι</strong></span> <span class='ocrx_word' id='word_1_589' title='bbox 3244 1589 3505 1655; x_wconf 85' lang='lat' dir='ltr'><strong>Quoniam</strong></span> <span class='ocrx_word' id='word_1_590' title='bbox 3536 1609 3556 1643; x_wconf 78' lang='grc' dir='ltr'><strong>ι</strong></span> <span class='ocrx_word' id='word_1_591' title='bbox 3585 1590 3686 1646; x_wconf 90' lang='lat' dir='ltr'><strong>hoc</strong></span> <span class='ocrx_word' id='word_1_592' title='bbox 3708 1607 3772 1648; x_wconf 88' lang='lat' dir='ltr'><strong>se</strong></span> <span class='ocrx_word' id='word_1_593' title='bbox 3795 1611 3816 1646; x_wconf 74' lang='grc' dir='ltr'><strong>ι</strong></span> 
     </span>
    </p>
   </div>
   <div class='ocr_carea' id='block_1_78' title="bbox 2242 1676 3818 1752">
    <p class='ocr_par' dir='ltr' id='par_1_78' title="bbox 2242 1676 3818 1752">
     <span class='ocr_line' id='line_1_79' title="bbox 2242 1676 3818 1752; baseline 0.005 -22"><span class='ocrx_word' id='word_1_594' title='bbox 2242 1676 2334 1732; x_wconf 88' lang='lat' dir='ltr'><strong>ille</strong></span> <span class='ocrx_word' id='word_1_595' title='bbox 2383 1695 2402 1728; x_wconf 78' lang='grc' dir='ltr'><strong>ι</strong></span> <span class='ocrx_word' id='word_1_596' title='bbox 2432 1677 2725 1732; x_wconf 89' lang='lat' dir='ltr'><strong>secundum</strong></span> <span class='ocrx_word' id='word_1_597' title='bbox 2779 1677 3124 1750; x_wconf 79' lang='lat' dir='ltr'><strong>Evangelium</strong></span> <span class='ocrx_word' id='word_1_598' title='bbox 3175 1679 3410 1745; x_wconf 86' lang='lat' dir='ltr'><strong>dixisse,</strong></span> <span class='ocrx_word' id='word_1_599' title='bbox 3440 1699 3460 1733; x_wconf 74' lang='grc' dir='ltr'><strong>ι</strong></span> <span class='ocrx_word' id='word_1_600' title='bbox 3515 1683 3818 1752; x_wconf 89' lang='lat' dir='ltr'><strong>respondit,</strong></span> 
     </span>
    </p>
   </div>
   <div class='ocr_carea' id='block_1_79' title="bbox 2247 1767 3821 1842">
    <p class='ocr_par' dir='ltr' id='par_1_79' title="bbox 2247 1767 3821 1842">
     <span class='ocr_line' id='line_1_80' title="bbox 2247 1767 3821 1842; baseline 0.005 -23"><span class='ocrx_word' id='word_1_601' title='bbox 2247 1785 2267 1819; x_wconf 75' lang='grc' dir='ltr'><strong>ι</strong></span> <span class='ocrx_word' id='word_1_602' title='bbox 2295 1767 2382 1823; x_wconf 89' lang='lat' dir='ltr'><strong>ubi</strong></span> <span class='ocrx_word' id='word_1_603' title='bbox 2412 1767 2668 1837; x_wconf 88' lang='lat' dir='ltr'><strong>scriptum</strong></span> <span class='ocrx_word' id='word_1_604' title='bbox 2694 1777 2810 1836; x_wconf 88' lang='lat' dir='ltr'><strong>est,</strong></span> <span class='ocrx_word' id='word_1_605' title='bbox 2839 1767 2937 1824; x_wconf 81' lang='lat' dir='ltr'><strong>Isti</strong></span> <span class='ocrx_word' id='word_1_606' title='bbox 2973 1770 3112 1824; x_wconf 82' lang='lat' dir='ltr'><strong>ibunt</strong></span> <span class='ocrx_word' id='word_1_607' title='bbox 3135 1772 3186 1824; x_wconf 84' lang='lat' dir='ltr'><strong>in</strong></span> <span class='ocrx_word' id='word_1_608' title='bbox 3212 1771 3517 1842; x_wconf 78' lang='lat' dir='ltr'><strong>supplicium</strong></span> <span class='ocrx_word' id='word_1_609' title='bbox 3545 1783 3821 1841; x_wconf 67' lang='lat' dir='ltr'><strong>aeternum;</strong></span> 
     </span>
    </p>
   </div>
   <div class='ocr_carea' id='block_1_80' title="bbox 2241 1859 3822 1935">
    <p class='ocr_par' dir='ltr' id='par_1_80' title="bbox 2241 1859 3822 1935">
     <span class='ocr_line' id='line_1_81' title="bbox 2241 1859 3822 1935; baseline 0.004 -21"><span class='ocrx_word' id='word_1_610' title='bbox 2241 1859 2362 1924; x_wconf 82' lang='lat' dir='ltr'><strong>iusti</strong></span> <span class='ocrx_word' id='word_1_611' title='bbox 2385 1871 2574 1926; x_wconf 86' lang='lat' dir='ltr'><strong>autem,</strong></span> <span class='ocrx_word' id='word_1_612' title='bbox 2603 1861 2656 1915; x_wconf 81' lang='lat' dir='ltr'><strong>in</strong></span> <span class='ocrx_word' id='word_1_613' title='bbox 2677 1861 2827 1915; x_wconf 79' lang='lat' dir='ltr'><strong>vitam</strong></span> <span class='ocrx_word' id='word_1_614' title='bbox 2851 1871 3094 1917; x_wconf 70' lang='lat' dir='ltr'><strong>retentam</strong></span> <span class='ocrx_word' id='word_1_615' title='bbox 3122 1881 3141 1915; x_wconf 75' lang='grc' dir='ltr'><strong>ι</strong></span> <span class='ocrx_word' id='word_1_616' title='bbox 3171 1861 3382 1935; x_wconf 76' lang='lat' dir='ltr'><strong>(Matth.</strong></span> <span class='ocrx_word' id='word_1_617' title='bbox 3413 1880 3544 1933; x_wconf 85' lang='lat' dir='ltr'><strong>xxv,</strong></span> <span class='ocrx_word' id='word_1_618' title='bbox 3567 1866 3683 1934; x_wconf 71' lang='grc'><strong>46).</strong></span> <span class='ocrx_word' id='word_1_619' title='bbox 3704 1865 3822 1921; x_wconf 82' lang='lat' dir='ltr'><strong>Non</strong></span> 
     </span>
    </p>
   </div>
   <div class='ocr_carea' id='block_1_81' title="bbox 2239 1952 3822 2027">
    <p class='ocr_par' dir='ltr' id='par_1_81' title="bbox 2239 1952 3822 2027">
     <span class='ocr_line' id='line_1_82' title="bbox 2239 1952 3822 2027; baseline 0.005 -22"><span class='ocrx_word' id='word_1_620' title='bbox 2239 1961 2418 2006; x_wconf 81' lang='lat' dir='ltr'><strong>autem</strong></span> <span class='ocrx_word' id='word_1_621' title='bbox 2453 1952 2698 2019; x_wconf 90' lang='lat' dir='ltr'><strong>dixerat,</strong></span> <span class='ocrx_word' id='word_1_622' title='bbox 2729 1969 2916 2008; x_wconf 80' lang='lat' dir='ltr'><strong>omnes</strong></span> <span class='ocrx_word' id='word_1_623' title='bbox 2943 1965 3250 2022; x_wconf 89' lang='lat' dir='ltr'><strong>peccatores</strong></span> <span class='ocrx_word' id='word_1_624' title='bbox 3274 1955 3339 2010; x_wconf 91' lang='lat' dir='ltr'><strong>ad</strong></span> <span class='ocrx_word' id='word_1_625' title='bbox 3368 1965 3625 2012; x_wconf 74' lang='lat' dir='ltr'><strong>teternum</strong></span> <span class='ocrx_word' id='word_1_626' title='bbox 3655 1959 3822 2027; x_wconf 87' lang='lat' dir='ltr'><strong>perti-</strong></span> 
     </span>
    </p>
   </div>
   <div class='ocr_carea' id='block_1_82' title="bbox 2242 2042 3825 2116">
    <p class='ocr_par' dir='ltr' id='par_1_82' title="bbox 2242 2042 3825 2116">
     <span class='ocr_line' id='line_1_83' title="bbox 2242 2042 3825 2116; baseline 0.005 -20"><span class='ocrx_word' id='word_1_627' title='bbox 2242 2057 2371 2097; x_wconf 88' lang='lat' dir='ltr'><strong>nere</strong></span> <span class='ocrx_word' id='word_1_628' title='bbox 2397 2042 2748 2114; x_wconf 90' lang='lat' dir='ltr'><strong>supplicium,</strong></span> <span class='ocrx_word' id='word_1_629' title='bbox 2775 2053 2835 2099; x_wconf 87' lang='grc' dir='ltr'><strong>ιιι</strong></span> <span class='ocrx_word' id='word_1_630' title='bbox 2856 2045 3048 2101; x_wconf 90' lang='lat' dir='ltr'><strong>merito</strong></span> <span class='ocrx_word' id='word_1_631' title='bbox 3075 2054 3260 2101; x_wconf 88' lang='lat' dir='ltr'><strong>contra</strong></span> <span class='ocrx_word' id='word_1_632' title='bbox 3286 2048 3599 2116; x_wconf 86' lang='lat' dir='ltr'><strong>Apostolum</strong></span> <span class='ocrx_word' id='word_1_633' title='bbox 3623 2049 3825 2106; x_wconf 87' lang='lat' dir='ltr'><strong>dixisse</strong></span> 
     </span>
    </p>
   </div>
   <div class='ocr_carea' id='block_1_83' title="bbox 2240 2133 3824 2206">
    <p class='ocr_par' dir='ltr' id='par_1_83' title="bbox 2240 2133 3824 2206">
     <span class='ocr_line' id='line_1_84' title="bbox 2240 2133 3824 2206; baseline 0.004 -18"><span class='ocrx_word' id='word_1_634' title='bbox 2240 2133 2533 2201; x_wconf 87' lang='lat' dir='ltr'><strong>videretur,</strong></span> <span class='ocrx_word' id='word_1_635' title='bbox 2566 2134 2656 2206; x_wconf 89' lang='lat' dir='ltr'><strong>qui</strong></span> <span class='ocrx_word' id='word_1_636' title='bbox 2683 2135 2941 2206; x_wconf 88' lang='lat' dir='ltr'><strong>quosdam</strong></span> <span class='ocrx_word' id='word_1_637' title='bbox 2969 2137 3144 2191; x_wconf 87' lang='lat' dir='ltr'><strong>salvos</strong></span> <span class='ocrx_word' id='word_1_638' title='bbox 3168 2139 3242 2191; x_wconf 90' lang='lat' dir='ltr'><strong>ait</strong></span> <span class='ocrx_word' id='word_1_639' title='bbox 3284 2136 3519 2204; x_wconf 90' lang='lat' dir='ltr'><strong>futuros,</strong></span> <span class='ocrx_word' id='word_1_640' title='bbox 3559 2140 3632 2194; x_wconf 85' lang='lat' dir='ltr'><strong>sic</strong></span> <span class='ocrx_word' id='word_1_641' title='bbox 3658 2149 3824 2194; x_wconf 75' lang='lat' dir='ltr'><strong>tamen</strong></span> 
     </span>
    </p>
   </div>
   <div class='ocr_carea' id='block_1_84' title="bbox 2242 2226 3820 2301">
    <p class='ocr_par' dir='ltr' id='par_1_84' title="bbox 2242 2226 3820 2301">
     <span class='ocr_line' id='line_1_85' title="bbox 2242 2226 3820 2301; baseline 0.003 -21"><span class='ocrx_word' id='word_1_642' title='bbox 2242 2226 2389 2295; x_wconf 82' lang='lat' dir='ltr'><strong>quasi</strong></span> <span class='ocrx_word' id='word_1_643' title='bbox 2415 2244 2508 2299; x_wconf 83' lang='lat' dir='ltr'><strong>per</strong></span> <span class='ocrx_word' id='word_1_644' title='bbox 2533 2227 2698 2298; x_wconf 82' lang='lat' dir='ltr'><strong>ignem</strong></span> <span class='ocrx_word' id='word_1_645' title='bbox 2724 2227 2768 2301; x_wconf 88' lang='lat' dir='ltr'><strong>(l</strong></span> <span class='ocrx_word' id='word_1_646' title='bbox 2797 2226 2918 2283; x_wconf 86' lang='lat' dir='ltr'><strong>Cor.</strong></span> <span class='ocrx_word' id='word_1_647' title='bbox 2940 2243 3020 2293; x_wconf 85' lang='lat' dir='ltr'><strong>nt,</strong></span> <span class='ocrx_word' id='word_1_648' title='bbox 3045 2229 3156 2299; x_wconf 81' lang='lat' dir='ltr'><strong>l5).</strong></span> <span class='ocrx_word' id='word_1_649' title='bbox 3196 2246 3215 2280; x_wconf 79' lang='grc' dir='ltr'><strong>ι</strong></span> <span class='ocrx_word' id='word_1_650' title='bbox 3246 2229 3481 2300; x_wconf 79' lang='lat' dir='ltr'><strong>Regnum</strong></span> <span class='ocrx_word' id='word_1_651' title='bbox 3511 2231 3769 2287; x_wconf 64' lang='lat' dir='ltr'><strong>caelorum</strong></span> <span class='ocrx_word' id='word_1_652' title='bbox 3799 2249 3820 2284; x_wconf 75' lang='grc' dir='ltr'><strong>ι</strong></span> 
     </span>
    </p>
   </div>
   <div class='ocr_carea' id='block_1_85' title="bbox 2242 2318 3828 2389">
    <p class='ocr_par' dir='ltr' id='par_1_85' title="bbox 2242 2318 3828 2389">
     <span class='ocr_line' id='line_1_86' title="bbox 2242 2318 3828 2389; baseline 0.004 -17"><span class='ocrx_word' id='word_1_653' title='bbox 2242 2318 2364 2374; x_wconf 90' lang='lat' dir='ltr'><strong>ideo</strong></span> <span class='ocrx_word' id='word_1_654' title='bbox 2383 2318 2808 2389; x_wconf 88' lang='lat' dir='ltr'><strong>approbaverunt</strong></span> <span class='ocrx_word' id='word_1_655' title='bbox 2829 2338 2847 2371; x_wconf 79' lang='grc' dir='ltr'><strong>ι</strong></span> <span class='ocrx_word' id='word_1_656' title='bbox 2875 2320 3036 2374; x_wconf 90' lang='lat' dir='ltr'><strong>etiam</strong></span> <span class='ocrx_word' id='word_1_657' title='bbox 3059 2319 3111 2374; x_wconf 89' lang='lat' dir='ltr'><strong>in</strong></span> <span class='ocrx_word' id='word_1_658' title='bbox 3131 2318 3324 2376; x_wconf 80' lang='lat' dir='ltr'><strong>Vetere</strong></span> <span class='ocrx_word' id='word_1_659' title='bbox 3343 2320 3690 2378; x_wconf 88' lang='lat' dir='ltr'><strong>Testamento</strong></span> <span class='ocrx_word' id='word_1_660' title='bbox 3708 2337 3828 2379; x_wconf 81' lang='lat' dir='ltr'><strong>esse</strong></span> 
     </span>
    </p>
   </div>
   <div class='ocr_carea' id='block_1_86' title="bbox 2242 2411 3824 2484">
    <p class='ocr_par' dir='ltr' id='par_1_86' title="bbox 2242 2411 3824 2484">
     <span class='ocr_line' id='line_1_87' title="bbox 2242 2411 3824 2484; baseline 0.003 -19"><span class='ocrx_word' id='word_1_661' title='bbox 2242 2411 2560 2480; x_wconf 89' lang='lat' dir='ltr'><strong>promissum</strong></span> <span class='ocrx_word' id='word_1_662' title='bbox 2577 2451 2593 2477; x_wconf 92' lang='lat'><strong>,</strong></span> <span class='ocrx_word' id='word_1_663' title='bbox 2621 2429 2641 2464; x_wconf 74' lang='grc' dir='ltr'><strong>ι</strong></span> <span class='ocrx_word' id='word_1_664' title='bbox 2670 2411 2917 2481; x_wconf 87' lang='lat' dir='ltr'><strong>quoniam</strong></span> <span class='ocrx_word' id='word_1_665' title='bbox 2936 2411 3295 2467; x_wconf 89' lang='lat' dir='ltr'><strong>testimonium</strong></span> <span class='ocrx_word' id='word_1_666' title='bbox 3317 2412 3463 2468; x_wconf 83' lang='lat' dir='ltr'><strong>dedit</strong></span> <span class='ocrx_word' id='word_1_667' title='bbox 3480 2412 3547 2468; x_wconf 91' lang='lat' dir='ltr'><strong>de</strong></span> <span class='ocrx_word' id='word_1_668' title='bbox 3568 2413 3824 2484; x_wconf 83' lang='lat' dir='ltr'><strong>propheta</strong></span> 
     </span>
    </p>
   </div>
   <div class='ocr_carea' id='block_1_87' title="bbox 2241 2495 3828 2580">
    <p class='ocr_par' dir='ltr' id='par_1_87' title="bbox 2241 2495 3828 2580">
     <span class='ocr_line' id='line_1_88' title="bbox 2241 2495 3828 2580; baseline 0.003 -23"><span class='ocrx_word' id='word_1_669' title='bbox 2241 2502 2494 2569; x_wconf 90' lang='lat' dir='ltr'><strong>Daniele,</strong></span> <span class='ocrx_word' id='word_1_670' title='bbox 2526 2502 2614 2558; x_wconf 91' lang='lat' dir='ltr'><strong>ubi</strong></span> <span class='ocrx_word' id='word_1_671' title='bbox 2643 2503 2842 2558; x_wconf 88' lang='lat' dir='ltr'><strong>dictum</strong></span> <span class='ocrx_word' id='word_1_672' title='bbox 2869 2511 2978 2568; x_wconf 86' lang='lat' dir='ltr'><strong>est,</strong></span> <span class='ocrx_word' id='word_1_673' title='bbox 3031 2502 3096 2558; x_wconf 80' lang='lat' dir='ltr'><strong>Et</strong></span> <span class='ocrx_word' id='word_1_674' title='bbox 3134 2495 3380 2578; x_wconf 70' lang='lat' dir='ltr'><strong>accipient</strong></span> <span class='ocrx_word' id='word_1_675' title='bbox 3417 2505 3579 2559; x_wconf 81' lang='lat' dir='ltr'><strong>sancti</strong></span> <span class='ocrx_word' id='word_1_676' title='bbox 3615 2523 3828 2580; x_wconf 75' lang='lat' dir='ltr'><strong>regnum</strong></span> 
     </span>
    </p>
   </div>
   <div class='ocr_carea' id='block_1_88' title="bbox 2241 2593 3826 2669">
    <p class='ocr_par' dir='ltr' id='par_1_88' title="bbox 2241 2593 3826 2669">
     <span class='ocr_line' id='line_1_89' title="bbox 2241 2593 3826 2669; baseline 0.004 -21"><span class='ocrx_word' id='word_1_677' title='bbox 2241 2594 2488 2650; x_wconf 77' lang='lat' dir='ltr'><strong>Altissimi</strong></span> <span class='ocrx_word' id='word_1_678' title='bbox 2511 2593 2672 2667; x_wconf 81' lang='lat' dir='ltr'><strong>(Dan.</strong></span> <span class='ocrx_word' id='word_1_679' title='bbox 2693 2611 2787 2662; x_wconf 86' lang='lat' dir='ltr'><strong>vn,</strong></span> <span class='ocrx_word' id='word_1_680' title='bbox 2817 2594 2928 2669; x_wconf 77' lang='grc'><strong>18).</strong></span> <span class='ocrx_word' id='word_1_681' title='bbox 2955 2595 3068 2652; x_wconf 84' lang='lat' dir='ltr'><strong>lloc</strong></span> <span class='ocrx_word' id='word_1_682' title='bbox 3097 2597 3217 2652; x_wconf 87' lang='lat' dir='ltr'><strong>loco</strong></span> <span class='ocrx_word' id='word_1_683' title='bbox 3245 2597 3408 2653; x_wconf 83' lang='lat' dir='ltr'><strong>Vetus</strong></span> <span class='ocrx_word' id='word_1_684' title='bbox 3427 2596 3826 2657; x_wconf 80' lang='lat' dir='ltr'><strong>Testamentum</strong></span> 
     </span>
    </p>
   </div>
   <div class='ocr_carea' id='block_1_89' title="bbox 2243 2687 3828 2763">
    <p class='ocr_par' dir='ltr' id='par_1_89' title="bbox 2243 2687 3828 2763">
     <span class='ocr_line' id='line_1_90' title="bbox 2243 2687 3828 2763; baseline 0.004 -22"><span class='ocrx_word' id='word_1_685' title='bbox 2243 2687 2601 2758; x_wconf 89' lang='lat' dir='ltr'><strong>intelligentes</strong></span> <span class='ocrx_word' id='word_1_686' title='bbox 2619 2687 2804 2743; x_wconf 90' lang='lat' dir='ltr'><strong>abillo</strong></span> <span class='ocrx_word' id='word_1_687' title='bbox 2823 2688 3170 2759; x_wconf 83' lang='lat' dir='ltr'><strong>appellatum,</strong></span> <span class='ocrx_word' id='word_1_688' title='bbox 3199 2704 3304 2744; x_wconf 90' lang='lat' dir='ltr'><strong>non</strong></span> <span class='ocrx_word' id='word_1_689' title='bbox 3334 2689 3660 2745; x_wconf 83' lang='lat' dir='ltr'><strong>illud‘solnm</strong></span> <span class='ocrx_word' id='word_1_690' title='bbox 3686 2690 3828 2763; x_wconf 90' lang='lat' dir='ltr'><strong>quod</strong></span> 
     </span>
    </p>
   </div>
   <div class='ocr_carea' id='block_1_90' title="bbox 2241 2778 3830 2855">
    <p class='ocr_par' dir='ltr' id='par_1_90' title="bbox 2241 2778 3830 2855">
     <span class='ocr_line' id='line_1_91' title="bbox 2241 2778 3830 2855; baseline 0.006 -21"><span class='ocrx_word' id='word_1_691' title='bbox 2241 2778 2436 2836; x_wconf 88' lang='lat' dir='ltr'><strong>factum</strong></span> <span class='ocrx_word' id='word_1_692' title='bbox 2477 2789 2562 2837; x_wconf 89' lang='lat' dir='ltr'><strong>est</strong></span> <span class='ocrx_word' id='word_1_693' title='bbox 2589 2781 2642 2836; x_wconf 88' lang='lat' dir='ltr'><strong>iu</strong></span> <span class='ocrx_word' id='word_1_694' title='bbox 2668 2791 2851 2838; x_wconf 86' lang='lat' dir='ltr'><strong>monte</strong></span> <span class='ocrx_word' id='word_1_695' title='bbox 2875 2780 3031 2849; x_wconf 88' lang='lat' dir='ltr'><strong>Sina;</strong></span> <span class='ocrx_word' id='word_1_696' title='bbox 3063 2783 3160 2839; x_wconf 90' lang='lat' dir='ltr'><strong>sed</strong></span> <span class='ocrx_word' id='word_1_697' title='bbox 3193 2782 3498 2855; x_wconf 89' lang='lat' dir='ltr'><strong>Scripturas</strong></span> <span class='ocrx_word' id='word_1_698' title='bbox 3521 2800 3714 2842; x_wconf 89' lang='lat' dir='ltr'><strong>omnes</strong></span> <span class='ocrx_word' id='word_1_699' title='bbox 3742 2801 3830 2842; x_wconf 86' lang='lat' dir='ltr'><strong>ca-</strong></span> 
     </span>
    </p>
   </div>
   <div class='ocr_carea' id='block_1_91' title="bbox 2242 2873 3822 2936">
    <p class='ocr_par' dir='ltr' id='par_1_91' title="bbox 2242 2873 3822 2936">
     <span class='ocr_line' id='line_1_92' title="bbox 2242 2873 3822 2936; baseline 0.004 -10"><span class='ocrx_word' id='word_1_700' title='bbox 2242 2873 2462 2929; x_wconf 87' lang='lat' dir='ltr'><strong>nonicas</strong></span> <span class='ocrx_word' id='word_1_701' title='bbox 2477 2883 2606 2930; x_wconf 82' lang='lat' dir='ltr'><strong>ante</strong></span> <span class='ocrx_word' id='word_1_702' title='bbox 2621 2873 2906 2930; x_wconf 89' lang='lat' dir='ltr'><strong>adventum</strong></span> <span class='ocrx_word' id='word_1_703' title='bbox 2929 2875 3136 2930; x_wconf 89' lang='lat' dir='ltr'><strong>Domini</strong></span> <span class='ocrx_word' id='word_1_704' title='bbox 3157 2876 3479 2932; x_wconf 85' lang='lat' dir='ltr'><strong>ministratas</strong></span> <span class='ocrx_word' id='word_1_705' title='bbox 3499 2878 3542 2932; x_wconf 71' lang='grc'><strong>’.</strong></span> <span class='ocrx_word' id='word_1_706' title='bbox 3570 2896 3590 2930; x_wconf 84' lang='grc' dir='ltr'><strong>ι</strong></span> <span class='ocrx_word' id='word_1_707' title='bbox 3615 2879 3782 2936; x_wconf 88' lang='lat' dir='ltr'><strong>Posse</strong></span> <span class='ocrx_word' id='word_1_708' title='bbox 3803 2897 3822 2932; x_wconf 75' lang='grc' dir='ltr'><strong>ι</strong></span> 
     </span>
    </p>
   </div>
   <div class='ocr_carea' id='block_1_92' title="bbox 2239 2966 3830 3040">
    <p class='ocr_par' dir='ltr' id='par_1_92' title="bbox 2239 2966 3830 3040">
     <span class='ocr_line' id='line_1_93' title="bbox 2239 2966 3830 3040; baseline 0.005 -18"><span class='ocrx_word' id='word_1_709' title='bbox 2239 2977 2419 3022; x_wconf 77' lang='lat' dir='ltr'><strong>autem</strong></span> <span class='ocrx_word' id='word_1_710' title='bbox 2452 2984 2473 3019; x_wconf 74' lang='grc' dir='ltr'><strong>ι</strong></span> <span class='ocrx_word' id='word_1_711' title='bbox 2501 2966 2774 3024; x_wconf 86' lang='lat' dir='ltr'><strong>hominem</strong></span> <span class='ocrx_word' id='word_1_712' title='bbox 2817 2982 2937 3023; x_wconf 90' lang='lat' dir='ltr'><strong>esse</strong></span> <span class='ocrx_word' id='word_1_713' title='bbox 2975 2969 3093 3024; x_wconf 89' lang='lat' dir='ltr'><strong>sine</strong></span> <span class='ocrx_word' id='word_1_714' title='bbox 3133 2979 3370 3040; x_wconf 88' lang='lat' dir='ltr'><strong>peccato,</strong></span> <span class='ocrx_word' id='word_1_715' title='bbox 3401 2969 3446 3024; x_wconf 89' lang='lat' dir='ltr'><strong>si</strong></span> <span class='ocrx_word' id='word_1_716' title='bbox 3475 2970 3633 3037; x_wconf 90' lang='lat' dir='ltr'><strong>velit,</strong></span> <span class='ocrx_word' id='word_1_717' title='bbox 3667 2989 3688 3026; x_wconf 74' lang='grc' dir='ltr'><strong>ι</strong></span> <span class='ocrx_word' id='word_1_718' title='bbox 3721 2987 3830 3030; x_wconf 87' lang='lat' dir='ltr'><strong>non</strong></span> 
     </span>
    </p>
   </div>
   <div class='ocr_carea' id='block_1_93' title="bbox 2241 3058 3830 3134">
    <p class='ocr_par' dir='ltr' id='par_1_93' title="bbox 2241 3058 3830 3134">
     <span class='ocr_line' id='line_1_94' title="bbox 2241 3058 3830 3134; baseline 0.003 -20"><span class='ocrx_word' id='word_1_719' title='bbox 2241 3059 2320 3114; x_wconf 86' lang='lat' dir='ltr'><strong>sic</strong></span> <span class='ocrx_word' id='word_1_720' title='bbox 2347 3058 2696 3130; x_wconf 86' lang='lat' dir='ltr'><strong>approbatum</strong></span> <span class='ocrx_word' id='word_1_721' title='bbox 2725 3069 2828 3124; x_wconf 90' lang='lat' dir='ltr'><strong>est,</strong></span> <span class='ocrx_word' id='word_1_722' title='bbox 2859 3059 3126 3130; x_wconf 83' lang='lat' dir='ltr'><strong>quomodo</strong></span> <span class='ocrx_word' id='word_1_723' title='bbox 3149 3061 3217 3116; x_wconf 85' lang='lat' dir='ltr'><strong>ab</strong></span> <span class='ocrx_word' id='word_1_724' title='bbox 3243 3061 3332 3117; x_wconf 91' lang='lat' dir='ltr'><strong>illo</strong></span> <span class='ocrx_word' id='word_1_725' title='bbox 3361 3061 3414 3116; x_wconf 91' lang='lat' dir='ltr'><strong>in</strong></span> <span class='ocrx_word' id='word_1_726' title='bbox 3440 3061 3577 3118; x_wconf 89' lang='lat' dir='ltr'><strong>libro</strong></span> <span class='ocrx_word' id='word_1_727' title='bbox 3606 3078 3708 3118; x_wconf 90' lang='lat' dir='ltr'><strong>suo</strong></span> <span class='ocrx_word' id='word_1_728' title='bbox 3737 3079 3830 3134; x_wconf 86' lang='lat' dir='ltr'><strong>po-</strong></span> 
     </span>
    </p>
   </div>
   <div class='ocr_carea' id='block_1_94' title="bbox 2240 3150 3833 3223">
    <p class='ocr_par' dir='ltr' id='par_1_94' title="bbox 2240 3150 3833 3223">
     <span class='ocr_line' id='line_1_95' title="bbox 2240 3150 3833 3223; baseline 0.003 -17"><span class='ocrx_word' id='word_1_729' title='bbox 2240 3150 2401 3206; x_wconf 85' lang='lat' dir='ltr'><strong>situm</strong></span> <span class='ocrx_word' id='word_1_730' title='bbox 2430 3150 2728 3218; x_wconf 83' lang='lat' dir='ltr'><strong>videbatur,</strong></span> <span class='ocrx_word' id='word_1_731' title='bbox 2755 3158 3002 3222; x_wconf 86' lang='lat' dir='ltr'><strong>tanquam</strong></span> <span class='ocrx_word' id='word_1_732' title='bbox 3032 3151 3134 3208; x_wconf 93' lang='lat' dir='ltr'><strong>hoc</strong></span> <span class='ocrx_word' id='word_1_733' title='bbox 3162 3152 3215 3207; x_wconf 92' lang='lat' dir='ltr'><strong>in</strong></span> <span class='ocrx_word' id='word_1_734' title='bbox 3241 3153 3353 3208; x_wconf 89' lang='lat' dir='ltr'><strong>sola</strong></span> <span class='ocrx_word' id='word_1_735' title='bbox 3392 3163 3653 3223; x_wconf 84' lang='lat' dir='ltr'><strong>potestate</strong></span> <span class='ocrx_word' id='word_1_736' title='bbox 3683 3163 3833 3211; x_wconf 86' lang='lat' dir='ltr'><strong>esset</strong></span> 
     </span>
    </p>
   </div>
   <div class='ocr_carea' id='block_1_95' title="bbox 2243 3241 3832 3316">
    <p class='ocr_par' dir='ltr' id='par_1_95' title="bbox 2243 3241 3832 3316">
     <span class='ocr_line' id='line_1_96' title="bbox 2243 3241 3832 3316; baseline 0.003 -20"><span class='ocrx_word' id='word_1_737' title='bbox 2243 3241 2472 3296; x_wconf 90' lang='lat' dir='ltr'><strong>hominis</strong></span> <span class='ocrx_word' id='word_1_738' title='bbox 2497 3256 2592 3312; x_wconf 89' lang='lat' dir='ltr'><strong>per</strong></span> <span class='ocrx_word' id='word_1_739' title='bbox 2614 3241 2842 3297; x_wconf 87' lang='lat' dir='ltr'><strong>liberum</strong></span> <span class='ocrx_word' id='word_1_740' title='bbox 2871 3242 3184 3310; x_wconf 88' lang='lat' dir='ltr'><strong>arbitrium;</strong></span> <span class='ocrx_word' id='word_1_741' title='bbox 3217 3243 3320 3300; x_wconf 90' lang='lat' dir='ltr'><strong>hoc</strong></span> <span class='ocrx_word' id='word_1_742' title='bbox 3347 3244 3543 3316; x_wconf 91' lang='lat' dir='ltr'><strong>quippe</strong></span> <span class='ocrx_word' id='word_1_743' title='bbox 3564 3247 3832 3316; x_wconf 84' lang='lat' dir='ltr'><strong>argueba-</strong></span> 
     </span>
    </p>
   </div>
   <div class='ocr_carea' id='block_1_96' title="bbox 2242 3333 3832 3408">
    <p class='ocr_par' dir='ltr' id='par_1_96' title="bbox 2242 3333 3832 3408">
     <span class='ocr_line' id='line_1_97' title="bbox 2242 3333 3832 3408; baseline 0.004 -21"><span class='ocrx_word' id='word_1_744' title='bbox 2242 3343 2328 3395; x_wconf 78' lang='lat' dir='ltr'><strong>tur</strong></span> <span class='ocrx_word' id='word_1_745' title='bbox 2351 3334 2584 3390; x_wconf 77' lang='lat' dir='ltr'><strong>sensisse</strong></span> <span class='ocrx_word' id='word_1_746' title='bbox 2607 3333 2834 3389; x_wconf 88' lang='lat' dir='ltr'><strong>dicendo</strong></span> <span class='ocrx_word' id='word_1_747' title='bbox 2851 3375 2868 3401; x_wconf 96' lang='lat'><strong>,</strong></span> <span class='ocrx_word' id='word_1_748' title='bbox 2901 3352 2921 3386; x_wconf 76' lang='grc' dir='ltr'><strong>ι</strong></span> <span class='ocrx_word' id='word_1_749' title='bbox 2947 3335 2994 3390; x_wconf 90' lang='lat' dir='ltr'><strong>si</strong></span> <span class='ocrx_word' id='word_1_750' title='bbox 3015 3334 3174 3390; x_wconf 87' lang='lat' dir='ltr'><strong>velit:</strong></span> <span class='ocrx_word' id='word_1_751' title='bbox 3207 3353 3226 3387; x_wconf 77' lang='grc' dir='ltr'><strong>ι</strong></span> <span class='ocrx_word' id='word_1_752' title='bbox 3258 3334 3354 3390; x_wconf 87' lang='lat' dir='ltr'><strong>sed</strong></span> <span class='ocrx_word' id='word_1_753' title='bbox 3393 3336 3664 3408; x_wconf 87' lang='lat' dir='ltr'><strong>quomodo</strong></span> <span class='ocrx_word' id='word_1_754' title='bbox 3686 3352 3832 3394; x_wconf 86' lang='lat' dir='ltr'><strong>nunc</strong></span> 
     </span>
    </p>
   </div>
   <div class='ocr_carea' id='block_1_97' title="bbox 2243 3423 3832 3509">
    <p class='ocr_par' dir='ltr' id='par_1_97' title="bbox 2243 3423 3832 3509">
     <span class='ocr_line' id='line_1_98' title="bbox 2243 3423 3832 3509; baseline 0.004 -31"><span class='ocrx_word' id='word_1_755' title='bbox 2243 3423 2354 3494; x_wconf 87' lang='lat' dir='ltr'><strong>ipse</strong></span> <span class='ocrx_word' id='word_1_756' title='bbox 2383 3424 2688 3509; x_wconf 67' lang='lat' dir='ltr'><strong>respondit;</strong></span> <span class='ocrx_word' id='word_1_757' title='bbox 2721 3426 2830 3479; x_wconf 89' lang='lat' dir='ltr'><strong>imo</strong></span> <span class='ocrx_word' id='word_1_758' title='bbox 2853 3424 3122 3497; x_wconf 85' lang='lat' dir='ltr'><strong>quomodo</strong></span> <span class='ocrx_word' id='word_1_759' title='bbox 3167 3426 3217 3482; x_wconf 93' lang='lat' dir='ltr'><strong>id</strong></span> <span class='ocrx_word' id='word_1_760' title='bbox 3249 3426 3462 3483; x_wconf 88' lang='lat' dir='ltr'><strong>brevius</strong></span> <span class='ocrx_word' id='word_1_761' title='bbox 3501 3436 3556 3484; x_wconf 86' lang='lat' dir='ltr'><strong>et</strong></span> <span class='ocrx_word' id='word_1_762' title='bbox 3592 3431 3832 3498; x_wconf 88' lang='lat' dir='ltr'><strong>apertius</strong></span> 
     </span>
    </p>
   </div>
   <div class='ocr_carea' id='block_1_98' title="bbox 2235 3515 3830 3589">
    <p class='ocr_par' dir='ltr' id='par_1_98' title="bbox 2235 3515 3830 3589">
     <span class='ocr_line' id='line_1_99' title="bbox 2235 3515 3830 3589; baseline 0.004 -19"><span class='ocrx_word' id='word_1_763' title='bbox 2235 3515 2443 3586; x_wconf 87' lang='lat' dir='ltr'><strong>jndiees</strong></span> <span class='ocrx_word' id='word_1_764' title='bbox 2457 3517 2690 3589; x_wconf 78' lang='lat' dir='ltr'><strong>episcopi</strong></span> <span class='ocrx_word' id='word_1_765' title='bbox 2709 3531 2806 3572; x_wconf 86' lang='lat' dir='ltr'><strong>sua</strong></span> <span class='ocrx_word' id='word_1_766' title='bbox 2824 3517 3231 3574; x_wconf 88' lang='lat' dir='ltr'><strong>interlocutione</strong></span> <span class='ocrx_word' id='word_1_767' title='bbox 3247 3533 3830 3586; x_wconf 89' lang='lat' dir='ltr'><strong>commemoraverunt,</strong></span> 
     </span>
    </p>
   </div>
   <div class='ocr_carea' id='block_1_99' title="bbox 2242 3605 3832 3681">
    <p class='ocr_par' dir='ltr' id='par_1_99' title="bbox 2242 3605 3832 3681">
     <span class='ocr_line' id='line_1_100' title="bbox 2242 3605 3832 3681; baseline 0.005 -21"><span class='ocrx_word' id='word_1_768' title='bbox 2242 3605 2512 3662; x_wconf 91' lang='lat' dir='ltr'><strong>hominem</strong></span> <span class='ocrx_word' id='word_1_769' title='bbox 2535 3621 2655 3662; x_wconf 90' lang='lat' dir='ltr'><strong>cum</strong></span> <span class='ocrx_word' id='word_1_770' title='bbox 2680 3607 2943 3678; x_wconf 84' lang='lat' dir='ltr'><strong>adjutoriu</strong></span> <span class='ocrx_word' id='word_1_771' title='bbox 2971 3607 3067 3663; x_wconf 90' lang='lat' dir='ltr'><strong>Dei</strong></span> <span class='ocrx_word' id='word_1_772' title='bbox 3095 3619 3149 3664; x_wconf 91' lang='lat' dir='ltr'><strong>et</strong></span> <span class='ocrx_word' id='word_1_773' title='bbox 3175 3610 3344 3681; x_wconf 89' lang='lat' dir='ltr'><strong>gratia</strong></span> <span class='ocrx_word' id='word_1_774' title='bbox 3379 3625 3539 3680; x_wconf 86' lang='lat' dir='ltr'><strong>posse</strong></span> <span class='ocrx_word' id='word_1_775' title='bbox 3562 3625 3687 3667; x_wconf 89' lang='lat' dir='ltr'><strong>esse</strong></span> <span class='ocrx_word' id='word_1_776' title='bbox 3713 3612 3832 3668; x_wconf 87' lang='lat' dir='ltr'><strong>sine</strong></span> 
     </span>
    </p>
   </div>
   <div class='ocr_carea' id='block_1_100' title="bbox 2241 3699 3831 3776">
    <p class='ocr_par' dir='ltr' id='par_1_100' title="bbox 2241 3699 3831 3776">
     <span class='ocr_line' id='line_1_101' title="bbox 2241 3699 3831 3776; baseline 0.003 -20"><span class='ocrx_word' id='word_1_777' title='bbox 2241 3709 2479 3772; x_wconf 65' lang='lat' dir='ltr'><strong>poculo.</strong></span> <span class='ocrx_word' id='word_1_778' title='bbox 2506 3699 2616 3756; x_wconf 83' lang='lat' dir='ltr'><strong>Nec</strong></span> <span class='ocrx_word' id='word_1_779' title='bbox 2645 3711 2817 3757; x_wconf 86' lang='lat' dir='ltr'><strong>tamen</strong></span> <span class='ocrx_word' id='word_1_780' title='bbox 2844 3701 3119 3757; x_wconf 85' lang='lat' dir='ltr'><strong>definitum</strong></span> <span class='ocrx_word' id='word_1_781' title='bbox 3145 3713 3248 3767; x_wconf 88' lang='lat' dir='ltr'><strong>est,</strong></span> <span class='ocrx_word' id='word_1_782' title='bbox 3278 3703 3489 3773; x_wconf 87' lang='lat' dir='ltr'><strong>quando</strong></span> <span class='ocrx_word' id='word_1_783' title='bbox 3513 3703 3672 3760; x_wconf 87' lang='lat' dir='ltr'><strong>istam</strong></span> <span class='ocrx_word' id='word_1_784' title='bbox 3703 3721 3831 3776; x_wconf 79' lang='lat' dir='ltr'><strong>per—</strong></span> 
     </span>
    </p>
   </div>
   <div class='ocr_carea' id='block_1_101' title="bbox 2240 3792 3834 3870">
    <p class='ocr_par' dir='ltr' id='par_1_101' title="bbox 2240 3792 3834 3870">
     <span class='ocr_line' id='line_1_102' title="bbox 2240 3792 3834 3870; baseline 0.003 -19"><span class='ocrx_word' id='word_1_785' title='bbox 2240 3792 2524 3851; x_wconf 63' lang='lat' dir='ltr'><strong>ﬁctionem</strong></span> <span class='ocrx_word' id='word_1_786' title='bbox 2563 3793 2731 3848; x_wconf 88' lang='lat' dir='ltr'><strong>sancti</strong></span> <span class='ocrx_word' id='word_1_787' title='bbox 2773 3794 3068 3850; x_wconf 85' lang='lat' dir='ltr'><strong>assecuturi</strong></span> <span class='ocrx_word' id='word_1_788' title='bbox 3113 3802 3269 3860; x_wconf 88' lang='lat' dir='ltr'><strong>sunt,</strong></span> <span class='ocrx_word' id='word_1_789' title='bbox 3319 3803 3494 3851; x_wconf 89' lang='lat' dir='ltr'><strong>utrum</strong></span> <span class='ocrx_word' id='word_1_790' title='bbox 3521 3796 3576 3853; x_wconf 90' lang='lat' dir='ltr'><strong>in</strong></span> <span class='ocrx_word' id='word_1_791' title='bbox 3599 3811 3834 3870; x_wconf 89' lang='lat' dir='ltr'><strong>corpore</strong></span> 
     </span>
    </p>
   </div>
   <div class='ocr_carea' id='block_1_102' title="bbox 2239 3883 3833 3957">
    <p class='ocr_par' dir='ltr' id='par_1_102' title="bbox 2239 3883 3833 3957">
     <span class='ocr_line' id='line_1_103' title="bbox 2239 3883 3833 3957; baseline 0.005 -18"><span class='ocrx_word' id='word_1_792' title='bbox 2239 3885 2429 3941; x_wconf 86' lang='lat' dir='ltr'><strong>mortis</strong></span> <span class='ocrx_word' id='word_1_793' title='bbox 2453 3883 2631 3957; x_wconf 87' lang='lat' dir='ltr'><strong>hujus,</strong></span> <span class='ocrx_word' id='word_1_794' title='bbox 2658 3900 2730 3940; x_wconf 87' lang='lat' dir='ltr'><strong>an</strong></span> <span class='ocrx_word' id='word_1_795' title='bbox 2756 3885 2972 3956; x_wconf 87' lang='lat' dir='ltr'><strong>quando</strong></span> <span class='ocrx_word' id='word_1_796' title='bbox 2997 3885 3370 3943; x_wconf 88' lang='lat' dir='ltr'><strong>absorbehitur</strong></span> <span class='ocrx_word' id='word_1_797' title='bbox 3395 3903 3542 3944; x_wconf 91' lang='lat' dir='ltr'><strong>mors</strong></span> <span class='ocrx_word' id='word_1_798' title='bbox 3571 3887 3627 3944; x_wconf 92' lang='lat' dir='ltr'><strong>in</strong></span> <span class='ocrx_word' id='word_1_799' title='bbox 3649 3890 3833 3947; x_wconf 88' lang='lat' dir='ltr'><strong>victo-</strong></span> 
     </span>
    </p>
   </div>
   <div class='ocr_carea' id='block_1_103' title="bbox 2238 3990 2394 4030">
    <p class='ocr_par' dir='ltr' id='par_1_103' title="bbox 2238 3990 2394 4030">
     <span class='ocr_line' id='line_1_104' title="bbox 2238 3990 2394 4030; baseline -0.019 0"><span class='ocrx_word' id='word_1_800' title='bbox 2238 3990 2394 4030; x_wconf 71' lang='grc' dir='ltr'><strong>ΙἹΣῑΙῐὶ.</strong></span> 
     </span>
    </p>
   </div>
   <div class='ocr_carea' id='block_1_104' title="bbox 2307 4067 3831 4141">
    <p class='ocr_par' dir='ltr' id='par_1_104' title="bbox 2307 4067 3831 4141">
     <span class='ocr_line' id='line_1_105' title="bbox 2307 4067 3831 4141; baseline 0.007 -19"><span class='ocrx_word' id='word_1_801' title='bbox 2307 4067 2396 4122; x_wconf 83' lang='lat'><strong>65.</strong></span> <span class='ocrx_word' id='word_1_802' title='bbox 2423 4067 2499 4122; x_wconf 85' lang='lat' dir='ltr'><strong>Ex</strong></span> <span class='ocrx_word' id='word_1_803' title='bbox 2543 4067 2606 4123; x_wconf 84' lang='lat' dir='ltr'><strong>iis</strong></span> <span class='ocrx_word' id='word_1_804' title='bbox 2635 4067 2826 4137; x_wconf 90' lang='lat' dir='ltr'><strong>etiam,</strong></span> <span class='ocrx_word' id='word_1_805' title='bbox 2867 4085 2985 4141; x_wconf 72' lang='lat' dir='ltr'><strong>quae</strong></span> <span class='ocrx_word' id='word_1_806' title='bbox 3014 4067 3320 4126; x_wconf 70' lang='lat' dir='ltr'><strong>leestium</strong></span> <span class='ocrx_word' id='word_1_807' title='bbox 3347 4071 3544 4128; x_wconf 87' lang='lat' dir='ltr'><strong>dixisse</strong></span> <span class='ocrx_word' id='word_1_808' title='bbox 3572 4075 3655 4129; x_wconf 88' lang='lat' dir='ltr'><strong>vel</strong></span> <span class='ocrx_word' id='word_1_809' title='bbox 3685 4075 3831 4132; x_wconf 89' lang='lat' dir='ltr'><strong>scri-</strong></span> 
     </span>
    </p>
   </div>
   <div class='ocr_carea' id='block_1_105' title="bbox 2239 4161 3834 4237">
    <p class='ocr_par' dir='ltr' id='par_1_105' title="bbox 2239 4161 3834 4237">
     <span class='ocr_line' id='line_1_106' title="bbox 2239 4161 3834 4237; baseline 0.006 -24"><span class='ocrx_word' id='word_1_810' title='bbox 2239 4161 2429 4230; x_wconf 90' lang='lat' dir='ltr'><strong>psisse,</strong></span> <span class='ocrx_word' id='word_1_811' title='bbox 2469 4169 2717 4229; x_wconf 86' lang='lat' dir='ltr'><strong>tanquam</strong></span> <span class='ocrx_word' id='word_1_812' title='bbox 2747 4163 2990 4234; x_wconf 85' lang='lat' dir='ltr'><strong>dogmata</strong></span> <span class='ocrx_word' id='word_1_813' title='bbox 3020 4163 3266 4234; x_wconf 85' lang='lat' dir='ltr'><strong>discipuli</strong></span> <span class='ocrx_word' id='word_1_814' title='bbox 3293 4164 3428 4235; x_wconf 81' lang='lat' dir='ltr'><strong>ejus,</strong></span> <span class='ocrx_word' id='word_1_815' title='bbox 3461 4176 3583 4221; x_wconf 90' lang='lat' dir='ltr'><strong>sunt</strong></span> <span class='ocrx_word' id='word_1_816' title='bbox 3611 4167 3834 4237; x_wconf 79' lang='lat' dir='ltr'><strong>objecta</strong></span> 
     </span>
    </p>
   </div>
   <div class='ocr_carea' id='block_1_106' title="bbox 2238 4253 3833 4327">
    <p class='ocr_par' dir='ltr' id='par_1_106' title="bbox 2238 4253 3833 4327">
     <span class='ocr_line' id='line_1_107' title="bbox 2238 4253 3833 4327; baseline 0.005 -18"><span class='ocrx_word' id='word_1_817' title='bbox 2238 4253 2491 4324; x_wconf 87' lang='lat' dir='ltr'><strong>Pelagio;</strong></span> <span class='ocrx_word' id='word_1_818' title='bbox 2521 4268 2616 4309; x_wconf 89' lang='lat' dir='ltr'><strong>sua</strong></span> <span class='ocrx_word' id='word_1_819' title='bbox 2641 4255 2885 4324; x_wconf 69' lang='lat' dir='ltr'><strong>quaedam</strong></span> <span class='ocrx_word' id='word_1_820' title='bbox 2909 4263 2964 4310; x_wconf 91' lang='lat' dir='ltr'><strong>et</strong></span> <span class='ocrx_word' id='word_1_821' title='bbox 2983 4254 3097 4326; x_wconf 88' lang='lat' dir='ltr'><strong>ipse</strong></span> <span class='ocrx_word' id='word_1_822' title='bbox 3121 4259 3370 4326; x_wconf 75' lang='lat' dir='ltr'><strong>cognovit</strong></span> <span class='ocrx_word' id='word_1_823' title='bbox 3389 4299 3405 4324; x_wconf 91' lang='lat'><strong>,</strong></span> <span class='ocrx_word' id='word_1_824' title='bbox 3434 4259 3529 4314; x_wconf 90' lang='lat' dir='ltr'><strong>sed</strong></span> <span class='ocrx_word' id='word_1_825' title='bbox 3555 4260 3715 4315; x_wconf 86' lang='lat' dir='ltr'><strong>aliter</strong></span> <span class='ocrx_word' id='word_1_826' title='bbox 3744 4275 3833 4327; x_wconf 89' lang='lat' dir='ltr'><strong>se,</strong></span> 
     </span>
    </p>
   </div>
   <div class='ocr_carea' id='block_1_107' title="bbox 2235 4345 3831 4419">
    <p class='ocr_par' dir='ltr' id='par_1_107' title="bbox 2235 4345 3831 4419">
     <span class='ocr_line' id='line_1_108' title="bbox 2235 4345 3831 4419; baseline 0.007 -22"><span class='ocrx_word' id='word_1_827' title='bbox 2235 4361 2394 4416; x_wconf 89' lang='lat' dir='ltr'><strong>quam</strong></span> <span class='ocrx_word' id='word_1_828' title='bbox 2417 4345 2820 4417; x_wconf 85' lang='lat' dir='ltr'><strong>objiciebantur,</strong></span> <span class='ocrx_word' id='word_1_829' title='bbox 2842 4349 3072 4402; x_wconf 86' lang='lat' dir='ltr'><strong>sensisse</strong></span> <span class='ocrx_word' id='word_1_830' title='bbox 3089 4349 3382 4419; x_wconf 88' lang='lat' dir='ltr'><strong>respondit.</strong></span> <span class='ocrx_word' id='word_1_831' title='bbox 3408 4349 3542 4405; x_wconf 81' lang='lat' dir='ltr'><strong>Hinc</strong></span> <span class='ocrx_word' id='word_1_832' title='bbox 3561 4360 3644 4406; x_wconf 85' lang='lat' dir='ltr'><strong>est</strong></span> <span class='ocrx_word' id='word_1_833' title='bbox 3667 4351 3831 4418; x_wconf 86' lang='lat' dir='ltr'><strong>illud,</strong></span> 
     </span>
    </p>
   </div>
   <div class='ocr_carea' id='block_1_108' title="bbox 2242 4435 3836 4513">
    <p class='ocr_par' dir='ltr' id='par_1_108' title="bbox 2242 4435 3836 4513">
     <span class='ocr_line' id='line_1_109' title="bbox 2242 4435 3836 4513; baseline 0.008 -25"><span class='ocrx_word' id='word_1_834' title='bbox 2242 4454 2261 4488; x_wconf 80' lang='grc' dir='ltr'><strong>ι</strong></span> <span class='ocrx_word' id='word_1_835' title='bbox 2289 4435 2440 4505; x_wconf 87' lang='lat' dir='ltr'><strong>Quod</strong></span> <span class='ocrx_word' id='word_1_836' title='bbox 2464 4445 2588 4492; x_wconf 90' lang='lat' dir='ltr'><strong>ante</strong></span> <span class='ocrx_word' id='word_1_837' title='bbox 2607 4437 2888 4492; x_wconf 89' lang='lat' dir='ltr'><strong>adventum</strong></span> <span class='ocrx_word' id='word_1_838' title='bbox 2911 4438 3112 4494; x_wconf 81' lang='lat' dir='ltr'><strong>Christi</strong></span> <span class='ocrx_word' id='word_1_839' title='bbox 3128 4441 3375 4496; x_wconf 89' lang='lat' dir='ltr'><strong>vixerunt</strong></span> <span class='ocrx_word' id='word_1_840' title='bbox 3393 4442 3608 4513; x_wconf 89' lang='lat' dir='ltr'><strong>quidam</strong></span> <span class='ocrx_word' id='word_1_841' title='bbox 3634 4454 3836 4501; x_wconf 83' lang='lat' dir='ltr'><strong>sancte</strong></span> 
     </span>
    </p>
   </div>
   <div class='ocr_carea' id='block_1_109' title="bbox 2235 4521 3834 4603">
    <p class='ocr_par' dir='ltr' id='par_1_109' title="bbox 2235 4521 3834 4603">
     <span class='ocr_line' id='line_1_110' title="bbox 2235 4521 3834 4603; baseline 0.006 -23"><span class='ocrx_word' id='word_1_842' title='bbox 2235 4541 2299 4581; x_wconf 88' lang='lat' dir='ltr'><strong>ac</strong></span> <span class='ocrx_word' id='word_1_843' title='bbox 2335 4527 2519 4597; x_wconf 88' lang='lat' dir='ltr'><strong>juste:</strong></span> <span class='ocrx_word' id='word_1_844' title='bbox 2548 4545 2567 4580; x_wconf 76' lang='grc' dir='ltr'><strong>ι</strong></span> <span class='ocrx_word' id='word_1_845' title='bbox 2600 4529 2882 4585; x_wconf 71' lang='lat' dir='ltr'><strong>leestius</strong></span> <span class='ocrx_word' id='word_1_846' title='bbox 2928 4540 3106 4586; x_wconf 86' lang='lat' dir='ltr'><strong>autem</strong></span> <span class='ocrx_word' id='word_1_847' title='bbox 3153 4531 3354 4588; x_wconf 78' lang='lat' dir='ltr'><strong>dixisse</strong></span> <span class='ocrx_word' id='word_1_848' title='bbox 3403 4521 3834 4603; x_wconf 67' lang='lat' dir='ltr'><strong>pet-bibebatur,</strong></span> 
     </span>
    </p>
   </div>
   <div class='ocr_carea' id='block_1_110' title="bbox 2241 4618 3834 4695">
    <p class='ocr_par' dir='ltr' id='par_1_110' title="bbox 2241 4618 3834 4695">
     <span class='ocr_line' id='line_1_111' title="bbox 2241 4618 3834 4695; baseline 0.008 -25"><span class='ocrx_word' id='word_1_849' title='bbox 2241 4636 2260 4670; x_wconf 74' lang='grc' dir='ltr'><strong>ι</strong></span> <span class='ocrx_word' id='word_1_850' title='bbox 2289 4618 2430 4690; x_wconf 89' lang='lat' dir='ltr'><strong>quod</strong></span> <span class='ocrx_word' id='word_1_851' title='bbox 2467 4621 2586 4676; x_wconf 89' lang='lat' dir='ltr'><strong>sine</strong></span> <span class='ocrx_word' id='word_1_852' title='bbox 2629 4630 2848 4691; x_wconf 86' lang='lat' dir='ltr'><strong>peccato</strong></span> <span class='ocrx_word' id='word_1_853' title='bbox 2895 4621 3110 4678; x_wconf 80' lang='lat' dir='ltr'><strong>fuerint.</strong></span> <span class='ocrx_word' id='word_1_854' title='bbox 3140 4643 3158 4677; x_wconf 79' lang='grc' dir='ltr'><strong>ι</strong></span> <span class='ocrx_word' id='word_1_855' title='bbox 3211 4621 3341 4680; x_wconf 90' lang='lat' dir='ltr'><strong>Item</strong></span> <span class='ocrx_word' id='word_1_856' title='bbox 3385 4625 3658 4695; x_wconf 80' lang='lat' dir='ltr'><strong>objecmm</strong></span> <span class='ocrx_word' id='word_1_857' title='bbox 3710 4637 3834 4695; x_wconf 87' lang='lat' dir='ltr'><strong>est,</strong></span> 
     </span>
    </p>
   </div>
   <div class='ocr_carea' id='block_1_111' title="bbox 2233 4710 3840 4779">
    <p class='ocr_par' dir='ltr' id='par_1_111' title="bbox 2233 4710 3840 4779">
     <span class='ocr_line' id='line_1_112' title="bbox 2233 4710 3840 4779; baseline 0.004 -13"><span class='ocrx_word' id='word_1_858' title='bbox 2233 4710 2435 4766; x_wconf 78' lang='lat' dir='ltr'><strong>dixisse</strong></span> <span class='ocrx_word' id='word_1_859' title='bbox 2457 4710 2795 4779; x_wconf 74' lang='lat' dir='ltr'><strong>Ctelestium,</strong></span> <span class='ocrx_word' id='word_1_860' title='bbox 2849 4731 2868 4766; x_wconf 81' lang='grc' dir='ltr'><strong>ι</strong></span> <span class='ocrx_word' id='word_1_861' title='bbox 2897 4714 3189 4770; x_wconf 76' lang='lat' dir='ltr'><strong>Ecclesium</strong></span> <span class='ocrx_word' id='word_1_862' title='bbox 3224 4730 3344 4770; x_wconf 79' lang='lat' dir='ltr'><strong>esse</strong></span> <span class='ocrx_word' id='word_1_863' title='bbox 3381 4717 3497 4771; x_wconf 89' lang='lat' dir='ltr'><strong>sine</strong></span> <span class='ocrx_word' id='word_1_864' title='bbox 3531 4718 3747 4772; x_wconf 88' lang='lat' dir='ltr'><strong>macula</strong></span> <span class='ocrx_word' id='word_1_865' title='bbox 3780 4728 3840 4774; x_wconf 76' lang='lat' dir='ltr'><strong>et</strong></span> 
     </span>
    </p>
   </div>
   <div class='ocr_carea' id='block_1_112' title="bbox 2234 4803 3836 4879">
    <p class='ocr_par' dir='ltr' id='par_1_112' title="bbox 2234 4803 3836 4879">
     <span class='ocr_line' id='line_1_113' title="bbox 2234 4803 3836 4879; baseline 0.004 -22"><span class='ocrx_word' id='word_1_866' title='bbox 2234 4817 2383 4872; x_wconf 84' lang='lat' dir='ltr'><strong>ruga.</strong></span> <span class='ocrx_word' id='word_1_867' title='bbox 2417 4821 2436 4856; x_wconf 74' lang='grc' dir='ltr'><strong>ι</strong></span> <span class='ocrx_word' id='word_1_868' title='bbox 2470 4803 2712 4874; x_wconf 79' lang='lat' dir='ltr'><strong>Pelagius</strong></span> <span class='ocrx_word' id='word_1_869' title='bbox 2737 4814 2911 4860; x_wconf 88' lang='lat' dir='ltr'><strong>autem</strong></span> <span class='ocrx_word' id='word_1_870' title='bbox 2937 4805 3089 4873; x_wconf 80' lang='lat' dir='ltr'><strong>dixit,</strong></span> <span class='ocrx_word' id='word_1_871' title='bbox 3125 4824 3145 4860; x_wconf 86' lang='grc'><strong>‹</strong></span> <span class='ocrx_word' id='word_1_872' title='bbox 3173 4806 3371 4861; x_wconf 89' lang='lat' dir='ltr'><strong>dictum</strong></span> <span class='ocrx_word' id='word_1_873' title='bbox 3402 4823 3431 4860; x_wconf 90' lang='lat' dir='ltr'><strong>a</strong></span> <span class='ocrx_word' id='word_1_874' title='bbox 3467 4823 3526 4862; x_wconf 90' lang='lat' dir='ltr'><strong>se</strong></span> <span class='ocrx_word' id='word_1_875' title='bbox 3564 4808 3836 4879; x_wconf 83' lang='lat' dir='ltr'><strong>quidem,</strong></span> 
     </span>
    </p>
   </div>
   <div class='ocr_carea' id='block_1_113' title="bbox 2233 4893 3841 4972">
    <p class='ocr_par' dir='ltr' id='par_1_113' title="bbox 2233 4893 3841 4972">
     <span class='ocr_line' id='line_1_114' title="bbox 2233 4893 3841 4972; baseline 0.006 -25"><span class='ocrx_word' id='word_1_876' title='bbox 2233 4893 2328 4949; x_wconf 88' lang='lat' dir='ltr'><strong>sed</strong></span> <span class='ocrx_word' id='word_1_877' title='bbox 2351 4894 2441 4958; x_wconf 91' lang='lat' dir='ltr'><strong>ita,</strong></span> <span class='ocrx_word' id='word_1_878' title='bbox 2469 4895 2720 4964; x_wconf 88' lang='lat' dir='ltr'><strong>quoniam</strong></span> <span class='ocrx_word' id='word_1_879' title='bbox 2746 4896 2958 4952; x_wconf 85' lang='lat' dir='ltr'><strong>lavacro</strong></span> <span class='ocrx_word' id='word_1_880' title='bbox 2981 4898 3050 4952; x_wconf 92' lang='lat' dir='ltr'><strong>ab</strong></span> <span class='ocrx_word' id='word_1_881' title='bbox 3075 4897 3220 4952; x_wconf 70' lang='lat' dir='ltr'><strong>(nimi</strong></span> <span class='ocrx_word' id='word_1_882' title='bbox 3242 4898 3446 4953; x_wconf 89' lang='lat' dir='ltr'><strong>macula</strong></span> <span class='ocrx_word' id='word_1_883' title='bbox 3470 4908 3520 4952; x_wconf 91' lang='lat' dir='ltr'><strong>et</strong></span> <span class='ocrx_word' id='word_1_884' title='bbox 3542 4915 3670 4970; x_wconf 87' lang='lat' dir='ltr'><strong>ruga</strong></span> <span class='ocrx_word' id='word_1_885' title='bbox 3703 4918 3841 4972; x_wconf 86' lang='lat' dir='ltr'><strong>pur-</strong></span> 
     </span>
    </p>
   </div>
   <div class='ocr_carea' id='block_1_114' title="bbox 2233 4985 3836 5061">
    <p class='ocr_par' dir='ltr' id='par_1_114' title="bbox 2233 4985 3836 5061">
     <span class='ocr_line' id='line_1_115' title="bbox 2233 4985 3836 5061; baseline 0.004 -22"><span class='ocrx_word' id='word_1_886' title='bbox 2233 4994 2389 5056; x_wconf 86' lang='lat' dir='ltr'><strong>gatur</strong></span> <span class='ocrx_word' id='word_1_887' title='bbox 2414 4985 2672 5049; x_wconf 85' lang='lat' dir='ltr'><strong>Ecclesia,</strong></span> <span class='ocrx_word' id='word_1_888' title='bbox 2695 5002 2851 5058; x_wconf 89' lang='lat' dir='ltr'><strong>quam</strong></span> <span class='ocrx_word' id='word_1_889' title='bbox 2887 4987 3015 5043; x_wconf 82' lang='lat' dir='ltr'><strong>velit</strong></span> <span class='ocrx_word' id='word_1_890' title='bbox 3055 4988 3310 5044; x_wconf 87' lang='lat' dir='ltr'><strong>Dominus</strong></span> <span class='ocrx_word' id='word_1_891' title='bbox 3331 4990 3401 5043; x_wconf 90' lang='lat' dir='ltr'><strong>ita</strong></span> <span class='ocrx_word' id='word_1_892' title='bbox 3428 5004 3780 5061; x_wconf 83' lang='lat' dir='ltr'><strong>permanere.</strong></span> <span class='ocrx_word' id='word_1_893' title='bbox 3812 5011 3836 5046; x_wconf 73' lang='grc' dir='ltr'><strong>ι</strong></span> 
     </span>
    </p>
   </div>
   <div class='ocr_carea' id='block_1_115' title="bbox 2234 5074 3842 5150">
    <p class='ocr_par' dir='ltr' id='par_1_115' title="bbox 2234 5074 3842 5150">
     <span class='ocr_line' id='line_1_116' title="bbox 2234 5074 3842 5150; baseline 0.004 -21"><span class='ocrx_word' id='word_1_894' title='bbox 2234 5074 2364 5132; x_wconf 91' lang='lat' dir='ltr'><strong>ltem</strong></span> <span class='ocrx_word' id='word_1_895' title='bbox 2399 5076 2526 5132; x_wconf 89' lang='lat' dir='ltr'><strong>illud</strong></span> <span class='ocrx_word' id='word_1_896' title='bbox 2554 5076 2752 5132; x_wconf 89' lang='lat' dir='ltr'><strong>dictum</strong></span> <span class='ocrx_word' id='word_1_897' title='bbox 2790 5093 2821 5132; x_wconf 88' lang='lat' dir='ltr'><strong>a</strong></span> <span class='ocrx_word' id='word_1_898' title='bbox 2859 5077 3133 5145; x_wconf 73' lang='lat' dir='ltr'><strong>leestio,</strong></span> <span class='ocrx_word' id='word_1_899' title='bbox 3171 5097 3191 5131; x_wconf 76' lang='grc' dir='ltr'><strong>ι</strong></span> <span class='ocrx_word' id='word_1_900' title='bbox 3220 5080 3478 5146; x_wconf 79' lang='lat' dir='ltr'><strong>Quoniam</strong></span> <span class='ocrx_word' id='word_1_901' title='bbox 3509 5079 3625 5150; x_wconf 92' lang='lat' dir='ltr'><strong>plus</strong></span> <span class='ocrx_word' id='word_1_902' title='bbox 3656 5081 3842 5135; x_wconf 81' lang='lat' dir='ltr'><strong>facia-</strong></span> 
     </span>
    </p>
   </div>
   <div class='ocr_carea' id='block_1_116' title="bbox 2233 5170 3842 5242">
    <p class='ocr_par' dir='ltr' id='par_1_116' title="bbox 2233 5170 3842 5242">
     <span class='ocr_line' id='line_1_117' title="bbox 2233 5170 3842 5242; baseline 0.001 -17"><span class='ocrx_word' id='word_1_903' title='bbox 2233 5184 2373 5233; x_wconf 89' lang='lat' dir='ltr'><strong>mus,</strong></span> <span class='ocrx_word' id='word_1_904' title='bbox 2402 5185 2562 5239; x_wconf 88' lang='lat' dir='ltr'><strong>quam</strong></span> <span class='ocrx_word' id='word_1_905' title='bbox 2587 5170 2639 5225; x_wconf 91' lang='lat' dir='ltr'><strong>in</strong></span> <span class='ocrx_word' id='word_1_906' title='bbox 2667 5170 2808 5242; x_wconf 86' lang='lat' dir='ltr'><strong>Lege</strong></span> <span class='ocrx_word' id='word_1_907' title='bbox 2835 5179 2891 5227; x_wconf 92' lang='lat' dir='ltr'><strong>ct</strong></span> <span class='ocrx_word' id='word_1_908' title='bbox 2918 5170 3210 5241; x_wconf 65' lang='lat' dir='ltr'><strong>Evangelia</strong></span> <span class='ocrx_word' id='word_1_909' title='bbox 3234 5171 3443 5241; x_wconf 90' lang='lat' dir='ltr'><strong>jussnm</strong></span> <span class='ocrx_word' id='word_1_910' title='bbox 3481 5181 3583 5227; x_wconf 90' lang='lat' dir='ltr'><strong>est.</strong></span> <span class='ocrx_word' id='word_1_911' title='bbox 3613 5190 3635 5224; x_wconf 75' lang='grc' dir='ltr'><strong>ι</strong></span> <span class='ocrx_word' id='word_1_912' title='bbox 3666 5173 3842 5228; x_wconf 81' lang='lat' dir='ltr'><strong>Pela-</strong></span> 
     </span>
    </p>
   </div>
   <div class='ocr_carea' id='block_1_117' title="bbox 2229 5263 3840 5334">
    <p class='ocr_par' dir='ltr' id='par_1_117' title="bbox 2229 5263 3840 5334">
     <span class='ocr_line' id='line_1_118' title="bbox 2229 5263 3840 5334; baseline 0.002 -18"><span class='ocrx_word' id='word_1_913' title='bbox 2229 5263 2348 5334; x_wconf 85' lang='lat' dir='ltr'><strong>gius</strong></span> <span class='ocrx_word' id='word_1_914' title='bbox 2389 5274 2566 5319; x_wconf 87' lang='lat' dir='ltr'><strong>autem</strong></span> <span class='ocrx_word' id='word_1_915' title='bbox 2613 5283 2632 5317; x_wconf 77' lang='grc' dir='ltr'><strong>ι</strong></span> <span class='ocrx_word' id='word_1_916' title='bbox 2660 5264 2729 5321; x_wconf 88' lang='lat' dir='ltr'><strong>de</strong></span> <span class='ocrx_word' id='word_1_917' title='bbox 2762 5265 3065 5334; x_wconf 75' lang='lat' dir='ltr'><strong>virginitate</strong></span> <span class='ocrx_word' id='word_1_918' title='bbox 3111 5279 3170 5320; x_wconf 92' lang='lat' dir='ltr'><strong>se</strong></span> <span class='ocrx_word' id='word_1_919' title='bbox 3213 5265 3412 5321; x_wconf 84' lang='lat' dir='ltr'><strong>dixisse</strong></span> <span class='ocrx_word' id='word_1_920' title='bbox 3441 5284 3459 5317; x_wconf 78' lang='grc' dir='ltr'><strong>ι</strong></span> <span class='ocrx_word' id='word_1_921' title='bbox 3508 5265 3840 5333; x_wconf 82' lang='lat' dir='ltr'><strong>respondit,</strong></span> 
     </span>
    </p>
   </div>
   <div class='ocr_carea' id='block_1_118' title="bbox 2237 5356 3842 5430">
    <p class='ocr_par' dir='ltr' id='par_1_118' title="bbox 2237 5356 3842 5430">
     <span class='ocr_line' id='line_1_119' title="bbox 2237 5356 3842 5430; baseline 0.002 -22"><span class='ocrx_word' id='word_1_922' title='bbox 2237 5373 2256 5408; x_wconf 74' lang='grc' dir='ltr'><strong>ι</strong></span> <span class='ocrx_word' id='word_1_923' title='bbox 2284 5356 2351 5411; x_wconf 88' lang='lat' dir='ltr'><strong>de</strong></span> <span class='ocrx_word' id='word_1_924' title='bbox 2374 5371 2477 5426; x_wconf 89' lang='lat' dir='ltr'><strong>qua</strong></span> <span class='ocrx_word' id='word_1_925' title='bbox 2502 5357 2695 5412; x_wconf 84' lang='lat' dir='ltr'><strong>Paulus</strong></span> <span class='ocrx_word' id='word_1_926' title='bbox 2709 5358 2858 5424; x_wconf 90' lang='lat' dir='ltr'><strong>dicit,</strong></span> <span class='ocrx_word' id='word_1_927' title='bbox 2882 5357 3198 5429; x_wconf 66' lang='lat' dir='ltr'><strong>Pro-ceptum</strong></span> <span class='ocrx_word' id='word_1_928' title='bbox 3223 5357 3429 5412; x_wconf 86' lang='lat' dir='ltr'><strong>Domini</strong></span> <span class='ocrx_word' id='word_1_929' title='bbox 3458 5375 3556 5412; x_wconf 85' lang='lat' dir='ltr'><strong>non</strong></span> <span class='ocrx_word' id='word_1_930' title='bbox 3576 5357 3842 5430; x_wconf 59' lang='lat' dir='ltr'><strong>habeor“</strong></span> 
     </span>
    </p>
   </div>
   <div class='ocr_carea' id='block_1_119' title="bbox 2229 5449 3846 5522">
    <p class='ocr_par' dir='ltr' id='par_1_119' title="bbox 2229 5449 3846 5522">
     <span class='ocr_line' id='line_1_120' title="bbox 2229 5449 3846 5522; baseline 0 -16"><span class='ocrx_word' id='word_1_931' title='bbox 2229 5449 2348 5506; x_wconf 87' lang='lat' dir='ltr'><strong>Cor.</strong></span> <span class='ocrx_word' id='word_1_932' title='bbox 2379 5467 2484 5517; x_wconf 91' lang='lat' dir='ltr'><strong>vu,</strong></span> <span class='ocrx_word' id='word_1_933' title='bbox 2522 5451 2650 5522; x_wconf 81' lang='grc'><strong>25).</strong></span> <span class='ocrx_word' id='word_1_934' title='bbox 2698 5450 2829 5508; x_wconf 85' lang='lat' dir='ltr'><strong>item</strong></span> <span class='ocrx_word' id='word_1_935' title='bbox 2873 5452 3138 5521; x_wconf 85' lang='lat' dir='ltr'><strong>objeetum</strong></span> <span class='ocrx_word' id='word_1_936' title='bbox 3178 5461 3290 5516; x_wconf 86' lang='lat' dir='ltr'><strong>est,</strong></span> <span class='ocrx_word' id='word_1_937' title='bbox 3339 5451 3606 5510; x_wconf 76' lang='lat' dir='ltr'><strong>affirmare</strong></span> <span class='ocrx_word' id='word_1_938' title='bbox 3644 5449 3846 5507; x_wconf 50' lang='lat' dir='ltr'><strong>Caele-</strong></span> 
     </span>
    </p>
   </div>
   <div class='ocr_carea' id='block_1_120' title="bbox 2229 5545 3844 5617">
    <p class='ocr_par' dir='ltr' id='par_1_120' title="bbox 2229 5545 3844 5617">
     <span class='ocr_line' id='line_1_121' title="bbox 2229 5545 3844 5617; baseline 0.001 -17"><span class='ocrx_word' id='word_1_939' title='bbox 2229 5546 2414 5612; x_wconf 88' lang='lat' dir='ltr'><strong>stium,</strong></span> <span class='ocrx_word' id='word_1_940' title='bbox 2443 5563 2464 5598; x_wconf 78' lang='grc' dir='ltr'><strong>ι</strong></span> <span class='ocrx_word' id='word_1_941' title='bbox 2491 5545 2930 5617; x_wconf 82' lang='lat' dir='ltr'><strong>Unumquemque</strong></span> <span class='ocrx_word' id='word_1_942' title='bbox 2949 5546 3218 5602; x_wconf 89' lang='lat' dir='ltr'><strong>hominem</strong></span> <span class='ocrx_word' id='word_1_943' title='bbox 3244 5559 3402 5617; x_wconf 87' lang='lat' dir='ltr'><strong>posse</strong></span> <span class='ocrx_word' id='word_1_944' title='bbox 3420 5545 3613 5600; x_wconf 87' lang='lat' dir='ltr'><strong>habere</strong></span> <span class='ocrx_word' id='word_1_945' title='bbox 3629 5559 3844 5602; x_wconf 83' lang='lat' dir='ltr'><strong>onmes</strong></span> 
     </span>
    </p>
   </div>
   <div class='ocr_carea' id='block_1_121' title="bbox 2293 5725 3383 5790">
    <p class='ocr_par' dir='ltr' id='par_1_121' title="bbox 2293 5725 3383 5790">
     <span class='ocr_line' id='line_1_122' title="bbox 2293 5725 3383 5790; baseline -0.001 -14"><span class='ocrx_word' id='word_1_946' title='bbox 2293 5728 2310 5790; x_wconf 53' lang='grc' dir='ltr'><strong>ε</strong></span> <span class='ocrx_word' id='word_1_947' title='bbox 2349 5733 2480 5776; x_wconf 89' lang='lat' dir='ltr'><strong>Suar.</strong></span> <span class='ocrx_word' id='word_1_948' title='bbox 2509 5735 2562 5777; x_wconf 90' lang='lat' dir='ltr'><strong>et</strong></span> <span class='ocrx_word' id='word_1_949' title='bbox 2577 5725 2882 5790; x_wconf 77' lang='lat' dir='ltr'><strong>colhertinus</strong></span> <span class='ocrx_word' id='word_1_950' title='bbox 2903 5735 3006 5784; x_wconf 73' lang='grc' dir='ltr'><strong>ωε..</strong></span> <span class='ocrx_word' id='word_1_951' title='bbox 3019 5725 3383 5790; x_wconf 66' lang='lat' dir='ltr'><strong>iudicaverint.</strong></span> 
     </span>
    </p>
   </div>
   <div class='ocr_carea' id='block_1_122' title="bbox 2226 5785 3838 5901">
    <p class='ocr_par' dir='ltr' id='par_1_122' title="bbox 2226 5785 3838 5901">
     <span class='ocr_line' id='line_1_123' title="bbox 2226 5785 3838 5901; baseline 0.001 -62"><span class='ocrx_word' id='word_1_952' title='bbox 2226 5789 2318 5901; x_wconf 50' lang='lat' dir='ltr'><strong>tu;</strong></span> <span class='ocrx_word' id='word_1_953' title='bbox 2350 5790 2496 5850; x_wconf 66' lang='lat' dir='ltr'><strong>aliti,</strong></span> <span class='ocrx_word' id='word_1_954' title='bbox 2518 5787 2895 5841; x_wconf 69' lang='lat' dir='ltr'><strong>administratas.</strong></span> <span class='ocrx_word' id='word_1_955' title='bbox 2947 5796 3001 5839; x_wconf 78' lang='lat' dir='ltr'><strong>At</strong></span> <span class='ocrx_word' id='word_1_956' title='bbox 3020 5785 3034 5790; x_wconf 65' lang='grc'>⁷</span> <span class='ocrx_word' id='word_1_957' title='bbox 3052 5787 3358 5840; x_wconf 72' lang='lat' dir='ltr'><strong>oolbertimns</strong></span> <span class='ocrx_word' id='word_1_958' title='bbox 3402 5797 3481 5840; x_wconf 68' lang='lat' dir='ltr'><strong>Ms.</strong></span> <span class='ocrx_word' id='word_1_959' title='bbox 3501 5821 3518 5850; x_wconf 88' lang='lat'><strong>,</strong></span> <span class='ocrx_word' id='word_1_960' title='bbox 3562 5785 3838 5841; x_wconf 58' lang='lat' dir='ltr'><strong>&quot;constra-</strong></span> 
     </span>
    </p>
   </div>
  </div>
