3996 6480
174 384 289 441 557

173 503 408 557 virtutes
437 510 491 556 et
512 501 717 571 gratias
737 542 751 567 ,
785 518 805 552 ι
840 514 903 554 ac
928 501 1004 555 sic
1038 497 1232 552 auferri
1259 496 1627 552 diver..itatem
1656 513 1775 564 gra-

181 594 417 657 tiarum,
460 607 616 661 quam
650 592 941 660 Apostolus
978 589 1151 644 docet.
1195 589 1435 658 Pelagius
1476 599 1652 642 autem
1698 602 1781 641 re-

179 686 424 751 spondit,
461 699 479 734 t
504 680 619 736 Non
641 696 701 736 se
720 678 934 736 auferre
954 682 1239 750 gratiarum
1263 679 1622 733 diversitatem
1644 694 1659 742 ;
1685 676 1779 731 sed

188 775 403 837 dicere,
432 773 633 828 donare
670 773 839 828 Deum
868 771 916 827 ei
935 811 952 837 ,
990 772 1080 842 qui
1112 771 1271 826 fuerit
1293 769 1481 841 dignus
1500 770 1777 839 accipere,

188 882 377 921 "nites
401 866 624 935 gratias,
648 865 789 919 sicut
812 864 978 920 Paulo
1006 863 1249 932 apostolo
1273 862 1509 917 donavit.
1541 880 1560 914 ι

249 960 345 1014 6t.
381 959 492 1014 Has
514 973 580 1012 ex
601 956 820 1012 nomine
843 955 1077 1012 Ctelestii
1102 966 1327 1026 quatuor
1347 956 1640 1011 sententias
1666 969 1775 1008 non

179 1052 257 1103 sic
288 1049 725 1121 approbaverunt
762 1047 1001 1118 episeopi
1038 1045 1244 1116 judices
1263 1088 1279 1111 ,
1308 1044 1449 1100 sixut
1477 1060 1571 1101 eas
1606 1042 1778 1100 Catie-

178 1144 319 1196 stins
359 1142 596 1195 sensisse
619 1141 934 1196 dicebatur:
962 1138 1060 1194 sed
1098 1138 1237 1194 sicut
1266 1138 1336 1194 de
1372 1139 1456 1193 his
1502 1138 1779 1209 respondit

181 1235 456 1303 Pelagius.
490 1233 743 1287 Viderunt
765 1233 908 1287 enim
937 1234 976 1299 ⁸,
1004 1232 1144 1305 quod
1170 1231 1312 1286 aliud
1334 1232 1403 1286 sit
1423 1234 1538 1285 sine
1562 1239 1778 1299 peccato

181 1343 304 1383 esse
330 1369 344 1389 ,
375 1326 523 1381 aliud
567 1336 751 1381 sancte
780 1335 834 1380 et
858 1325 999 1395 justo
1033 1326 1210 1380 vivere
1230 1367 1245 1390 ,
1290 1325 1427 1379 sicut
1467 1325 1624 1378 etiam
1654 1335 1778 1378 ante

180 1420 477 1472 adventum
505 1416 702 1472 Christi
726 1417 986 1487 quosdam
1011 1418 1208 1474 vixisse
1227 1417 1501 1486 Scriptura
1534 1424 1773 1470 testatur.

182 1510 247 1565 Et
270 1509 521 1580 quamvis
550 1524 656 1564 non
685 1509 756 1564 sit
784 1509 871 1563 hic
900 1508 1136 1564 Ecclesia
1168 1510 1284 1564 sine
1312 1507 1514 1563 macula
1539 1516 1594 1560 et
1618 1521 1775 1577 ruga;

180 1614 359 1655 tamen
389 1617 511 1656 eam
539 1611 594 1656 et
616 1601 833 1656 lavacro
866 1599 1284 1672 regenerationis
1308 1600 1373 1654 ab
1400 1602 1544 1652 omni
1571 1601 1776 1653 macula

182 1708 419 1763 rugaque
461 1692 709 1764 purgari,
756 1700 812 1748 et.
843 1707 961 1748 eam
991 1692 1060 1746 ita
1086 1691 1226 1748 velle
1258 1691 1535 1746 Dominum
1572 1704 1780 1760 pernm.

184 1800 311 1838 uere
340 1800 355 1836 :
388 1798 515 1836 nam
556 1792 612 1838 et
658 1782 728 1838 ita
761 1782 1120 1852 permanebit,
1164 1781 1285 1851 quia
1328 1782 1448 1835 sine
1494 1780 1697 1834 macula
1726 1789 1780 1833 et

184 1890 309 1945 ruga
357 1874 549 1944 utique
591 1873 646 1928 in
689 1882 888 1929 aeterna
935 1871 1188 1928 felicitate
1229 1872 1487 1941 regnabit.
1531 1873 1595 1929 Et
1634 1870 1777 1942 quod

187 1974 441 2037 perpetua
463 1966 762 2036 virginitas,
786 1981 905 2037 qua:
932 1975 1197 2037 prtecepta
1219 1982 1324 2019 non
1346 1974 1448 2029 est,
1474 1964 1589 2019 sine
1615 1964 1778 2018 dubio

186 2061 301 2129 plus
322 2060 415 2125 sit,
447 2076 607 2129 quant
629 2058 928 2128 conjngalis
952 2058 1223 2130 pudicitia,
1244 2074 1361 2129 qua:
1384 2066 1644 2127 pratcepta
1662 2067 1775 2121 est;

183 2153 426 2222 quamvis
458 2151 513 2209 in
554 2151 734 2207 multis
760 2149 1040 2223 virginitas
1077 2158 1416 2220 perseveret,
1466 2150 1555 2218 qui
1600 2156 1777 2205 tatuon

187 2260 288 2297 non
319 2251 452 2297 sunt
479 2242 598 2296 sine
639 2251 878 2311 peccato.
913 2240 980 2295 Et
1016 2238 1158 2311 quod
1199 2255 1291 2294 eas
1332 2254 1521 2294 omnes
1547 2240 1775 2309 gratias,

184 2351 316 2406 quas
334 2336 457 2391 loco
476 2351 588 2390 uno
609 2343 1016 2399 commemorat,
1041 2333 1224 2388 habuit
1247 2332 1519 2403 apostolus
1544 2331 1735 2386 Paulus
1760 2348 1775 2386 :

188 2444 315 2498 quas
343 2438 526 2483 tamen
556 2444 677 2482 eum
704 2428 923 2498 dignum
955 2426 1117 2482 fuisse
1141 2426 1404 2496 accipere.
1434 2435 1527 2481 aut
1557 2443 1661 2487 non
1687 2442 1778 2482 se-

188 2518 419 2574 cundum
453 2519 677 2583 merita,
706 2517 803 2574 sed
830 2518 1006 2589 potius
1032 2518 1324 2573 secundum
1354 2517 1778 2588 pra-destinatio-

187 2629 304 2667 nem
347 2612 535 2681 aliquo
576 2610 737 2665 modo
783 2610 1078 2681 intelligere
1119 2618 1435 2679 potuerunt;
1482 2609 1597 2678 ipse
1634 2610 1776 2663 enim

187 2703 344 2768 dicit,
392 2701 519 2756 Non
547 2719 661 2756 sum
688 2703 871 2773 dignus
889 2742 907 2768 ,
937 2702 1045 2767 vel,
1071 2718 1171 2755 non
1199 2718 1313 2756 sum
1358 2700 1574 2758 idoneus
1610 2701 1779 2756 Iocari

188 2792 505 2866 apostolusu
535 2792 656 2848 Cor.
694 2808 791 2858 xv,
822 2792 877 2862 9)
908 2810 921 2846 :
953 2801 1047 2846 aut
1073 2808 1256 2846 eorum
1277 2792 1623 2847 intentionem
1646 2790 1777 2845 sub-

190 2884 405 2954 terfugit
431 2884 687 2949 verbum,
734 2883 875 2953 quod
908 2883 1149 2953 Pelagius
1188 2881 1641 2954 quemadmodum
1684 2898 1776 2951 po-

190 2981 371 3043 suerit,
402 2979 521 3047 ipse
550 2976 764 3031 viderit.
808 2976 933 3030 [hec
956 2976 1157 3031 suntin
1192 2977 1384 3045 quibus
1408 2977 1640 3047 episcopi
1669 2976 1777 3034 pe.

194 3071 377 3141 legium
409 3070 895 3139 pronuntiaverunt
922 3069 1023 3139 piis
1047 3069 1350 3125 consentire
1376 3067 1660 3127 doctrinis.

252 3164 339 3217 65.
372 3161 529 3217 Nune
557 3162 808 3217 similiter
847 3161 1246 3232 recapitnlzunlo
1275 3162 1363 3218 illa
1405 3164 1564 3233 paulo
1598 3174 1777 3219 atten-

192 3256 289 3308 tius
312 3254 620 3317 videamus,
643 3270 763 3324 qua:
789 3253 936 3308 illum
966 3254 1232 3309 contraria
1258 3255 1547 3324 reprobare
1571 3263 1627 3311 et
1648 3271 1778 3312 ana-

191 3344 535 3400 tbematizare
563 3344 836 3399 dixerunt.
868 3344 926 3400 In
956 3344 1060 3401 hoc
1088 3346 1109 3379 ¹
1139 3344 1282 3401 enim
1322 3348 1497 3417 potius
1527 3355 1632 3402 tota
1664 3348 1775 3402 lue-

191 3439 314 3493 resis
349 3438 454 3492 ista
484 3437 757 3492 consistit.
784 3437 1038 3507 Exceptis
1061 3453 1189 3508 ergo
1209 3438 1335 3505 illis,
1364 3455 1484 3508 qua:
1511 3440 1563 3494 in
1590 3439 1776 3494 adula-

192 3533 325 3588 tione
349 3532 544 3587 nescio
572 3530 727 3601 cujus
753 3530 927 3587 viduae
952 3532 1003 3586 in
1024 3531 1176 3587 libris
1200 3533 1313 3587 suis
1338 3534 1577 3603 posuisse
1604 3533 1777 3590 dictus

191 3635 291 3689 est,
318 3641 445 3696 quae
476 3624 569 3679 ille
599 3643 619 3678 ι
649 3640 821 3694 neque
849 3624 900 3678 iu
941 3623 1089 3679 libris
1128 3626 1241 3679 suis
1264 3639 1415 3689 esse,
1448 3641 1621 3697 neque
1651 3625 1776 3686 Iala

193 3732 414 3787 unquam
442 3731 504 3771 se
530 3714 734 3771 dixisse
755 3733 776 3767 ι
810 3715 1112 3786 respondit;
1149 3734 1169 3766 ι
1194 3724 1249 3771 et
1274 3731 1368 3771 eos
1393 3716 1482 3788 qui
1528 3717 1648 3771 talia
1685 3733 1776 3772 sa-

190 3816 369 3875 perent
391 3850 408 3871 ,
444 3822 555 3862 non
586 3814 839 3876 tanquam
878 3806 1159 3862 harreticos
1181 3848 1197 3871 ,
1242 3806 1338 3862 sed
1369 3816 1617 3877 tanquam
1644 3809 1777 3864 stui-

192 3909 266 3954 tos
285 3898 797 3955 anatltematiaavit:
826 3915 846 3950 ι
880 3896 996 3953 hac
1023 3904 1150 3953 sunt
1171 3898 1365 3968 quibus
1388 3898 1611 3955 haeresis
1634 3900 1776 3956 illius

189 3990 393 4047 dumeta
425 3989 672 4061 quotidie
703 3988 997 4059 pullulare,
1039 3990 1149 4044 imo
1173 3990 1283 4059 jam
1313 3991 1597 4048 silvescere
1624 3991 1776 4047 dole-

187 4084 388 4137 bamus.
426 4100 447 4135 t
476 4080 651 4137 Adam
679 4081 958 4137 mortalem
986 4079 1182 4136 factum
1204 4123 1220 4148 ,
1250 4082 1339 4152 qui
1368 4082 1485 4138 sive
1510 4093 1774 4152 peccaret,

188 4174 293 4229 sive
326 4190 438 4230 non
468 4182 748 4244 peccaret,
779 4172 1075 4228 moriturus
1110 4182 1273 4229 esset.
1310 4173 1463 4241 Quod
1500 4185 1773 4243 peccatum

188 4264 310 4319 Adae
334 4266 516 4334 ipsum
562 4263 736 4319 solum
764 4263 988 4329 laeserit,
1029 4272 1084 4320 et
1118 4278 1225 4320 non
1265 4280 1432 4335 genus
1460 4265 1774 4323 humanum.

188 4358 329 4426 Quod
370 4358 486 4415 Lex
519 4358 601 4413 sic
643 4356 817 4413 mittat
849 4356 916 4412 ad
952 4372 1209 4428 regnum,
1251 4358 1696 4429 quemadmodum
1724 4370 1779 4417 et

188 4448 562 4521 Evangelium.
603 4448 756 4515 Quod
803 4446 1032 4505 infantes
1074 4465 1243 4519 nuper
1278 4450 1386 4504 nati
1425 4450 1478 4505 in
1518 4451 1610 4505 illo
1637 4460 1777 4507 statu

188 4543 317 4608 sint,
348 4544 405 4596 in
443 4557 556 4611 quo
581 4540 752 4596 Adam
794 4540 892 4595 fuit
929 4551 1051 4597 ante
1086 4544 1595 4611 praevaricationem.
1624 4545 1777 4613 Quod

189 4648 354 4702 neque
402 4647 505 4701 per
547 4631 896 4688 mortem'vel
938 4633 1431 4703 przevarieationem
1463 4635 1590 4689 Adae
1619 4651 1779 4692 ontne

184 4737 351 4795 genus
380 4723 667 4778 hominum
702 4723 981 4789 moriatur,
1014 4739 1185 4794 neque
1217 4740 1311 4793 per
1336 4728 1777 4784 resurrerlitmem

194 4814 380 4872 illiriin
424 4831 591 4871 omne
629 4830 799 4885 genus
831 4816 1103 4871 hominum
1133 4827 1396 4887 resurgat.
1431 4818 1582 4887 Quod
1611 4821 1781 4875 inl'an-

192 4916 297 4975 leS,
333 4909 439 4964 etsi
483 4923 593 4962 non
635 4906 990 4979 baptizentur,
1034 4908 1265 4965 habeant
1304 4910 1463 4964 vitam
1500 4921 1776 4969 :eternam.

193 5001 339 5069 Quod
363 5002 566 5056 divites
590 5000 864 5070 baptizati,
896 5000 995 5054 nisi
1022 5000 1269 5056 omnibus
1292 5002 1701 5074 abrenuntient,
1732 5005 1780 5060 si

192 5092 311 5161 quid
334 5092 468 5149 boni
504 5090 607 5146 visi
645 5089 845 5145 fuerint
873 5089 1082 5155 facere,
1116 5106 1221 5144 non
1249 5091 1329 5145 eis
1353 5102 1648 5160 reputetur,
1682 5108 1779 5149 ne-

193 5198 293 5253 [ne
320 5198 551 5254 regnum
580 5182 676 5237 Dei
717 5182 925 5252 possint
959 5181 1176 5238 habere.
1205 5181 1357 5249 Quod
1398 5184 1564 5253 gratia
1593 5185 1687 5240 Dei
1727 5196 1782 5241 et

191 5272 515 5343 adjutorium
556 5288 666 5329 non
709 5271 778 5327 ad
820 5272 1058 5343 singulos
1082 5282 1234 5328 actus
1262 5273 1451 5341 detur;
1498 5275 1592 5331 scd
1621 5293 1673 5331 tn
1715 5277 1780 5332 li-

188 5361 319 5420 itero
345 5364 574 5421 arbitrio
600 5364 694 5430 sit,
725 5374 779 5420 et
806 5364 859 5419 in
884 5363 1001 5434 lego
1028 5374 1188 5436 atque
1214 5365 1476 5425 doctrina.
1505 5367 1659 5435 Quod
1687 5370 1781 5426 Dei

190 5457 357 5525 gratia
386 5456 686 5511 secundum
733 5456 922 5511 merita
966 5465 1146 5511 nostra
1186 5455 1375 5522 detur;
1406 5467 1462 5513 et
1500 5467 1781 5529 prepterea

190 5551 305 5620 ipsa
321 5552 494 5623 gratia
521 5550 577 5605 in
598 5548 835 5604 hominis
854 5548 924 5607 sit
948 5549 1117 5618 posita
1139 5549 1430 5616 voluntate,
1454 5553 1569 5608 sive
1592 5554 1784 5624 dignus

192 5640 285 5697 ﬁat
304 5643 349 5707 ³,
374 5642 490 5697 sive
522 5642 793 5711 indignus.
836 5640 986 5707 Quod
1034 5640 1122 5694 filii
1163 5641 1253 5696 Dei
1302 5658 1405 5699 nou
1442 5644 1646 5716 possint
1686 5660 1781 5700 vo-

255 5754 273 5785 ι
300 5759 365 5803 tta
387 5752 518 5804 Coib.
542 5762 626 5804 tts.
646 5762 705 5805 At
730 5751 868 5812 editi,
892 5751 1095 5803 vitatur.

253 5819 277 5846 ι
300 5823 453 5877 Forte,
476 5816 526 5867 in
547 5816 643 5869 bis.

255 5879 282 5910 ³
304 5885 436 5930 Forte
460 5916 477 5943 ,
498 5880 671 5943 fuerit.

1605 377 1803 435 Lllli-Lil
1836 370 1966 433 UNI
1978 378 2035 433 8.

1884 495 2034 562 cari,
2091 496 2190 551 nisi
2242 498 2459 553 omnino
2515 501 2716 572 alisque
2764 512 2982 574 peccato
3026 503 3223 563 fuerint
3267 506 3466 564 ell'ecti.

1885 587 2037 656 Quod
2082 590 2281 644 oblivio
2324 602 2378 647 et
2422 594 2712 662 ignorantia
2770 613 2875 651 non
2920 598 3230 669 subjaceant
3275 615 3437 671 pecca

1887 690 1971 742 to;
2009 683 2256 750 quoniam
2298 700 2403 737 non
2457 687 2702 741 eveniant
2754 689 3045 745 secundum
3091 692 3416 748 voluntatem
3449 734 3466 761 ,

1884 771 1977 825 sed
2035 773 2325 829 secundum
2380 777 2765 834 necessitatem.
2823 780 2976 847 Quod
3028 798 3136 838 non
3194 782 3264 838 sit
3321 784 3461 839 ιιιιαέ

1884 877 2004 919 rum
2048 864 2357 934 arbitrium,
2412 868 2455 923 si
2508 870 2741 941 indigeat
2792 873 2991 929 auxilio
3037 875 3168 942 Dei;
3213 878 3465 947 quoniam

1882 956 2150 1025 propriam
2180 959 2503 1014 voluntatem
2543 960 2736 1015 habeat
2771 964 3134 1035 unusquisque
3159 975 3251 1020 aut
3288 966 3465 1022 facere

1882 1046 2113 1117 aliquid,
2142 1058 2234 1103 aut
2261 1065 2368 1105 non
2409 1050 2603 1107 facere.
2630 1052 2784 1121 Quod
2815 1054 3034 1109 vietoria
3063 1066 3245 1112 nostra
3274 1072 3339 1113 ex
3373 1055 3465 1114 Dei

1885 1154 1991 1193 non
2017 1138 2086 1193 sit
2110 1140 2393 1210 adjutorio,
2417 1142 2511 1198 sed
2534 1158 2599 1198 ex
2625 1145 2795 1200 libero
2814 1144 3056 1201 arbitrio.
3084 1146 3237 1213 Quod
3262 1164 3328 1202 ex
3352 1149 3464 1211 illo.

1883 1228 2026 1297 quod
2064 1230 2139 1284 ait
2180 1230 2399 1297 Petrus,
2428 1231 2625 1287 divina:
2652 1249 2750 1289 nos
2779 1249 2898 1290 esse
2926 1245 3208 1291 consortes
3232 1247 3465 1302 naturze,

1882 1335 2214 1391 consequens
2243 1324 2313 1377 sit
2345 1334 2403 1377 ut
2424 1323 2495 1379 ita
2525 1327 2697 1395 possit
2730 1341 2851 1382 esse
2876 1328 3053 1382 anima
3083 1329 3200 1384 sine
3228 1340 3468 1399 peccato,

1883 1413 2329 1481 quemadmodum
2363 1415 2520 1471 Deus.
2550 1435 2572 1469 ι
2603 1417 2717 1473 Hoc
2743 1418 2887 1474 enim
2927 1420 2978 1475 iu
3011 1419 3292 1476 undecimo
3317 1422 3468 1492 capi-

1884 1502 1997 1555 tulo
2022 1502 2144 1557 libri
2164 1545 2178 1569 ,
2208 1519 2312 1559 non
2342 1505 2556 1575 quidem
2586 1508 2830 1564 habentis
2851 1510 3085 1567 auctoris
3112 1512 3194 1566 sui
3221 1513 3467 1579 titulum,

1883 1594 1976 1648 sed
2003 1595 2092 1666 qui
2125 1596 2436 1666 perhibetur
2460 1614 2581 1655 esse
2601 1597 2839 1657 Ctnlestii
2862 1643 2876 1667 ,
2910 1602 2993 1658 his
3017 1603 3196 1659 verbis
3237 1606 3467 1673 positum

1885 1682 1999 1753 ipse
2026 1685 2127 1754 legi
2154 1704 2167 1739 :
2204 1704 2223 1737 ι
2254 1688 2535 1753 Quomodo
2557 1690 2845 1760 quispiam,
2877 1710 2898 1744 ι
2931 1693 3133 1763 inquit,
3171 1712 3190 1746 t
3220 1694 3361 1749 illius
3391 1695 3467 1749 rei

1884 1776 2213 1830 consortium
2237 1778 2506 1847 suscepit,
2533 1794 2565 1832 a
2587 1779 2742 1850 cujus
2770 1788 2910 1837 statu
2934 1792 2990 1837 et
3013 1784 3209 1838 virtute
3229 1799 3349 1840 esse
3375 1799 3472 1839 ex-

1886 1874 2099 1921 traneos
2121 1866 2411 1925 definitur?
2437 1888 2460 1923 ι
2486 1869 2613 1926 ideo
2643 1872 2835 1928 fratres
2856 1874 2947 1944 qui
2986 1874 3102 1929 hare
3126 1875 3469 1945 obiecerunt,

1883 1957 1961 2012 sic
1982 1972 2104 2013 eum
2133 1958 2535 2028 intellexerunt,
2574 1970 2825 2034 tanquam
2852 1964 3092 2034 ejusdem
3130 1975 3331 2022 natura:
3353 1966 3471 2021 ani-

1885 2065 2024 2106 mant
2063 2058 2120 2107 et
2156 2053 2322 2110 Deum
2342 2095 2358 2121 ,
2388 2062 2445 2111 et
2484 2067 2688 2127 partem
2728 2058 2821 2114 Dei
2850 2057 3049 2115 dixerit
3086 2060 3318 2119 attituant
3347 2080 3362 2116 :
3391 2061 3469 2117 sic

1885 2142 2031 2201 enim
2062 2156 2418 2215 acceperunt,
2450 2146 2595 2220 quod
2617 2149 2862 2218 ejusdem
2890 2158 3059 2205 status
3083 2160 3241 2221 atque
3262 2153 3471 2208 virtutis

1883 2252 2002 2293 eam
2032 2253 2153 2294 esse
2180 2255 2300 2294 cum
2333 2240 2445 2296 Deo
2467 2243 2717 2297 senserit.
2754 2240 2812 2298 ln
2838 2256 3082 2300 extrario
3113 2255 3289 2299 autem
3317 2247 3469 2315 obje-

1884 2340 2091 2384 ctorum
2127 2331 2356 2400 positum
2387 2340 2508 2387 est:
2541 2350 2562 2385 ι
2588 2332 2741 2402 Quod
2779 2335 3161 2407 pauitantibus
3186 2336 3336 2391 venia
3363 2352 3470 2392 non

1883 2420 2041 2475 detur
2065 2421 2358 2479 secundum
2403 2424 2628 2493 gratiam
2659 2434 2713 2480 et
2751 2425 3171 2482 misericordiam
3215 2426 3307 2482 Dei
3328 2470 3345 2496 ,
3369 2430 3469 2485 sed

1884 2511 2177 2566 secundum
2205 2522 2453 2567 meritum
2481 2524 2536 2569 et
2562 2513 2801 2569 laborem
2825 2531 3035 2581 eorum,
3066 2534 3152 2587 qm
3177 2533 3273 2588 per
3302 2521 3473 2588 pugni-

1886 2604 2109 2659 tentiam
2136 2604 2282 2675 digni
2306 2604 2504 2661 fuerint
2541 2607 2930 2663 misericordia.
2962 2628 2982 2663 ι
3010 2607 3137 2666 ilice
3174 2613 3350 2667 omnia
3371 2653 3387 2680 ,
3416 2624 3472 2669 et

1885 2695 2074 2768 siqua:
2102 2698 2593 2767 argumentationes
2631 2697 2697 2754 ad
2739 2714 2803 2755 ea
2839 2701 3204 2756 confirmanda
3236 2705 3471 2774 interpo-

1882 2786 2000 2840 sitae
2023 2795 2174 2854 sunt,
2203 2803 2296 2843 sua
2329 2799 2608 2859 negantem
2626 2832 2641 2857 ,
2669 2800 2722 2846 et
2748 2793 3288 2849 anatltematizantem
3314 2795 3468 2851 Pela-

1883 2879 2029 2949 gium
2066 2879 2277 2951 judices
2314 2882 2746 2952 approbaveruut
2776 2902 2791 2939 :
2838 2894 2894 2940 et
2932 2886 3053 2941 idco
3090 2890 3469 2958 pronuntiave-

1884 2980 2029 3035 runt,
2057 2987 2178 3027 eum
2206 2974 2476 3027 contraria
2504 2975 2882 3031 ecclesiastica:
2907 2975 3027 3031 ﬁdei
3059 2979 3392 3049 reprobando
3412 2990 3471 3037 et

1883 3062 2404 3131 anathematizando,
2432 3064 2737 3122 damnasse.
2768 3069 2845 3123 Ac
2878 3084 2974 3139 per
3013 3069 3113 3126 hoc
3140 3073 3473 3141 quomodoli-

1883 3152 1974 3209 bet
2006 3169 2069 3209 ea
2093 3154 2375 3209 leestius
2405 3158 2645 3225 posuerit
2667 3169 2759 3214 aut
2781 3176 2884 3213 non
2916 3162 3185 3231 posuerit,
3213 3165 3294 3219 vel
3320 3163 3473 3222 Pela-

1882 3245 1999 3315 gius
2028 3246 2259 3301 senserit
2282 3254 2375 3300 aut
2411 3262 2517 3301 non
2545 3252 2776 3303 senserit
2794 3291 2808 3313 ,
2838 3259 2980 3304 tanta
3008 3254 3143 3306 mala
3186 3262 3292 3308 tam
3320 3272 3472 3311 nova:

1884 3334 2042 3407 hujus
2104 3336 2324 3393 lurrcsis
2368 3338 2479 3393 illo
2544 3340 2908 3398 ecclesiastico
2960 3344 3163 3414 judicio
3223 3348 3475 3404 dmnnata

1881 3429 2239 3498 gaudeamus,
2284 3438 2341 3485 et
2380 3430 2493 3485 Deo
2528 3433 2727 3503 gratias
2765 3448 3017 3504 agamus,
3059 3437 3350 3509 laudesque
3387 3440 3473 3496 di-

1882 3537 2086 3579 eamus.

1953 3614 2042 3669 66.
2076 3615 2151 3669 De
2177 3612 2262 3670 liis
2284 3624 2460 3671 autem
2489 3630 2610 3686 qua:
2650 3624 2772 3688 post
2805 3617 2909 3673 hoc
2928 3617 3183 3689 judicium
3210 3620 3282 3677 ibi
3308 3636 3338 3678 ιι
3368 3638 3468 3680 ne-

1882 3707 1995 3762 seio
2032 3722 2143 3777 quo
2178 3722 2351 3763 cuneo
2374 3708 2700 3778 perditorum
2725 3750 2739 3774 ,
2767 3710 2857 3781 qui
2885 3711 3040 3767 Valde
3068 3713 3121 3767 in
3162 3728 3475 3785 perversum

1887 3798 2237 3869 perhibentur
2278 3798 2513 3869 Pelagio.
2546 3800 2864 3871 suffragari,
2913 3802 3202 3859 incredibili
3250 3806 3475 3863 audacia

1889 3900 2193 3962 perpetrata
2223 3892 2494 3961 dicuntur,
2517 3903 2574 3948 ut
2601 3893 2695 3948 Dei
2720 3894 2860 3950 servi
2883 3905 2944 3952 et
2964 3896 3169 3952 ancilia:
3192 3898 3259 3952 ad
3289 3914 3479 3955 curam

1886 3985 2056 4041 sancti
2087 3985 2398 4057 Hieronymi
2427 3985 2724 4057 presbyteri
2750 3987 3097 4057 pertinentes,
3125 3989 3472 4045 sceleratissi-

1882 4091 1968 4132 ma
2009 4077 2158 4132 caede
2191 4076 2550 4142 afﬁcerentur,
2578 4077 2835 4136 diaconus
2860 4080 3213 4146 occideretur,
3244 4081 3477 4139 a-dilieia

1885 4168 2329 4224 monasteriorum
2357 4167 2791 4235 incenderentur,
2818 4169 2905 4225 vix
2934 4170 3107 4240 ipsum
3134 4171 3204 4227 ab
3228 4172 3330 4228 hoc
3368 4173 3474 4227 im-

1884 4270 2010 4331 petu
2039 4269 2200 4330 atque
2228 4261 2444 4315 incursu
2472 4260 2753 4330 impiorum
2780 4262 2831 4317 in
2857 4262 2949 4316 Dei
2975 4263 3335 4319 misericordia
3360 4273 3481 4318 tun

1881 4352 1958 4408 ris
1986 4352 2239 4407 munitior
2264 4360 2504 4407 tueretur
2528 4352 2606 4424 (α)
2631 4369 2646 4418 ;
2676 4352 2959 4409 tacendum
2985 4354 3141 4409 nobis
3185 4356 3360 4424 potius
3386 4356 3468 4410 vi-

1882 4442 2003 4507 deo,
2031 4453 2085 4498 et
2111 4442 2525 4511 exspectandum
2544 4441 2669 4514 quid
2696 4444 2802 4499 illic
2827 4442 3017 4499 fratres
3037 4444 3201 4499 nostri
3231 4444 3476 4515 episcopi

1883 4539 1951 4593 de
1982 4538 2063 4594 liis
2093 4538 2249 4593 tantis
2272 4536 2428 4591 malis
2452 4536 2713 4607 agendum
2744 4537 3068 4601 existiment,
3108 4552 3138 4591 a
3163 4536 3351 4607 quibus
3374 4552 3479 4592 eos

1883 4629 2219 4684 dissinmiarc
2247 4642 2424 4698 posse,
2447 4629 2566 4698 quis
2586 4627 2803 4683 credat?
2825 4626 2986 4696 Impia
3011 4628 3203 4697 quippe
3222 4626 3475 4698 dogmata

1885 4719 2247 4791 hujuscemodi
2270 4720 2565 4787 hominum,
2588 4734 2617 4773 a
2637 4718 2958 4789 quibuslibet
2975 4716 3280 4782 Catholicis,
3304 4719 3469 4774 etiam

1884 4813 1972 4883 qni
1999 4812 2066 4866 ab
2092 4813 2193 4867 illis
2220 4813 2374 4868 terris
2398 4814 2554 4883 longe
2578 4813 2790 4880 absunt,
2819 4812 3181 4882 redarguenda
3209 4821 3366 4878 sunt;
3401 4830 3476 4870 ne

1886 4904 2203 4974 ubicumque
2232 4919 2425 4959 nocere
2454 4904 2686 4975 possint,
2718 4918 2822 4975 quo
2847 4904 3129 4974 pervenire
3159 4904 3429 4972 potuerint
3449 4921 3475 4959 τ

1886 4995 2047 5067 impia
2100 5010 2227 5051 vero
2286 4996 2464 5066 facta,
2529 5012 2754 5066 quorum
2827 4995 3080 5050 coercitio
3138 4994 3158 5026 ⁸
3212 4994 3281 5050 ad
3350 4996 3474 5066 epi-

1952 5265 1969 5296 ι
1995 5264 2161 5312 Prinne
2187 5260 2460 5322 editiones,
2477 5262 2672 5324 egerito.
2688 5262 3000 5312 Consentium
3020 5262 3344 5324 manuscripti,
3369 5273 3473 5311 uno

1889 5332 2100 5388 excepto
2120 5325 2204 5387 qni
2223 5324 2388 5382 habet,
2410 5322 2666 5388 coldbitiot
2735 5368 2746 5385 ,

1948 5382 2032 5450 (α)’
2055 5382 2163 5450 ttué,
2174 5392 2362 5447 spectat
2387 5384 2590 5450 epistola
2611 5385 2674 5434 32
2712 5382 2973 5450 Innocentii
2995 5394 3132 5445 papae
3152 5382 3211 5450 ad
3243 5388 3470 5450 Ioanuem

1887 5443 2367 5516 Jcrosolymitauum,
2394 5443 2632 5509 incipiens
2660 5461 2674 5497 :
2707 5465 2731 5495 ι
2754 5443 3074 5516 Direptiones,
3097 5444 3220 5492 aedi
3242 5456 3274 5499 ι,
3298 5443 3470 5516 incen-

1896 5532 1917 5559 ι
1939 5511 2016 5561 dia
2035 5546 2049 5571 ,
2075 5507 2231 5560 omne
2269 5508 2454 5558 facinus
2491 5507 2730 5558 extremas
2765 5507 3056 5571 dementias,
3080 5507 3474 5571 genetosissinue

1895 5593 1918 5622 ι
1939 5566 2120 5623 sanctze
2141 5572 2358 5634 virgines
2387 5571 2686 5619 Eustochium
2732 5567 2964 5634 et_raula
3005 5566 3380 5634 deploraverunt
3420 5567 3471 5634 i_u

1897 5657 1918 5682 ι
1942 5634 2061 5685 locis
2083 5625 2305 5697 Ecclesia:
2328 5640 2426 5697 tua:
2459 5641 2766 5697 perpetrasse
2786 5628 3052 5697 diabolum,
3072 5625 3231 5697 eteae
3268 5625 3475 5697 Ellismu

1889 5709 2086 5762 quoque
2108 5695 2329 5762 ejusdem
2364 5695 2428 5762 δῇ
2460 5688 2917 5762 'ad_'ltlewuxtnum,
2957 5689 3095 5762 gtjus
3124 5688 3427 5762 initium-est
3449 5722 3471 5736 .

1899 5746 1920 5805 ci
1943 5746 2189 5821 Nu'nqua'm
2211 5757 2323 5807 boni
2350 5755 2539 5821 aliquid
2563 5746 2923 5821 contextiionem
3156 5749 3204 5796 in
3228 5746 3471 5821 .Fiechrsia.

1900 5841 1919 5863 α
1946 5810 2152 5869 testa'tur
2175 5810 2460 5881 Apostolusf
2478 5834 2501 5862 ιι
2532 5816 2642 5881 illa:
2666 5812 2884 5881 epistolae
2907 5810 3199 5863 exhibentur
3226 5810 3385 5870 iulia,
3424 5812 3477 5861 ἰι

1898 5882 2177 5942 Αιιυυιιιίίι-ἰς
2200 5880 2336 5932 ιῖιιτῑιι
2361 5880 2586 5927 secunda.
