3996 6484
204 400 327 455 361

199 511 468 567 Christus
509 510 659 566 venit
707 511 764 566 in
811 509 948 567 hunc
990 509 1244 566 mundum
1290 521 1598 582 peccatores
1640 510 1816 564 salvos

202 603 404 659 facere
433 602 484 677 (l
513 601 646 656 Tim.
679 618 720 668 t,
755 604 869 676 15),
900 617 1005 658 n0n
1036 605 1207 659 solmn
1241 620 1334 673 per
1361 604 1594 674 singulas
1636 602 1815 667 horas,

200 702 314 748 aut
365 709 464 763 per
505 694 717 763 singula
757 704 1048 760 momenta,
1091 694 1186 749 sed
1229 695 1388 749 etiam
1443 710 1537 764 per
1580 693 1820 762 singulos

201 796 380 842 actus
427 796 640 842 nostros
679 802 788 841 non
829 801 949 842 esse
991 785 1390 851 necessariam;
1443 795 1496 840 et
1543 785 1631 854 qui
1682 783 1822 839 hanc

201 889 493 936 conantur
515 881 747 947 auferre,
775 895 960 950 pinnas
984 881 1275 933 sortiantur
1305 880 1321 911 ¹
1345 888 1592 932 zeternas.
1622 897 1640 930 ι
1663 877 1819 944 Quis-

203 974 348 1044 quis
391 976 511 1029 iure
552 973 718 1039 audit,
766 982 822 1027 et
861 986 1076 1027 sensum
1123 971 1240 1040 ejus
1288 971 1516 1041 ignorat,
1561 984 1719 1040 quem
1766 968 1819 1023 in

206 1067 378 1122 libris
424 1065 537 1120 suis
581 1064 713 1119 satis
755 1061 1030 1118 evidenter
1070 1062 1369 1132 eXpressit,
1401 1077 1506 1115 non
1554 1059 1655 1114 illis
1684 1073 1818 1129 quos

203 1157 357 1211 dicit
395 1154 768 1211 inemendatos
799 1154 900 1209 sibi
939 1152 1104 1208 fuisse
1132 1153 1437 1224 subreptus,
1477 1165 1568 1207 aut
1599 1153 1818 1208 omnino

206 1263 355 1304 suos
383 1257 566 1320 negat,
597 1247 691 1302 sed
723 1247 775 1301 in
804 1246 910 1302 illis
929 1261 1062 1317 quos
1088 1246 1278 1301 litteris
1301 1246 1411 1300 suis
1435 1260 1566 1316 quas
1593 1245 1814 1299 Romam

208 1342 373 1398 misit
415 1347 825 1406 commemorat,
869 1339 1088 1394 omnino
1126 1354 1247 1393 cum
1297 1347 1444 1408 putat
1491 1338 1591 1392 hoc
1617 1340 1818 1393 sentire

209 1434 364 1505 quod
391 1434 590 1489 veritas
621 1433 800 1488 habet.
830 1431 1084 1502 Quisquis
1109 1441 1286 1487 autem
1315 1431 1440 1501 quid
1471 1432 1522 1485 in
1552 1431 1631 1487 eis
1655 1445 1815 1501 aper-

212 1526 328 1579 tius
372 1524 523 1580 dicat
571 1524 819 1590 advertit,
863 1523 1019 1579 debet
1065 1522 1262 1578 habere
1306 1524 1467 1578 etiam
1513 1522 1610 1577 ista
1653 1522 1813 1577 verba

211 1626 493 1686 suspecta.
543 1615 677 1686 Quia
707 1616 808 1671 etsi
851 1607 1073 1687 gratiam
1114 1615 1243 1680 Dei,
1271 1630 1372 1685 qua
1402 1613 1645 1669 Christus
1672 1615 1816 1670 venit

214 1710 268 1763 in
299 1708 564 1764 mundum
602 1719 909 1780 peccatores
943 1709 1119 1763 salvos
1145 1706 1351 1774 facere,
1386 1709 1438 1763 in
1477 1709 1586 1763 sola
1627 1709 1817 1763 remis-

215 1804 372 1858 sione
398 1812 744 1874 peccatorum
772 1803 1082 1865 constituat,
1111 1810 1280 1871 potest
1308 1802 1428 1856 huic
1447 1800 1625 1856 sensui
1653 1800 1813 1855 verba

215 1896 316 1950 ista
354 1903 614 1966 coaptare
651 1895 872 1961 dicens,
904 1895 1020 1950 ideo
1053 1910 1170 1950 eam
1220 1910 1312 1964 per
1352 1894 1588 1966 singulas
1631 1894 1810 1962 horas,

214 2002 314 2058 per
339 1987 552 2058 singula
598 1999 892 2052 momenta,
925 1994 980 2042 et
1020 2002 1113 2056 per
1150 1994 1311 2040 actos
1347 1986 1584 2055 singulos
1623 2001 1812 2041 neces-

217 2081 415 2135 sariam
437 2123 452 2146 ,
481 2089 541 2134 ut
582 2095 796 2149 semper
827 2081 876 2133 in
913 2081 1167 2134 memoria
1199 2080 1489 2134 retinentes
1513 2088 1567 2134 et
1597 2079 1816 2134 remini-

218 2183 434 2228 scentes
472 2171 697 2228 dimissa
741 2173 893 2227 nobis
933 2188 1054 2227 esse
1101 2183 1344 2242 peccata,
1385 2187 1491 2226 non
1532 2187 1813 2242 peccemus

217 2264 464 2329 ulterius,
490 2263 660 2333 adjuti
705 2279 811 2317 non
853 2263 1026 2333 aliqua
1063 2263 1554 2317 subministratione
1579 2262 1808 2329 virtutis,

217 2356 542 2412 sedviribus
588 2357 817 2427 propria:
845 2355 1152 2422 voluntatis,
1195 2355 1319 2426 quid
1361 2354 1459 2408 sibi
1498 2355 1812 2410 remissione

219 2457 561 2518 peccatorum
602 2447 899 2516 prsestitnm
939 2445 1099 2502 fuerit
1138 2463 1235 2518 per
1271 2455 1421 2500 actus
1459 2445 1694 2517 singulos
1724 2462 1810 2501 re-

217 2541 490 2595 cordantis
515 2541 561 2595 ’.
605 2538 736 2596 Item
766 2540 1016 2610 queniam
1051 2540 1230 2594 solent
1256 2538 1456 2605 dicere,
1485 2538 1638 2594 nobis
1665 2539 1718 2594 in
1746 2555 1811 2594 eo

217 2630 490 2685 Christum
519 2631 589 2685 ad
627 2645 734 2685 non
778 2630 1103 2700 peccandum
1142 2629 1434 2701 praebuisse
1464 2629 1807 2698 adjutorium,

217 2721 346 2791 quia
385 2722 525 2790 jnste
572 2723 689 2792 ipse
730 2721 956 2776 vivendo
994 2721 1246 2792 justeque
1281 2721 1525 2776 docendo
1551 2721 1572 2752 ³
1600 2722 1812 2792 reliquit

215 2814 519 2882 exemplum
545 2831 560 2866 :
585 2822 811 2884 possunt
839 2814 995 2868 etiam
1017 2813 1082 2868 ad
1111 2813 1211 2868 hoc
1233 2814 1331 2868 ista
1354 2814 1512 2870 verba
1534 2825 1809 2886 cooptare,

218 2913 274 2957 ut
300 2903 502 2963 dicant.
539 2921 638 2974 per
676 2905 886 2975 singula
913 2913 1213 2973 momenta,
1245 2920 1340 2976 per
1381 2907 1619 2977 singulos
1658 2919 1811 2963 actus

219 2997 576 3051 necessariam
623 2997 779 3053 nobis
823 3013 942 3053 esse
984 2998 1286 3068 hujustnodi
1326 2999 1571 3071 gratiam,
1613 2999 1666 3056 id
1700 3001 1806 3069 "cst,

221 3088 346 3141 utin
367 3087 514 3141 omni
541 3089 954 3144 conversatione
988 3099 1171 3145 nostra
1201 3091 1504 3146 intueamur
1528 3091 1810 3148 dominicis

217 3181 642 3236 conrersatiouis
680 3182 1009 3251 exemplum.
1052 3183 1301 3238 Pervidet
1339 3194 1514 3239 autem
1555 3185 1686 3239 fides
1720 3202 1810 3240 ve-

217 3279 342 3336 stra,
371 3287 400 3323 a
428 3272 772 3328 confessione
802 3275 1007 3344 gratim,
1031 3274 1099 3330 de
1132 3289 1234 3345 qua
1267 3277 1489 3348 quaestio
1521 3285 1624 3342 est,
1651 3292 1806 3348 quam

217 3362 281 3416 sit
306 3361 689 3434 distinguenda
722 3365 821 3419 ista
857 3365 1124 3421 confessio
1152 3381 1168 3420 :
1204 3375 1259 3420 et
1295 3376 1467 3421 tamen
1497 3367 1681 3438 obtegi.
1712 3382 1809 3438 po-

220 3461 316 3508 test
351 3455 581 3510 istorum
612 3456 959 3526 an'tbiguitate
984 3456 1288 3512 verborum.

285 3566 514 3624 CAPUT
547 3566 633 3623 lli.
655 3598 727 3609 --
748 3569 801 3623 5.
829 3568 932 3624 Sed
959 3569 1085 3640 quid
1113 3569 1346 3625 mirum?
1370 3569 1808 3640 Quandoquidem

219 3657 324 3727 ipse
343 3658 596 3728 Pelagius
623 3673 745 3714 cum
774 3661 1164 3732 episc0palibus
1188 3661 1356 3732 gestis
1374 3662 1496 3718 sine
1526 3663 1630 3716 ulla
1657 3677 1810 3716 recu-

217 3752 422 3807 satione
459 3751 804 3807 damnaverit
850 3768 965 3817 eos,
1010 3754 1100 3824 qui
1136 3753 1321 3809 dicunt
1361 3755 1585 3825 gratiam
1625 3754 1718 3810 Dei
1756 3763 1811 3809 et

217 3841 537 3912 adjutorium
574 3859 680 3898 non
707 3843 775 3897 ad
801 3843 1042 3914 singulos
1073 3853 1223 3899 actus
1249 3843 1384 3908 dari,
1426 3843 1520 3900 sed
1558 3845 1608 3898 in
1644 3845 1810 3899 libero

219 3935 436 3989 arbitrio
465 3949 613 4002 esse,
658 3937 742 3990 vel
779 3937 832 3991 in
875 3937 992 4008 lege
1019 3947 1176 4008 atque
1202 3938 1482 4003 doctrina;
1527 3937 1615 3993 tibi
1653 3949 1808 4009 puta-

220 4022 400 4079 bamus
442 4025 564 4096 ejus
606 4025 677 4081 de
721 4025 822 4081 hac
863 4042 921 4081 re
963 4041 1150 4082 omnes
1191 4029 1658 4099 tergiversationes
1689 4044 1810 4084 esse

219 4132 599 4190 consumptas;
631 4119 966 4175 damnaverit
989 4122 1148 4175 etiam
1176 4136 1289 4186 eos,
1331 4123 1418 4193 qui
1453 4122 1648 4179 docent
1685 4138 1808 4194 gra-

224 4211 338 4265 tiam
384 4211 484 4266 Dei
529 4211 824 4266 secundum
871 4214 1060 4266 merita
1103 4224 1280 4268 nostra
1324 4214 1437 4269 dari
1481 4233 1494 4270 :
1538 4224 1714 4272 tamen
1757 4216 1808 4270 in

223 4298 362 4355 libris
385 4315 526 4372 quos
565 4301 735 4356 edidit
769 4318 867 4373 pro
909 4303 1077 4359 libero
1113 4304 1354 4370 arbitrio,
1396 4321 1622 4376 quorum
1660 4322 1810 4361 men-

223 4393 414 4448 tionem
464 4394 594 4448 facit
635 4395 686 4448 in
728 4395 952 4464 epistola
993 4411 1152 4466 quam
1195 4397 1417 4450 Romam
1464 4398 1637 4462 misit,
1679 4399 1809 4454 nihil

222 4483 353 4538 aliud
398 4486 607 4540 sentire
651 4495 997 4552 monstratur,
1043 4501 1201 4557 quam
1247 4487 1297 4541 id
1343 4487 1483 4558 quod
1526 4489 1809 4546 damnasse

222 4576 513 4631 videbatur.
559 4576 692 4631 Nam
729 4577 954 4647 gratiam
985 4578 1074 4632 Dei
1121 4587 1174 4633 et
1205 4578 1548 4648 adjutorium,
1577 4596 1684 4651 quo
1709 4581 1807 4635 ad-

217 4665 458 4736 juramnr
491 4668 562 4722 ad
599 4683 704 4722 non
738 4668 1086 4738 peccandum.
1128 4670 1293 4724 autin
1325 4680 1506 4725 natura
1547 4680 1601 4725 et
1640 4672 1809 4727 libero

223 4761 359 4827 ponit
385 4761 634 4821 arbitrio.
667 4769 758 4814 aut
805 4760 856 4815 in
903 4761 1017 4833 lege
1059 4771 1220 4832 atque
1247 4763 1486 4818 doctrina
1521 4781 1535 4818 :
1578 4775 1635 4819 ut
1658 4765 1808 4820 vide-

223 4851 352 4916 licet,
382 4867 510 4906 cum
539 4850 759 4920 adjuvat
782 4851 920 4906 Deus
947 4852 1240 4920 hominem,
1272 4861 1328 4907 ut
1351 4853 1581 4909 declinet
1608 4872 1635 4908 a
1667 4855 1808 4910 malo

221 4951 268 4996 et
305 4943 466 4998 faciat
506 4943 731 5005 bonum,
763 4942 1051 4997 revelando
1087 4953 1139 4998 et
1167 4944 1498 4999 ostendendo
1534 4945 1659 5016 quid
1693 4946 1806 5002 fieri

221 5033 424 5097 debeat,
455 5033 715 5104 adjuvare
744 5033 1029 5100 credatur;
1064 5050 1169 5090 non
1197 5035 1357 5090 etiam
1388 5037 1727 5107 cooperando
1755 5048 1810 5094 et

221 5124 556 5183 dilectionem
605 5126 938 5196 inSpirando,
980 5135 1038 5182 ut
1084 5127 1137 5183 id
1180 5128 1322 5199 quod
1352 5127 1650 5185 faciendum
1689 5145 1810 5186 esse

221 5219 524 5289 cognoverit
563 5218 743 5275 faciat.

284 5311 334 5364 ι.
361 5309 497 5365 Nam
526 5325 648 5365 cum
691 5312 793 5365 tria
833 5312 1121 5366 constituat
1149 5320 1310 5383 atque
1347 5311 1656 5384 distinguat,
1686 5313 1806 5385 qui-

224 5397 313 5454 bus
366 5400 547 5455 divina
603 5402 853 5457 mandata
903 5402 1031 5456 dicit
1080 5403 1332 5473 impleri,
1379 5403 1806 5474 possibilitatem,

282 5558 398 5622 iste
425 5556 613 5622 habent
633 5557 807 5622 plures
836 5558 1171 5622 manuscripti._
1193 5559 1314 5609 aditi
1345 5572 1484 5616 vero,
1509 5558 1773 5610 sariuntur.

279 5621 441 5684 ‘miti
485 5629 585 5684 Am,
618 5619 692 5670 Er.
730 5628 786 5684 et
822 5627 937 5684 Lov.
955 5655 972 5679 ,
999 5619 1336 5684 recordantes,
1350 5623 1515 5684 Aptius
1556 5627 1662 5670 uss.
1685 5654 1700 5678 ,
1738 5635 1811 5672 re-

225 5680 483 5740 cordantis,
500 5682 684 5734 scilicet
705 5681 994 5740 voluntatis;
1022 5695 1118 5732 non
1143 5684 1272 5732 enim
1295 5680 1589 5732 alio'rel'erri
1615 5684 1704 5732 hoc
1723 5697 1808 5745 po-

226 5750 337 5802 test,
360 5745 480 5806 quid
501 5745 608 5805 sibi,
633 5753 734 5794 etc.

282 5807 614 5918 Harmetdrr,
643 5807 876 5870 justeque
919 5805 1141 5856 dicendo.
1163 5813 1301 5857 Forte
1343 5806 1624 5869 legendum,
1666 5805 1812 5857 iusta-

282 5880 309 5916 ι
365 5882 476 5918 areu
513 5883 555 5916 ο.

226 5879 309 5926 ται
331 5870 555 5918 docendo.

488 5955 724 6018 Sacr.
764 5956 810 6013 Α
825 5973 1040 6013 νίψεν.
1080 5957 1160 6015 Χ.

1399 397 1601 454 LIBER
1645 398 1731 454 DE
1771 396 2026 454 GRATIA
2067 397 2355 456 CHRISTI.

3413 409 3518 464 362

1928 508 2280 577 voluntatem,
2327 511 2627 579 actionem;
2676 514 3082 584 possibilitatem
3128 515 3371 583 scilicet,
3412 534 3515 588 qua

1928 611 2099 670 poieSl
2132 601 2293 658 homo
2321 619 2440 659 esse
2475 604 2690 674 justus;
2731 609 3084 676 voluntatem,
3127 626 3228 681 qua
3259 610 3370 665 vult
3396 625 3519 666 esse

1921 689 2133 760 justus;
2175 693 2460 761 actionem,
2487 712 2588 767 qua
2625 698 2800 769 justus
2825 709 2948 757 est:
2981 701 3171 758 horum
3201 704 3358 758 trium
3401 702 3519 774 pri-
3550 710 3553 712 ’

1929 798 2093 844 mum,
2129 783 2181 837 id
2211 794 2311 853 est,
2345 789 2750 856 possibilitatem
2780 791 2956 849 datam
2993 794 3280 851 conﬁtetur
3306 810 3334 850 a
3366 811 3520 850 crea-

1929 881 2042 927 tore
2073 886 2299 941 natur.e,
2332 893 2430 933 nec
2471 894 2591 936 esse
2621 880 2672 934 in
2702 892 2882 938 nostra
2928 894 3223 956 potestate,
3254 885 3352 942 sed
3397 900 3516 942 eam

1926 977 2025 1018 nos
2069 964 2267 1020 habere
2308 969 2518 1024 etiamsi
2563 971 2835 1040 nolimus;
2885 975 2992 1030 duo
3021 992 3149 1032 vero
3188 977 3432 1048 reliqua,
3463 978 3518 1032 id

1923 1067 2033 1123 est,
2063 1059 2388 1115 voluntatem
2420 1073 2474 1117 et
2502 1065 2768 1120 actionem
2811 1077 2991 1123 nostra
3020 1084 3141 1125 esse
3167 1072 3395 1136 asserit,
3427 1080 3517 1126 at-

1923 1165 2028 1219 que
2053 1156 2123 1205 ita
2155 1153 2308 1210 nobis
2341 1155 2542 1223 tribuit,
2574 1166 2631 1212 ut
2659 1160 2869 1214 nonnisi
2900 1176 2929 1214 a
2960 1162 3117 1218 nobis
3143 1177 3263 1218 esse
3289 1171 3518 1218 conten-

1922 1241 2032 1296 dat.
2085 1244 2324 1316 Denique
2363 1249 2530 1318 gratia
2562 1249 2692 1318 Dei,
2724 1267 2829 1306 non
2875 1253 2975 1308 ista
3017 1255 3158 1320 duo,
3187 1270 3304 1324 qua:
3335 1266 3514 1310 nostra

1921 1336 2142 1391 omnino
2169 1340 2278 1393 vult
2316 1355 2470 1405 esse,
2513 1343 2564 1398 id
2595 1353 2710 1408 est,
2743 1345 3071 1402 voluntatem
3117 1357 3170 1402 ct
3213 1348 3512 1412 actionem;

1922 1426 2016 1481 sed
2059 1428 2200 1484 illam
2231 1447 2350 1501 qua:
2389 1431 2442 1487 in
2487 1443 2750 1504 potestate
2779 1446 2958 1492 nostra
2990 1453 3096 1492 non
3125 1447 3206 1493 est
3228 1481 3243 1502 ,
3278 1447 3330 1493 et
3363 1438 3517 1494 nobis

1919 1529 1984 1570 ex
2011 1515 2119 1571 Deo
2145 1527 2246 1585 est,
2283 1520 2332 1574 id
2361 1531 2465 1589 est,
2499 1525 2926 1594 possibilitatem,
2958 1528 3204 1595 perhibet
3231 1528 3470 1598 adjuvari
3499 1547 3515 1584 :

1921 1615 2167 1680 tanquam
2210 1611 2295 1666 illa
2337 1629 2456 1684 qua:
2500 1624 2680 1670 nostra
2709 1629 2870 1682 sunt,
2902 1619 3006 1674 hoc
3032 1628 3148 1686 est,
3182 1622 3427 1677 voluntas
3461 1633 3517 1676 et

1919 1701 2088 1765 actio,
2123 1711 2228 1757 tam
2270 1705 2376 1759 sint
2416 1707 2640 1762 valentia
2683 1709 2747 1763 ad
2787 1709 3158 1766 declinandum
3205 1729 3233 1766 a
3277 1714 3418 1768 malo
3459 1724 3516 1768 et

1919 1791 2220 1849 faciendum
2251 1797 2469 1861 bonum,
2494 1809 2552 1853 ut
2579 1800 2759 1854 divino
2784 1802 3050 1873 adjutorio
3080 1818 3184 1858 non
3211 1804 3511 1874 indigeant;

1920 1885 2050 1940 illud
2079 1903 2204 1942 vero
2234 1889 2376 1958 quod
2413 1891 2565 1946 nobis
2595 1908 2659 1948 ex
2693 1893 2800 1948 Deo
2829 1905 2932 1960 est,
2967 1895 3067 1949 hoc.
3094 1897 3163 1952 sit
3202 1897 3511 1963 invalidum,

1919 1979 1969 2034 id
2021 1990 2139 2047 est,
2191 1984 2549 2054 possibilitas,
2598 1995 2654 2041 ut
2696 2002 2910 2059 semper
2943 1991 2957 2020 ¹
2996 1992 3180 2062 gratiae
3231 1991 3504 2062 adjuvetm

1917 2073 2138 2129 auxilio.

1988 2187 2214 2246 CAPUT
2255 2189 2341 2246 IV.
2370 2223 2442 2232 —
2467 2195 2521 2248 5.
2565 2194 2668 2249 Sed
2699 2211 2764 2250 ne
2799 2196 2919 2266 quis
2949 2195 3170 2252 forsitan
3210 2198 3378 2265 dicat,
3415 2216 3513 2252 nos

1918 2278 2001 2333 vel
2043 2295 2148 2335 non
2181 2292 2326 2338 recte
2357 2284 2652 2356 intelligere
2692 2303 2812 2356 qua:
2839 2287 3106 2357 loquitur,
3134 2289 3220 2344 vel
3249 2291 3515 2345 malevolo

1914 2373 2093 2429 animo
2118 2373 2170 2428 in
2197 2375 2358 2430 alium
2380 2391 2594 2432 sensum
2614 2394 2733 2448 qua:
2757 2394 2861 2434 non
2879 2379 2948 2434 ita
2969 2380 3106 2435 dicta
3130 2391 3254 2436 sunt
3273 2391 3508 2447 vertere,

1915 2462 2030 2533 ipsa
2068 2463 2180 2534 jam
2211 2466 2370 2520 verba
2411 2466 2528 2537 ejus
2567 2469 2812 2537 accipite.
2865 2487 2885 2522 ι
2928 2469 3038 2525 Nos
3072 2489 3091 2523 ι
3142 2473 3346 2542 inquit,
3381 2491 3399 2524 ι
3436 2475 3514 2524 sie

1920 2553 2020 2609 tria
2069 2556 2168 2609 ista
2212 2555 2622 2628 distinguimus,
2651 2568 2707 2615 et
2751 2568 2954 2615 certum
2983 2562 3127 2616 velut
3173 2563 3224 2616 in
3270 2563 3510 2618 ordinem

1913 2643 2118 2715 digesta
2155 2647 2430 2716 partimur.
2480 2648 2660 2704 Primo
2709 2651 2826 2705 loco
2871 2666 3028 2722 posse
3070 2653 3376 2720 statuimus,
3419 2670 3509 2708 se-

1913 2739 2090 2793 cundo
2121 2739 2276 2805 velle,
2324 2741 2486 2796 tertio
2531 2756 2672 2796 esse.
2721 2742 2885 2798 Posse
2932 2744 2984 2798 in
3027 2754 3248 2812 natura,
3279 2746 3415 2800 velle
3457 2748 3508 2799 in

1917 2830 2176 2899 arbitrio,
2202 2845 2324 2886 esse
2365 2831 2419 2886 in
2459 2830 2651 2887 eil‘eclu
2683 2833 2937 2889 locamus.
2990 2835 3226 2891 Primum
3271 2835 3430 2902 illud,
3459 2838 3511 2891 id

1913 2930 2016 2987 est,
2047 2935 2222 2992 posse,
2251 2923 2318 2978 ad
2348 2923 2513 2979 Deum
2544 2925 2757 2996 proprie
2786 2926 3048 2995 pertinet,
3080 2928 3168 2998 qui
3199 2927 3326 2984 illud
3353 2944 3508 2985 crea-

1915 3022 2048 3068 turze
2077 3029 2189 3070 sua:
2228 3015 2456 3072 contulit
2486 3035 2501 3072 :
2532 3017 2643 3073 duo
2667 3033 2794 3074 vero
2825 3020 3026 3090 reliqua
3048 3062 3062 3085 ,
3099 3021 3201 3077 hoc
3227 3031 3310 3077 est
3329 3065 3344 3087 ,
3375 3024 3512 3078 velle

1915 3115 1972 3162 et
1997 3120 2139 3173 esse,
2169 3107 2236 3161 ad
2268 3106 2541 3164 hominem
2571 3110 2849 3166 referenda
2879 3123 3036 3178 sunt,
3066 3114 3187 3184 quia
3215 3113 3280 3169 de
3306 3115 3509 3168 arbitrii

1915 3198 2061 3253 fonte
2096 3197 2449 3255 descendunt.
2497 3201 2642 3272 Ergo
2687 3204 2740 3258 in
2769 3203 3041 3260 voluntate
3081 3215 3135 3259 et
3180 3220 3342 3276 opere
3371 3205 3513 3260 bono

1913 3288 2028 3344 laus
2057 3289 2291 3346 hominis
2319 3301 2402 3346 est
2431 3310 2444 3346 :
2477 3293 2586 3349 into
2616 3303 2667 3349 et
2696 3293 2930 3348 hominis
2951 3337 2964 3359 ,
2996 3305 3050 3349 et
3079 3296 3191 3361 Dei,
3220 3298 3310 3366 qui
3341 3297 3509 3366 ipsius

1914 3381 2202 3436 voluntatis
2224 3392 2279 3438 et
2304 3384 2483 3454 operis
2503 3384 2908 3454 possibilitatem
2934 3385 3100 3453 dedit,
3123 3389 3320 3458 quique
3341 3389 3508 3458 ipsam

1913 3473 2318 3543 possibilitatem
2372 3475 2557 3546 gratiae
2605 3491 2716 3530 sum
2761 3476 2978 3546 adjuvat
3025 3492 3240 3548 semper
3288 3479 3507 3534 auxilio.

1913 3563 2065 3632 Quod
2099 3579 2227 3620 vero
2253 3573 2427 3635 potest
2455 3563 2615 3620 homo
2643 3565 2779 3622 velle
2817 3567 3016 3622 bonum
3042 3575 3201 3639 atque
3229 3569 3506 3639 perlicere,
3603 3563 3608 3565 Α

1913 3655 2080 3710 solius
2107 3656 2200 3711 Dei
2228 3665 2330 3713 est.
2363 3656 2548 3712 Potest
2571 3658 2748 3728 itaque
2779 3657 2905 3713 illud
2933 3674 3092 3713 unum
3125 3674 3265 3726 esse,
3292 3661 3504 3716 etiamsi

1913 3746 2020 3802 duo
2063 3747 2164 3801 ista
2205 3763 2310 3803 non
2357 3749 2551 3802 fuerint
2590 3766 2603 3803 :
2637 3749 2738 3804 ista
2764 3754 2892 3806 vero
2936 3750 3054 3806 sine
3101 3751 3192 3806 illo
3234 3767 3352 3807 esse
3401 3768 3509 3808 non

1915 3847 2158 3906 possunt.
2210 3838 2394 3912 Itaque
2445 3839 2671 3895 liberum
2723 3840 2852 3896 mihi
2902 3849 2988 3896 est
3033 3857 3133 3898 nec
3177 3845 3505 3900 voluntatem

1914 3928 2108 3983 bonam
2150 3928 2382 3995 habere,
2426 3945 2524 3986 nec
2567 3931 2830 3987 actionem
2876 3950 2888 3985 :
2933 3933 3078 3989 nullo
3122 3944 3300 3990 autem
3349 3937 3511 3992 modo

1916 4037 2131 4092 possum
2167 4037 2272 4078 non
2317 4021 2515 4080 habere
2553 4025 2956 4095 possibilitatem
2989 4026 3110 4081 boni
3142 4045 3154 4080 :
3201 4027 3335 4084 inest
3379 4029 3510 4084 mihi

1913 4114 2122 4169 etiamsi
2175 4115 2430 4180 noluero,
2481 4131 2580 4171 nec
2628 4117 2795 4171 otium
2847 4118 2926 4171 sui
2975 4117 3260 4188 aliquando
3310 4124 3360 4173 in
3407 4120 3508 4173 hoc

1914 4217 2102 4262 natura
2132 4208 2338 4279 recipit.
2386 4210 2554 4274 Quem
2583 4209 2737 4264 nobis
2781 4224 2996 4265 sensum
3041 4211 3285 4280 exempla
3329 4211 3507 4281 aliqua

1915 4302 2109 4356 facient
2135 4301 2442 4356 clariorem.
2482 4301 2635 4370 Quod
2668 4317 2948 4372 possumus
2979 4301 3159 4357 videre
3187 4303 3378 4369 oculis,
3409 4320 3509 4359 ιιοο

1913 4405 2081 4450 strum
2123 4410 2232 4449 non
2269 4403 2351 4449 est
2381 4413 2392 4447 :
2437 4395 2578 4464 quod
2611 4410 2737 4450 vero
2781 4395 2919 4450 bene
2947 4405 3037 4449 aut
3075 4395 3211 4450 male
3240 4395 3505 4461 videmus,

1914 4484 2017 4540 hoc
2043 4495 2280 4540 nostrum
2311 4496 2392 4541 est
2421 4485 2516 4558 (ιι).
2551 4487 2617 4541 Ει
2643 4495 2698 4540 ιιι
2730 4486 3049 4557 generaliter
3077 4486 3332 4540 universa
3359 4502 3510 4541 com-

1916 4581 2139 4650 plectar,
2165 4579 2307 4650 quod
2341 4594 2622 4650 possumus
2647 4595 2807 4634 omne
2844 4581 3040 4634 bonum
3077 4581 3278 4644 facere,
3307 4581 3508 4643 dicere,

1912 4672 2180 4743 cogitare,
2220 4672 2362 4726 illius
2407 4680 2491 4726 est
2532 4673 2620 4743 qni
2667 4672 2767 4727 hoc
2805 4687 2961 4742 posse
2999 4672 3246 4738 donavit,
3276 4673 3365 4743 qui
3411 4673 3512 4728 hoc

1915 4780 2072 4836 posse
2097 4764 2315 4834 adjuvat
2341 4783 2353 4819 :
2385 4763 2525 4834 quod
2554 4779 2680 4819 vero
2711 4764 2845 4820 bene
2871 4765 2950 4819 vel
2981 4764 3204 4835 agimus,
3233 4765 3316 4820 vel
3340 4765 3514 4835 ioqn‘«-

1915 4872 2063 4922 mur,
2091 4856 2179 4912 vel
2203 4857 2532 4927 cogitamus,
2576 4866 2817 4912 nostrum
2843 4867 2964 4922 est;
3008 4858 3129 4927 quia
3181 4857 3297 4912 inec
3329 4858 3509 4912 omnia

1915 4957 2126 5004 vertere
2151 4949 2202 5002 in
2230 4949 2429 5003 mahnu
2467 4951 2629 5003 etiam
2673 4963 2976 5018 possumus.
3019 4947 3190 5014 Unde,
3220 4949 3359 5020 quod
3387 4966 3513 5020 pro-

1913 5049 2034 5112 pter
2054 5040 2375 5096 ealumniam
2401 5053 2633 5096 vestram
2662 5041 2682 5072 ⁸
2710 5056 2855 5111 saepe
2883 5041 3228 5110 repetendum
3255 5050 3359 5105 est,
3386 5059 3510 5097 cum

1914 5131 2142 5188 dicimus
2185 5131 2457 5187 hominem
2491 5147 2645 5201 posse
2687 5147 2809 5187 esse
2846 5132 2962 5187 sine
3006 5141 3256 5202 peccato,
3284 5141 3341 5187 et
3378 5149 3510 5187 eon-

1916 5221 2148 5278 fessione
2192 5223 2558 5294 possibilitatis
2599 5233 2832 5293 accepta:
2871 5223 3146 5278 laudamus
3187 5224 3376 5286 Deum,
3420 5224 3511 5292 qui

1916 5315 2068 5371 nobis
2096 5315 2198 5370 hoc
2220 5329 2379 5385 posse
2409 5314 2630 5386 largitus
2660 5325 2763 5380 est,
2793 5329 2893 5370 nec
2917 5324 3000 5370 est
3027 5313 3098 5370 ibi
3125 5315 3231 5370 ulla
3257 5314 3510 5369 laudamli

1919 5407 2152 5463 hominis
2179 5406 2414 5475 occasio,
2447 5407 2532 5462 ubi
2559 5408 2727 5463 solius
2752 5407 2847 5463 Dei
2883 5422 3044 5464 causa
3077 5415 3369 5462 tractatur:
3404 5423 3509 5460 non

1981 5585 1997 5615 ⁸
2020 5581 2124 5632 sola
2149 5581 2298 5632 editio
2319 5588 2452 5643 Lov.,
2490 5581 2577 5633 hcc
2600 5589 2672 5634 est
2693 5583 3000 5648 possibilitas,
3019 5589 3116 5634 tum
3133 5582 3195 5634 sit
3210 5581 3502 5644 invalidum.

1914 5651 1966 5694 ut
1987 5657 2193 5708 semper.

1981 5723 2001 5751 ³
2027 5729 2126 5768 Αιιι.
2151 5726 2226 5768 Er.
2253 5726 2306 5769 et
2327 5720 2592 5771 Victorinus
2615 5726 2718 5780 δίδη
2745 5729 2976 5771 nostram.

1980 5804 2052 5862 (ιι)
2084 5803 2265 5872 Omissa
2290 5802 2367 5872 hic
2399 5801 2688 5872 alia__exeinj
2708 5804 2750 5852 la
2769 5839 2784 5863 ,
2809 5819 2919 5872 quae
2959 5804 3272 5854 excutiuntur
3295 5803 3420 5856 libro
3443 5807 3510 5856 de

1921 5872 2090 5912 Natura
2117 5873 2167 5913 et
2190 5865 2364 5920 Gratia,
2391 5877 2438 5912 ιι.
2463 5865 2538 5911 53.

2875 5949 3182 6024 (θοαῖς.)
