  <div class='ocr_page' id='page_1' title='image "/cluster/home/n/w/nwhite01/storage/ocr_20150623/44/hvd.32044015706336/187.png"; bbox 0 0 3996 6488; ppageno 0'>
   <div class='ocr_carea' id='block_1_1' title="bbox 461 374 568 430">
    <p class='ocr_par' dir='ltr' id='par_1_1' title="bbox 461 374 568 430">
     <span class='ocr_line' id='line_1_1' title="bbox 461 374 568 430; baseline 0 -1"><span class='ocrx_word' id='word_1_1' title='bbox 461 374 568 430; x_wconf 75' lang='grc'><strong>565</strong></span> 
     </span>
    </p>
   </div>
   <div class='ocr_carea' id='block_1_2' title="bbox 472 474 2056 552">
    <p class='ocr_par' dir='ltr' id='par_1_2' title="bbox 472 474 2056 552">
     <span class='ocr_line' id='line_1_2' title="bbox 472 474 2056 552; baseline -0.009 -8"><span class='ocrx_word' id='word_1_2' title='bbox 472 489 614 544; x_wconf 90' lang='lat' dir='ltr'><strong>enim</strong></span> <span class='ocrx_word' id='word_1_3' title='bbox 652 487 718 544; x_wconf 92' lang='lat' dir='ltr'><strong>de</strong></span> <span class='ocrx_word' id='word_1_4' title='bbox 750 486 908 552; x_wconf 84' lang='lat' dir='ltr'><strong>velle,</strong></span> <span class='ocrx_word' id='word_1_5' title='bbox 935 499 1032 541; x_wconf 90' lang='lat' dir='ltr'><strong>nec</strong></span> <span class='ocrx_word' id='word_1_6' title='bbox 1070 482 1137 540; x_wconf 89' lang='lat' dir='ltr'><strong>de</strong></span> <span class='ocrx_word' id='word_1_7' title='bbox 1172 494 1311 548; x_wconf 89' lang='lat' dir='ltr'><strong>esse,</strong></span> <span class='ocrx_word' id='word_1_8' title='bbox 1354 478 1449 536; x_wconf 90' lang='lat' dir='ltr'><strong>sed</strong></span> <span class='ocrx_word' id='word_1_9' title='bbox 1489 475 1854 534; x_wconf 76' lang='lat' dir='ltr'><strong>tantummodo</strong></span> <span class='ocrx_word' id='word_1_10' title='bbox 1895 474 1961 530; x_wconf 90' lang='lat' dir='ltr'><strong>de</strong></span> <span class='ocrx_word' id='word_1_11' title='bbox 1991 487 2056 530; x_wconf 87' lang='lat' dir='ltr'><strong>eo</strong></span> 
     </span>
    </p>
   </div>
   <div class='ocr_carea' id='block_1_3' title="bbox 469 573 1418 650">
    <p class='ocr_par' dir='ltr' id='par_1_3' title="bbox 469 573 1418 650">
     <span class='ocr_line' id='line_1_3' title="bbox 469 573 1418 650; baseline -0.009 -17"><span class='ocrx_word' id='word_1_12' title='bbox 469 577 612 650; x_wconf 90' lang='lat' dir='ltr'><strong>quod</strong></span> <span class='ocrx_word' id='word_1_13' title='bbox 653 587 828 648; x_wconf 86' lang='lat' dir='ltr'><strong>potest</strong></span> <span class='ocrx_word' id='word_1_14' title='bbox 869 590 1022 639; x_wconf 86' lang='lat' dir='ltr'><strong>esse,</strong></span> <span class='ocrx_word' id='word_1_15' title='bbox 1063 573 1365 629; x_wconf 73' lang='lat' dir='ltr'><strong>disseritur.</strong></span> <span class='ocrx_word' id='word_1_16' title='bbox 1398 590 1418 624; x_wconf 84' lang='grc'>›</span> 
     </span>
    </p>
   </div>
   <div class='ocr_carea' id='block_1_4' title="bbox 534 655 2059 730">
    <p class='ocr_par' dir='ltr' id='par_1_4' title="bbox 534 655 2059 730">
     <span class='ocr_line' id='line_1_4' title="bbox 534 655 2059 730; baseline -0.01 -6"><span class='ocrx_word' id='word_1_17' title='bbox 534 667 762 725; x_wconf 81' lang='lat' dir='ltr'><strong>CAPUT</strong></span> <span class='ocrx_word' id='word_1_18' title='bbox 794 667 854 722; x_wconf 81' lang='lat' dir='ltr'><strong>V.</strong></span> <span class='ocrx_word' id='word_1_19' title='bbox 884 695 951 706; x_wconf 90' lang='lat'><strong><em>—</em></strong></span> <span class='ocrx_word' id='word_1_20' title='bbox 977 665 1030 721; x_wconf 89' lang='lat' dir='ltr'><strong>ﬁ.</strong></span> <span class='ocrx_word' id='word_1_21' title='bbox 1065 664 1202 719; x_wconf 86' lang='lat' dir='ltr'><strong>Ecce</strong></span> <span class='ocrx_word' id='word_1_22' title='bbox 1235 672 1317 718; x_wconf 89' lang='lat' dir='ltr'><strong>est</strong></span> <span class='ocrx_word' id='word_1_23' title='bbox 1349 671 1515 717; x_wconf 90' lang='lat' dir='ltr'><strong>totum</strong></span> <span class='ocrx_word' id='word_1_24' title='bbox 1548 660 1738 730; x_wconf 90' lang='lat' dir='ltr'><strong>dogma</strong></span> <span class='ocrx_word' id='word_1_25' title='bbox 1773 656 1974 727; x_wconf 77' lang='lat' dir='ltr'><strong>Pelagii</strong></span> <span class='ocrx_word' id='word_1_26' title='bbox 2006 655 2059 708; x_wconf 88' lang='lat' dir='ltr'><strong>in</strong></span> 
     </span>
    </p>
   </div>
   <div class='ocr_carea' id='block_1_5' title="bbox 467 753 2062 832">
    <p class='ocr_par' dir='ltr' id='par_1_5' title="bbox 467 753 2062 832">
     <span class='ocr_line' id='line_1_5' title="bbox 467 753 2062 832; baseline -0.009 -16"><span class='ocrx_word' id='word_1_27' title='bbox 467 761 608 817; x_wconf 91' lang='lat' dir='ltr'><strong>libro</strong></span> <span class='ocrx_word' id='word_1_28' title='bbox 636 760 751 832; x_wconf 84' lang='lat' dir='ltr'><strong>ejus</strong></span> <span class='ocrx_word' id='word_1_29' title='bbox 783 757 937 813; x_wconf 90' lang='lat' dir='ltr'><strong>tertio</strong></span> <span class='ocrx_word' id='word_1_30' title='bbox 969 771 1065 827; x_wconf 91' lang='lat' dir='ltr'><strong>pro</strong></span> <span class='ocrx_word' id='word_1_31' title='bbox 1090 755 1284 810; x_wconf 90' lang='lat' dir='ltr'><strong>Libero</strong></span> <span class='ocrx_word' id='word_1_32' title='bbox 1313 754 1564 818; x_wconf 76' lang='lat' dir='ltr'><strong>Arbitrio,</strong></span> <span class='ocrx_word' id='word_1_33' title='bbox 1597 753 1676 806; x_wconf 91' lang='lat' dir='ltr'><strong>his</strong></span> <span class='ocrx_word' id='word_1_34' title='bbox 1702 754 1920 805; x_wconf 86' lang='lat' dir='ltr'><strong>omnino</strong></span> <span class='ocrx_word' id='word_1_35' title='bbox 1943 763 2062 803; x_wconf 88' lang='lat' dir='ltr'><strong>ver-</strong></span> 
     </span>
    </p>
   </div>
   <div class='ocr_carea' id='block_1_6' title="bbox 474 839 2064 922">
    <p class='ocr_par' dir='ltr' id='par_1_6' title="bbox 474 839 2064 922">
     <span class='ocr_line' id='line_1_6' title="bbox 474 839 2064 922; baseline -0.009 -14"><span class='ocrx_word' id='word_1_36' title='bbox 474 853 558 909; x_wconf 87' lang='lat' dir='ltr'><strong>bis</strong></span> <span class='ocrx_word' id='word_1_37' title='bbox 575 853 860 922; x_wconf 89' lang='lat' dir='ltr'><strong>diligenter</strong></span> <span class='ocrx_word' id='word_1_38' title='bbox 878 863 1211 919; x_wconf 87' lang='lat' dir='ltr'><strong>expressum,</strong></span> <span class='ocrx_word' id='word_1_39' title='bbox 1233 861 1338 919; x_wconf 90' lang='lat' dir='ltr'><strong>quo</strong></span> <span class='ocrx_word' id='word_1_40' title='bbox 1363 848 1459 901; x_wconf 90' lang='lat' dir='ltr'><strong>tria</strong></span> <span class='ocrx_word' id='word_1_41' title='bbox 1487 845 1606 906; x_wconf 90' lang='lat' dir='ltr'><strong>ista,</strong></span> <span class='ocrx_word' id='word_1_42' title='bbox 1635 858 1796 897; x_wconf 91' lang='lat' dir='ltr'><strong>unum</strong></span> <span class='ocrx_word' id='word_1_43' title='bbox 1818 839 1960 912; x_wconf 92' lang='lat' dir='ltr'><strong>quod</strong></span> <span class='ocrx_word' id='word_1_44' title='bbox 1981 848 2064 894; x_wconf 89' lang='lat' dir='ltr'><strong>est</strong></span> 
     </span>
    </p>
   </div>
   <div class='ocr_carea' id='block_1_7' title="bbox 469 934 2060 1019">
    <p class='ocr_par' dir='ltr' id='par_1_7' title="bbox 469 934 2060 1019">
     <span class='ocr_line' id='line_1_7' title="bbox 469 934 2060 1019; baseline -0.009 -20"><span class='ocrx_word' id='word_1_45' title='bbox 469 959 648 1017; x_wconf 84' lang='lat' dir='ltr'><strong>posse,</strong></span> <span class='ocrx_word' id='word_1_46' title='bbox 675 944 905 1000; x_wconf 90' lang='lat' dir='ltr'><strong>alterum</strong></span> <span class='ocrx_word' id='word_1_47' title='bbox 933 941 1073 1013; x_wconf 91' lang='lat' dir='ltr'><strong>quod</strong></span> <span class='ocrx_word' id='word_1_48' title='bbox 1104 951 1187 996; x_wconf 90' lang='lat' dir='ltr'><strong>est</strong></span> <span class='ocrx_word' id='word_1_49' title='bbox 1213 939 1370 1003; x_wconf 90' lang='lat' dir='ltr'><strong>velle,</strong></span> <span class='ocrx_word' id='word_1_50' title='bbox 1403 937 1617 994; x_wconf 91' lang='lat' dir='ltr'><strong>tertium</strong></span> <span class='ocrx_word' id='word_1_51' title='bbox 1647 934 1787 1005; x_wconf 89' lang='lat' dir='ltr'><strong>quod</strong></span> <span class='ocrx_word' id='word_1_52' title='bbox 1813 941 2060 1019; x_wconf 82' lang='lat' dir='ltr'><strong>estesse,</strong></span> 
     </span>
    </p>
   </div>
   <div class='ocr_carea' id='block_1_8' title="bbox 466 1027 2064 1106">
    <p class='ocr_par' dir='ltr' id='par_1_8' title="bbox 466 1027 2064 1106">
     <span class='ocr_line' id='line_1_8' title="bbox 466 1027 2064 1106; baseline -0.011 -14"><span class='ocrx_word' id='word_1_53' title='bbox 466 1035 520 1091; x_wconf 87' lang='lat' dir='ltr'><strong>id</strong></span> <span class='ocrx_word' id='word_1_54' title='bbox 541 1043 644 1102; x_wconf 90' lang='lat' dir='ltr'><strong>est,</strong></span> <span class='ocrx_word' id='word_1_55' title='bbox 678 1034 1106 1106; x_wconf 81' lang='lat' dir='ltr'><strong>possibilitatem,</strong></span> <span class='ocrx_word' id='word_1_56' title='bbox 1129 1032 1472 1095; x_wconf 81' lang='lat' dir='ltr'><strong>voluntatem,</strong></span> <span class='ocrx_word' id='word_1_57' title='bbox 1497 1027 1786 1090; x_wconf 87' lang='lat' dir='ltr'><strong>actionem,</strong></span> <span class='ocrx_word' id='word_1_58' title='bbox 1807 1031 1952 1078; x_wconf 90' lang='lat' dir='ltr'><strong>tanta</strong></span> <span class='ocrx_word' id='word_1_59' title='bbox 1969 1036 2064 1076; x_wconf 80' lang='lat' dir='ltr'><strong>eu-</strong></span> 
     </span>
    </p>
   </div>
   <div class='ocr_carea' id='block_1_9' title="bbox 466 1114 2062 1194">
    <p class='ocr_par' dir='ltr' id='par_1_9' title="bbox 466 1114 2062 1194">
     <span class='ocr_line' id='line_1_9' title="bbox 466 1114 2062 1194; baseline -0.009 -14"><span class='ocrx_word' id='word_1_60' title='bbox 466 1125 606 1182; x_wconf 73' lang='lat' dir='ltr'><strong>tavit</strong></span> <span class='ocrx_word' id='word_1_61' title='bbox 626 1125 920 1182; x_wconf 88' lang='lat' dir='ltr'><strong>subtilitate</strong></span> <span class='ocrx_word' id='word_1_62' title='bbox 935 1123 1277 1194; x_wconf 75' lang='lat' dir='ltr'><strong>distinguere,</strong></span> <span class='ocrx_word' id='word_1_63' title='bbox 1293 1130 1349 1176; x_wconf 93' lang='lat' dir='ltr'><strong>ut</strong></span> <span class='ocrx_word' id='word_1_64' title='bbox 1362 1117 1801 1191; x_wconf 86' lang='lat' dir='ltr'><strong>quandocumque</strong></span> <span class='ocrx_word' id='word_1_65' title='bbox 1817 1114 2062 1185; x_wconf 82' lang='lat' dir='ltr'><strong>legimus,</strong></span> 
     </span>
    </p>
   </div>
   <div class='ocr_carea' id='block_1_10' title="bbox 467 1207 2063 1286">
    <p class='ocr_par' dir='ltr' id='par_1_10' title="bbox 467 1207 2063 1286">
     <span class='ocr_line' id='line_1_10' title="bbox 467 1207 2063 1286; baseline -0.008 -15"><span class='ocrx_word' id='word_1_66' title='bbox 467 1218 554 1274; x_wconf 88' lang='lat' dir='ltr'><strong>vel</strong></span> <span class='ocrx_word' id='word_1_67' title='bbox 582 1216 847 1284; x_wconf 84' lang='lat' dir='ltr'><strong>audimus,</strong></span> <span class='ocrx_word' id='word_1_68' title='bbox 875 1215 1068 1271; x_wconf 79' lang='lat' dir='ltr'><strong>divinae</strong></span> <span class='ocrx_word' id='word_1_69' title='bbox 1094 1216 1275 1286; x_wconf 81' lang='lat' dir='ltr'><strong>gratiae</strong></span> <span class='ocrx_word' id='word_1_70' title='bbox 1303 1211 1622 1282; x_wconf 90' lang='lat' dir='ltr'><strong>adjutorium</strong></span> <span class='ocrx_word' id='word_1_71' title='bbox 1651 1207 1916 1268; x_wconf 87' lang='lat' dir='ltr'><strong>confiteri,</strong></span> <span class='ocrx_word' id='word_1_72' title='bbox 1950 1214 2008 1259; x_wconf 92' lang='lat' dir='ltr'><strong>ut</strong></span> <span class='ocrx_word' id='word_1_73' title='bbox 2035 1219 2063 1258; x_wconf 93' lang='lat' dir='ltr'><strong>a</strong></span> 
     </span>
    </p>
   </div>
   <div class='ocr_carea' id='block_1_11' title="bbox 471 1299 2068 1376">
    <p class='ocr_par' dir='ltr' id='par_1_11' title="bbox 471 1299 2068 1376">
     <span class='ocr_line' id='line_1_11' title="bbox 471 1299 2068 1376; baseline -0.008 -12"><span class='ocrx_word' id='word_1_74' title='bbox 471 1309 614 1364; x_wconf 88' lang='lat' dir='ltr'><strong>malo</strong></span> <span class='ocrx_word' id='word_1_75' title='bbox 634 1307 970 1363; x_wconf 82' lang='lat' dir='ltr'><strong>declinemus</strong></span> <span class='ocrx_word' id='word_1_76' title='bbox 998 1306 1302 1376; x_wconf 91' lang='lat' dir='ltr'><strong>bonumque</strong></span> <span class='ocrx_word' id='word_1_77' title='bbox 1326 1303 1602 1370; x_wconf 89' lang='lat' dir='ltr'><strong>faciamus,</strong></span> <span class='ocrx_word' id='word_1_78' title='bbox 1625 1301 1738 1356; x_wconf 84' lang='lat' dir='ltr'><strong>sive</strong></span> <span class='ocrx_word' id='word_1_79' title='bbox 1767 1301 1819 1354; x_wconf 90' lang='lat' dir='ltr'><strong>in</strong></span> <span class='ocrx_word' id='word_1_80' title='bbox 1845 1299 1963 1369; x_wconf 89' lang='lat' dir='ltr'><strong>lege</strong></span> <span class='ocrx_word' id='word_1_81' title='bbox 1986 1303 2068 1351; x_wconf 86' lang='lat' dir='ltr'><strong>at-</strong></span> 
     </span>
    </p>
   </div>
   <div class='ocr_carea' id='block_1_12' title="bbox 469 1386 2068 1472">
    <p class='ocr_par' dir='ltr' id='par_1_12' title="bbox 469 1386 2068 1472">
     <span class='ocr_line' id='line_1_12' title="bbox 469 1386 2068 1472; baseline -0.007 -18"><span class='ocrx_word' id='word_1_82' title='bbox 469 1414 575 1472; x_wconf 88' lang='lat' dir='ltr'><strong>que</strong></span> <span class='ocrx_word' id='word_1_83' title='bbox 611 1399 853 1456; x_wconf 87' lang='lat' dir='ltr'><strong>doctrina</strong></span> <span class='ocrx_word' id='word_1_84' title='bbox 873 1441 888 1466; x_wconf 93' lang='lat'><strong>,</strong></span> <span class='ocrx_word' id='word_1_85' title='bbox 919 1398 1034 1453; x_wconf 88' lang='lat' dir='ltr'><strong>sive</strong></span> <span class='ocrx_word' id='word_1_86' title='bbox 1067 1396 1292 1452; x_wconf 89' lang='lat' dir='ltr'><strong>ubilibet</strong></span> <span class='ocrx_word' id='word_1_87' title='bbox 1326 1393 1643 1457; x_wconf 87' lang='lat' dir='ltr'><strong>constituat,</strong></span> <span class='ocrx_word' id='word_1_88' title='bbox 1675 1392 1908 1447; x_wconf 88' lang='lat' dir='ltr'><strong>sciamus</strong></span> <span class='ocrx_word' id='word_1_89' title='bbox 1941 1386 2068 1460; x_wconf 93' lang='lat' dir='ltr'><strong>quid</strong></span> 
     </span>
    </p>
   </div>
   <div class='ocr_carea' id='block_1_13' title="bbox 470 1481 2068 1561">
    <p class='ocr_par' dir='ltr' id='par_1_13' title="bbox 470 1481 2068 1561">
     <span class='ocr_line' id='line_1_13' title="bbox 470 1481 2068 1561; baseline -0.006 -17"><span class='ocrx_word' id='word_1_90' title='bbox 470 1491 736 1561; x_wconf 87' lang='lat' dir='ltr'><strong>loquitur;</strong></span> <span class='ocrx_word' id='word_1_91' title='bbox 764 1504 865 1544; x_wconf 91' lang='lat' dir='ltr'><strong>nec</strong></span> <span class='ocrx_word' id='word_1_92' title='bbox 892 1502 1168 1552; x_wconf 88' lang='lat' dir='ltr'><strong>erremus,</strong></span> <span class='ocrx_word' id='word_1_93' title='bbox 1199 1486 1354 1540; x_wconf 88' lang='lat' dir='ltr'><strong>aliter</strong></span> <span class='ocrx_word' id='word_1_94' title='bbox 1385 1500 1506 1540; x_wconf 91' lang='lat' dir='ltr'><strong>eum</strong></span> <span class='ocrx_word' id='word_1_95' title='bbox 1538 1481 1880 1551; x_wconf 86' lang='lat' dir='ltr'><strong>intelligendo</strong></span> <span class='ocrx_word' id='word_1_96' title='bbox 1908 1492 2068 1550; x_wconf 84' lang='lat' dir='ltr'><strong>quam</strong></span> 
     </span>
    </p>
   </div>
   <div class='ocr_carea' id='block_1_14' title="bbox 472 1573 2068 1651">
    <p class='ocr_par' dir='ltr' id='par_1_14' title="bbox 472 1573 2068 1651">
     <span class='ocr_line' id='line_1_14' title="bbox 472 1573 2068 1651; baseline -0.008 -14"><span class='ocrx_word' id='word_1_97' title='bbox 472 1583 654 1637; x_wconf 83' lang='lat' dir='ltr'><strong>sentit.</strong></span> <span class='ocrx_word' id='word_1_98' title='bbox 696 1581 847 1636; x_wconf 89' lang='lat' dir='ltr'><strong>Scire</strong></span> <span class='ocrx_word' id='word_1_99' title='bbox 879 1580 1074 1651; x_wconf 87' lang='lat' dir='ltr'><strong>quippe</strong></span> <span class='ocrx_word' id='word_1_100' title='bbox 1103 1578 1358 1634; x_wconf 90' lang='lat' dir='ltr'><strong>debemus</strong></span> <span class='ocrx_word' id='word_1_101' title='bbox 1379 1619 1394 1642; x_wconf 94' lang='lat'><strong>,</strong></span> <span class='ocrx_word' id='word_1_102' title='bbox 1424 1576 1566 1648; x_wconf 90' lang='lat' dir='ltr'><strong>quod</strong></span> <span class='ocrx_word' id='word_1_103' title='bbox 1605 1591 1704 1631; x_wconf 91' lang='lat' dir='ltr'><strong>nec</strong></span> <span class='ocrx_word' id='word_1_104' title='bbox 1741 1573 2068 1628; x_wconf 80' lang='lat' dir='ltr'><strong>voluntatem</strong></span> 
     </span>
    </p>
   </div>
   <div class='ocr_carea' id='block_1_15' title="bbox 471 1661 2069 1738">
    <p class='ocr_par' dir='ltr' id='par_1_15' title="bbox 471 1661 2069 1738">
     <span class='ocr_line' id='line_1_15' title="bbox 471 1661 2069 1738; baseline -0.008 -11"><span class='ocrx_word' id='word_1_105' title='bbox 471 1682 738 1737; x_wconf 87' lang='lat' dir='ltr'><strong>nostram,</strong></span> <span class='ocrx_word' id='word_1_106' title='bbox 781 1686 880 1728; x_wconf 90' lang='lat' dir='ltr'><strong>nec</strong></span> <span class='ocrx_word' id='word_1_107' title='bbox 921 1671 1187 1726; x_wconf 90' lang='lat' dir='ltr'><strong>actionem</strong></span> <span class='ocrx_word' id='word_1_108' title='bbox 1223 1668 1404 1724; x_wconf 89' lang='lat' dir='ltr'><strong>divino</strong></span> <span class='ocrx_word' id='word_1_109' title='bbox 1438 1667 1675 1738; x_wconf 85' lang='lat' dir='ltr'><strong>adjuvari</strong></span> <span class='ocrx_word' id='word_1_110' title='bbox 1713 1663 1880 1720; x_wconf 89' lang='lat' dir='ltr'><strong>credit</strong></span> <span class='ocrx_word' id='word_1_111' title='bbox 1915 1661 2069 1718; x_wconf 79' lang='lat' dir='ltr'><strong>auxi-</strong></span> 
     </span>
    </p>
   </div>
   <div class='ocr_carea' id='block_1_16' title="bbox 473 1756 2066 1832">
    <p class='ocr_par' dir='ltr' id='par_1_16' title="bbox 473 1756 2066 1832">
     <span class='ocr_line' id='line_1_16' title="bbox 473 1756 2066 1832; baseline -0.007 -13"><span class='ocrx_word' id='word_1_112' title='bbox 473 1765 568 1828; x_wconf 90' lang='lat' dir='ltr'><strong>lio,</strong></span> <span class='ocrx_word' id='word_1_113' title='bbox 600 1763 696 1819; x_wconf 86' lang='lat' dir='ltr'><strong>sed</strong></span> <span class='ocrx_word' id='word_1_114' title='bbox 724 1763 894 1819; x_wconf 90' lang='lat' dir='ltr'><strong>solam</strong></span> <span class='ocrx_word' id='word_1_115' title='bbox 926 1761 1330 1832; x_wconf 87' lang='lat' dir='ltr'><strong>possibilitatem</strong></span> <span class='ocrx_word' id='word_1_116' title='bbox 1371 1759 1656 1815; x_wconf 85' lang='lat' dir='ltr'><strong>volu’ntatis</strong></span> <span class='ocrx_word' id='word_1_117' title='bbox 1685 1765 1845 1829; x_wconf 87' lang='lat' dir='ltr'><strong>atque</strong></span> <span class='ocrx_word' id='word_1_118' title='bbox 1870 1756 2066 1826; x_wconf 91' lang='lat' dir='ltr'><strong>operis,</strong></span> 
     </span>
    </p>
   </div>
   <div class='ocr_carea' id='block_1_17' title="bbox 473 1846 2069 1925">
    <p class='ocr_par' dir='ltr' id='par_1_17' title="bbox 473 1846 2069 1925">
     <span class='ocr_line' id='line_1_17' title="bbox 473 1846 2069 1925; baseline -0.006 -17"><span class='ocrx_word' id='word_1_119' title='bbox 473 1869 633 1925; x_wconf 92' lang='lat' dir='ltr'><strong>quam</strong></span> <span class='ocrx_word' id='word_1_120' title='bbox 661 1853 830 1909; x_wconf 91' lang='lat' dir='ltr'><strong>solam</strong></span> <span class='ocrx_word' id='word_1_121' title='bbox 862 1853 917 1907; x_wconf 88' lang='lat' dir='ltr'><strong>in</strong></span> <span class='ocrx_word' id='word_1_122' title='bbox 946 1851 1028 1907; x_wconf 91' lang='lat' dir='ltr'><strong>his</strong></span> <span class='ocrx_word' id='word_1_123' title='bbox 1058 1851 1224 1906; x_wconf 90' lang='lat' dir='ltr'><strong>tribus</strong></span> <span class='ocrx_word' id='word_1_124' title='bbox 1250 1866 1346 1906; x_wconf 91' lang='lat' dir='ltr'><strong>nos</strong></span> <span class='ocrx_word' id='word_1_125' title='bbox 1373 1850 1569 1906; x_wconf 88' lang='lat' dir='ltr'><strong>habere</strong></span> <span class='ocrx_word' id='word_1_126' title='bbox 1593 1849 1822 1903; x_wconf 91' lang='lat' dir='ltr'><strong>afﬁrmat</strong></span> <span class='ocrx_word' id='word_1_127' title='bbox 1847 1863 1912 1902; x_wconf 86' lang='lat' dir='ltr'><strong>ex</strong></span> <span class='ocrx_word' id='word_1_128' title='bbox 1941 1846 2069 1910; x_wconf 90' lang='lat' dir='ltr'><strong>Deo,</strong></span> 
     </span>
    </p>
   </div>
   <div class='ocr_carea' id='block_1_18' title="bbox 475 1936 2070 2013">
    <p class='ocr_par' dir='ltr' id='par_1_18' title="bbox 475 1936 2070 2013">
     <span class='ocr_line' id='line_1_18' title="bbox 475 1936 2070 2013; baseline -0.005 -16"><span class='ocrx_word' id='word_1_129' title='bbox 475 1952 731 2013; x_wconf 83' lang='lat' dir='ltr'><strong>tanquam</strong></span> <span class='ocrx_word' id='word_1_130' title='bbox 763 1943 865 1998; x_wconf 92' lang='lat' dir='ltr'><strong>hoc</strong></span> <span class='ocrx_word' id='word_1_131' title='bbox 893 1943 961 1997; x_wconf 86' lang='lat' dir='ltr'><strong>sit</strong></span> <span class='ocrx_word' id='word_1_132' title='bbox 993 1941 1258 1996; x_wconf 92' lang='lat' dir='ltr'><strong>inﬁrmum</strong></span> <span class='ocrx_word' id='word_1_133' title='bbox 1281 1983 1294 2007; x_wconf 91' lang='lat'><strong>,</strong></span> <span class='ocrx_word' id='word_1_134' title='bbox 1326 1940 1467 2012; x_wconf 92' lang='lat' dir='ltr'><strong>quod</strong></span> <span class='ocrx_word' id='word_1_135' title='bbox 1501 1941 1640 1996; x_wconf 92' lang='lat' dir='ltr'><strong>Deus</strong></span> <span class='ocrx_word' id='word_1_136' title='bbox 1669 1940 1781 2009; x_wconf 92' lang='lat' dir='ltr'><strong>ipse</strong></span> <span class='ocrx_word' id='word_1_137' title='bbox 1812 1937 1988 2008; x_wconf 88' lang='lat' dir='ltr'><strong>posuit</strong></span> <span class='ocrx_word' id='word_1_138' title='bbox 2018 1936 2070 1991; x_wconf 90' lang='lat' dir='ltr'><strong>in</strong></span> 
     </span>
    </p>
   </div>
   <div class='ocr_carea' id='block_1_19' title="bbox 479 2029 2073 2103">
    <p class='ocr_par' dir='ltr' id='par_1_19' title="bbox 479 2029 2073 2103">
     <span class='ocr_line' id='line_1_19' title="bbox 479 2029 2073 2103; baseline -0.004 -13"><span class='ocrx_word' id='word_1_139' title='bbox 479 2044 705 2103; x_wconf 86' lang='lat' dir='ltr'><strong>natura;</strong></span> <span class='ocrx_word' id='word_1_140' title='bbox 734 2046 927 2090; x_wconf 67' lang='lat' dir='ltr'><strong>caetera</strong></span> <span class='ocrx_word' id='word_1_141' title='bbox 966 2049 1093 2089; x_wconf 86' lang='lat' dir='ltr'><strong>vero</strong></span> <span class='ocrx_word' id='word_1_142' title='bbox 1122 2033 1229 2088; x_wconf 94' lang='lat' dir='ltr'><strong>duo</strong></span> <span class='ocrx_word' id='word_1_143' title='bbox 1258 2049 1376 2103; x_wconf 65' lang='lat' dir='ltr'><strong>qua:</strong></span> <span class='ocrx_word' id='word_1_144' title='bbox 1413 2041 1592 2087; x_wconf 91' lang='lat' dir='ltr'><strong>nostra</strong></span> <span class='ocrx_word' id='word_1_145' title='bbox 1622 2046 1740 2087; x_wconf 90' lang='lat' dir='ltr'><strong>esse</strong></span> <span class='ocrx_word' id='word_1_146' title='bbox 1772 2029 1934 2084; x_wconf 92' lang='lat' dir='ltr'><strong>voluit</strong></span> <span class='ocrx_word' id='word_1_147' title='bbox 1954 2071 1969 2096; x_wconf 95' lang='lat'><strong>,</strong></span> <span class='ocrx_word' id='word_1_148' title='bbox 2002 2029 2073 2083; x_wconf 92' lang='lat' dir='ltr'><strong>ita</strong></span> 
     </span>
    </p>
   </div>
   <div class='ocr_carea' id='block_1_20' title="bbox 477 2119 2076 2194">
    <p class='ocr_par' dir='ltr' id='par_1_20' title="bbox 477 2119 2076 2194">
     <span class='ocr_line' id='line_1_20' title="bbox 477 2119 2076 2194; baseline -0.006 -13"><span class='ocrx_word' id='word_1_149' title='bbox 477 2125 589 2182; x_wconf 89' lang='lat' dir='ltr'><strong>sint</strong></span> <span class='ocrx_word' id='word_1_150' title='bbox 618 2126 792 2194; x_wconf 91' lang='lat' dir='ltr'><strong>ﬁrma,</strong></span> <span class='ocrx_word' id='word_1_151' title='bbox 821 2135 876 2180; x_wconf 92' lang='lat' dir='ltr'><strong>et</strong></span> <span class='ocrx_word' id='word_1_152' title='bbox 903 2123 1084 2190; x_wconf 87' lang='lat' dir='ltr'><strong>fortia,</strong></span> <span class='ocrx_word' id='word_1_153' title='bbox 1109 2133 1163 2180; x_wconf 90' lang='lat' dir='ltr'><strong>et</strong></span> <span class='ocrx_word' id='word_1_154' title='bbox 1190 2124 1291 2178; x_wconf 90' lang='lat' dir='ltr'><strong>sibi</strong></span> <span class='ocrx_word' id='word_1_155' title='bbox 1320 2123 1660 2187; x_wconf 88' lang='lat' dir='ltr'><strong>sufficientia,</strong></span> <span class='ocrx_word' id='word_1_156' title='bbox 1688 2130 1744 2176; x_wconf 92' lang='lat' dir='ltr'><strong>ut</strong></span> <span class='ocrx_word' id='word_1_157' title='bbox 1769 2120 1914 2175; x_wconf 90' lang='lat' dir='ltr'><strong>nullo</strong></span> <span class='ocrx_word' id='word_1_158' title='bbox 1941 2119 2076 2173; x_wconf 83' lang='lat' dir='ltr'><strong>indi-</strong></span> 
     </span>
    </p>
   </div>
   <div class='ocr_carea' id='block_1_21' title="bbox 479 2210 2072 2287">
    <p class='ocr_par' dir='ltr' id='par_1_21' title="bbox 479 2210 2072 2287">
     <span class='ocr_line' id='line_1_21' title="bbox 479 2210 2072 2287; baseline -0.006 -15"><span class='ocrx_word' id='word_1_159' title='bbox 479 2226 641 2287; x_wconf 86' lang='lat' dir='ltr'><strong>geant</strong></span> <span class='ocrx_word' id='word_1_160' title='bbox 676 2216 793 2287; x_wconf 87' lang='lat' dir='ltr'><strong>ejus</strong></span> <span class='ocrx_word' id='word_1_161' title='bbox 820 2215 1054 2280; x_wconf 76' lang='lat' dir='ltr'><strong>auxilio;</strong></span> <span class='ocrx_word' id='word_1_162' title='bbox 1088 2223 1142 2270; x_wconf 91' lang='lat' dir='ltr'><strong>et</strong></span> <span class='ocrx_word' id='word_1_163' title='bbox 1180 2214 1300 2269; x_wconf 91' lang='lat' dir='ltr'><strong>ideo</strong></span> <span class='ocrx_word' id='word_1_164' title='bbox 1341 2229 1445 2268; x_wconf 92' lang='lat' dir='ltr'><strong>non</strong></span> <span class='ocrx_word' id='word_1_165' title='bbox 1481 2213 1693 2283; x_wconf 82' lang='lat' dir='ltr'><strong>adjuvet</strong></span> <span class='ocrx_word' id='word_1_166' title='bbox 1729 2221 1785 2266; x_wconf 95' lang='lat' dir='ltr'><strong>ut</strong></span> <span class='ocrx_word' id='word_1_167' title='bbox 1813 2210 2072 2276; x_wconf 88' lang='lat' dir='ltr'><strong>velimus,</strong></span> 
     </span>
    </p>
   </div>
   <div class='ocr_carea' id='block_1_22' title="bbox 477 2303 2074 2380">
    <p class='ocr_par' dir='ltr' id='par_1_22' title="bbox 477 2303 2074 2380">
     <span class='ocr_line' id='line_1_22' title="bbox 477 2303 2074 2380; baseline -0.004 -17"><span class='ocrx_word' id='word_1_168' title='bbox 477 2324 583 2363; x_wconf 90' lang='lat' dir='ltr'><strong>non</strong></span> <span class='ocrx_word' id='word_1_169' title='bbox 611 2308 825 2379; x_wconf 88' lang='lat' dir='ltr'><strong>adjuvet</strong></span> <span class='ocrx_word' id='word_1_170' title='bbox 864 2317 920 2363; x_wconf 92' lang='lat' dir='ltr'><strong>nt</strong></span> <span class='ocrx_word' id='word_1_171' title='bbox 957 2323 1202 2380; x_wconf 88' lang='lat' dir='ltr'><strong>agamus.</strong></span> <span class='ocrx_word' id='word_1_172' title='bbox 1237 2306 1330 2362; x_wconf 90' lang='lat' dir='ltr'><strong>sed</strong></span> <span class='ocrx_word' id='word_1_173' title='bbox 1374 2303 1738 2361; x_wconf 89' lang='lat' dir='ltr'><strong>tantummodo</strong></span> <span class='ocrx_word' id='word_1_174' title='bbox 1767 2303 1983 2375; x_wconf 85' lang='lat' dir='ltr'><strong>adjuvet</strong></span> <span class='ocrx_word' id='word_1_175' title='bbox 2015 2305 2074 2356; x_wconf 78' lang='lat' dir='ltr'><strong>ut</strong></span> 
     </span>
    </p>
   </div>
   <div class='ocr_carea' id='block_1_23' title="bbox 480 2395 2074 2471">
    <p class='ocr_par' dir='ltr' id='par_1_23' title="bbox 480 2395 2074 2471">
     <span class='ocr_line' id='line_1_23' title="bbox 480 2395 2074 2471; baseline -0.003 -19"><span class='ocrx_word' id='word_1_176' title='bbox 480 2401 617 2456; x_wconf 80' lang='lat' dir='ltr'><strong>velle</strong></span> <span class='ocrx_word' id='word_1_177' title='bbox 637 2408 691 2457; x_wconf 93' lang='lat' dir='ltr'><strong>et</strong></span> <span class='ocrx_word' id='word_1_178' title='bbox 709 2415 867 2471; x_wconf 88' lang='lat' dir='ltr'><strong>agere</strong></span> <span class='ocrx_word' id='word_1_179' title='bbox 888 2400 1175 2455; x_wconf 87' lang='lat' dir='ltr'><strong>valeamus.</strong></span> <span class='ocrx_word' id='word_1_180' title='bbox 1197 2397 1395 2455; x_wconf 88' lang='lat' dir='ltr'><strong>Contra</strong></span> <span class='ocrx_word' id='word_1_181' title='bbox 1420 2407 1597 2454; x_wconf 89' lang='lat' dir='ltr'><strong>autem</strong></span> <span class='ocrx_word' id='word_1_182' title='bbox 1619 2396 1923 2467; x_wconf 87' lang='lat' dir='ltr'><strong>Apostolus,</strong></span> <span class='ocrx_word' id='word_1_183' title='bbox 1949 2395 2074 2448; x_wconf 82' lang='lat' dir='ltr'><strong>Cum</strong></span> 
     </span>
    </p>
   </div>
   <div class='ocr_carea' id='block_1_24' title="bbox 484 2481 2077 2561">
    <p class='ocr_par' dir='ltr' id='par_1_24' title="bbox 484 2481 2077 2561">
     <span class='ocr_line' id='line_1_24' title="bbox 484 2481 2077 2561; baseline -0.006 -16"><span class='ocrx_word' id='word_1_184' title='bbox 484 2493 690 2557; x_wconf 83' lang='lat' dir='ltr'><strong>timore,</strong></span> <span class='ocrx_word' id='word_1_185' title='bbox 723 2491 921 2561; x_wconf 88' lang='lat' dir='ltr'><strong>inquit,</strong></span> <span class='ocrx_word' id='word_1_186' title='bbox 952 2500 998 2547; x_wconf 82' lang='lat' dir='ltr'><strong>et</strong></span> <span class='ocrx_word' id='word_1_187' title='bbox 1033 2499 1248 2545; x_wconf 77' lang='lat' dir='ltr'><strong>tremore</strong></span> <span class='ocrx_word' id='word_1_188' title='bbox 1281 2501 1495 2544; x_wconf 79' lang='lat' dir='ltr'><strong>vestram</strong></span> <span class='ocrx_word' id='word_1_189' title='bbox 1533 2491 1756 2560; x_wconf 83' lang='lat' dir='ltr'><strong>ipsorum</strong></span> <span class='ocrx_word' id='word_1_190' title='bbox 1796 2481 2077 2559; x_wconf 83' lang='lat' dir='ltr'><strong>operamini</strong></span> 
     </span>
    </p>
   </div>
   <div class='ocr_carea' id='block_1_25' title="bbox 482 2577 2073 2651">
    <p class='ocr_par' dir='ltr' id='par_1_25' title="bbox 482 2577 2073 2651">
     <span class='ocr_line' id='line_1_25' title="bbox 482 2577 2073 2651; baseline -0.003 -15"><span class='ocrx_word' id='word_1_191' title='bbox 482 2581 717 2637; x_wconf 77' lang='lat' dir='ltr'><strong>salutent.</strong></span> <span class='ocrx_word' id='word_1_192' title='bbox 747 2581 815 2638; x_wconf 88' lang='lat' dir='ltr'><strong>Et</strong></span> <span class='ocrx_word' id='word_1_193' title='bbox 847 2590 904 2636; x_wconf 94' lang='lat' dir='ltr'><strong>ut</strong></span> <span class='ocrx_word' id='word_1_194' title='bbox 944 2583 1174 2645; x_wconf 89' lang='lat' dir='ltr'><strong>scirent,</strong></span> <span class='ocrx_word' id='word_1_195' title='bbox 1212 2582 1333 2651; x_wconf 88' lang='lat' dir='ltr'><strong>quia</strong></span> <span class='ocrx_word' id='word_1_196' title='bbox 1375 2596 1477 2635; x_wconf 94' lang='lat' dir='ltr'><strong>non</strong></span> <span class='ocrx_word' id='word_1_197' title='bbox 1511 2588 1713 2635; x_wconf 91' lang='lat' dir='ltr'><strong>tantum</strong></span> <span class='ocrx_word' id='word_1_198' title='bbox 1749 2580 1799 2633; x_wconf 93' lang='lat' dir='ltr'><strong>in</strong></span> <span class='ocrx_word' id='word_1_199' title='bbox 1836 2595 1901 2635; x_wconf 92' lang='lat' dir='ltr'><strong>eo</strong></span> <span class='ocrx_word' id='word_1_200' title='bbox 1934 2577 2073 2648; x_wconf 88' lang='lat' dir='ltr'><strong>quod</strong></span> 
     </span>
    </p>
   </div>
   <div class='ocr_carea' id='block_1_26' title="bbox 481 2671 2074 2744">
    <p class='ocr_par' dir='ltr' id='par_1_26' title="bbox 481 2671 2074 2744">
     <span class='ocr_line' id='line_1_26' title="bbox 481 2671 2074 2744; baseline -0.002 -16"><span class='ocrx_word' id='word_1_201' title='bbox 481 2673 691 2744; x_wconf 91' lang='lat' dir='ltr'><strong>operari</strong></span> <span class='ocrx_word' id='word_1_202' title='bbox 722 2673 925 2743; x_wconf 89' lang='lat' dir='ltr'><strong>possint</strong></span> <span class='ocrx_word' id='word_1_203' title='bbox 947 2673 1071 2744; x_wconf 91' lang='lat' dir='ltr'><strong>(hoc</strong></span> <span class='ocrx_word' id='word_1_204' title='bbox 1094 2672 1236 2727; x_wconf 90' lang='lat' dir='ltr'><strong>enim</strong></span> <span class='ocrx_word' id='word_1_205' title='bbox 1264 2673 1315 2726; x_wconf 92' lang='lat' dir='ltr'><strong>in</strong></span> <span class='ocrx_word' id='word_1_206' title='bbox 1345 2681 1532 2728; x_wconf 89' lang='lat' dir='ltr'><strong>natura</strong></span> <span class='ocrx_word' id='word_1_207' title='bbox 1553 2681 1608 2727; x_wconf 93' lang='lat' dir='ltr'><strong>ct</strong></span> <span class='ocrx_word' id='word_1_208' title='bbox 1630 2672 1680 2726; x_wconf 92' lang='lat' dir='ltr'><strong>in</strong></span> <span class='ocrx_word' id='word_1_209' title='bbox 1708 2671 1945 2726; x_wconf 89' lang='lat' dir='ltr'><strong>doctrina</strong></span> <span class='ocrx_word' id='word_1_210' title='bbox 1964 2671 2074 2741; x_wconf 92' lang='lat' dir='ltr'><strong>jam</strong></span> 
     </span>
    </p>
   </div>
   <div class='ocr_carea' id='block_1_27' title="bbox 479 2761 2074 2838">
    <p class='ocr_par' dir='ltr' id='par_1_27' title="bbox 479 2761 2074 2838">
     <span class='ocr_line' id='line_1_27' title="bbox 479 2761 2074 2838; baseline -0.001 -21"><span class='ocrx_word' id='word_1_211' title='bbox 479 2765 850 2838; x_wconf 88' lang='lat' dir='ltr'><strong>acceperant),</strong></span> <span class='ocrx_word' id='word_1_212' title='bbox 883 2766 977 2821; x_wconf 91' lang='lat' dir='ltr'><strong>sed</strong></span> <span class='ocrx_word' id='word_1_213' title='bbox 1008 2765 1168 2821; x_wconf 89' lang='lat' dir='ltr'><strong>etiam</strong></span> <span class='ocrx_word' id='word_1_214' title='bbox 1200 2765 1251 2819; x_wconf 93' lang='lat' dir='ltr'><strong>in</strong></span> <span class='ocrx_word' id='word_1_215' title='bbox 1279 2779 1344 2819; x_wconf 92' lang='lat' dir='ltr'><strong>eo</strong></span> <span class='ocrx_word' id='word_1_216' title='bbox 1374 2764 1515 2835; x_wconf 90' lang='lat' dir='ltr'><strong>quod</strong></span> <span class='ocrx_word' id='word_1_217' title='bbox 1545 2772 1855 2834; x_wconf 85' lang='lat' dir='ltr'><strong>operantur,</strong></span> <span class='ocrx_word' id='word_1_218' title='bbox 1886 2761 2074 2817; x_wconf 88' lang='lat' dir='ltr'><strong>divini-</strong></span> 
     </span>
    </p>
   </div>
   <div class='ocr_carea' id='block_1_28' title="bbox 482 2856 2077 2928">
    <p class='ocr_par' dir='ltr' id='par_1_28' title="bbox 482 2856 2077 2928">
     <span class='ocr_line' id='line_1_28' title="bbox 482 2856 2077 2928; baseline 0 -18"><span class='ocrx_word' id='word_1_219' title='bbox 482 2868 566 2911; x_wconf 91' lang='lat' dir='ltr'><strong>tus</strong></span> <span class='ocrx_word' id='word_1_220' title='bbox 595 2857 933 2928; x_wconf 88' lang='lat' dir='ltr'><strong>adjuvantur,</strong></span> <span class='ocrx_word' id='word_1_221' title='bbox 967 2872 1074 2911; x_wconf 93' lang='lat' dir='ltr'><strong>non</strong></span> <span class='ocrx_word' id='word_1_222' title='bbox 1106 2857 1208 2923; x_wconf 89' lang='lat' dir='ltr'><strong>ait,</strong></span> <span class='ocrx_word' id='word_1_223' title='bbox 1238 2857 1380 2912; x_wconf 91' lang='lat' dir='ltr'><strong>Deus</strong></span> <span class='ocrx_word' id='word_1_224' title='bbox 1409 2865 1489 2912; x_wconf 90' lang='lat' dir='ltr'><strong>est</strong></span> <span class='ocrx_word' id='word_1_225' title='bbox 1525 2857 1667 2912; x_wconf 91' lang='lat' dir='ltr'><strong>enim</strong></span> <span class='ocrx_word' id='word_1_226' title='bbox 1703 2856 1792 2926; x_wconf 88' lang='lat' dir='ltr'><strong>qui</strong></span> <span class='ocrx_word' id='word_1_227' title='bbox 1827 2866 2077 2925; x_wconf 90' lang='lat' dir='ltr'><strong>operatur</strong></span> 
     </span>
    </p>
   </div>
   <div class='ocr_carea' id='block_1_29' title="bbox 481 2948 2076 3020">
    <p class='ocr_par' dir='ltr' id='par_1_29' title="bbox 481 2948 2076 3020">
     <span class='ocr_line' id='line_1_29' title="bbox 481 2948 2076 3020; baseline 0.002 -17"><span class='ocrx_word' id='word_1_228' title='bbox 481 2948 535 3003; x_wconf 92' lang='lat' dir='ltr'><strong>in</strong></span> <span class='ocrx_word' id='word_1_229' title='bbox 564 2950 714 3004; x_wconf 86' lang='lat' dir='ltr'><strong>vobis</strong></span> <span class='ocrx_word' id='word_1_230' title='bbox 738 2964 930 3020; x_wconf 87' lang='lat' dir='ltr'><strong>posse,</strong></span> <span class='ocrx_word' id='word_1_231' title='bbox 961 2959 1208 3020; x_wconf 89' lang='lat' dir='ltr'><strong>tanquam</strong></span> <span class='ocrx_word' id='word_1_232' title='bbox 1247 2949 1346 3019; x_wconf 80' lang='lat' dir='ltr'><strong>ipsi</strong></span> <span class='ocrx_word' id='word_1_233' title='bbox 1376 2948 1486 3020; x_wconf 91' lang='lat' dir='ltr'><strong>jam</strong></span> <span class='ocrx_word' id='word_1_234' title='bbox 1517 2957 1571 3004; x_wconf 87' lang='lat' dir='ltr'><strong>et</strong></span> <span class='ocrx_word' id='word_1_235' title='bbox 1603 2950 1740 3004; x_wconf 84' lang='lat' dir='ltr'><strong>velle</strong></span> <span class='ocrx_word' id='word_1_236' title='bbox 1775 2959 1828 3004; x_wconf 92' lang='lat' dir='ltr'><strong>et</strong></span> <span class='ocrx_word' id='word_1_237' title='bbox 1864 2950 2076 3019; x_wconf 91' lang='lat' dir='ltr'><strong>operari</strong></span> 
     </span>
    </p>
   </div>
   <div class='ocr_carea' id='block_1_30' title="bbox 485 3040 2075 3113">
    <p class='ocr_par' dir='ltr' id='par_1_30' title="bbox 485 3040 2075 3113">
     <span class='ocr_line' id='line_1_30' title="bbox 485 3040 2075 3113; baseline 0.001 -18"><span class='ocrx_word' id='word_1_238' title='bbox 485 3057 581 3109; x_wconf 89' lang='lat' dir='ltr'><strong>per</strong></span> <span class='ocrx_word' id='word_1_239' title='bbox 605 3053 666 3096; x_wconf 84' lang='lat' dir='ltr'><strong>se</strong></span> <span class='ocrx_word' id='word_1_240' title='bbox 691 3041 836 3111; x_wconf 90' lang='lat' dir='ltr'><strong>ipsos</strong></span> <span class='ocrx_word' id='word_1_241' title='bbox 862 3041 1110 3105; x_wconf 89' lang='lat' dir='ltr'><strong>habeant,</strong></span> <span class='ocrx_word' id='word_1_242' title='bbox 1139 3055 1238 3096; x_wconf 90' lang='lat' dir='ltr'><strong>nec</strong></span> <span class='ocrx_word' id='word_1_243' title='bbox 1265 3041 1317 3095; x_wconf 93' lang='lat' dir='ltr'><strong>in</strong></span> <span class='ocrx_word' id='word_1_244' title='bbox 1344 3040 1426 3095; x_wconf 93' lang='lat' dir='ltr'><strong>his</strong></span> <span class='ocrx_word' id='word_1_245' title='bbox 1447 3041 1653 3096; x_wconf 89' lang='lat' dir='ltr'><strong>duobus</strong></span> <span class='ocrx_word' id='word_1_246' title='bbox 1676 3041 1938 3110; x_wconf 89' lang='lat' dir='ltr'><strong>adjutorio</strong></span> <span class='ocrx_word' id='word_1_247' title='bbox 1960 3043 2075 3113; x_wconf 88' lang='lat' dir='ltr'><strong>ejus</strong></span> 
     </span>
    </p>
   </div>
   <div class='ocr_carea' id='block_1_31' title="bbox 484 3132 2075 3206">
    <p class='ocr_par' dir='ltr' id='par_1_31' title="bbox 484 3132 2075 3206">
     <span class='ocr_line' id='line_1_31' title="bbox 484 3132 2075 3206; baseline 0.002 -18"><span class='ocrx_word' id='word_1_248' title='bbox 484 3134 789 3206; x_wconf 81' lang='lat' dir='ltr'><strong>indigeant;</strong></span> <span class='ocrx_word' id='word_1_249' title='bbox 821 3132 915 3190; x_wconf 92' lang='lat' dir='ltr'><strong>sed</strong></span> <span class='ocrx_word' id='word_1_250' title='bbox 945 3134 1036 3201; x_wconf 92' lang='lat' dir='ltr'><strong>ait,</strong></span> <span class='ocrx_word' id='word_1_251' title='bbox 1068 3133 1208 3188; x_wconf 89' lang='lat' dir='ltr'><strong>Deus</strong></span> <span class='ocrx_word' id='word_1_252' title='bbox 1238 3135 1372 3189; x_wconf 85' lang='lat' dir='ltr'><strong>enim</strong></span> <span class='ocrx_word' id='word_1_253' title='bbox 1397 3145 1467 3188; x_wconf 85' lang='lat' dir='ltr'><strong>est</strong></span> <span class='ocrx_word' id='word_1_254' title='bbox 1492 3135 1578 3205; x_wconf 86' lang='lat' dir='ltr'><strong>qui</strong></span> <span class='ocrx_word' id='word_1_255' title='bbox 1602 3145 1838 3205; x_wconf 77' lang='lat' dir='ltr'><strong>operatur</strong></span> <span class='ocrx_word' id='word_1_256' title='bbox 1865 3135 1916 3189; x_wconf 89' lang='lat' dir='ltr'><strong>in</strong></span> <span class='ocrx_word' id='word_1_257' title='bbox 1941 3137 2075 3191; x_wconf 81' lang='lat' dir='ltr'><strong>vobis</strong></span> 
     </span>
    </p>
   </div>
   <div class='ocr_carea' id='block_1_32' title="bbox 484 3223 2074 3299">
    <p class='ocr_par' dir='ltr' id='par_1_32' title="bbox 484 3223 2074 3299">
     <span class='ocr_line' id='line_1_32' title="bbox 484 3223 2074 3299; baseline 0 -18"><span class='ocrx_word' id='word_1_258' title='bbox 484 3236 532 3281; x_wconf 80' lang='lat' dir='ltr'><strong>et</strong></span> <span class='ocrx_word' id='word_1_259' title='bbox 558 3224 684 3281; x_wconf 78' lang='lat' dir='ltr'><strong>velle</strong></span> <span class='ocrx_word' id='word_1_260' title='bbox 703 3235 748 3281; x_wconf 85' lang='lat' dir='ltr'><strong>et</strong></span> <span class='ocrx_word' id='word_1_261' title='bbox 772 3225 1013 3299; x_wconf 84' lang='lat' dir='ltr'><strong>perﬁcere</strong></span> <span class='ocrx_word' id='word_1_262' title='bbox 1045 3223 1303 3298; x_wconf 82' lang='lat' dir='ltr'><strong>(Philipp.</strong></span> <span class='ocrx_word' id='word_1_263' title='bbox 1327 3242 1385 3294; x_wconf 81' lang='grc' dir='ltr'><strong>ιι,</strong></span> <span class='ocrx_word' id='word_1_264' title='bbox 1418 3226 1488 3281; x_wconf 72' lang='lat' dir='ltr'><strong>i9.</strong></span> <span class='ocrx_word' id='word_1_265' title='bbox 1511 3235 1559 3280; x_wconf 85' lang='lat' dir='ltr'><strong>et</strong></span> <span class='ocrx_word' id='word_1_266' title='bbox 1588 3223 1712 3298; x_wconf 71' lang='lat'><strong>13);</strong></span> <span class='ocrx_word' id='word_1_267' title='bbox 1743 3226 1825 3281; x_wconf 87' lang='lat' dir='ltr'><strong>vel</strong></span> <span class='ocrx_word' id='word_1_268' title='bbox 1855 3226 1994 3282; x_wconf 90' lang='lat' dir='ltr'><strong>sicut</strong></span> <span class='ocrx_word' id='word_1_269' title='bbox 2022 3228 2074 3281; x_wconf 92' lang='lat' dir='ltr'><strong>in</strong></span> 
     </span>
    </p>
   </div>
   <div class='ocr_carea' id='block_1_33' title="bbox 485 3315 2075 3388">
    <p class='ocr_par' dir='ltr' id='par_1_33' title="bbox 485 3315 2075 3388">
     <span class='ocr_line' id='line_1_33' title="bbox 485 3315 2075 3388; baseline 0.001 -17"><span class='ocrx_word' id='word_1_270' title='bbox 485 3316 602 3372; x_wconf 89' lang='lat' dir='ltr'><strong>aliis</strong></span> <span class='ocrx_word' id='word_1_271' title='bbox 639 3324 695 3372; x_wconf 88' lang='lat' dir='ltr'><strong>et</strong></span> <span class='ocrx_word' id='word_1_272' title='bbox 735 3316 964 3371; x_wconf 80' lang='lat' dir='ltr'><strong>maxime</strong></span> <span class='ocrx_word' id='word_1_273' title='bbox 1004 3317 1191 3386; x_wconf 66' lang='lat' dir='ltr'><strong>graecis</strong></span> <span class='ocrx_word' id='word_1_274' title='bbox 1231 3315 1504 3372; x_wconf 90' lang='lat' dir='ltr'><strong>codicibus</strong></span> <span class='ocrx_word' id='word_1_275' title='bbox 1545 3315 1755 3388; x_wconf 83' lang='lat' dir='ltr'><strong>legitur,</strong></span> <span class='ocrx_word' id='word_1_276' title='bbox 1789 3327 1835 3371; x_wconf 83' lang='lat' dir='ltr'><strong>et</strong></span> <span class='ocrx_word' id='word_1_277' title='bbox 1871 3317 1996 3372; x_wconf 79' lang='lat' dir='ltr'><strong>velle</strong></span> <span class='ocrx_word' id='word_1_278' title='bbox 2029 3328 2075 3372; x_wconf 84' lang='lat' dir='ltr'><strong>et</strong></span> 
     </span>
    </p>
   </div>
   <div class='ocr_carea' id='block_1_34' title="bbox 485 3405 2077 3480">
    <p class='ocr_par' dir='ltr' id='par_1_34' title="bbox 485 3405 2077 3480">
     <span class='ocr_line' id='line_1_34' title="bbox 485 3405 2077 3480; baseline 0.003 -18"><span class='ocrx_word' id='word_1_279' title='bbox 485 3407 684 3477; x_wconf 85' lang='lat' dir='ltr'><strong>operari</strong></span> <span class='ocrx_word' id='word_1_280' title='bbox 702 3405 800 3480; x_wconf 81' lang='grc' dir='ltr'><strong>(α).</strong></span> <span class='ocrx_word' id='word_1_281' title='bbox 816 3406 1006 3462; x_wconf 76' lang='lat' dir='ltr'><strong>Videte</strong></span> <span class='ocrx_word' id='word_1_282' title='bbox 1035 3406 1080 3461; x_wconf 91' lang='lat' dir='ltr'><strong>si</strong></span> <span class='ocrx_word' id='word_1_283' title='bbox 1107 3421 1212 3462; x_wconf 92' lang='lat' dir='ltr'><strong>non</strong></span> <span class='ocrx_word' id='word_1_284' title='bbox 1233 3407 1520 3478; x_wconf 81' lang='lat' dir='ltr'><strong>Apostolus</strong></span> <span class='ocrx_word' id='word_1_285' title='bbox 1543 3408 1726 3478; x_wconf 86' lang='lat' dir='ltr'><strong>gratiae</strong></span> <span class='ocrx_word' id='word_1_286' title='bbox 1749 3408 1841 3464; x_wconf 93' lang='lat' dir='ltr'><strong>Dei</strong></span> <span class='ocrx_word' id='word_1_287' title='bbox 1872 3409 2077 3466; x_wconf 91' lang='lat' dir='ltr'><strong>futuros</strong></span> 
     </span>
    </p>
   </div>
   <div class='ocr_carea' id='block_1_35' title="bbox 485 3499 2078 3571">
    <p class='ocr_par' dir='ltr' id='par_1_35' title="bbox 485 3499 2078 3571">
     <span class='ocr_line' id='line_1_35' title="bbox 485 3499 2078 3571; baseline 0.003 -18"><span class='ocrx_word' id='word_1_288' title='bbox 485 3501 818 3557; x_wconf 88' lang='lat' dir='ltr'><strong>adversarios</strong></span> <span class='ocrx_word' id='word_1_289' title='bbox 847 3508 1034 3555; x_wconf 88' lang='lat' dir='ltr'><strong>sancto</strong></span> <span class='ocrx_word' id='word_1_290' title='bbox 1061 3499 1262 3570; x_wconf 90' lang='lat' dir='ltr'><strong>Spiritu</strong></span> <span class='ocrx_word' id='word_1_291' title='bbox 1285 3508 1428 3554; x_wconf 91' lang='lat' dir='ltr'><strong>tanto</strong></span> <span class='ocrx_word' id='word_1_292' title='bbox 1451 3509 1575 3554; x_wconf 90' lang='lat' dir='ltr'><strong>ante</strong></span> <span class='ocrx_word' id='word_1_293' title='bbox 1600 3499 1861 3571; x_wconf 71' lang='lat' dir='ltr'><strong>przevidit,</strong></span> <span class='ocrx_word' id='word_1_294' title='bbox 1883 3510 1940 3557; x_wconf 93' lang='lat' dir='ltr'><strong>et</strong></span> <span class='ocrx_word' id='word_1_295' title='bbox 1965 3501 2078 3557; x_wconf 77' lang='lat' dir='ltr'><strong>inec</strong></span> 
     </span>
    </p>
   </div>
   <div class='ocr_carea' id='block_1_36' title="bbox 485 3590 2076 3661">
    <p class='ocr_par' dir='ltr' id='par_1_36' title="bbox 485 3590 2076 3661">
     <span class='ocr_line' id='line_1_36' title="bbox 485 3590 2076 3661; baseline 0 -16"><span class='ocrx_word' id='word_1_296' title='bbox 485 3593 624 3656; x_wconf 91' lang='lat' dir='ltr'><strong>duo,</strong></span> <span class='ocrx_word' id='word_1_297' title='bbox 659 3593 709 3647; x_wconf 89' lang='lat' dir='ltr'><strong>id</strong></span> <span class='ocrx_word' id='word_1_298' title='bbox 737 3600 852 3659; x_wconf 88' lang='lat' dir='ltr'><strong>est,</strong></span> <span class='ocrx_word' id='word_1_299' title='bbox 881 3601 934 3646; x_wconf 93' lang='lat' dir='ltr'><strong>et</strong></span> <span class='ocrx_word' id='word_1_300' title='bbox 965 3592 1100 3646; x_wconf 88' lang='lat' dir='ltr'><strong>velle</strong></span> <span class='ocrx_word' id='word_1_301' title='bbox 1135 3599 1189 3646; x_wconf 89' lang='lat' dir='ltr'><strong>et</strong></span> <span class='ocrx_word' id='word_1_302' title='bbox 1221 3590 1462 3661; x_wconf 82' lang='lat' dir='ltr'><strong>operari,</strong></span> <span class='ocrx_word' id='word_1_303' title='bbox 1493 3605 1612 3661; x_wconf 82' lang='lat' dir='ltr'><strong>quae</strong></span> <span class='ocrx_word' id='word_1_304' title='bbox 1650 3591 1748 3646; x_wconf 90' lang='lat' dir='ltr'><strong>iste</strong></span> <span class='ocrx_word' id='word_1_305' title='bbox 1789 3591 1860 3646; x_wconf 89' lang='lat' dir='ltr'><strong>ita</strong></span> <span class='ocrx_word' id='word_1_306' title='bbox 1895 3600 2076 3646; x_wconf 91' lang='lat' dir='ltr'><strong>nostra</strong></span> 
     </span>
    </p>
   </div>
   <div class='ocr_carea' id='block_1_37' title="bbox 487 3675 2080 3752">
    <p class='ocr_par' dir='ltr' id='par_1_37' title="bbox 487 3675 2080 3752">
     <span class='ocr_line' id='line_1_37' title="bbox 487 3675 2080 3752; baseline -0.001 -15"><span class='ocrx_word' id='word_1_307' title='bbox 487 3675 609 3739; x_wconf 80' lang='lat' dir='ltr'><strong>esse</strong></span> <span class='ocrx_word' id='word_1_308' title='bbox 634 3683 820 3750; x_wconf 90' lang='lat' dir='ltr'><strong>voluit,</strong></span> <span class='ocrx_word' id='word_1_309' title='bbox 851 3689 1099 3752; x_wconf 88' lang='lat' dir='ltr'><strong>tanquam</strong></span> <span class='ocrx_word' id='word_1_310' title='bbox 1130 3682 1240 3752; x_wconf 90' lang='lat' dir='ltr'><strong>ipsa</strong></span> <span class='ocrx_word' id='word_1_311' title='bbox 1268 3681 1460 3736; x_wconf 75' lang='lat' dir='ltr'><strong>divina:</strong></span> <span class='ocrx_word' id='word_1_312' title='bbox 1487 3681 1670 3752; x_wconf 73' lang='lat' dir='ltr'><strong>gratia:</strong></span> <span class='ocrx_word' id='word_1_313' title='bbox 1697 3697 1800 3737; x_wconf 91' lang='lat' dir='ltr'><strong>non</strong></span> <span class='ocrx_word' id='word_1_314' title='bbox 1827 3682 2080 3752; x_wconf 88' lang='lat' dir='ltr'><strong>adjuven-</strong></span> 
     </span>
    </p>
   </div>
   <div class='ocr_carea' id='block_1_38' title="bbox 489 3773 1704 3844">
    <p class='ocr_par' dir='ltr' id='par_1_38' title="bbox 489 3773 1704 3844">
     <span class='ocr_line' id='line_1_38' title="bbox 489 3773 1704 3844; baseline 0 -16"><span class='ocrx_word' id='word_1_315' title='bbox 489 3784 574 3828; x_wconf 90' lang='lat' dir='ltr'><strong>tur</strong></span> <span class='ocrx_word' id='word_1_316' title='bbox 603 3773 821 3839; x_wconf 82' lang='lat' dir='ltr'><strong>auxilio,</strong></span> <span class='ocrx_word' id='word_1_317' title='bbox 853 3774 1016 3828; x_wconf 92' lang='lat' dir='ltr'><strong>Deum</strong></span> <span class='ocrx_word' id='word_1_318' title='bbox 1050 3773 1101 3828; x_wconf 92' lang='lat' dir='ltr'><strong>in</strong></span> <span class='ocrx_word' id='word_1_319' title='bbox 1133 3773 1286 3828; x_wconf 90' lang='lat' dir='ltr'><strong>nobis</strong></span> <span class='ocrx_word' id='word_1_320' title='bbox 1315 3773 1447 3828; x_wconf 79' lang='lat' dir='ltr'><strong>dixit</strong></span> <span class='ocrx_word' id='word_1_321' title='bbox 1474 3775 1704 3844; x_wconf 88' lang='lat' dir='ltr'><strong>operari.</strong></span> 
     </span>
    </p>
   </div>
   <div class='ocr_carea' id='block_1_39' title="bbox 558 3862 2080 3935">
    <p class='ocr_par' dir='ltr' id='par_1_39' title="bbox 558 3862 2080 3935">
     <span class='ocr_line' id='line_1_39' title="bbox 558 3862 2080 3935; baseline 0.001 -16"><span class='ocrx_word' id='word_1_322' title='bbox 558 3862 784 3920; x_wconf 67' lang='lat' dir='ltr'><strong>CAPUT</strong></span> <span class='ocrx_word' id='word_1_323' title='bbox 803 3862 887 3919; x_wconf 84' lang='lat' dir='ltr'><strong>Vl.</strong></span> <span class='ocrx_word' id='word_1_324' title='bbox 910 3894 975 3905; x_wconf 89' lang='grc'><strong><em>--</em></strong></span> <span class='ocrx_word' id='word_1_325' title='bbox 993 3863 1047 3920; x_wconf 90' lang='lat'><strong>7.</strong></span> <span class='ocrx_word' id='word_1_326' title='bbox 1067 3863 1250 3934; x_wconf 82' lang='lat' dir='ltr'><strong>Neque</strong></span> <span class='ocrx_word' id='word_1_327' title='bbox 1271 3864 1396 3920; x_wconf 92' lang='lat' dir='ltr'><strong>hinc</strong></span> <span class='ocrx_word' id='word_1_328' title='bbox 1409 3864 1652 3935; x_wconf 87' lang='lat' dir='ltr'><strong>Pelagius</strong></span> <span class='ocrx_word' id='word_1_329' title='bbox 1673 3865 1911 3921; x_wconf 88' lang='lat' dir='ltr'><strong>incautos</strong></span> <span class='ocrx_word' id='word_1_330' title='bbox 1932 3865 2080 3922; x_wconf 88' lang='lat' dir='ltr'><strong>fallat</strong></span> 
     </span>
    </p>
   </div>
   <div class='ocr_carea' id='block_1_40' title="bbox 489 3959 2080 4031">
    <p class='ocr_par' dir='ltr' id='par_1_40' title="bbox 489 3959 2080 4031">
     <span class='ocr_line' id='line_1_40' title="bbox 489 3959 2080 4031; baseline 0.001 -16"><span class='ocrx_word' id='word_1_331' title='bbox 489 3971 542 4016; x_wconf 90' lang='lat' dir='ltr'><strong>et</strong></span> <span class='ocrx_word' id='word_1_332' title='bbox 572 3959 858 4030; x_wconf 87' lang='lat' dir='ltr'><strong>simplices,</strong></span> <span class='ocrx_word' id='word_1_333' title='bbox 887 3959 971 4015; x_wconf 87' lang='lat' dir='ltr'><strong>vel</strong></span> <span class='ocrx_word' id='word_1_334' title='bbox 1001 3959 1160 4015; x_wconf 88' lang='lat' dir='ltr'><strong>etiam</strong></span> <span class='ocrx_word' id='word_1_335' title='bbox 1191 3973 1250 4015; x_wconf 89' lang='lat' dir='ltr'><strong>se</strong></span> <span class='ocrx_word' id='word_1_336' title='bbox 1279 3959 1472 4030; x_wconf 89' lang='lat' dir='ltr'><strong>ipsum,</strong></span> <span class='ocrx_word' id='word_1_337' title='bbox 1499 3960 1750 4031; x_wconf 88' lang='lat' dir='ltr'><strong>quoniam</strong></span> <span class='ocrx_word' id='word_1_338' title='bbox 1773 3976 1893 4016; x_wconf 90' lang='lat' dir='ltr'><strong>cum</strong></span> <span class='ocrx_word' id='word_1_339' title='bbox 1918 3961 2080 4016; x_wconf 75' lang='lat' dir='ltr'><strong>dixis-</strong></span> 
     </span>
    </p>
   </div>
   <div class='ocr_carea' id='block_1_41' title="bbox 490 4052 2080 4124">
    <p class='ocr_par' dir='ltr' id='par_1_41' title="bbox 490 4052 2080 4124">
     <span class='ocr_line' id='line_1_41' title="bbox 490 4052 2080 4124; baseline 0 -16"><span class='ocrx_word' id='word_1_340' title='bbox 490 4063 595 4122; x_wconf 88' lang='lat' dir='ltr'><strong>set,</strong></span> <span class='ocrx_word' id='word_1_341' title='bbox 631 4072 651 4106; x_wconf 76' lang='grc' dir='ltr'>ι</span> <span class='ocrx_word' id='word_1_342' title='bbox 688 4052 828 4124; x_wconf 83' lang='lat' dir='ltr'><strong>Ergo</strong></span> <span class='ocrx_word' id='word_1_343' title='bbox 862 4053 913 4106; x_wconf 91' lang='lat' dir='ltr'><strong>in</strong></span> <span class='ocrx_word' id='word_1_344' title='bbox 945 4052 1216 4107; x_wconf 88' lang='lat' dir='ltr'><strong>voluntate</strong></span> <span class='ocrx_word' id='word_1_345' title='bbox 1244 4060 1300 4106; x_wconf 93' lang='lat' dir='ltr'><strong>et</strong></span> <span class='ocrx_word' id='word_1_346' title='bbox 1325 4067 1487 4122; x_wconf 84' lang='lat' dir='ltr'><strong>Opere</strong></span> <span class='ocrx_word' id='word_1_347' title='bbox 1525 4052 1665 4107; x_wconf 79' lang='lat' dir='ltr'><strong>bono</strong></span> <span class='ocrx_word' id='word_1_348' title='bbox 1695 4053 1811 4108; x_wconf 90' lang='lat' dir='ltr'><strong>laus</strong></span> <span class='ocrx_word' id='word_1_349' title='bbox 1850 4053 2080 4108; x_wconf 87' lang='lat' dir='ltr'><strong>hominis</strong></span> 
     </span>
    </p>
   </div>
   <div class='ocr_carea' id='block_1_42' title="bbox 490 4144 2080 4214">
    <p class='ocr_par' dir='ltr' id='par_1_42' title="bbox 490 4144 2080 4214">
     <span class='ocr_line' id='line_1_42' title="bbox 490 4144 2080 4214; baseline 0 -12"><span class='ocrx_word' id='word_1_350' title='bbox 490 4156 609 4213; x_wconf 88' lang='lat' dir='ltr'><strong>est;</strong></span> <span class='ocrx_word' id='word_1_351' title='bbox 648 4163 668 4198; x_wconf 70' lang='grc' dir='ltr'><strong>ι</strong></span> <span class='ocrx_word' id='word_1_352' title='bbox 700 4146 846 4202; x_wconf 91' lang='lat' dir='ltr'><strong>velut</strong></span> <span class='ocrx_word' id='word_1_353' title='bbox 875 4144 1106 4201; x_wconf 81' lang='lat' dir='ltr'><strong>correxit</strong></span> <span class='ocrx_word' id='word_1_354' title='bbox 1133 4152 1293 4214; x_wconf 90' lang='lat' dir='ltr'><strong>atque</strong></span> <span class='ocrx_word' id='word_1_355' title='bbox 1316 4144 1541 4211; x_wconf 88' lang='lat' dir='ltr'><strong>addidit,</strong></span> <span class='ocrx_word' id='word_1_356' title='bbox 1575 4163 1593 4197; x_wconf 77' lang='grc' dir='ltr'>ι</span> <span class='ocrx_word' id='word_1_357' title='bbox 1628 4145 1740 4200; x_wconf 90' lang='lat' dir='ltr'><strong>imo</strong></span> <span class='ocrx_word' id='word_1_358' title='bbox 1768 4153 1823 4200; x_wconf 91' lang='lat' dir='ltr'><strong>et</strong></span> <span class='ocrx_word' id='word_1_359' title='bbox 1850 4145 2080 4202; x_wconf 88' lang='lat' dir='ltr'><strong>hominis</strong></span> 
     </span>
    </p>
   </div>
   <div class='ocr_carea' id='block_1_43' title="bbox 490 4233 2080 4305">
    <p class='ocr_par' dir='ltr' id='par_1_43' title="bbox 490 4233 2080 4305">
     <span class='ocr_line' id='line_1_43' title="bbox 490 4233 2080 4305; baseline -0.003 -14"><span class='ocrx_word' id='word_1_360' title='bbox 490 4242 548 4292; x_wconf 93' lang='lat' dir='ltr'><strong>et</strong></span> <span class='ocrx_word' id='word_1_361' title='bbox 575 4235 690 4292; x_wconf 89' lang='lat' dir='ltr'><strong>Dei.</strong></span> <span class='ocrx_word' id='word_1_362' title='bbox 731 4252 751 4288; x_wconf 66' lang='grc' dir='ltr'><em>θ</em></span> <span class='ocrx_word' id='word_1_363' title='bbox 787 4233 902 4290; x_wconf 84' lang='lat' dir='ltr'><strong>Non</strong></span> <span class='ocrx_word' id='word_1_364' title='bbox 933 4234 1074 4289; x_wconf 89' lang='lat' dir='ltr'><strong>enim</strong></span> <span class='ocrx_word' id='word_1_365' title='bbox 1107 4233 1212 4288; x_wconf 93' lang='lat' dir='ltr'><strong>hoc</strong></span> <span class='ocrx_word' id='word_1_366' title='bbox 1239 4243 1514 4304; x_wconf 90' lang='lat' dir='ltr'><strong>propterea</strong></span> <span class='ocrx_word' id='word_1_367' title='bbox 1545 4233 1709 4297; x_wconf 80' lang='lat' dir='ltr'><strong>dixit,</strong></span> <span class='ocrx_word' id='word_1_368' title='bbox 1738 4234 1860 4305; x_wconf 87' lang='lat' dir='ltr'><strong>quia</strong></span> <span class='ocrx_word' id='word_1_369' title='bbox 1890 4249 2080 4290; x_wconf 74' lang='lat' dir='ltr'><strong>secun~</strong></span> 
     </span>
    </p>
   </div>
   <div class='ocr_carea' id='block_1_44' title="bbox 490 4323 2082 4398">
    <p class='ocr_par' dir='ltr' id='par_1_44' title="bbox 490 4323 2082 4398">
     <span class='ocr_line' id='line_1_44' title="bbox 490 4323 2082 4398; baseline 0 -16"><span class='ocrx_word' id='word_1_370' title='bbox 490 4327 618 4382; x_wconf 90' lang='lat' dir='ltr'><strong>dum</strong></span> <span class='ocrx_word' id='word_1_371' title='bbox 645 4340 828 4381; x_wconf 89' lang='lat' dir='ltr'><strong>sanam</strong></span> <span class='ocrx_word' id='word_1_372' title='bbox 853 4323 1149 4381; x_wconf 88' lang='lat' dir='ltr'><strong>doctrinam</strong></span> <span class='ocrx_word' id='word_1_373' title='bbox 1176 4324 1393 4396; x_wconf 89' lang='lat' dir='ltr'><strong>intelligi</strong></span> <span class='ocrx_word' id='word_1_374' title='bbox 1422 4324 1607 4393; x_wconf 87' lang='lat' dir='ltr'><strong>voluit,</strong></span> <span class='ocrx_word' id='word_1_375' title='bbox 1629 4327 1770 4398; x_wconf 91' lang='lat' dir='ltr'><strong>quod</strong></span> <span class='ocrx_word' id='word_1_376' title='bbox 1797 4337 1850 4383; x_wconf 92' lang='lat' dir='ltr'><strong>et</strong></span> <span class='ocrx_word' id='word_1_377' title='bbox 1871 4327 2007 4382; x_wconf 89' lang='lat' dir='ltr'><strong>velle</strong></span> <span class='ocrx_word' id='word_1_378' title='bbox 2029 4337 2082 4382; x_wconf 92' lang='lat' dir='ltr'><strong>ct</strong></span> 
     </span>
    </p>
   </div>
   <div class='ocr_carea' id='block_1_45' title="bbox 491 4418 2079 4490">
    <p class='ocr_par' dir='ltr' id='par_1_45' title="bbox 491 4418 2079 4490">
     <span class='ocr_line' id='line_1_45' title="bbox 491 4418 2079 4490; baseline -0.001 -15"><span class='ocrx_word' id='word_1_379' title='bbox 491 4419 700 4490; x_wconf 90' lang='lat' dir='ltr'><strong>operari</strong></span> <span class='ocrx_word' id='word_1_380' title='bbox 733 4419 870 4475; x_wconf 88' lang='lat' dir='ltr'><strong>Deus</strong></span> <span class='ocrx_word' id='word_1_381' title='bbox 896 4428 1146 4488; x_wconf 88' lang='lat' dir='ltr'><strong>operetur</strong></span> <span class='ocrx_word' id='word_1_382' title='bbox 1173 4419 1225 4473; x_wconf 89' lang='lat' dir='ltr'><strong>in</strong></span> <span class='ocrx_word' id='word_1_383' title='bbox 1255 4418 1407 4473; x_wconf 90' lang='lat' dir='ltr'><strong>nobis</strong></span> <span class='ocrx_word' id='word_1_384' title='bbox 1439 4436 1451 4472; x_wconf 92' lang='lat'>:</span> <span class='ocrx_word' id='word_1_385' title='bbox 1483 4419 1578 4475; x_wconf 93' lang='lat' dir='ltr'><strong>sed</strong></span> <span class='ocrx_word' id='word_1_386' title='bbox 1607 4435 1703 4475; x_wconf 90' lang='lat' dir='ltr'><strong>cur</strong></span> <span class='ocrx_word' id='word_1_387' title='bbox 1730 4419 1832 4476; x_wconf 79' lang='lat' dir='ltr'><strong>ltoc</strong></span> <span class='ocrx_word' id='word_1_388' title='bbox 1858 4421 2079 4488; x_wconf 78' lang='lat' dir='ltr'><strong>dixerit,</strong></span> 
     </span>
    </p>
   </div>
   <div class='ocr_carea' id='block_1_46' title="bbox 492 4511 2081 4584">
    <p class='ocr_par' dir='ltr' id='par_1_46' title="bbox 492 4511 2081 4584">
     <span class='ocr_line' id='line_1_46' title="bbox 492 4511 2081 4584; baseline 0 -18"><span class='ocrx_word' id='word_1_389' title='bbox 492 4512 621 4567; x_wconf 87' lang='lat' dir='ltr'><strong>satis</strong></span> <span class='ocrx_word' id='word_1_390' title='bbox 651 4511 928 4568; x_wconf 86' lang='lat' dir='ltr'><strong>evidenter</strong></span> <span class='ocrx_word' id='word_1_391' title='bbox 955 4511 1206 4578; x_wconf 88' lang='lat' dir='ltr'><strong>ostendit,</strong></span> <span class='ocrx_word' id='word_1_392' title='bbox 1240 4512 1492 4567; x_wconf 89' lang='lat' dir='ltr'><strong>continuo</strong></span> <span class='ocrx_word' id='word_1_393' title='bbox 1517 4513 1903 4584; x_wconf 83' lang='lat' dir='ltr'><strong>suhjungendo,</strong></span> <span class='ocrx_word' id='word_1_394' title='bbox 1938 4533 1956 4566; x_wconf 72' lang='grc' dir='ltr'>ι</span> <span class='ocrx_word' id='word_1_395' title='bbox 1994 4514 2081 4583; x_wconf 89' lang='lat' dir='ltr'><strong>qui</strong></span> 
     </span>
    </p>
   </div>
   <div class='ocr_carea' id='block_1_47' title="bbox 492 4605 2084 4676">
    <p class='ocr_par' dir='ltr' id='par_1_47' title="bbox 492 4605 2084 4676">
     <span class='ocr_line' id='line_1_47' title="bbox 492 4605 2084 4676; baseline 0 -15"><span class='ocrx_word' id='word_1_396' title='bbox 492 4606 660 4676; x_wconf 86' lang='lat' dir='ltr'><strong>ipsius</strong></span> <span class='ocrx_word' id='word_1_397' title='bbox 683 4605 970 4661; x_wconf 88' lang='lat' dir='ltr'><strong>voluntatis</strong></span> <span class='ocrx_word' id='word_1_398' title='bbox 989 4614 1042 4660; x_wconf 90' lang='lat' dir='ltr'><strong>et</strong></span> <span class='ocrx_word' id='word_1_399' title='bbox 1067 4605 1244 4676; x_wconf 90' lang='lat' dir='ltr'><strong>operis</strong></span> <span class='ocrx_word' id='word_1_400' title='bbox 1265 4605 1666 4675; x_wconf 79' lang='lat' dir='ltr'><strong>possibilitatem</strong></span> <span class='ocrx_word' id='word_1_401' title='bbox 1689 4606 1855 4662; x_wconf 85' lang='lat' dir='ltr'><strong>dedit.</strong></span> <span class='ocrx_word' id='word_1_402' title='bbox 1890 4624 1910 4659; x_wconf 75' lang='grc' dir='ltr'><strong><em>ι</em></strong></span> <span class='ocrx_word' id='word_1_403' title='bbox 1940 4607 2084 4662; x_wconf 89' lang='lat' dir='ltr'><strong>llanc</strong></span> 
     </span>
    </p>
   </div>
   <div class='ocr_carea' id='block_1_48' title="bbox 492 4697 2084 4768">
    <p class='ocr_par' dir='ltr' id='par_1_48' title="bbox 492 4697 2084 4768">
     <span class='ocr_line' id='line_1_48' title="bbox 492 4697 2084 4768; baseline 0.002 -17"><span class='ocrx_word' id='word_1_404' title='bbox 492 4707 671 4752; x_wconf 91' lang='lat' dir='ltr'><strong>autem</strong></span> <span class='ocrx_word' id='word_1_405' title='bbox 695 4697 1096 4767; x_wconf 82' lang='lat' dir='ltr'><strong>possibilitatem</strong></span> <span class='ocrx_word' id='word_1_406' title='bbox 1125 4697 1176 4751; x_wconf 93' lang='lat' dir='ltr'><strong>in</strong></span> <span class='ocrx_word' id='word_1_407' title='bbox 1206 4705 1390 4751; x_wconf 87' lang='lat' dir='ltr'><strong>natura</strong></span> <span class='ocrx_word' id='word_1_408' title='bbox 1419 4713 1539 4753; x_wconf 92' lang='lat' dir='ltr'><strong>eum</strong></span> <span class='ocrx_word' id='word_1_409' title='bbox 1571 4713 1791 4768; x_wconf 89' lang='lat' dir='ltr'><strong>ponere,</strong></span> <span class='ocrx_word' id='word_1_410' title='bbox 1819 4698 1885 4754; x_wconf 91' lang='lat' dir='ltr'><strong>de</strong></span> <span class='ocrx_word' id='word_1_411' title='bbox 1910 4700 2084 4754; x_wconf 90' lang='lat' dir='ltr'><strong>verbis</strong></span> 
     </span>
    </p>
   </div>
   <div class='ocr_carea' id='block_1_49' title="bbox 493 4786 2084 4860">
    <p class='ocr_par' dir='ltr' id='par_1_49' title="bbox 493 4786 2084 4860">
     <span class='ocr_line' id='line_1_49' title="bbox 493 4786 2084 4860; baseline 0.001 -18"><span class='ocrx_word' id='word_1_412' title='bbox 493 4789 612 4858; x_wconf 87' lang='lat' dir='ltr'><strong>ejus</strong></span> <span class='ocrx_word' id='word_1_413' title='bbox 639 4787 1002 4857; x_wconf 90' lang='lat' dir='ltr'><strong>superioribus</strong></span> <span class='ocrx_word' id='word_1_414' title='bbox 1030 4787 1230 4841; x_wconf 90' lang='lat' dir='ltr'><strong>clarum</strong></span> <span class='ocrx_word' id='word_1_415' title='bbox 1261 4796 1360 4843; x_wconf 92' lang='lat' dir='ltr'><strong>est.</strong></span> <span class='ocrx_word' id='word_1_416' title='bbox 1393 4786 1499 4844; x_wconf 90' lang='lat' dir='ltr'><strong>Sed</strong></span> <span class='ocrx_word' id='word_1_417' title='bbox 1539 4803 1606 4843; x_wconf 90' lang='lat' dir='ltr'><strong>ne</strong></span> <span class='ocrx_word' id='word_1_418' title='bbox 1647 4787 1775 4844; x_wconf 90' lang='lat' dir='ltr'><strong>nihil</strong></span> <span class='ocrx_word' id='word_1_419' title='bbox 1814 4789 1882 4845; x_wconf 92' lang='lat' dir='ltr'><strong>de</strong></span> <span class='ocrx_word' id='word_1_420' title='bbox 1916 4790 2084 4860; x_wconf 87' lang='lat' dir='ltr'><strong>gratia</strong></span> 
     </span>
    </p>
   </div>
   <div class='ocr_carea' id='block_1_50' title="bbox 493 4876 2084 4954">
    <p class='ocr_par' dir='ltr' id='par_1_50' title="bbox 493 4876 2084 4954">
     <span class='ocr_line' id='line_1_50' title="bbox 493 4876 2084 4954; baseline 0.003 -23"><span class='ocrx_word' id='word_1_421' title='bbox 493 4877 693 4934; x_wconf 82' lang='lat' dir='ltr'><strong>dixisse</strong></span> <span class='ocrx_word' id='word_1_422' title='bbox 718 4876 1007 4941; x_wconf 84' lang='lat' dir='ltr'><strong>videretur,</strong></span> <span class='ocrx_word' id='word_1_423' title='bbox 1035 4876 1276 4947; x_wconf 87' lang='lat' dir='ltr'><strong>adjunxit</strong></span> <span class='ocrx_word' id='word_1_424' title='bbox 1294 4919 1310 4945; x_wconf 93' lang='lat'><strong>,</strong></span> <span class='ocrx_word' id='word_1_425' title='bbox 1347 4895 1367 4930; x_wconf 74' lang='grc' dir='ltr'>ι</span> <span class='ocrx_word' id='word_1_426' title='bbox 1402 4879 1595 4950; x_wconf 89' lang='lat' dir='ltr'><strong>quique</strong></span> <span class='ocrx_word' id='word_1_427' title='bbox 1625 4879 1791 4951; x_wconf 85' lang='lat' dir='ltr'><strong>ipsam</strong></span> <span class='ocrx_word' id='word_1_428' title='bbox 1816 4882 2084 4954; x_wconf 81' lang='lat' dir='ltr'><strong>possibili-</strong></span> 
     </span>
    </p>
   </div>
   <div class='ocr_carea' id='block_1_51' title="bbox 495 4968 2082 5051">
    <p class='ocr_par' dir='ltr' id='par_1_51' title="bbox 495 4968 2082 5051">
     <span class='ocr_line' id='line_1_51' title="bbox 495 4968 2082 5051; baseline 0.003 -28"><span class='ocrx_word' id='word_1_429' title='bbox 495 4978 658 5025; x_wconf 87' lang='lat' dir='ltr'><strong>tatem</strong></span> <span class='ocrx_word' id='word_1_430' title='bbox 679 4970 865 5039; x_wconf 66' lang='lat' dir='ltr'><strong>gratite</strong></span> <span class='ocrx_word' id='word_1_431' title='bbox 885 4983 996 5023; x_wconf 76' lang='lat' dir='ltr'><strong>sua:</strong></span> <span class='ocrx_word' id='word_1_432' title='bbox 1018 4968 1232 5038; x_wconf 88' lang='lat' dir='ltr'><strong>adjuvat</strong></span> <span class='ocrx_word' id='word_1_433' title='bbox 1267 4983 1479 5041; x_wconf 88' lang='lat' dir='ltr'><strong>semper</strong></span> <span class='ocrx_word' id='word_1_434' title='bbox 1507 4973 1704 5027; x_wconf 82' lang='lat' dir='ltr'><strong>auxilio</strong></span> <span class='ocrx_word' id='word_1_435' title='bbox 1734 4991 1748 5028; x_wconf 89' lang='lat'><strong>:</strong></span> <span class='ocrx_word' id='word_1_436' title='bbox 1787 4991 1806 5025; x_wconf 82' lang='grc'>›</span> <span class='ocrx_word' id='word_1_437' title='bbox 1840 4989 1944 5029; x_wconf 93' lang='lat' dir='ltr'><strong>non</strong></span> <span class='ocrx_word' id='word_1_438' title='bbox 1975 4975 2048 5029; x_wconf 92' lang='lat' dir='ltr'><strong>ait</strong></span> <span class='ocrx_word' id='word_1_439' title='bbox 2067 5028 2082 5051; x_wconf 60' lang='lat'><strong>,</strong></span> 
     </span>
    </p>
   </div>
   <div class='ocr_carea' id='block_1_52' title="bbox 493 5057 2086 5133">
    <p class='ocr_par' dir='ltr' id='par_1_52' title="bbox 493 5057 2086 5133">
     <span class='ocr_line' id='line_1_52' title="bbox 493 5057 2086 5133; baseline -0.001 -18"><span class='ocrx_word' id='word_1_440' title='bbox 493 5059 668 5130; x_wconf 85' lang='lat' dir='ltr'><strong>ipsam</strong></span> <span class='ocrx_word' id='word_1_441' title='bbox 697 5059 1054 5121; x_wconf 88' lang='lat' dir='ltr'><strong>voluntatem,</strong></span> <span class='ocrx_word' id='word_1_442' title='bbox 1087 5058 1169 5114; x_wconf 90' lang='lat' dir='ltr'><strong>vel</strong></span> <span class='ocrx_word' id='word_1_443' title='bbox 1191 5099 1206 5127; x_wconf 94' lang='lat'><strong>,</strong></span> <span class='ocrx_word' id='word_1_444' title='bbox 1239 5057 1412 5130; x_wconf 85' lang='lat' dir='ltr'><strong>ipsam</strong></span> <span class='ocrx_word' id='word_1_445' title='bbox 1445 5063 1844 5132; x_wconf 89' lang='lat' dir='ltr'><strong>operationem;</strong></span> <span class='ocrx_word' id='word_1_446' title='bbox 1873 5064 2010 5133; x_wconf 90' lang='lat' dir='ltr'><strong>quod</strong></span> <span class='ocrx_word' id='word_1_447' title='bbox 2039 5061 2086 5122; x_wconf 91' lang='lat' dir='ltr'><strong>si</strong></span> 
     </span>
    </p>
   </div>
   <div class='ocr_carea' id='block_1_53' title="bbox 493 5152 2084 5226">
    <p class='ocr_par' dir='ltr' id='par_1_53' title="bbox 493 5152 2084 5226">
     <span class='ocr_line' id='line_1_53' title="bbox 493 5152 2084 5226; baseline 0.003 -17"><span class='ocrx_word' id='word_1_448' title='bbox 493 5154 725 5218; x_wconf 88' lang='lat' dir='ltr'><strong>diceret,</strong></span> <span class='ocrx_word' id='word_1_449' title='bbox 757 5167 864 5207; x_wconf 92' lang='lat' dir='ltr'><strong>non</strong></span> <span class='ocrx_word' id='word_1_450' title='bbox 893 5152 1183 5208; x_wconf 88' lang='lat' dir='ltr'><strong>abhorrere</strong></span> <span class='ocrx_word' id='word_1_451' title='bbox 1217 5169 1246 5207; x_wconf 90' lang='lat' dir='ltr'><strong>a</strong></span> <span class='ocrx_word' id='word_1_452' title='bbox 1275 5152 1518 5211; x_wconf 87' lang='lat' dir='ltr'><strong>doctrina</strong></span> <span class='ocrx_word' id='word_1_453' title='bbox 1551 5156 1842 5226; x_wconf 85' lang='lat' dir='ltr'><strong>apostolica</strong></span> <span class='ocrx_word' id='word_1_454' title='bbox 1871 5156 2084 5214; x_wconf 90' lang='lat' dir='ltr'><strong>videre-</strong></span> 
     </span>
    </p>
   </div>
   <div class='ocr_carea' id='block_1_54' title="bbox 495 5244 2087 5316">
    <p class='ocr_par' dir='ltr' id='par_1_54' title="bbox 495 5244 2087 5316">
     <span class='ocr_line' id='line_1_54' title="bbox 495 5244 2087 5316; baseline 0.002 -15"><span class='ocrx_word' id='word_1_455' title='bbox 495 5257 581 5301; x_wconf 90' lang='lat' dir='ltr'><strong>tur</strong></span> <span class='ocrx_word' id='word_1_456' title='bbox 611 5264 625 5302; x_wconf 88' lang='lat'><strong>:</strong></span> <span class='ocrx_word' id='word_1_457' title='bbox 655 5244 750 5301; x_wconf 86' lang='lat' dir='ltr'><strong>sed</strong></span> <span class='ocrx_word' id='word_1_458' title='bbox 777 5245 878 5311; x_wconf 89' lang='lat' dir='ltr'><strong>ait,</strong></span> <span class='ocrx_word' id='word_1_459' title='bbox 913 5261 932 5296; x_wconf 73' lang='grc' dir='ltr'>ι</span> <span class='ocrx_word' id='word_1_460' title='bbox 971 5244 1138 5314; x_wconf 91' lang='lat' dir='ltr'><strong>ipsam</strong></span> <span class='ocrx_word' id='word_1_461' title='bbox 1168 5244 1606 5316; x_wconf 90' lang='lat' dir='ltr'><strong>possibilitatem,</strong></span> <span class='ocrx_word' id='word_1_462' title='bbox 1641 5266 1660 5300; x_wconf 75' lang='grc' dir='ltr'><strong><em>ι</em></strong></span> <span class='ocrx_word' id='word_1_463' title='bbox 1688 5248 1815 5303; x_wconf 88' lang='lat' dir='ltr'><strong>illud</strong></span> <span class='ocrx_word' id='word_1_464' title='bbox 1843 5247 2087 5304; x_wconf 89' lang='lat' dir='ltr'><strong>videlicet</strong></span> 
     </span>
    </p>
   </div>
   <div class='ocr_carea' id='block_1_55' title="bbox 493 5335 2084 5410">
    <p class='ocr_par' dir='ltr' id='par_1_55' title="bbox 493 5335 2084 5410">
     <span class='ocr_line' id='line_1_55' title="bbox 493 5335 2084 5410; baseline 0.002 -19"><span class='ocrx_word' id='word_1_465' title='bbox 493 5353 560 5392; x_wconf 82' lang='lat' dir='ltr'><strong>ex</strong></span> <span class='ocrx_word' id='word_1_466' title='bbox 590 5335 760 5393; x_wconf 89' lang='lat' dir='ltr'><strong>tribus</strong></span> <span class='ocrx_word' id='word_1_467' title='bbox 790 5335 930 5406; x_wconf 85' lang='lat' dir='ltr'><strong>quod</strong></span> <span class='ocrx_word' id='word_1_468' title='bbox 963 5336 1014 5390; x_wconf 92' lang='lat' dir='ltr'><strong>in</strong></span> <span class='ocrx_word' id='word_1_469' title='bbox 1045 5344 1232 5392; x_wconf 90' lang='lat' dir='ltr'><strong>natura</strong></span> <span class='ocrx_word' id='word_1_470' title='bbox 1271 5336 1491 5404; x_wconf 88' lang='lat' dir='ltr'><strong>locavit,</strong></span> <span class='ocrx_word' id='word_1_471' title='bbox 1525 5356 1544 5390; x_wconf 83' lang='grc'>‹</span> <span class='ocrx_word' id='word_1_472' title='bbox 1580 5340 1764 5409; x_wconf 64' lang='lat' dir='ltr'><strong>gratiae</strong></span> <span class='ocrx_word' id='word_1_473' title='bbox 1791 5355 1902 5396; x_wconf 72' lang='lat' dir='ltr'><strong>sua:</strong></span> <span class='ocrx_word' id='word_1_474' title='bbox 1931 5341 2084 5410; x_wconf 85' lang='lat' dir='ltr'><strong>adju-</strong></span> 
     </span>
    </p>
   </div>
   <div class='ocr_carea' id='block_1_56' title="bbox 496 5426 2088 5498">
    <p class='ocr_par' dir='ltr' id='par_1_56' title="bbox 496 5426 2088 5498">
     <span class='ocr_line' id='line_1_56' title="bbox 496 5426 2088 5498; baseline 0.001 -16"><span class='ocrx_word' id='word_1_475' title='bbox 496 5439 588 5484; x_wconf 86' lang='lat' dir='ltr'><strong>vat</strong></span> <span class='ocrx_word' id='word_1_476' title='bbox 609 5442 820 5498; x_wconf 89' lang='lat' dir='ltr'><strong>semper</strong></span> <span class='ocrx_word' id='word_1_477' title='bbox 839 5426 1034 5482; x_wconf 86' lang='lat' dir='ltr'><strong>auxilio</strong></span> <span class='ocrx_word' id='word_1_478' title='bbox 1057 5445 1070 5482; x_wconf 91' lang='lat'><strong>:</strong></span> <span class='ocrx_word' id='word_1_479' title='bbox 1103 5444 1122 5481; x_wconf 71' lang='grc' dir='ltr'><strong><em>ι</em></strong></span> <span class='ocrx_word' id='word_1_480' title='bbox 1151 5436 1206 5482; x_wconf 94' lang='lat' dir='ltr'><strong>ut</strong></span> <span class='ocrx_word' id='word_1_481' title='bbox 1225 5428 1426 5484; x_wconf 90' lang='lat' dir='ltr'><strong>scilicet</strong></span> <span class='ocrx_word' id='word_1_482' title='bbox 1445 5430 1498 5485; x_wconf 92' lang='lat' dir='ltr'><strong>in</strong></span> <span class='ocrx_word' id='word_1_483' title='bbox 1520 5430 1788 5485; x_wconf 90' lang='lat' dir='ltr'><strong>voluntate</strong></span> <span class='ocrx_word' id='word_1_484' title='bbox 1807 5438 1861 5486; x_wconf 89' lang='lat' dir='ltr'><strong>et</strong></span> <span class='ocrx_word' id='word_1_485' title='bbox 1879 5433 2088 5484; x_wconf 90' lang='lat' dir='ltr'><strong>actione</strong></span> 
     </span>
    </p>
   </div>
   <div class='ocr_carea' id='block_1_57' title="bbox 494 5519 2082 5591">
    <p class='ocr_par' dir='ltr' id='par_1_57' title="bbox 494 5519 2082 5591">
     <span class='ocr_line' id='line_1_57' title="bbox 494 5519 2082 5591; baseline 0 -15"><span class='ocrx_word' id='word_1_486' title='bbox 494 5534 601 5576; x_wconf 90' lang='lat' dir='ltr'><strong>non</strong></span> <span class='ocrx_word' id='word_1_487' title='bbox 625 5519 745 5575; x_wconf 81' lang='lat' dir='ltr'><strong>ideo</strong></span> <span class='ocrx_word' id='word_1_488' title='bbox 767 5519 881 5575; x_wconf 89' lang='lat' dir='ltr'><strong>laus</strong></span> <span class='ocrx_word' id='word_1_489' title='bbox 907 5519 976 5574; x_wconf 90' lang='lat' dir='ltr'><strong>sit</strong></span> <span class='ocrx_word' id='word_1_490' title='bbox 995 5528 1049 5576; x_wconf 91' lang='lat' dir='ltr'><strong>et</strong></span> <span class='ocrx_word' id='word_1_491' title='bbox 1072 5520 1161 5575; x_wconf 92' lang='lat' dir='ltr'><strong>Dei</strong></span> <span class='ocrx_word' id='word_1_492' title='bbox 1183 5528 1237 5574; x_wconf 89' lang='lat' dir='ltr'><strong>et</strong></span> <span class='ocrx_word' id='word_1_493' title='bbox 1256 5519 1508 5590; x_wconf 90' lang='lat' dir='ltr'><strong>hominis,</strong></span> <span class='ocrx_word' id='word_1_494' title='bbox 1531 5521 1652 5591; x_wconf 91' lang='lat' dir='ltr'><strong>quia</strong></span> <span class='ocrx_word' id='word_1_495' title='bbox 1673 5522 1750 5576; x_wconf 93' lang='lat' dir='ltr'><strong>sic</strong></span> <span class='ocrx_word' id='word_1_496' title='bbox 1769 5522 1880 5577; x_wconf 91' lang='lat' dir='ltr'><strong>vnlt</strong></span> <span class='ocrx_word' id='word_1_497' title='bbox 1905 5521 2082 5589; x_wconf 90' lang='lat' dir='ltr'><strong>homo,</strong></span> 
     </span>
    </p>
   </div>
   <div class='ocr_carea' id='block_1_58' title="bbox 495 5610 2086 5681">
    <p class='ocr_par' dir='ltr' id='par_1_58' title="bbox 495 5610 2086 5681">
     <span class='ocr_line' id='line_1_58' title="bbox 495 5610 2086 5681; baseline 0 -15"><span class='ocrx_word' id='word_1_498' title='bbox 495 5619 554 5666; x_wconf 91' lang='lat' dir='ltr'><strong>ut</strong></span> <span class='ocrx_word' id='word_1_499' title='bbox 579 5621 752 5665; x_wconf 89' lang='lat' dir='ltr'><strong>tamen</strong></span> <span class='ocrx_word' id='word_1_500' title='bbox 783 5611 921 5665; x_wconf 89' lang='lat' dir='ltr'><strong>Deus</strong></span> <span class='ocrx_word' id='word_1_501' title='bbox 951 5610 1207 5665; x_wconf 87' lang='lat' dir='ltr'><strong>voluntati</strong></span> <span class='ocrx_word' id='word_1_502' title='bbox 1236 5610 1351 5681; x_wconf 90' lang='lat' dir='ltr'><strong>ejus</strong></span> <span class='ocrx_word' id='word_1_503' title='bbox 1383 5611 1631 5667; x_wconf 89' lang='lat' dir='ltr'><strong>ardorem</strong></span> <span class='ocrx_word' id='word_1_504' title='bbox 1667 5611 1968 5667; x_wconf 89' lang='lat' dir='ltr'><strong>dilectionis</strong></span> <span class='ocrx_word' id='word_1_505' title='bbox 2003 5613 2086 5666; x_wconf 80' lang='lat' dir='ltr'><strong>in-</strong></span> 
     </span>
    </p>
   </div>
   <div class='ocr_carea' id='block_1_59' title="bbox 496 5699 2085 5783">
    <p class='ocr_par' dir='ltr' id='par_1_59' title="bbox 496 5699 2085 5783">
     <span class='ocr_line' id='line_1_59' title="bbox 496 5699 2085 5783; baseline 0.003 -29"><span class='ocrx_word' id='word_1_506' title='bbox 496 5702 694 5773; x_wconf 88' lang='lat' dir='ltr'><strong>spiret;</strong></span> <span class='ocrx_word' id='word_1_507' title='bbox 725 5709 779 5755; x_wconf 91' lang='lat' dir='ltr'><strong>et</strong></span> <span class='ocrx_word' id='word_1_508' title='bbox 803 5699 882 5756; x_wconf 90' lang='lat' dir='ltr'><strong>sic</strong></span> <span class='ocrx_word' id='word_1_509' title='bbox 906 5709 1157 5771; x_wconf 89' lang='lat' dir='ltr'><strong>operatur</strong></span> <span class='ocrx_word' id='word_1_510' title='bbox 1185 5699 1346 5757; x_wconf 92' lang='lat' dir='ltr'><strong>homo</strong></span> <span class='ocrx_word' id='word_1_511' title='bbox 1365 5744 1380 5771; x_wconf 94' lang='lat'><strong>,</strong></span> <span class='ocrx_word' id='word_1_512' title='bbox 1415 5711 1677 5759; x_wconf 82' lang='lat' dir='ltr'><strong>uttamen</strong></span> <span class='ocrx_word' id='word_1_513' title='bbox 1717 5702 1856 5758; x_wconf 89' lang='lat' dir='ltr'><strong>Deus</strong></span> <span class='ocrx_word' id='word_1_514' title='bbox 1888 5717 2085 5783; x_wconf 86' lang='lat' dir='ltr'><strong>coope—</strong></span> 
     </span>
    </p>
   </div>
   <div class='ocr_carea' id='block_1_60' title="bbox 558 5814 1177 5881">
    <p class='ocr_par' dir='ltr' id='par_1_60' title="bbox 558 5814 1177 5881">
     <span class='ocr_line' id='line_1_60' title="bbox 558 5814 1177 5881; baseline 0.011 -16"><span class='ocrx_word' id='word_1_515' title='bbox 558 5815 632 5880; x_wconf 85' lang='lat' dir='ltr'><strong>(a)</strong></span> <span class='ocrx_word' id='word_1_516' title='bbox 663 5821 851 5878; x_wconf 62' lang='lat' dir='ltr'><strong>Graece,</strong></span> <span class='ocrx_word' id='word_1_517' title='bbox 873 5821 920 5867; x_wconf 84' lang='lat' dir='ltr'><strong>to</strong></span> <span class='ocrx_word' id='word_1_518' title='bbox 940 5814 1177 5881; x_wconf 69' lang='grc' dir='ltr'><strong>επεν-θείη.</strong></span> 
     </span>
    </p>
   </div>
   <div class='ocr_carea' id='block_1_61' title="bbox 1710 356 2517 419">
    <p class='ocr_par' dir='ltr' id='par_1_61' title="bbox 1710 356 2517 419">
     <span class='ocr_line' id='line_1_61' title="bbox 1710 356 2517 419; baseline -0.009 0"><span class='ocrx_word' id='word_1_519' title='bbox 1710 362 1771 419; x_wconf 89' lang='lat' dir='ltr'><strong>S.</strong></span> <span class='ocrx_word' id='word_1_520' title='bbox 1805 357 2173 418; x_wconf 83' lang='lat' dir='ltr'><strong>AUGUSTINI</strong></span> <span class='ocrx_word' id='word_1_521' title='bbox 2216 356 2517 414; x_wconf 82' lang='lat' dir='ltr'><strong>EPISCOPI</strong></span> 
     </span>
    </p>
   </div>
   <div class='ocr_carea' id='block_1_62' title="bbox 3654 359 3762 416">
    <p class='ocr_par' dir='ltr' id='par_1_62' title="bbox 3654 359 3762 416">
     <span class='ocr_line' id='line_1_62' title="bbox 3654 359 3762 416; baseline 0 0"><span class='ocrx_word' id='word_1_522' title='bbox 3654 359 3762 416; x_wconf 71' lang='grc'><strong>364</strong></span> 
     </span>
    </p>
   </div>
   <div class='ocr_carea' id='block_1_63' title="bbox 2170 468 3765 541">
    <p class='ocr_par' dir='ltr' id='par_1_63' title="bbox 2170 468 3765 541">
     <span class='ocr_line' id='line_1_63' title="bbox 2170 468 3765 541; baseline 0.002 -16"><span class='ocrx_word' id='word_1_523' title='bbox 2170 482 2339 538; x_wconf 90' lang='lat' dir='ltr'><strong>retur,</strong></span> <span class='ocrx_word' id='word_1_524' title='bbox 2371 472 2486 525; x_wconf 90' lang='lat' dir='ltr'><strong>sine</strong></span> <span class='ocrx_word' id='word_1_525' title='bbox 2514 469 2667 541; x_wconf 90' lang='lat' dir='ltr'><strong>cujus</strong></span> <span class='ocrx_word' id='word_1_526' title='bbox 2699 468 2960 539; x_wconf 88' lang='lat' dir='ltr'><strong>adjutorio</strong></span> <span class='ocrx_word' id='word_1_527' title='bbox 2997 469 3122 540; x_wconf 87' lang='lat' dir='ltr'><strong>quid</strong></span> <span class='ocrx_word' id='word_1_528' title='bbox 3161 477 3243 525; x_wconf 87' lang='lat' dir='ltr'><strong>est</strong></span> <span class='ocrx_word' id='word_1_529' title='bbox 3272 469 3470 525; x_wconf 82' lang='lat' dir='ltr'><strong>homo?</strong></span> <span class='ocrx_word' id='word_1_530' title='bbox 3505 471 3600 528; x_wconf 87' lang='lat' dir='ltr'><strong>sed</strong></span> <span class='ocrx_word' id='word_1_531' title='bbox 3640 473 3765 528; x_wconf 81' lang='lat' dir='ltr'><strong>ideo</strong></span> 
     </span>
    </p>
   </div>
   <div class='ocr_carea' id='block_1_64' title="bbox 2166 560 3760 631">
    <p class='ocr_par' dir='ltr' id='par_1_64' title="bbox 2166 560 3760 631">
     <span class='ocr_line' id='line_1_64' title="bbox 2166 560 3760 631; baseline 0.004 -18"><span class='ocrx_word' id='word_1_532' title='bbox 2166 561 2231 614; x_wconf 91' lang='lat' dir='ltr'><strong>ad</strong></span> <span class='ocrx_word' id='word_1_533' title='bbox 2260 562 2398 615; x_wconf 91' lang='lat' dir='ltr'><strong>hanc</strong></span> <span class='ocrx_word' id='word_1_534' title='bbox 2423 560 2634 616; x_wconf 89' lang='lat' dir='ltr'><strong>laudem</strong></span> <span class='ocrx_word' id='word_1_535' title='bbox 2661 561 2900 630; x_wconf 82' lang='lat' dir='ltr'><strong>adjunxit</strong></span> <span class='ocrx_word' id='word_1_536' title='bbox 2936 570 2991 616; x_wconf 90' lang='lat' dir='ltr'><strong>et</strong></span> <span class='ocrx_word' id='word_1_537' title='bbox 3030 561 3194 616; x_wconf 92' lang='lat' dir='ltr'><strong>Deum</strong></span> <span class='ocrx_word' id='word_1_538' title='bbox 3215 602 3232 627; x_wconf 93' lang='lat'><strong>,</strong></span> <span class='ocrx_word' id='word_1_539' title='bbox 3262 561 3382 631; x_wconf 92' lang='lat' dir='ltr'><strong>quia</strong></span> <span class='ocrx_word' id='word_1_540' title='bbox 3429 563 3528 616; x_wconf 92' lang='lat' dir='ltr'><strong>nisi</strong></span> <span class='ocrx_word' id='word_1_541' title='bbox 3570 574 3760 620; x_wconf 78' lang='lat' dir='ltr'><strong>natura</strong></span> 
     </span>
    </p>
   </div>
   <div class='ocr_carea' id='block_1_65' title="bbox 2166 653 3764 727">
    <p class='ocr_par' dir='ltr' id='par_1_65' title="bbox 2166 653 3764 727">
     <span class='ocr_line' id='line_1_65' title="bbox 2166 653 3764 727; baseline 0.003 -19"><span class='ocrx_word' id='word_1_542' title='bbox 2166 653 2386 708; x_wconf 89' lang='lat' dir='ltr'><strong>essetin</strong></span> <span class='ocrx_word' id='word_1_543' title='bbox 2415 669 2516 724; x_wconf 91' lang='lat' dir='ltr'><strong>qua</strong></span> <span class='ocrx_word' id='word_1_544' title='bbox 2549 668 2647 708; x_wconf 91' lang='lat' dir='ltr'><strong>nos</strong></span> <span class='ocrx_word' id='word_1_545' title='bbox 2672 653 2942 720; x_wconf 77' lang='lat' dir='ltr'><strong>condidit,</strong></span> <span class='ocrx_word' id='word_1_546' title='bbox 2973 669 3076 726; x_wconf 91' lang='lat' dir='ltr'><strong>qua</strong></span> <span class='ocrx_word' id='word_1_547' title='bbox 3111 654 3248 710; x_wconf 91' lang='lat' dir='ltr'><strong>velle</strong></span> <span class='ocrx_word' id='word_1_548' title='bbox 3281 663 3336 710; x_wconf 93' lang='lat' dir='ltr'><strong>et</strong></span> <span class='ocrx_word' id='word_1_549' title='bbox 3369 670 3529 727; x_wconf 89' lang='lat' dir='ltr'><strong>agere</strong></span> <span class='ocrx_word' id='word_1_550' title='bbox 3571 670 3764 726; x_wconf 78' lang='lat' dir='ltr'><strong>posse-</strong></span> 
     </span>
    </p>
   </div>
   <div class='ocr_carea' id='block_1_66' title="bbox 2168 744 3202 815">
    <p class='ocr_par' dir='ltr' id='par_1_66' title="bbox 2168 744 3202 815">
     <span class='ocr_line' id='line_1_66' title="bbox 2168 744 3202 815; baseline 0.001 -17"><span class='ocrx_word' id='word_1_551' title='bbox 2168 758 2308 808; x_wconf 88' lang='lat' dir='ltr'><strong>mus,</strong></span> <span class='ocrx_word' id='word_1_552' title='bbox 2340 759 2439 798; x_wconf 90' lang='lat' dir='ltr'><strong>nec</strong></span> <span class='ocrx_word' id='word_1_553' title='bbox 2464 744 2743 807; x_wconf 90' lang='lat' dir='ltr'><strong>vellemus,</strong></span> <span class='ocrx_word' id='word_1_554' title='bbox 2777 759 2876 798; x_wconf 90' lang='lat' dir='ltr'><strong>nec</strong></span> <span class='ocrx_word' id='word_1_555' title='bbox 2904 759 3202 815; x_wconf 88' lang='lat' dir='ltr'><strong>ageremus.</strong></span> 
     </span>
    </p>
   </div>
   <div class='ocr_carea' id='block_1_67' title="bbox 2239 834 3764 908">
    <p class='ocr_par' dir='ltr' id='par_1_67' title="bbox 2239 834 3764 908">
     <span class='ocr_line' id='line_1_67' title="bbox 2239 834 3764 908; baseline 0.001 -18"><span class='ocrx_word' id='word_1_556' title='bbox 2239 834 2292 890; x_wconf 93' lang='lat'><strong>8.</strong></span> <span class='ocrx_word' id='word_1_557' title='bbox 2328 834 2474 890; x_wconf 85' lang='lat' dir='ltr'><strong>Hanc</strong></span> <span class='ocrx_word' id='word_1_558' title='bbox 2501 845 2677 890; x_wconf 89' lang='lat' dir='ltr'><strong>autem</strong></span> <span class='ocrx_word' id='word_1_559' title='bbox 2717 835 3013 891; x_wconf 88' lang='lat' dir='ltr'><strong>naturalem</strong></span> <span class='ocrx_word' id='word_1_560' title='bbox 3047 836 3447 906; x_wconf 90' lang='lat' dir='ltr'><strong>possibilitatem</strong></span> <span class='ocrx_word' id='word_1_561' title='bbox 3487 839 3629 908; x_wconf 90' lang='lat' dir='ltr'><strong>quod</strong></span> <span class='ocrx_word' id='word_1_562' title='bbox 3663 838 3764 892; x_wconf 85' lang='lat' dir='ltr'><strong>ad-</strong></span> 
     </span>
    </p>
   </div>
   <div class='ocr_carea' id='block_1_68' title="bbox 2164 926 3765 1002">
    <p class='ocr_par' dir='ltr' id='par_1_68' title="bbox 2164 926 3765 1002">
     <span class='ocr_line' id='line_1_68' title="bbox 2164 926 3765 1002; baseline 0.004 -22"><span class='ocrx_word' id='word_1_563' title='bbox 2164 926 2337 996; x_wconf 90' lang='lat' dir='ltr'><strong>juvari</strong></span> <span class='ocrx_word' id='word_1_564' title='bbox 2370 926 2460 980; x_wconf 93' lang='lat' dir='ltr'><strong>Dei</strong></span> <span class='ocrx_word' id='word_1_565' title='bbox 2489 927 2657 996; x_wconf 88' lang='lat' dir='ltr'><strong>gratia</strong></span> <span class='ocrx_word' id='word_1_566' title='bbox 2682 927 2984 996; x_wconf 90' lang='lat' dir='ltr'><strong>conﬁtetur,</strong></span> <span class='ocrx_word' id='word_1_567' title='bbox 3015 944 3120 984; x_wconf 93' lang='lat' dir='ltr'><strong>non</strong></span> <span class='ocrx_word' id='word_1_568' title='bbox 3155 939 3238 985; x_wconf 91' lang='lat' dir='ltr'><strong>est</strong></span> <span class='ocrx_word' id='word_1_569' title='bbox 3280 931 3364 986; x_wconf 91' lang='lat' dir='ltr'><strong>hic</strong></span> <span class='ocrx_word' id='word_1_570' title='bbox 3403 941 3646 1002; x_wconf 87' lang='lat' dir='ltr'><strong>apertum</strong></span> <span class='ocrx_word' id='word_1_571' title='bbox 3679 933 3765 987; x_wconf 84' lang='lat' dir='ltr'><strong>vel</strong></span> 
     </span>
    </p>
   </div>
   <div class='ocr_carea' id='block_1_69' title="bbox 2169 1019 3764 1091">
    <p class='ocr_par' dir='ltr' id='par_1_69' title="bbox 2169 1019 3764 1091">
     <span class='ocr_line' id='line_1_69' title="bbox 2169 1019 3764 1091; baseline 0.006 -19"><span class='ocrx_word' id='word_1_572' title='bbox 2169 1034 2326 1088; x_wconf 90' lang='lat' dir='ltr'><strong>quam</strong></span> <span class='ocrx_word' id='word_1_573' title='bbox 2353 1019 2496 1074; x_wconf 87' lang='lat' dir='ltr'><strong>dicat</strong></span> <span class='ocrx_word' id='word_1_574' title='bbox 2522 1020 2775 1091; x_wconf 88' lang='lat' dir='ltr'><strong>gratiam,</strong></span> <span class='ocrx_word' id='word_1_575' title='bbox 2809 1021 2890 1076; x_wconf 90' lang='lat' dir='ltr'><strong>vel</strong></span> <span class='ocrx_word' id='word_1_576' title='bbox 2921 1030 3182 1090; x_wconf 85' lang='lat' dir='ltr'><strong>quatenus</strong></span> <span class='ocrx_word' id='word_1_577' title='bbox 3206 1037 3267 1079; x_wconf 89' lang='lat' dir='ltr'><strong>ea</strong></span> <span class='ocrx_word' id='word_1_578' title='bbox 3298 1033 3539 1079; x_wconf 89' lang='lat' dir='ltr'><strong>naturam</strong></span> <span class='ocrx_word' id='word_1_579' title='bbox 3568 1028 3764 1082; x_wconf 88' lang='lat' dir='ltr'><strong>sentiat</strong></span> 
     </span>
    </p>
   </div>
   <div class='ocr_carea' id='block_1_70' title="bbox 2169 1111 3768 1186">
    <p class='ocr_par' dir='ltr' id='par_1_70' title="bbox 2169 1111 3768 1186">
     <span class='ocr_line' id='line_1_70' title="bbox 2169 1111 3768 1186; baseline 0.008 -22"><span class='ocrx_word' id='word_1_580' title='bbox 2169 1111 2407 1180; x_wconf 88' lang='lat' dir='ltr'><strong>adjuvari</strong></span> <span class='ocrx_word' id='word_1_581' title='bbox 2435 1129 2448 1165; x_wconf 90' lang='lat'>:</span> <span class='ocrx_word' id='word_1_582' title='bbox 2477 1111 2568 1167; x_wconf 90' lang='lat' dir='ltr'><strong>sed</strong></span> <span class='ocrx_word' id='word_1_583' title='bbox 2595 1113 2730 1168; x_wconf 91' lang='lat' dir='ltr'><strong>sicut</strong></span> <span class='ocrx_word' id='word_1_584' title='bbox 2754 1113 2870 1167; x_wconf 88' lang='lat' dir='ltr'><strong>aliis</strong></span> <span class='ocrx_word' id='word_1_585' title='bbox 2897 1113 3048 1182; x_wconf 89' lang='lat' dir='ltr'><strong>locis,</strong></span> <span class='ocrx_word' id='word_1_586' title='bbox 3077 1116 3126 1169; x_wconf 93' lang='lat' dir='ltr'><strong>in</strong></span> <span class='ocrx_word' id='word_1_587' title='bbox 3151 1117 3342 1186; x_wconf 92' lang='lat' dir='ltr'><strong>quihus</strong></span> <span class='ocrx_word' id='word_1_588' title='bbox 3363 1119 3662 1177; x_wconf 88' lang='lat' dir='ltr'><strong>evidentius</strong></span> <span class='ocrx_word' id='word_1_589' title='bbox 3684 1123 3768 1177; x_wconf 90' lang='lat' dir='ltr'><strong>lo-</strong></span> 
     </span>
    </p>
   </div>
   <div class='ocr_carea' id='block_1_71' title="bbox 2171 1202 3767 1282">
    <p class='ocr_par' dir='ltr' id='par_1_71' title="bbox 2171 1202 3767 1282">
     <span class='ocr_line' id='line_1_71' title="bbox 2171 1202 3767 1282; baseline 0.008 -26"><span class='ocrx_word' id='word_1_590' title='bbox 2171 1204 2372 1272; x_wconf 91' lang='lat' dir='ltr'><strong>quitur,</strong></span> <span class='ocrx_word' id='word_1_591' title='bbox 2404 1202 2618 1274; x_wconf 87' lang='lat' dir='ltr'><strong>intelligi</strong></span> <span class='ocrx_word' id='word_1_592' title='bbox 2649 1211 2840 1274; x_wconf 87' lang='lat' dir='ltr'><strong>potest,</strong></span> <span class='ocrx_word' id='word_1_593' title='bbox 2873 1222 2976 1260; x_wconf 92' lang='lat' dir='ltr'><strong>non</strong></span> <span class='ocrx_word' id='word_1_594' title='bbox 3006 1207 3116 1261; x_wconf 90' lang='lat' dir='ltr'><strong>vult</strong></span> <span class='ocrx_word' id='word_1_595' title='bbox 3139 1209 3280 1264; x_wconf 89' lang='lat' dir='ltr'><strong>aliud</strong></span> <span class='ocrx_word' id='word_1_596' title='bbox 3304 1211 3469 1282; x_wconf 90' lang='lat' dir='ltr'><strong>accipi</strong></span> <span class='ocrx_word' id='word_1_597' title='bbox 3496 1227 3655 1282; x_wconf 91' lang='lat' dir='ltr'><strong>quam</strong></span> <span class='ocrx_word' id='word_1_598' title='bbox 3685 1214 3767 1269; x_wconf 87' lang='lat' dir='ltr'><strong>le-</strong></span> 
     </span>
    </p>
   </div>
   <div class='ocr_carea' id='block_1_72' title="bbox 2171 1295 3768 1377">
    <p class='ocr_par' dir='ltr' id='par_1_72' title="bbox 2171 1295 3768 1377">
     <span class='ocr_line' id='line_1_72' title="bbox 2171 1295 3768 1377; baseline 0.009 -29"><span class='ocrx_word' id='word_1_599' title='bbox 2171 1309 2288 1364; x_wconf 88' lang='lat' dir='ltr'><strong>gem</strong></span> <span class='ocrx_word' id='word_1_600' title='bbox 2319 1302 2476 1364; x_wconf 90' lang='lat' dir='ltr'><strong>atqne</strong></span> <span class='ocrx_word' id='word_1_601' title='bbox 2503 1295 2819 1362; x_wconf 89' lang='lat' dir='ltr'><strong>doctrinam,</strong></span> <span class='ocrx_word' id='word_1_602' title='bbox 2851 1313 2952 1368; x_wconf 90' lang='lat' dir='ltr'><strong>qua</strong></span> <span class='ocrx_word' id='word_1_603' title='bbox 2982 1300 3237 1355; x_wconf 88' lang='lat' dir='ltr'><strong>naturalis</strong></span> <span class='ocrx_word' id='word_1_604' title='bbox 3261 1303 3581 1371; x_wconf 84' lang='lat' dir='ltr'><strong>possibilitas</strong></span> <span class='ocrx_word' id='word_1_605' title='bbox 3609 1306 3768 1377; x_wconf 85' lang='lat' dir='ltr'><strong>adju-</strong></span> 
     </span>
    </p>
   </div>
   <div class='ocr_carea' id='block_1_73' title="bbox 2173 1395 2344 1442">
    <p class='ocr_par' dir='ltr' id='par_1_73' title="bbox 2173 1395 2344 1442">
     <span class='ocr_line' id='line_1_73' title="bbox 2173 1395 2344 1442; baseline 0 -2"><span class='ocrx_word' id='word_1_606' title='bbox 2173 1395 2344 1442; x_wconf 68' lang='lat' dir='ltr'><strong>VCIUI&#39;.</strong></span> 
     </span>
    </p>
   </div>
   <div class='ocr_carea' id='block_1_74' title="bbox 2242 1475 3768 1552">
    <p class='ocr_par' dir='ltr' id='par_1_74' title="bbox 2242 1475 3768 1552">
     <span class='ocr_line' id='line_1_74' title="bbox 2242 1475 3768 1552; baseline 0.009 -19"><span class='ocrx_word' id='word_1_607' title='bbox 2242 1475 2468 1534; x_wconf 87' lang='lat' dir='ltr'><strong>CAPUT</strong></span> <span class='ocrx_word' id='word_1_608' title='bbox 2489 1477 2815 1534; x_wconf 57' lang='grc' dir='ltr'><strong>και-Νίκη</strong></span> <span class='ocrx_word' id='word_1_609' title='bbox 2839 1482 3066 1552; x_wconf 85' lang='lat' dir='ltr'><strong>quodam</strong></span> <span class='ocrx_word' id='word_1_610' title='bbox 3093 1483 3212 1539; x_wconf 90' lang='lat' dir='ltr'><strong>loco</strong></span> <span class='ocrx_word' id='word_1_611' title='bbox 3232 1485 3342 1541; x_wconf 89' lang='lat' dir='ltr'><strong>ait:</strong></span> <span class='ocrx_word' id='word_1_612' title='bbox 3373 1506 3392 1540; x_wconf 74' lang='grc' dir='ltr'>ι</span> <span class='ocrx_word' id='word_1_613' title='bbox 3421 1488 3519 1544; x_wconf 88' lang='lat' dir='ltr'><strong>llic</strong></span> <span class='ocrx_word' id='word_1_614' title='bbox 3542 1504 3638 1545; x_wconf 91' lang='lat' dir='ltr'><strong>nos</strong></span> <span class='ocrx_word' id='word_1_615' title='bbox 3663 1496 3768 1546; x_wconf 90' lang='lat' dir='ltr'><strong>im-</strong></span> 
     </span>
    </p>
   </div>
   <div class='ocr_carea' id='block_1_75' title="bbox 2173 1567 3768 1652">
    <p class='ocr_par' dir='ltr' id='par_1_75' title="bbox 2173 1567 3768 1652">
     <span class='ocr_line' id='line_1_75' title="bbox 2173 1567 3768 1652; baseline 0.011 -32"><span class='ocrx_word' id='word_1_616' title='bbox 2173 1567 2481 1638; x_wconf 88' lang='lat' dir='ltr'><strong>peritissimi</strong></span> <span class='ocrx_word' id='word_1_617' title='bbox 2522 1568 2794 1624; x_wconf 92' lang='lat' dir='ltr'><strong>hominum</strong></span> <span class='ocrx_word' id='word_1_618' title='bbox 2837 1581 3021 1640; x_wconf 89' lang='lat' dir='ltr'><strong>putant</strong></span> <span class='ocrx_word' id='word_1_619' title='bbox 3061 1573 3305 1644; x_wconf 89' lang='lat' dir='ltr'><strong>injuriam</strong></span> <span class='ocrx_word' id='word_1_620' title='bbox 3347 1577 3542 1635; x_wconf 67' lang='lat' dir='ltr'><strong>divinae</strong></span> <span class='ocrx_word' id='word_1_621' title='bbox 3579 1585 3768 1652; x_wconf 62' lang='lat' dir='ltr'><strong>gratia:</strong></span> 
     </span>
    </p>
   </div>
   <div class='ocr_carea' id='block_1_76' title="bbox 2174 1654 3770 1743">
    <p class='ocr_par' dir='ltr' id='par_1_76' title="bbox 2174 1654 3770 1743">
     <span class='ocr_line' id='line_1_76' title="bbox 2174 1654 3770 1743; baseline 0.012 -33"><span class='ocrx_word' id='word_1_622' title='bbox 2174 1654 2369 1726; x_wconf 91' lang='lat' dir='ltr'><strong>facere,</strong></span> <span class='ocrx_word' id='word_1_623' title='bbox 2397 1659 2518 1730; x_wconf 90' lang='lat' dir='ltr'><strong>quia</strong></span> <span class='ocrx_word' id='word_1_624' title='bbox 2538 1659 2763 1716; x_wconf 87' lang='lat' dir='ltr'><strong>dicimus</strong></span> <span class='ocrx_word' id='word_1_625' title='bbox 2783 1677 2900 1718; x_wconf 90' lang='lat' dir='ltr'><strong>eam</strong></span> <span class='ocrx_word' id='word_1_626' title='bbox 2922 1665 3038 1720; x_wconf 90' lang='lat' dir='ltr'><strong>sine</strong></span> <span class='ocrx_word' id='word_1_627' title='bbox 3062 1665 3332 1725; x_wconf 88' lang='lat' dir='ltr'><strong>voluntate</strong></span> <span class='ocrx_word' id='word_1_628' title='bbox 3357 1680 3535 1726; x_wconf 91' lang='lat' dir='ltr'><strong>nostra</strong></span> <span class='ocrx_word' id='word_1_629' title='bbox 3564 1689 3770 1743; x_wconf 83' lang='lat' dir='ltr'><strong>nequa-</strong></span> 
     </span>
    </p>
   </div>
   <div class='ocr_carea' id='block_1_77' title="bbox 2175 1750 3769 1838">
    <p class='ocr_par' dir='ltr' id='par_1_77' title="bbox 2175 1750 3769 1838">
     <span class='ocr_line' id='line_1_77' title="bbox 2175 1750 3769 1838; baseline 0.013 -37"><span class='ocrx_word' id='word_1_630' title='bbox 2175 1763 2331 1817; x_wconf 91' lang='lat' dir='ltr'><strong>quam</strong></span> <span class='ocrx_word' id='word_1_631' title='bbox 2357 1750 2408 1802; x_wconf 92' lang='lat' dir='ltr'><strong>in</strong></span> <span class='ocrx_word' id='word_1_632' title='bbox 2438 1750 2590 1806; x_wconf 91' lang='lat' dir='ltr'><strong>nobis</strong></span> <span class='ocrx_word' id='word_1_633' title='bbox 2617 1751 2876 1822; x_wconf 90' lang='lat' dir='ltr'><strong>perﬁcere</strong></span> <span class='ocrx_word' id='word_1_634' title='bbox 2902 1758 3235 1814; x_wconf 89' lang='lat' dir='ltr'><strong>sanctitatem</strong></span> <span class='ocrx_word' id='word_1_635' title='bbox 3262 1779 3275 1814; x_wconf 92' lang='lat'>:</span> <span class='ocrx_word' id='word_1_636' title='bbox 3303 1764 3450 1832; x_wconf 90' lang='lat' dir='ltr'><strong>quasi</strong></span> <span class='ocrx_word' id='word_1_637' title='bbox 3479 1767 3616 1820; x_wconf 88' lang='lat' dir='ltr'><strong>Dens</strong></span> <span class='ocrx_word' id='word_1_638' title='bbox 3640 1781 3769 1838; x_wconf 88' lang='lat' dir='ltr'><strong>gra-</strong></span> 
     </span>
    </p>
   </div>
   <div class='ocr_carea' id='block_1_78' title="bbox 2177 1837 3771 1927">
    <p class='ocr_par' dir='ltr' id='par_1_78' title="bbox 2177 1837 3771 1927">
     <span class='ocr_line' id='line_1_78' title="bbox 2177 1837 3771 1927; baseline 0.011 -35"><span class='ocrx_word' id='word_1_639' title='bbox 2177 1837 2263 1894; x_wconf 75' lang='lat' dir='ltr'><strong>tia:</strong></span> <span class='ocrx_word' id='word_1_640' title='bbox 2291 1853 2401 1896; x_wconf 78' lang='lat' dir='ltr'><strong>sua:</strong></span> <span class='ocrx_word' id='word_1_641' title='bbox 2429 1841 2624 1912; x_wconf 90' lang='lat' dir='ltr'><strong>aliquid</strong></span> <span class='ocrx_word' id='word_1_642' title='bbox 2652 1844 3008 1914; x_wconf 85' lang='lat' dir='ltr'><strong>imperaverit,</strong></span> <span class='ocrx_word' id='word_1_643' title='bbox 3035 1859 3088 1904; x_wconf 90' lang='lat' dir='ltr'><strong>et</strong></span> <span class='ocrx_word' id='word_1_644' title='bbox 3112 1865 3216 1905; x_wconf 91' lang='lat' dir='ltr'><strong>non</strong></span> <span class='ocrx_word' id='word_1_645' title='bbox 3244 1852 3349 1906; x_wconf 91' lang='lat' dir='ltr'><strong>illis</strong></span> <span class='ocrx_word' id='word_1_646' title='bbox 3375 1855 3568 1926; x_wconf 91' lang='lat' dir='ltr'><strong>quibus</strong></span> <span class='ocrx_word' id='word_1_647' title='bbox 3595 1837 3771 1927; x_wconf 78' lang='lat' dir='ltr'><strong>unpe-</strong></span> 
     </span>
    </p>
   </div>
   <div class='ocr_carea' id='block_1_79' title="bbox 2177 1929 3770 2019">
    <p class='ocr_par' dir='ltr' id='par_1_79' title="bbox 2177 1929 3770 2019">
     <span class='ocr_line' id='line_1_79' title="bbox 2177 1929 3770 2019; baseline 0.015 -37"><span class='ocrx_word' id='word_1_648' title='bbox 2177 1929 2331 1996; x_wconf 89' lang='lat' dir='ltr'><strong>ravit,</strong></span> <span class='ocrx_word' id='word_1_649' title='bbox 2351 1931 2509 1986; x_wconf 90' lang='lat' dir='ltr'><strong>etiam</strong></span> <span class='ocrx_word' id='word_1_650' title='bbox 2530 1934 2714 2003; x_wconf 64' lang='lat' dir='ltr'><strong>gratia:</strong></span> <span class='ocrx_word' id='word_1_651' title='bbox 2733 1951 2842 1991; x_wconf 77' lang='lat' dir='ltr'><strong>sua:</strong></span> <span class='ocrx_word' id='word_1_652' title='bbox 2861 1938 3117 1995; x_wconf 82' lang='lat' dir='ltr'><strong>auxilium</strong></span> <span class='ocrx_word' id='word_1_653' title='bbox 3138 1942 3518 2011; x_wconf 72' lang='lat' dir='ltr'><strong>subministret,</strong></span> <span class='ocrx_word' id='word_1_654' title='bbox 3545 1957 3600 2002; x_wconf 92' lang='lat' dir='ltr'><strong>ut</strong></span> <span class='ocrx_word' id='word_1_655' title='bbox 3618 1949 3770 2019; x_wconf 88' lang='lat' dir='ltr'><strong>quod</strong></span> 
     </span>
    </p>
   </div>
   <div class='ocr_carea' id='block_1_80' title="bbox 2179 2019 3773 2105">
    <p class='ocr_par' dir='ltr' id='par_1_80' title="bbox 2179 2019 3773 2105">
     <span class='ocr_line' id='line_1_80' title="bbox 2179 2019 3773 2105; baseline 0.014 -33"><span class='ocrx_word' id='word_1_656' title='bbox 2179 2033 2275 2089; x_wconf 89' lang='lat' dir='ltr'><strong>per</strong></span> <span class='ocrx_word' id='word_1_657' title='bbox 2299 2019 2524 2076; x_wconf 89' lang='lat' dir='ltr'><strong>liberum</strong></span> <span class='ocrx_word' id='word_1_658' title='bbox 2567 2023 2809 2081; x_wconf 91' lang='lat' dir='ltr'><strong>homines</strong></span> <span class='ocrx_word' id='word_1_659' title='bbox 2833 2025 3009 2084; x_wconf 86' lang='lat' dir='ltr'><strong>facere</strong></span> <span class='ocrx_word' id='word_1_660' title='bbox 3029 2030 3283 2100; x_wconf 88' lang='lat' dir='ltr'><strong>jubentur</strong></span> <span class='ocrx_word' id='word_1_661' title='bbox 3310 2036 3607 2105; x_wconf 89' lang='lat' dir='ltr'><strong>arbitrium,</strong></span> <span class='ocrx_word' id='word_1_662' title='bbox 3638 2039 3773 2095; x_wconf 83' lang='lat' dir='ltr'><strong>faci-</strong></span> 
     </span>
    </p>
   </div>
   <div class='ocr_carea' id='block_1_81' title="bbox 2178 2109 3773 2202">
    <p class='ocr_par' dir='ltr' id='par_1_81' title="bbox 2178 2109 3773 2202">
     <span class='ocr_line' id='line_1_81' title="bbox 2178 2109 3773 2202; baseline 0.015 -39"><span class='ocrx_word' id='word_1_663' title='bbox 2178 2109 2284 2164; x_wconf 86' lang='lat' dir='ltr'><strong>lius</strong></span> <span class='ocrx_word' id='word_1_664' title='bbox 2307 2122 2522 2182; x_wconf 88' lang='lat' dir='ltr'><strong>possent</strong></span> <span class='ocrx_word' id='word_1_665' title='bbox 2545 2114 2766 2185; x_wconf 91' lang='lat' dir='ltr'><strong>implere</strong></span> <span class='ocrx_word' id='word_1_666' title='bbox 2795 2135 2890 2190; x_wconf 91' lang='lat' dir='ltr'><strong>per</strong></span> <span class='ocrx_word' id='word_1_667' title='bbox 2913 2123 3159 2191; x_wconf 87' lang='lat' dir='ltr'><strong>gratiam.</strong></span> <span class='ocrx_word' id='word_1_668' title='bbox 3190 2143 3210 2177; x_wconf 83' lang='grc'>›</span> <span class='ocrx_word' id='word_1_669' title='bbox 3240 2125 3306 2180; x_wconf 88' lang='grc' dir='ltr'><strong>Ει</strong></span> <span class='ocrx_word' id='word_1_670' title='bbox 3329 2136 3576 2199; x_wconf 88' lang='lat' dir='ltr'><strong>tanquam</strong></span> <span class='ocrx_word' id='word_1_671' title='bbox 3596 2132 3773 2202; x_wconf 67' lang='lat' dir='ltr'><strong>eXpli-</strong></span> 
     </span>
    </p>
   </div>
   <div class='ocr_carea' id='block_1_82' title="bbox 2179 2206 3768 2289">
    <p class='ocr_par' dir='ltr' id='par_1_82' title="bbox 2179 2206 3768 2289">
     <span class='ocr_line' id='line_1_82' title="bbox 2179 2206 3768 2289; baseline 0.014 -33"><span class='ocrx_word' id='word_1_672' title='bbox 2179 2213 2392 2259; x_wconf 84' lang='lat' dir='ltr'><strong>caturns</strong></span> <span class='ocrx_word' id='word_1_673' title='bbox 2412 2221 2568 2276; x_wconf 90' lang='lat' dir='ltr'><strong>quam</strong></span> <span class='ocrx_word' id='word_1_674' title='bbox 2590 2206 2727 2263; x_wconf 86' lang='lat' dir='ltr'><strong>dicat</strong></span> <span class='ocrx_word' id='word_1_675' title='bbox 2751 2212 2996 2281; x_wconf 89' lang='lat' dir='ltr'><strong>gratiam,</strong></span> <span class='ocrx_word' id='word_1_676' title='bbox 3023 2224 3236 2273; x_wconf 91' lang='lat' dir='ltr'><strong>secutus</strong></span> <span class='ocrx_word' id='word_1_677' title='bbox 3255 2218 3512 2289; x_wconf 87' lang='lat' dir='ltr'><strong>adjunxit,</strong></span> <span class='ocrx_word' id='word_1_678' title='bbox 3535 2221 3725 2278; x_wconf 91' lang='lat' dir='ltr'><strong>dicens</strong></span> <span class='ocrx_word' id='word_1_679' title='bbox 3751 2242 3768 2278; x_wconf 89' lang='lat'><strong>:</strong></span> 
     </span>
    </p>
   </div>
   <div class='ocr_carea' id='block_1_83' title="bbox 2187 2294 3768 2383">
    <p class='ocr_par' dir='ltr' id='par_1_83' title="bbox 2187 2294 3768 2383">
     <span class='ocr_line' id='line_1_83' title="bbox 2187 2294 3768 2383; baseline 0.016 -37"><span class='ocrx_word' id='word_1_680' title='bbox 2187 2313 2205 2346; x_wconf 74' lang='grc' dir='ltr'>ι</span> <span class='ocrx_word' id='word_1_681' title='bbox 2237 2294 2404 2364; x_wconf 83' lang='lat' dir='ltr'><strong>Quam</strong></span> <span class='ocrx_word' id='word_1_682' title='bbox 2437 2313 2532 2354; x_wconf 92' lang='lat' dir='ltr'><strong>nos</strong></span> <span class='ocrx_word' id='word_1_683' title='bbox 2562 2315 2667 2354; x_wconf 91' lang='lat' dir='ltr'><strong>non</strong></span> <span class='ocrx_word' id='word_1_684' title='bbox 2687 2342 2702 2367; x_wconf 96' lang='lat'><strong>,</strong></span> <span class='ocrx_word' id='word_1_685' title='bbox 2736 2311 2792 2356; x_wconf 90' lang='lat' dir='ltr'><strong>ut</strong></span> <span class='ocrx_word' id='word_1_686' title='bbox 2830 2313 2885 2358; x_wconf 95' lang='lat' dir='ltr'><strong>tu</strong></span> <span class='ocrx_word' id='word_1_687' title='bbox 2920 2317 3105 2375; x_wconf 92' lang='lat' dir='ltr'><strong>putas,</strong></span> <span class='ocrx_word' id='word_1_688' title='bbox 3137 2307 3191 2362; x_wconf 93' lang='lat' dir='ltr'><strong>in</strong></span> <span class='ocrx_word' id='word_1_689' title='bbox 3223 2309 3337 2380; x_wconf 87' lang='lat' dir='ltr'><strong>lege</strong></span> <span class='ocrx_word' id='word_1_690' title='bbox 3367 2316 3768 2383; x_wconf 88' lang='lat' dir='ltr'><strong>tantummodo,</strong></span> 
     </span>
    </p>
   </div>
   <div class='ocr_carea' id='block_1_84' title="bbox 2178 2385 3770 2474">
    <p class='ocr_par' dir='ltr' id='par_1_84' title="bbox 2178 2385 3770 2474">
     <span class='ocr_line' id='line_1_84' title="bbox 2178 2385 3770 2474; baseline 0.016 -36"><span class='ocrx_word' id='word_1_691' title='bbox 2178 2385 2272 2439; x_wconf 93' lang='lat' dir='ltr'><strong>sed</strong></span> <span class='ocrx_word' id='word_1_692' title='bbox 2312 2396 2366 2441; x_wconf 89' lang='lat' dir='ltr'><strong>et</strong></span> <span class='ocrx_word' id='word_1_693' title='bbox 2404 2387 2454 2441; x_wconf 88' lang='lat' dir='ltr'><strong>in</strong></span> <span class='ocrx_word' id='word_1_694' title='bbox 2493 2389 2584 2444; x_wconf 89' lang='lat' dir='ltr'><strong>Dei</strong></span> <span class='ocrx_word' id='word_1_695' title='bbox 2619 2406 2737 2446; x_wconf 91' lang='lat' dir='ltr'><strong>esse</strong></span> <span class='ocrx_word' id='word_1_696' title='bbox 2775 2393 3038 2465; x_wconf 88' lang='lat' dir='ltr'><strong>adjutorio</strong></span> <span class='ocrx_word' id='word_1_697' title='bbox 3076 2399 3412 2456; x_wconf 83' lang='lat' dir='ltr'><strong>ccuﬁtemur.</strong></span> <span class='ocrx_word' id='word_1_698' title='bbox 3451 2422 3469 2456; x_wconf 77' lang='grc' dir='ltr'><strong><em>ι</em></strong></span> <span class='ocrx_word' id='word_1_699' title='bbox 3500 2404 3628 2474; x_wconf 80' lang='lat' dir='ltr'><strong>Quis</strong></span> <span class='ocrx_word' id='word_1_700' title='bbox 3658 2423 3770 2463; x_wconf 83' lang='lat' dir='ltr'><strong>non</strong></span> 
     </span>
    </p>
   </div>
   <div class='ocr_carea' id='block_1_85' title="bbox 2182 2475 3773 2567">
    <p class='ocr_par' dir='ltr' id='par_1_85' title="bbox 2182 2475 3773 2567">
     <span class='ocr_line' id='line_1_85' title="bbox 2182 2475 3773 2567; baseline 0.015 -38"><span class='ocrx_word' id='word_1_701' title='bbox 2182 2475 2267 2567; x_wconf 81' lang='lat' dir='ltr'><strong>hic</strong></span> <span class='ocrx_word' id='word_1_702' title='bbox 2286 2477 2552 2535; x_wconf 89' lang='lat' dir='ltr'><strong>desideret</strong></span> <span class='ocrx_word' id='word_1_703' title='bbox 2579 2491 2636 2535; x_wconf 91' lang='lat' dir='ltr'><strong>ut</strong></span> <span class='ocrx_word' id='word_1_704' title='bbox 2660 2487 2904 2540; x_wconf 89' lang='lat' dir='ltr'><strong>ostendat</strong></span> <span class='ocrx_word' id='word_1_705' title='bbox 2929 2503 3084 2557; x_wconf 87' lang='lat' dir='ltr'><strong>quam</strong></span> <span class='ocrx_word' id='word_1_706' title='bbox 3113 2491 3238 2546; x_wconf 90' lang='lat' dir='ltr'><strong>velit</strong></span> <span class='ocrx_word' id='word_1_707' title='bbox 3264 2493 3478 2566; x_wconf 89' lang='lat' dir='ltr'><strong>intelligi</strong></span> <span class='ocrx_word' id='word_1_708' title='bbox 3503 2499 3773 2567; x_wconf 79' lang='lat' dir='ltr'><strong>gratiam?</strong></span> 
     </span>
    </p>
   </div>
   <div class='ocr_carea' id='block_1_86' title="bbox 2181 2565 3769 2657">
    <p class='ocr_par' dir='ltr' id='par_1_86' title="bbox 2181 2565 3769 2657">
     <span class='ocr_line' id='line_1_86' title="bbox 2181 2565 3769 2657; baseline 0.015 -37"><span class='ocrx_word' id='word_1_709' title='bbox 2181 2565 2404 2638; x_wconf 89' lang='lat' dir='ltr'><strong>Propter</strong></span> <span class='ocrx_word' id='word_1_710' title='bbox 2424 2570 2524 2625; x_wconf 93' lang='lat' dir='ltr'><strong>hoc</strong></span> <span class='ocrx_word' id='word_1_711' title='bbox 2543 2573 2683 2627; x_wconf 91' lang='lat' dir='ltr'><strong>enim</strong></span> <span class='ocrx_word' id='word_1_712' title='bbox 2707 2577 2936 2633; x_wconf 83' lang='lat' dir='ltr'><strong>maxime</strong></span> <span class='ocrx_word' id='word_1_713' title='bbox 2957 2577 3023 2633; x_wconf 91' lang='lat' dir='ltr'><strong>de</strong></span> <span class='ocrx_word' id='word_1_714' title='bbox 3045 2580 3137 2636; x_wconf 91' lang='lat' dir='ltr'><strong>illo</strong></span> <span class='ocrx_word' id='word_1_715' title='bbox 3157 2565 3465 2653; x_wconf 81' lang='lat' dir='ltr'><strong>exspectare</strong></span> <span class='ocrx_word' id='word_1_716' title='bbox 3484 2565 3769 2657; x_wconf 80' lang='lat' dir='ltr'><strong>debemus,</strong></span> 
     </span>
    </p>
   </div>
   <div class='ocr_carea' id='block_1_87' title="bbox 2179 2661 3775 2745">
    <p class='ocr_par' dir='ltr' id='par_1_87' title="bbox 2179 2661 3775 2745">
     <span class='ocr_line' id='line_1_87' title="bbox 2179 2661 3775 2745; baseline 0.014 -30"><span class='ocrx_word' id='word_1_717' title='bbox 2179 2671 2238 2716; x_wconf 94' lang='lat' dir='ltr'><strong>ut</strong></span> <span class='ocrx_word' id='word_1_718' title='bbox 2262 2661 2402 2718; x_wconf 87' lang='lat' dir='ltr'><strong>dicat</strong></span> <span class='ocrx_word' id='word_1_719' title='bbox 2432 2665 2533 2719; x_wconf 91' lang='lat' dir='ltr'><strong>hoc</strong></span> <span class='ocrx_word' id='word_1_720' title='bbox 2557 2667 2700 2738; x_wconf 90' lang='lat' dir='ltr'><strong>quod</strong></span> <span class='ocrx_word' id='word_1_721' title='bbox 2725 2669 2853 2723; x_wconf 90' lang='lat' dir='ltr'><strong>dicit</strong></span> <span class='ocrx_word' id='word_1_722' title='bbox 2875 2671 2914 2736; x_wconf 82' lang='grc'><strong>¹,</strong></span> <span class='ocrx_word' id='word_1_723' title='bbox 2946 2687 3051 2727; x_wconf 91' lang='lat' dir='ltr'><strong>non</strong></span> <span class='ocrx_word' id='word_1_724' title='bbox 3083 2674 3136 2728; x_wconf 88' lang='lat' dir='ltr'><strong>in</strong></span> <span class='ocrx_word' id='word_1_725' title='bbox 3166 2674 3282 2745; x_wconf 85' lang='lat' dir='ltr'><strong>lege</strong></span> <span class='ocrx_word' id='word_1_726' title='bbox 3313 2681 3680 2736; x_wconf 88' lang='lat' dir='ltr'><strong>tantummodo</strong></span> <span class='ocrx_word' id='word_1_727' title='bbox 3708 2697 3775 2737; x_wconf 88' lang='lat' dir='ltr'><strong>se</strong></span> 
     </span>
    </p>
   </div>
   <div class='ocr_carea' id='block_1_88' title="bbox 2178 2754 3775 2842">
    <p class='ocr_par' dir='ltr' id='par_1_88' title="bbox 2178 2754 3775 2842">
     <span class='ocr_line' id='line_1_88' title="bbox 2178 2754 3775 2842; baseline 0.014 -38"><span class='ocrx_word' id='word_1_728' title='bbox 2178 2754 2398 2822; x_wconf 90' lang='lat' dir='ltr'><strong>gratiam</strong></span> <span class='ocrx_word' id='word_1_729' title='bbox 2421 2755 2682 2811; x_wconf 86' lang='lat' dir='ltr'><strong>conﬁteri.</strong></span> <span class='ocrx_word' id='word_1_730' title='bbox 2712 2758 2815 2813; x_wconf 79' lang='lat' dir='ltr'><strong>Sed</strong></span> <span class='ocrx_word' id='word_1_731' title='bbox 2839 2761 2992 2816; x_wconf 91' lang='lat' dir='ltr'><strong>nobis</strong></span> <span class='ocrx_word' id='word_1_732' title='bbox 3013 2763 3111 2818; x_wconf 91' lang='lat' dir='ltr'><strong>hae</strong></span> <span class='ocrx_word' id='word_1_733' title='bbox 3131 2769 3523 2836; x_wconf 82' lang='lat' dir='ltr'><strong>exspectatione</strong></span> <span class='ocrx_word' id='word_1_734' title='bbox 3542 2786 3775 2842; x_wconf 85' lang='lat' dir='ltr'><strong>suspen-</strong></span> 
     </span>
    </p>
   </div>
   <div class='ocr_carea' id='block_1_89' title="bbox 2179 2845 3776 2928">
    <p class='ocr_par' dir='ltr' id='par_1_89' title="bbox 2179 2845 3776 2928">
     <span class='ocr_line' id='line_1_89' title="bbox 2179 2845 3776 2928; baseline 0.013 -30"><span class='ocrx_word' id='word_1_735' title='bbox 2179 2845 2287 2912; x_wconf 88' lang='lat' dir='ltr'><strong>sis,</strong></span> <span class='ocrx_word' id='word_1_736' title='bbox 2324 2845 2448 2915; x_wconf 89' lang='lat' dir='ltr'><strong>quid</strong></span> <span class='ocrx_word' id='word_1_737' title='bbox 2483 2847 2747 2905; x_wconf 85' lang='lat' dir='ltr'><strong>addiderit</strong></span> <span class='ocrx_word' id='word_1_738' title='bbox 2786 2851 3061 2909; x_wconf 90' lang='lat' dir='ltr'><strong>intuemini</strong></span> <span class='ocrx_word' id='word_1_739' title='bbox 3103 2874 3117 2910; x_wconf 92' lang='lat'>:</span> <span class='ocrx_word' id='word_1_740' title='bbox 3158 2873 3176 2908; x_wconf 84' lang='grc'><strong>‹</strong></span> <span class='ocrx_word' id='word_1_741' title='bbox 3219 2857 3446 2928; x_wconf 85' lang='lat' dir='ltr'><strong>Adjuvat</strong></span> <span class='ocrx_word' id='word_1_742' title='bbox 3482 2861 3622 2916; x_wconf 90' lang='lat' dir='ltr'><strong>enim</strong></span> <span class='ocrx_word' id='word_1_743' title='bbox 3668 2879 3776 2919; x_wconf 87' lang='lat' dir='ltr'><strong>nos</strong></span> 
     </span>
    </p>
   </div>
   <div class='ocr_carea' id='block_1_90' title="bbox 2182 2934 3772 3024">
    <p class='ocr_par' dir='ltr' id='par_1_90' title="bbox 2182 2934 3772 3024">
     <span class='ocr_line' id='line_1_90' title="bbox 2182 2934 3772 3024; baseline 0.014 -35"><span class='ocrx_word' id='word_1_744' title='bbox 2182 2934 2341 3004; x_wconf 88' lang='lat' dir='ltr'><strong>Deus,</strong></span> <span class='ocrx_word' id='word_1_745' title='bbox 2374 2957 2394 2991; x_wconf 71' lang='grc' dir='ltr'><strong><em>ι</em></strong></span> <span class='ocrx_word' id='word_1_746' title='bbox 2421 2939 2611 3010; x_wconf 88' lang='lat' dir='ltr'><strong>inquit,</strong></span> <span class='ocrx_word' id='word_1_747' title='bbox 2640 2959 2660 2994; x_wconf 73' lang='grc' dir='ltr'>ι</span> <span class='ocrx_word' id='word_1_748' title='bbox 2689 2958 2784 3012; x_wconf 89' lang='lat' dir='ltr'><strong>per</strong></span> <span class='ocrx_word' id='word_1_749' title='bbox 2803 2943 3096 3001; x_wconf 85' lang='lat' dir='ltr'><strong>doctrinam</strong></span> <span class='ocrx_word' id='word_1_750' title='bbox 3119 2957 3172 3004; x_wconf 90' lang='lat' dir='ltr'><strong>et</strong></span> <span class='ocrx_word' id='word_1_751' title='bbox 3194 2952 3568 3009; x_wconf 88' lang='lat' dir='ltr'><strong>revelationem</strong></span> <span class='ocrx_word' id='word_1_752' title='bbox 3589 2970 3772 3024; x_wconf 88' lang='lat' dir='ltr'><strong>suam,</strong></span> 
     </span>
    </p>
   </div>
   <div class='ocr_carea' id='block_1_91' title="bbox 2179 3027 3776 3118">
    <p class='ocr_par' dir='ltr' id='par_1_91' title="bbox 2179 3027 3776 3118">
     <span class='ocr_line' id='line_1_91' title="bbox 2179 3027 3776 3118; baseline 0.015 -37"><span class='ocrx_word' id='word_1_753' title='bbox 2179 3027 2304 3083; x_wconf 93' lang='lat' dir='ltr'><strong>dum</strong></span> <span class='ocrx_word' id='word_1_754' title='bbox 2333 3033 2508 3087; x_wconf 91' lang='lat' dir='ltr'><strong>cordis</strong></span> <span class='ocrx_word' id='word_1_755' title='bbox 2538 3037 2703 3090; x_wconf 90' lang='lat' dir='ltr'><strong>nostri</strong></span> <span class='ocrx_word' id='word_1_756' title='bbox 2731 3039 2914 3093; x_wconf 88' lang='lat' dir='ltr'><strong>oculos</strong></span> <span class='ocrx_word' id='word_1_757' title='bbox 2940 3042 3143 3110; x_wconf 88' lang='lat' dir='ltr'><strong>aperit;</strong></span> <span class='ocrx_word' id='word_1_758' title='bbox 3176 3044 3300 3100; x_wconf 89' lang='lat' dir='ltr'><strong>dum</strong></span> <span class='ocrx_word' id='word_1_759' title='bbox 3331 3047 3503 3114; x_wconf 90' lang='lat' dir='ltr'><strong>nobis,</strong></span> <span class='ocrx_word' id='word_1_760' title='bbox 3533 3064 3600 3103; x_wconf 92' lang='lat' dir='ltr'><strong>ne</strong></span> <span class='ocrx_word' id='word_1_761' title='bbox 3629 3065 3776 3118; x_wconf 74' lang='lat' dir='ltr'><strong>pra:-</strong></span> 
     </span>
    </p>
   </div>
   <div class='ocr_carea' id='block_1_92' title="bbox 2178 3124 3776 3204">
    <p class='ocr_par' dir='ltr' id='par_1_92' title="bbox 2178 3124 3776 3204">
     <span class='ocr_line' id='line_1_92' title="bbox 2178 3124 3776 3204; baseline 0.012 -26"><span class='ocrx_word' id='word_1_762' title='bbox 2178 3124 2421 3179; x_wconf 87' lang='lat' dir='ltr'><strong>sentibus</strong></span> <span class='ocrx_word' id='word_1_763' title='bbox 2447 3141 2793 3197; x_wconf 71' lang='lat' dir='ltr'><strong>occupentur,</strong></span> <span class='ocrx_word' id='word_1_764' title='bbox 2823 3129 2998 3188; x_wconf 81' lang='lat' dir='ltr'><strong>futura</strong></span> <span class='ocrx_word' id='word_1_765' title='bbox 3030 3135 3387 3204; x_wconf 88' lang='lat' dir='ltr'><strong>demonstrat;</strong></span> <span class='ocrx_word' id='word_1_766' title='bbox 3414 3138 3538 3193; x_wconf 91' lang='lat' dir='ltr'><strong>dum</strong></span> <span class='ocrx_word' id='word_1_767' title='bbox 3569 3141 3776 3198; x_wconf 86' lang='lat' dir='ltr'><strong>diaboli</strong></span> 
     </span>
    </p>
   </div>
   <div class='ocr_carea' id='block_1_93' title="bbox 2179 3219 3777 3288">
    <p class='ocr_par' dir='ltr' id='par_1_93' title="bbox 2179 3219 3777 3288">
     <span class='ocr_line' id='line_1_93' title="bbox 2179 3219 3777 3288; baseline 0.011 -18"><span class='ocrx_word' id='word_1_768' title='bbox 2179 3219 2363 3287; x_wconf 86' lang='lat' dir='ltr'><strong>pandit</strong></span> <span class='ocrx_word' id='word_1_769' title='bbox 2389 3221 2632 3287; x_wconf 86' lang='lat' dir='ltr'><strong>insidias;</strong></span> <span class='ocrx_word' id='word_1_770' title='bbox 2661 3223 2787 3278; x_wconf 90' lang='lat' dir='ltr'><strong>dum</strong></span> <span class='ocrx_word' id='word_1_771' title='bbox 2820 3241 2916 3279; x_wconf 93' lang='lat' dir='ltr'><strong>nos</strong></span> <span class='ocrx_word' id='word_1_772' title='bbox 2941 3228 3250 3283; x_wconf 85' lang='lat' dir='ltr'><strong>multiformi</strong></span> <span class='ocrx_word' id='word_1_773' title='bbox 3278 3240 3330 3284; x_wconf 91' lang='lat' dir='ltr'><strong>et</strong></span> <span class='ocrx_word' id='word_1_774' title='bbox 3355 3231 3600 3286; x_wconf 76' lang='lat' dir='ltr'><strong>ineffabili</strong></span> <span class='ocrx_word' id='word_1_775' title='bbox 3621 3233 3777 3288; x_wconf 89' lang='lat' dir='ltr'><strong>dono</strong></span> 
     </span>
    </p>
   </div>
   <div class='ocr_carea' id='block_1_94' title="bbox 2177 3311 3776 3380">
    <p class='ocr_par' dir='ltr' id='par_1_94' title="bbox 2177 3311 3776 3380">
     <span class='ocr_line' id='line_1_94' title="bbox 2177 3311 3776 3380; baseline 0.011 -18"><span class='ocrx_word' id='word_1_776' title='bbox 2177 3311 2362 3378; x_wconf 77' lang='lat' dir='ltr'><strong>gratia:</strong></span> <span class='ocrx_word' id='word_1_777' title='bbox 2395 3313 2630 3368; x_wconf 72' lang='lat' dir='ltr'><strong>cmlestis</strong></span> <span class='ocrx_word' id='word_1_778' title='bbox 2669 3314 2948 3372; x_wconf 90' lang='lat' dir='ltr'><strong>illuminat.</strong></span> <span class='ocrx_word' id='word_1_779' title='bbox 2983 3337 3003 3370; x_wconf 73' lang='grc' dir='ltr'><strong><em>ι</em></strong></span> <span class='ocrx_word' id='word_1_780' title='bbox 3040 3319 3238 3374; x_wconf 88' lang='lat' dir='ltr'><strong>Deinde</strong></span> <span class='ocrx_word' id='word_1_781' title='bbox 3270 3323 3584 3377; x_wconf 89' lang='lat' dir='ltr'><strong>sententiam</strong></span> <span class='ocrx_word' id='word_1_782' title='bbox 3611 3340 3776 3380; x_wconf 86' lang='lat' dir='ltr'><strong>suam</strong></span> 
     </span>
    </p>
   </div>
   <div class='ocr_carea' id='block_1_95' title="bbox 2179 3403 3778 3482">
    <p class='ocr_par' dir='ltr' id='par_1_95' title="bbox 2179 3403 3778 3482">
     <span class='ocr_line' id='line_1_95' title="bbox 2179 3403 3778 3482; baseline 0.009 -26"><span class='ocrx_word' id='word_1_783' title='bbox 2179 3403 2405 3472; x_wconf 89' lang='lat' dir='ltr'><strong>quadam</strong></span> <span class='ocrx_word' id='word_1_784' title='bbox 2436 3407 2575 3461; x_wconf 91' lang='lat' dir='ltr'><strong>velut</strong></span> <span class='ocrx_word' id='word_1_785' title='bbox 2601 3407 2929 3464; x_wconf 89' lang='lat' dir='ltr'><strong>absolutione</strong></span> <span class='ocrx_word' id='word_1_786' title='bbox 2955 3411 3280 3468; x_wconf 90' lang='lat' dir='ltr'><strong>concludens</strong></span> <span class='ocrx_word' id='word_1_787' title='bbox 3309 3431 3322 3467; x_wconf 88' lang='lat'><strong>:</strong></span> <span class='ocrx_word' id='word_1_788' title='bbox 3361 3432 3380 3466; x_wconf 75' lang='grc' dir='ltr'>ι</span> <span class='ocrx_word' id='word_1_789' title='bbox 3417 3413 3517 3482; x_wconf 85' lang='lat' dir='ltr'><strong>Qui</strong></span> <span class='ocrx_word' id='word_1_790' title='bbox 3547 3417 3661 3471; x_wconf 60' lang='lat' dir='ltr'><strong>haec</strong></span> <span class='ocrx_word' id='word_1_791' title='bbox 3686 3417 3778 3471; x_wconf 79' lang='lat' dir='ltr'><strong>di-</strong></span> 
     </span>
    </p>
   </div>
   <div class='ocr_carea' id='block_1_96' title="bbox 2179 3495 3777 3576">
    <p class='ocr_par' dir='ltr' id='par_1_96' title="bbox 2179 3495 3777 3576">
     <span class='ocr_line' id='line_1_96' title="bbox 2179 3495 3777 3576; baseline 0.009 -28"><span class='ocrx_word' id='word_1_792' title='bbox 2179 3496 2271 3562; x_wconf 92' lang='lat' dir='ltr'><strong>cit,</strong></span> <span class='ocrx_word' id='word_1_793' title='bbox 2306 3512 2326 3547; x_wconf 69' lang='lat' dir='ltr'><strong>r</strong></span> <span class='ocrx_word' id='word_1_794' title='bbox 2359 3495 2550 3566; x_wconf 81' lang='lat' dir='ltr'><strong>inquit,</strong></span> <span class='ocrx_word' id='word_1_795' title='bbox 2582 3516 2599 3549; x_wconf 72' lang='grc' dir='ltr'><strong>ε</strong></span> <span class='ocrx_word' id='word_1_796' title='bbox 2635 3501 2858 3569; x_wconf 88' lang='lat' dir='ltr'><strong>gratiam</strong></span> <span class='ocrx_word' id='word_1_797' title='bbox 2892 3501 2982 3554; x_wconf 90' lang='lat' dir='ltr'><strong>tibi</strong></span> <span class='ocrx_word' id='word_1_798' title='bbox 3013 3502 3221 3557; x_wconf 92' lang='lat' dir='ltr'><strong>videtur</strong></span> <span class='ocrx_word' id='word_1_799' title='bbox 3250 3505 3475 3576; x_wconf 83' lang='lat' dir='ltr'><strong>negare?</strong></span> <span class='ocrx_word' id='word_1_800' title='bbox 3505 3508 3584 3562; x_wconf 82' lang='lat' dir='ltr'><strong>An</strong></span> <span class='ocrx_word' id='word_1_801' title='bbox 3614 3516 3669 3561; x_wconf 92' lang='lat' dir='ltr'><strong>et</strong></span> <span class='ocrx_word' id='word_1_802' title='bbox 3701 3507 3777 3561; x_wconf 84' lang='lat' dir='ltr'><strong>li-</strong></span> 
     </span>
    </p>
   </div>
   <div class='ocr_carea' id='block_1_97' title="bbox 2181 3585 3770 3668">
    <p class='ocr_par' dir='ltr' id='par_1_97' title="bbox 2181 3585 3770 3668">
     <span class='ocr_line' id='line_1_97' title="bbox 2181 3585 3770 3668; baseline 0.008 -28"><span class='ocrx_word' id='word_1_803' title='bbox 2181 3585 2368 3642; x_wconf 90' lang='lat' dir='ltr'><strong>berum</strong></span> <span class='ocrx_word' id='word_1_804' title='bbox 2395 3587 2624 3644; x_wconf 89' lang='lat' dir='ltr'><strong>hominis</strong></span> <span class='ocrx_word' id='word_1_805' title='bbox 2647 3591 2943 3661; x_wconf 88' lang='lat' dir='ltr'><strong>arbitrium,</strong></span> <span class='ocrx_word' id='word_1_806' title='bbox 2969 3603 3020 3650; x_wconf 93' lang='lat' dir='ltr'><strong>et</strong></span> <span class='ocrx_word' id='word_1_807' title='bbox 3045 3596 3134 3651; x_wconf 90' lang='lat' dir='ltr'><strong>Dei</strong></span> <span class='ocrx_word' id='word_1_808' title='bbox 3155 3599 3377 3668; x_wconf 88' lang='lat' dir='ltr'><strong>gratiam</strong></span> <span class='ocrx_word' id='word_1_809' title='bbox 3402 3599 3722 3655; x_wconf 77' lang='lat' dir='ltr'><strong>confitetur?</strong></span> <span class='ocrx_word' id='word_1_810' title='bbox 3745 3619 3770 3653; x_wconf 73' lang='grc' dir='ltr'><strong><em>ι</em></strong></span> 
     </span>
    </p>
   </div>
   <div class='ocr_carea' id='block_1_98' title="bbox 2182 3676 3778 3759">
    <p class='ocr_par' dir='ltr' id='par_1_98' title="bbox 2182 3676 3778 3759">
     <span class='ocr_line' id='line_1_98' title="bbox 2182 3676 3778 3759; baseline 0.01 -28"><span class='ocrx_word' id='word_1_811' title='bbox 2182 3676 2237 3731; x_wconf 84' lang='grc' dir='ltr'><strong>1η</strong></span> <span class='ocrx_word' id='word_1_812' title='bbox 2283 3677 2364 3733; x_wconf 91' lang='lat' dir='ltr'><strong>his</strong></span> <span class='ocrx_word' id='word_1_813' title='bbox 2403 3681 2646 3736; x_wconf 91' lang='lat' dir='ltr'><strong>omnibus</strong></span> <span class='ocrx_word' id='word_1_814' title='bbox 2682 3699 2786 3738; x_wconf 92' lang='lat' dir='ltr'><strong>non</strong></span> <span class='ocrx_word' id='word_1_815' title='bbox 2830 3685 3049 3741; x_wconf 88' lang='lat' dir='ltr'><strong>recessit</strong></span> <span class='ocrx_word' id='word_1_816' title='bbox 3077 3703 3105 3741; x_wconf 93' lang='lat' dir='ltr'><strong>a</strong></span> <span class='ocrx_word' id='word_1_817' title='bbox 3136 3689 3597 3747; x_wconf 89' lang='lat' dir='ltr'><strong>commendatione</strong></span> <span class='ocrx_word' id='word_1_818' title='bbox 3635 3691 3778 3759; x_wconf 80' lang='lat' dir='ltr'><strong>legis</strong></span> 
     </span>
    </p>
   </div>
   <div class='ocr_carea' id='block_1_99' title="bbox 2181 3773 3780 3854">
    <p class='ocr_par' dir='ltr' id='par_1_99' title="bbox 2181 3773 3780 3854">
     <span class='ocr_line' id='line_1_99' title="bbox 2181 3773 3780 3854; baseline 0.008 -30"><span class='ocrx_word' id='word_1_819' title='bbox 2181 3778 2340 3841; x_wconf 84' lang='lat' dir='ltr'><strong>atque</strong></span> <span class='ocrx_word' id='word_1_820' title='bbox 2369 3773 2652 3843; x_wconf 73' lang='lat' dir='ltr'><strong>doctrinm,</strong></span> <span class='ocrx_word' id='word_1_821' title='bbox 2685 3774 2822 3832; x_wconf 89' lang='lat' dir='ltr'><strong>hanc</strong></span> <span class='ocrx_word' id='word_1_822' title='bbox 2855 3793 2973 3834; x_wconf 86' lang='lat' dir='ltr'><strong>esse</strong></span> <span class='ocrx_word' id='word_1_823' title='bbox 3007 3779 3342 3850; x_wconf 87' lang='lat' dir='ltr'><strong>adjuvantem</strong></span> <span class='ocrx_word' id='word_1_824' title='bbox 3380 3782 3600 3854; x_wconf 88' lang='lat' dir='ltr'><strong>gratiam</strong></span> <span class='ocrx_word' id='word_1_825' title='bbox 3639 3783 3780 3837; x_wconf 89' lang='lat' dir='ltr'><strong>dili-</strong></span> 
     </span>
    </p>
   </div>
   <div class='ocr_carea' id='block_1_100' title="bbox 2181 3867 3777 3949">
    <p class='ocr_par' dir='ltr' id='par_1_100' title="bbox 2181 3867 3777 3949">
     <span class='ocr_line' id='line_1_100' title="bbox 2181 3867 3777 3949; baseline 0.008 -29"><span class='ocrx_word' id='word_1_826' title='bbox 2181 3875 2366 3934; x_wconf 86' lang='lat' dir='ltr'><strong>genter</strong></span> <span class='ocrx_word' id='word_1_827' title='bbox 2393 3867 2681 3938; x_wconf 88' lang='lat' dir='ltr'><strong>inculcans,</strong></span> <span class='ocrx_word' id='word_1_828' title='bbox 2712 3883 2763 3926; x_wconf 91' lang='lat' dir='ltr'><strong>et</strong></span> <span class='ocrx_word' id='word_1_829' title='bbox 2790 3872 2888 3928; x_wconf 91' lang='lat' dir='ltr'><strong>hoc</strong></span> <span class='ocrx_word' id='word_1_830' title='bbox 2914 3891 3210 3946; x_wconf 85' lang='lat' dir='ltr'><strong>exsequens</strong></span> <span class='ocrx_word' id='word_1_831' title='bbox 3231 3877 3368 3947; x_wconf 90' lang='lat' dir='ltr'><strong>quod</strong></span> <span class='ocrx_word' id='word_1_832' title='bbox 3395 3889 3777 3949; x_wconf 87' lang='lat' dir='ltr'><strong>proposuerat,</strong></span> 
     </span>
    </p>
   </div>
   <div class='ocr_carea' id='block_1_101' title="bbox 2181 3959 3775 4040">
    <p class='ocr_par' dir='ltr' id='par_1_101' title="bbox 2181 3959 3775 4040">
     <span class='ocr_line' id='line_1_101' title="bbox 2181 3959 3775 4040; baseline 0.007 -28"><span class='ocrx_word' id='word_1_833' title='bbox 2181 3972 2300 4012; x_wconf 90' lang='lat' dir='ltr'><strong>cum</strong></span> <span class='ocrx_word' id='word_1_834' title='bbox 2327 3959 2545 4030; x_wconf 90' lang='lat' dir='ltr'><strong>diceret,</strong></span> <span class='ocrx_word' id='word_1_835' title='bbox 2577 3983 2595 4015; x_wconf 75' lang='grc' dir='ltr'>ι</span> <span class='ocrx_word' id='word_1_836' title='bbox 2629 3964 2721 4019; x_wconf 90' lang='lat' dir='ltr'><strong>sed</strong></span> <span class='ocrx_word' id='word_1_837' title='bbox 2753 3967 2802 4019; x_wconf 94' lang='lat' dir='ltr'><strong>in</strong></span> <span class='ocrx_word' id='word_1_838' title='bbox 2833 3966 2924 4021; x_wconf 92' lang='lat' dir='ltr'><strong>Dei</strong></span> <span class='ocrx_word' id='word_1_839' title='bbox 2952 3982 3072 4022; x_wconf 91' lang='lat' dir='ltr'><strong>esse</strong></span> <span class='ocrx_word' id='word_1_840' title='bbox 3096 3968 3358 4040; x_wconf 89' lang='lat' dir='ltr'><strong>adjutorio</strong></span> <span class='ocrx_word' id='word_1_841' title='bbox 3380 3969 3714 4025; x_wconf 88' lang='lat' dir='ltr'><strong>conﬁtemur.</strong></span> <span class='ocrx_word' id='word_1_842' title='bbox 3750 3991 3775 4023; x_wconf 71' lang='grc' dir='ltr'><strong><em>ι</em></strong></span> 
     </span>
    </p>
   </div>
   <div class='ocr_carea' id='block_1_102' title="bbox 2185 4048 3785 4131">
    <p class='ocr_par' dir='ltr' id='par_1_102' title="bbox 2185 4048 3785 4131">
     <span class='ocr_line' id='line_1_102' title="bbox 2185 4048 3785 4131; baseline 0.008 -28"><span class='ocrx_word' id='word_1_843' title='bbox 2185 4048 2420 4122; x_wconf 90' lang='lat' dir='ltr'><strong>Denique</strong></span> <span class='ocrx_word' id='word_1_844' title='bbox 2443 4053 2534 4110; x_wconf 86' lang='lat' dir='ltr'><strong>Dei</strong></span> <span class='ocrx_word' id='word_1_845' title='bbox 2560 4056 2878 4126; x_wconf 78' lang='lat' dir='ltr'><strong>adjutorium</strong></span> <span class='ocrx_word' id='word_1_846' title='bbox 2900 4059 3259 4128; x_wconf 87' lang='lat' dir='ltr'><strong>multipliciter</strong></span> <span class='ocrx_word' id='word_1_847' title='bbox 3280 4061 3649 4118; x_wconf 89' lang='lat' dir='ltr'><strong>insinuandum</strong></span> <span class='ocrx_word' id='word_1_848' title='bbox 3676 4079 3785 4131; x_wconf 83' lang='lat' dir='ltr'><strong>pn—</strong></span> 
     </span>
    </p>
   </div>
   <div class='ocr_carea' id='block_1_103' title="bbox 2184 4146 3783 4220">
    <p class='ocr_par' dir='ltr' id='par_1_103' title="bbox 2184 4146 3783 4220">
     <span class='ocr_line' id='line_1_103' title="bbox 2184 4146 3783 4220; baseline 0.006 -22"><span class='ocrx_word' id='word_1_849' title='bbox 2184 4146 2344 4213; x_wconf 91' lang='lat' dir='ltr'><strong>tavit,</strong></span> <span class='ocrx_word' id='word_1_850' title='bbox 2371 4149 2841 4205; x_wconf 90' lang='lat' dir='ltr'><strong>commemorando</strong></span> <span class='ocrx_word' id='word_1_851' title='bbox 2867 4150 3162 4206; x_wconf 89' lang='lat' dir='ltr'><strong>doctrinam</strong></span> <span class='ocrx_word' id='word_1_852' title='bbox 3190 4160 3244 4205; x_wconf 93' lang='lat' dir='ltr'><strong>et</strong></span> <span class='ocrx_word' id='word_1_853' title='bbox 3270 4152 3646 4208; x_wconf 86' lang='lat' dir='ltr'><strong>revelationem</strong></span> <span class='ocrx_word' id='word_1_854' title='bbox 3667 4192 3685 4220; x_wconf 91' lang='lat'><strong>,</strong></span> <span class='ocrx_word' id='word_1_855' title='bbox 3716 4163 3783 4209; x_wconf 86' lang='lat' dir='ltr'><strong>et</strong></span> 
     </span>
    </p>
   </div>
   <div class='ocr_carea' id='block_1_104' title="bbox 2183 4235 3784 4310">
    <p class='ocr_par' dir='ltr' id='par_1_104' title="bbox 2183 4235 3784 4310">
     <span class='ocr_line' id='line_1_104' title="bbox 2183 4235 3784 4310; baseline 0.006 -21"><span class='ocrx_word' id='word_1_856' title='bbox 2183 4235 2458 4291; x_wconf 89' lang='lat' dir='ltr'><strong>oculorum</strong></span> <span class='ocrx_word' id='word_1_857' title='bbox 2499 4239 2675 4292; x_wconf 91' lang='lat' dir='ltr'><strong>cordis</strong></span> <span class='ocrx_word' id='word_1_858' title='bbox 2709 4239 3137 4310; x_wconf 64' lang='lat' dir='ltr'><strong>adapertionem,</strong></span> <span class='ocrx_word' id='word_1_859' title='bbox 3169 4250 3223 4296; x_wconf 91' lang='lat' dir='ltr'><strong>et</strong></span> <span class='ocrx_word' id='word_1_860' title='bbox 3257 4240 3784 4298; x_wconf 88' lang='lat' dir='ltr'><strong>demonstrationem</strong></span> 
     </span>
    </p>
   </div>
   <div class='ocr_carea' id='block_1_105' title="bbox 2185 4325 3788 4400">
    <p class='ocr_par' dir='ltr' id='par_1_105' title="bbox 2185 4325 3788 4400">
     <span class='ocr_line' id='line_1_105' title="bbox 2185 4325 3788 4400; baseline 0.006 -19"><span class='ocrx_word' id='word_1_861' title='bbox 2185 4325 2504 4396; x_wconf 88' lang='lat' dir='ltr'><strong>futurorum,</strong></span> <span class='ocrx_word' id='word_1_862' title='bbox 2527 4338 2580 4385; x_wconf 91' lang='lat' dir='ltr'><strong>et</strong></span> <span class='ocrx_word' id='word_1_863' title='bbox 2604 4331 2930 4400; x_wconf 87' lang='lat' dir='ltr'><strong>apertiouem</strong></span> <span class='ocrx_word' id='word_1_864' title='bbox 2955 4332 3333 4388; x_wconf 87' lang='lat' dir='ltr'><strong>diabolicarum</strong></span> <span class='ocrx_word' id='word_1_865' title='bbox 3359 4333 3693 4399; x_wconf 88' lang='lat' dir='ltr'><strong>insidiarum,</strong></span> <span class='ocrx_word' id='word_1_866' title='bbox 3718 4345 3788 4390; x_wconf 86' lang='lat' dir='ltr'><strong>et</strong></span> 
     </span>
    </p>
   </div>
   <div class='ocr_carea' id='block_1_106' title="bbox 2185 4421 3789 4497">
    <p class='ocr_par' dir='ltr' id='par_1_106' title="bbox 2185 4421 3789 4497">
     <span class='ocr_line' id='line_1_106' title="bbox 2185 4421 3789 4497; baseline 0.004 -23"><span class='ocrx_word' id='word_1_867' title='bbox 2185 4421 2496 4478; x_wconf 88' lang='lat' dir='ltr'><strong>multiformi</strong></span> <span class='ocrx_word' id='word_1_868' title='bbox 2515 4431 2674 4494; x_wconf 89' lang='lat' dir='ltr'><strong>atque</strong></span> <span class='ocrx_word' id='word_1_869' title='bbox 2695 4424 2944 4479; x_wconf 77' lang='lat' dir='ltr'><strong>ineffabili</strong></span> <span class='ocrx_word' id='word_1_870' title='bbox 2965 4427 2986 4458; x_wconf 80' lang='grc'><em>³</em></span> <span class='ocrx_word' id='word_1_871' title='bbox 3014 4425 3154 4480; x_wconf 90' lang='lat' dir='ltr'><strong>dono</strong></span> <span class='ocrx_word' id='word_1_872' title='bbox 3181 4427 3366 4497; x_wconf 69' lang='lat' dir='ltr'><strong>gratiae</strong></span> <span class='ocrx_word' id='word_1_873' title='bbox 3387 4427 3618 4481; x_wconf 72' lang='lat' dir='ltr'><strong>ccelestis</strong></span> <span class='ocrx_word' id='word_1_874' title='bbox 3650 4427 3789 4480; x_wconf 81' lang='lat' dir='ltr'><strong>illu-</strong></span> 
     </span>
    </p>
   </div>
   <div class='ocr_carea' id='block_1_107' title="bbox 2185 4512 3790 4588">
    <p class='ocr_par' dir='ltr' id='par_1_107' title="bbox 2185 4512 3790 4588">
     <span class='ocr_line' id='line_1_107' title="bbox 2185 4512 3790 4588; baseline 0.003 -20"><span class='ocrx_word' id='word_1_875' title='bbox 2185 4512 2530 4568; x_wconf 90' lang='lat' dir='ltr'><strong>minatiouem</strong></span> <span class='ocrx_word' id='word_1_876' title='bbox 2572 4533 2587 4571; x_wconf 90' lang='lat'><strong>:</strong></span> <span class='ocrx_word' id='word_1_877' title='bbox 2626 4516 2692 4570; x_wconf 90' lang='lat' dir='ltr'><strong>ad</strong></span> <span class='ocrx_word' id='word_1_878' title='bbox 2735 4515 2838 4571; x_wconf 88' lang='lat' dir='ltr'><strong>hoc</strong></span> <span class='ocrx_word' id='word_1_879' title='bbox 2876 4518 3055 4588; x_wconf 85' lang='lat' dir='ltr'><strong>utique</strong></span> <span class='ocrx_word' id='word_1_880' title='bbox 3098 4527 3156 4572; x_wconf 90' lang='lat' dir='ltr'><strong>ut</strong></span> <span class='ocrx_word' id='word_1_881' title='bbox 3198 4517 3376 4573; x_wconf 90' lang='lat' dir='ltr'><strong>divina</strong></span> <span class='ocrx_word' id='word_1_882' title='bbox 3418 4527 3681 4588; x_wconf 64' lang='lat' dir='ltr'><strong>praecepta</strong></span> <span class='ocrx_word' id='word_1_883' title='bbox 3719 4530 3790 4574; x_wconf 86' lang='lat' dir='ltr'><strong>et</strong></span> 
     </span>
    </p>
   </div>
   <div class='ocr_carea' id='block_1_108' title="bbox 2189 4607 3790 4683">
    <p class='ocr_par' dir='ltr' id='par_1_108' title="bbox 2189 4607 3790 4683">
     <span class='ocr_line' id='line_1_108' title="bbox 2189 4607 3790 4683; baseline 0.006 -24"><span class='ocrx_word' id='word_1_884' title='bbox 2189 4607 2445 4673; x_wconf 84' lang='lat' dir='ltr'><strong>promissa</strong></span> <span class='ocrx_word' id='word_1_885' title='bbox 2473 4607 2758 4664; x_wconf 88' lang='lat' dir='ltr'><strong>discamus.</strong></span> <span class='ocrx_word' id='word_1_886' title='bbox 2793 4609 2906 4665; x_wconf 89' lang='lat' dir='ltr'><strong>lloc</strong></span> <span class='ocrx_word' id='word_1_887' title='bbox 2933 4619 3018 4665; x_wconf 88' lang='lat' dir='ltr'><strong>est</strong></span> <span class='ocrx_word' id='word_1_888' title='bbox 3042 4625 3169 4682; x_wconf 89' lang='lat' dir='ltr'><strong>ergo</strong></span> <span class='ocrx_word' id='word_1_889' title='bbox 3197 4610 3420 4682; x_wconf 86' lang='lat' dir='ltr'><strong>gratiam</strong></span> <span class='ocrx_word' id='word_1_890' title='bbox 3448 4611 3540 4667; x_wconf 91' lang='lat' dir='ltr'><strong>Dei</strong></span> <span class='ocrx_word' id='word_1_891' title='bbox 3569 4625 3790 4683; x_wconf 84' lang='lat' dir='ltr'><strong>ponere</strong></span> 
     </span>
    </p>
   </div>
   <div class='ocr_carea' id='block_1_109' title="bbox 2189 4696 2848 4769">
    <p class='ocr_par' dir='ltr' id='par_1_109' title="bbox 2189 4696 2848 4769">
     <span class='ocr_line' id='line_1_109' title="bbox 2189 4696 2848 4769; baseline -0.002 -19"><span class='ocrx_word' id='word_1_892' title='bbox 2189 4696 2242 4750; x_wconf 91' lang='lat' dir='ltr'><strong>in</strong></span> <span class='ocrx_word' id='word_1_893' title='bbox 2270 4697 2384 4768; x_wconf 90' lang='lat' dir='ltr'><strong>lege</strong></span> <span class='ocrx_word' id='word_1_894' title='bbox 2407 4710 2566 4769; x_wconf 83' lang='lat' dir='ltr'><strong>atque</strong></span> <span class='ocrx_word' id='word_1_895' title='bbox 2589 4700 2848 4754; x_wconf 90' lang='lat' dir='ltr'><strong>doctrina.</strong></span> 
     </span>
    </p>
   </div>
   <div class='ocr_carea' id='block_1_110' title="bbox 2268 4790 3790 4862">
    <p class='ocr_par' dir='ltr' id='par_1_110' title="bbox 2268 4790 3790 4862">
     <span class='ocr_line' id='line_1_110' title="bbox 2268 4790 3790 4862; baseline 0.003 -18"><span class='ocrx_word' id='word_1_896' title='bbox 2268 4791 2496 4848; x_wconf 83' lang='lat' dir='ltr'><strong>CAPUT</strong></span> <span class='ocrx_word' id='word_1_897' title='bbox 2536 4790 2665 4846; x_wconf 81' lang='lat' dir='ltr'><strong>Vill.</strong></span> <span class='ocrx_word' id='word_1_898' title='bbox 2690 4821 2764 4832; x_wconf 89' lang='lat'><strong><em>—</em></strong></span> <span class='ocrx_word' id='word_1_899' title='bbox 2786 4792 2839 4848; x_wconf 90' lang='lat'><strong>9.</strong></span> <span class='ocrx_word' id='word_1_900' title='bbox 2864 4791 3000 4847; x_wconf 85' lang='lat' dir='ltr'><strong>Hinc</strong></span> <span class='ocrx_word' id='word_1_901' title='bbox 3025 4792 3201 4862; x_wconf 91' lang='lat' dir='ltr'><strong>itaque</strong></span> <span class='ocrx_word' id='word_1_902' title='bbox 3226 4801 3464 4862; x_wconf 89' lang='lat' dir='ltr'><strong>apparet,</strong></span> <span class='ocrx_word' id='word_1_903' title='bbox 3491 4793 3624 4846; x_wconf 90' lang='lat' dir='ltr'><strong>hanc</strong></span> <span class='ocrx_word' id='word_1_904' title='bbox 3649 4808 3790 4849; x_wconf 87' lang='lat' dir='ltr'><strong>eum</strong></span> 
     </span>
    </p>
   </div>
   <div class='ocr_carea' id='block_1_111' title="bbox 2187 4882 3792 4959">
    <p class='ocr_par' dir='ltr' id='par_1_111' title="bbox 2187 4882 3792 4959">
     <span class='ocr_line' id='line_1_111' title="bbox 2187 4882 3792 4959; baseline -0.001 -18"><span class='ocrx_word' id='word_1_905' title='bbox 2187 4887 2410 4959; x_wconf 85' lang='lat' dir='ltr'><strong>gratiam</strong></span> <span class='ocrx_word' id='word_1_906' title='bbox 2437 4882 2699 4950; x_wconf 87' lang='lat' dir='ltr'><strong>conﬁteri,</strong></span> <span class='ocrx_word' id='word_1_907' title='bbox 2720 4899 2822 4954; x_wconf 92' lang='lat' dir='ltr'><strong>qua</strong></span> <span class='ocrx_word' id='word_1_908' title='bbox 2844 4884 3172 4939; x_wconf 91' lang='lat' dir='ltr'><strong>demonstrat</strong></span> <span class='ocrx_word' id='word_1_909' title='bbox 3193 4893 3245 4939; x_wconf 90' lang='lat' dir='ltr'><strong>et</strong></span> <span class='ocrx_word' id='word_1_910' title='bbox 3267 4883 3467 4938; x_wconf 90' lang='lat' dir='ltr'><strong>revelat</strong></span> <span class='ocrx_word' id='word_1_911' title='bbox 3491 4884 3626 4937; x_wconf 86' lang='lat' dir='ltr'><strong>Deus</strong></span> <span class='ocrx_word' id='word_1_912' title='bbox 3645 4885 3792 4954; x_wconf 83' lang='lat' dir='ltr'><strong>quid</strong></span> 
     </span>
    </p>
   </div>
   <div class='ocr_carea' id='block_1_112' title="bbox 2189 4976 3796 5053">
    <p class='ocr_par' dir='ltr' id='par_1_112' title="bbox 2189 4976 3796 5053">
     <span class='ocr_line' id='line_1_112' title="bbox 2189 4976 3796 5053; baseline -0.009 -15"><span class='ocrx_word' id='word_1_913' title='bbox 2189 4996 2347 5053; x_wconf 87' lang='lat' dir='ltr'><strong>agere</strong></span> <span class='ocrx_word' id='word_1_914' title='bbox 2371 4978 2690 5042; x_wconf 89' lang='lat' dir='ltr'><strong>debeamus;</strong></span> <span class='ocrx_word' id='word_1_915' title='bbox 2715 4993 2820 5032; x_wconf 88' lang='lat' dir='ltr'><strong>non</strong></span> <span class='ocrx_word' id='word_1_916' title='bbox 2845 4993 2946 5049; x_wconf 92' lang='lat' dir='ltr'><strong>qua</strong></span> <span class='ocrx_word' id='word_1_917' title='bbox 2969 4976 3131 5032; x_wconf 91' lang='lat' dir='ltr'><strong>donat</strong></span> <span class='ocrx_word' id='word_1_918' title='bbox 3153 4988 3311 5050; x_wconf 90' lang='lat' dir='ltr'><strong>atque</strong></span> <span class='ocrx_word' id='word_1_919' title='bbox 3331 4977 3542 5048; x_wconf 88' lang='lat' dir='ltr'><strong>adjuvat</strong></span> <span class='ocrx_word' id='word_1_920' title='bbox 3566 4987 3622 5032; x_wconf 91' lang='lat' dir='ltr'><strong>ut</strong></span> <span class='ocrx_word' id='word_1_921' title='bbox 3647 4994 3796 5048; x_wconf 78' lang='lat' dir='ltr'><strong>aga-</strong></span> 
     </span>
    </p>
   </div>
   <div class='ocr_carea' id='block_1_113' title="bbox 2191 5070 3797 5144">
    <p class='ocr_par' dir='ltr' id='par_1_113' title="bbox 2191 5070 3797 5144">
     <span class='ocr_line' id='line_1_113' title="bbox 2191 5070 3797 5144; baseline -0.002 -13"><span class='ocrx_word' id='word_1_922' title='bbox 2191 5089 2310 5131; x_wconf 91' lang='lat' dir='ltr'><strong>mus</strong></span> <span class='ocrx_word' id='word_1_923' title='bbox 2335 5092 2349 5130; x_wconf 90' lang='lat'><strong>:</strong></span> <span class='ocrx_word' id='word_1_924' title='bbox 2372 5089 2492 5130; x_wconf 90' lang='lat' dir='ltr'><strong>cum</strong></span> <span class='ocrx_word' id='word_1_925' title='bbox 2519 5071 2584 5127; x_wconf 91' lang='lat' dir='ltr'><strong>ad</strong></span> <span class='ocrx_word' id='word_1_926' title='bbox 2608 5071 2711 5126; x_wconf 91' lang='lat' dir='ltr'><strong>hoc</strong></span> <span class='ocrx_word' id='word_1_927' title='bbox 2734 5071 2906 5144; x_wconf 90' lang='lat' dir='ltr'><strong>potius</strong></span> <span class='ocrx_word' id='word_1_928' title='bbox 2930 5072 3103 5126; x_wconf 88' lang='lat' dir='ltr'><strong>valeat</strong></span> <span class='ocrx_word' id='word_1_929' title='bbox 3128 5070 3256 5141; x_wconf 89' lang='lat' dir='ltr'><strong>legis</strong></span> <span class='ocrx_word' id='word_1_930' title='bbox 3280 5071 3498 5142; x_wconf 90' lang='lat' dir='ltr'><strong>agnitio,</strong></span> <span class='ocrx_word' id='word_1_931' title='bbox 3523 5071 3566 5125; x_wconf 92' lang='lat' dir='ltr'><strong>si</strong></span> <span class='ocrx_word' id='word_1_932' title='bbox 3593 5072 3735 5141; x_wconf 87' lang='lat' dir='ltr'><strong>grati</strong></span> <span class='ocrx_word' id='word_1_933' title='bbox 3758 5091 3797 5128; x_wconf 82' lang='lat' dir='ltr'><strong>e</strong></span> 
     </span>
    </p>
   </div>
   <div class='ocr_carea' id='block_1_114' title="bbox 2191 5158 3797 5234">
    <p class='ocr_par' dir='ltr' id='par_1_114' title="bbox 2191 5158 3797 5234">
     <span class='ocr_line' id='line_1_114' title="bbox 2191 5158 3797 5234; baseline -0.002 -14"><span class='ocrx_word' id='word_1_934' title='bbox 2191 5165 2329 5221; x_wconf 87' lang='lat' dir='ltr'><strong>desit</strong></span> <span class='ocrx_word' id='word_1_935' title='bbox 2349 5163 2646 5234; x_wconf 91' lang='lat' dir='ltr'><strong>opitulatio,</strong></span> <span class='ocrx_word' id='word_1_936' title='bbox 2671 5173 2726 5217; x_wconf 93' lang='lat' dir='ltr'><strong>ut</strong></span> <span class='ocrx_word' id='word_1_937' title='bbox 2748 5163 2837 5217; x_wconf 88' lang='lat' dir='ltr'><strong>ﬁat</strong></span> <span class='ocrx_word' id='word_1_938' title='bbox 2861 5160 3090 5215; x_wconf 86' lang='lat' dir='ltr'><strong>mandati</strong></span> <span class='ocrx_word' id='word_1_939' title='bbox 3117 5160 3497 5230; x_wconf 62' lang='lat' dir='ltr'><strong>praevaricatio.</strong></span> <span class='ocrx_word' id='word_1_940' title='bbox 3524 5158 3620 5214; x_wconf 85' lang='lat' dir='ltr'><strong>Ubi</strong></span> <span class='ocrx_word' id='word_1_941' title='bbox 3642 5163 3797 5216; x_wconf 86' lang='lat' dir='ltr'><strong>enim</strong></span> 
     </span>
    </p>
   </div>
   <div class='ocr_carea' id='block_1_115' title="bbox 2191 5249 3832 5324">
    <p class='ocr_par' dir='ltr' id='par_1_115' title="bbox 2191 5249 3832 5324">
     <span class='ocr_line' id='line_1_115' title="bbox 2191 5249 3832 5324; baseline -0.004 -13"><span class='ocrx_word' id='word_1_942' title='bbox 2191 5273 2291 5311; x_wconf 88' lang='lat' dir='ltr'><strong>non</strong></span> <span class='ocrx_word' id='word_1_943' title='bbox 2319 5265 2390 5310; x_wconf 85' lang='lat' dir='ltr'><strong>est</strong></span> <span class='ocrx_word' id='word_1_944' title='bbox 2418 5253 2520 5319; x_wconf 73' lang='lat' dir='ltr'><strong>(ex,</strong></span> <span class='ocrx_word' id='word_1_945' title='bbox 2548 5254 2625 5309; x_wconf 90' lang='lat' dir='ltr'><strong>ait</strong></span> <span class='ocrx_word' id='word_1_946' title='bbox 2648 5253 2951 5324; x_wconf 87' lang='lat' dir='ltr'><strong>Apostolus,</strong></span> <span class='ocrx_word' id='word_1_947' title='bbox 2985 5267 3074 5306; x_wconf 85' lang='lat' dir='ltr'><strong>nec</strong></span> <span class='ocrx_word' id='word_1_948' title='bbox 3104 5251 3448 5322; x_wconf 73' lang='lat' dir='ltr'><strong>prmaricatio</strong></span> <span class='ocrx_word' id='word_1_949' title='bbox 3479 5249 3667 5321; x_wconf 86' lang='lat' dir='ltr'><strong>(Rom.</strong></span> <span class='ocrx_word' id='word_1_950' title='bbox 3702 5267 3792 5318; x_wconf 82' lang='lat' dir='ltr'><strong>tv,</strong></span> <span class='ocrx_word' id='word_1_951' title='bbox 3825 5307 3832 5314; x_wconf 67' lang='grc'><em>,</em></span> 
     </span>
    </p>
   </div>
   <div class='ocr_carea' id='block_1_116' title="bbox 2193 5341 3840 5418">
    <p class='ocr_par' dir='ltr' id='par_1_116' title="bbox 2193 5341 3840 5418">
     <span class='ocr_line' id='line_1_116' title="bbox 2193 5341 3840 5418; baseline -0.004 -16"><span class='ocrx_word' id='word_1_952' title='bbox 2193 5346 2294 5418; x_wconf 73' lang='grc'><strong>15)</strong></span> <span class='ocrx_word' id='word_1_953' title='bbox 2331 5363 2344 5399; x_wconf 90' lang='lat'>:</span> <span class='ocrx_word' id='word_1_954' title='bbox 2376 5355 2458 5412; x_wconf 88' lang='lat' dir='ltr'><strong>et,</strong></span> <span class='ocrx_word' id='word_1_955' title='bbox 2491 5344 2951 5416; x_wconf 81' lang='lat' dir='ltr'><strong>Concupisrentiam</strong></span> <span class='ocrx_word' id='word_1_956' title='bbox 2980 5343 3283 5409; x_wconf 80' lang='lat' dir='ltr'><strong>nesciebam,</strong></span> <span class='ocrx_word' id='word_1_957' title='bbox 3315 5343 3414 5396; x_wconf 83' lang='lat' dir='ltr'><strong>nisi</strong></span> <span class='ocrx_word' id='word_1_958' title='bbox 3444 5343 3526 5396; x_wconf 74' lang='lat' dir='ltr'><strong>(ea:</strong></span> <span class='ocrx_word' id='word_1_959' title='bbox 3556 5341 3794 5412; x_wconf 81' lang='lat' dir='ltr'><strong>diceret,</strong></span> <span class='ocrx_word' id='word_1_960' title='bbox 3834 5343 3840 5372; x_wconf 74' lang='grc'><em>³</em></span> 
     </span>
    </p>
   </div>
   <div class='ocr_carea' id='block_1_117' title="bbox 2194 5433 3904 5509">
    <p class='ocr_par' dir='ltr' id='par_1_117' title="bbox 2194 5433 3904 5509">
     <span class='ocr_line' id='line_1_117' title="bbox 2194 5433 3904 5509; baseline 0.001 -16"><span class='ocrx_word' id='word_1_961' title='bbox 2194 5437 2314 5494; x_wconf 79' lang='lat' dir='ltr'><strong>Non</strong></span> <span class='ocrx_word' id='word_1_962' title='bbox 2359 5439 2678 5509; x_wconf 77' lang='lat' dir='ltr'><strong>concupisces</strong></span> <span class='ocrx_word' id='word_1_963' title='bbox 2705 5435 2812 5506; x_wconf 89' lang='lat' dir='ltr'><strong>(Id.</strong></span> <span class='ocrx_word' id='word_1_964' title='bbox 2845 5453 2938 5501; x_wconf 89' lang='lat' dir='ltr'><strong>vn,</strong></span> <span class='ocrx_word' id='word_1_965' title='bbox 2966 5435 3044 5507; x_wconf 91' lang='lat'><strong>7).</strong></span> <span class='ocrx_word' id='word_1_966' title='bbox 3074 5436 3152 5490; x_wconf 84' lang='lat' dir='ltr'><strong>Ac</strong></span> <span class='ocrx_word' id='word_1_967' title='bbox 3180 5451 3273 5504; x_wconf 90' lang='lat' dir='ltr'><strong>per</strong></span> <span class='ocrx_word' id='word_1_968' title='bbox 3298 5433 3420 5500; x_wconf 90' lang='lat' dir='ltr'><strong>hoc,</strong></span> <span class='ocrx_word' id='word_1_969' title='bbox 3445 5447 3616 5503; x_wconf 87' lang='lat' dir='ltr'><strong>usque</strong></span> <span class='ocrx_word' id='word_1_970' title='bbox 3641 5434 3794 5490; x_wconf 86' lang='lat' dir='ltr'><strong>adeo</strong></span> <span class='ocrx_word' id='word_1_971' title='bbox 3889 5488 3904 5498; x_wconf 72' lang='grc'><em>,.</em></span> 
     </span>
    </p>
   </div>
   <div class='ocr_carea' id='block_1_118' title="bbox 2191 5526 3792 5600">
    <p class='ocr_par' dir='ltr' id='par_1_118' title="bbox 2191 5526 3792 5600">
     <span class='ocr_line' id='line_1_118' title="bbox 2191 5526 3792 5600; baseline -0.001 -14"><span class='ocrx_word' id='word_1_972' title='bbox 2191 5531 2332 5588; x_wconf 90' lang='lat' dir='ltr'><strong>aliud</strong></span> <span class='ocrx_word' id='word_1_973' title='bbox 2359 5541 2442 5588; x_wconf 87' lang='lat' dir='ltr'><strong>est</strong></span> <span class='ocrx_word' id='word_1_974' title='bbox 2470 5531 2582 5594; x_wconf 89' lang='lat' dir='ltr'><strong>lex,</strong></span> <span class='ocrx_word' id='word_1_975' title='bbox 2609 5529 2752 5584; x_wconf 88' lang='lat' dir='ltr'><strong>aliud</strong></span> <span class='ocrx_word' id='word_1_976' title='bbox 2780 5539 2864 5584; x_wconf 91' lang='lat' dir='ltr'><strong>est</strong></span> <span class='ocrx_word' id='word_1_977' title='bbox 2886 5529 3082 5600; x_wconf 89' lang='lat' dir='ltr'><strong>gratia,</strong></span> <span class='ocrx_word' id='word_1_978' title='bbox 3115 5537 3173 5581; x_wconf 92' lang='lat' dir='ltr'><strong>ut</strong></span> <span class='ocrx_word' id='word_1_979' title='bbox 3201 5527 3281 5582; x_wconf 84' lang='lat' dir='ltr'><strong>lex</strong></span> <span class='ocrx_word' id='word_1_980' title='bbox 3311 5542 3416 5580; x_wconf 91' lang='lat' dir='ltr'><strong>non</strong></span> <span class='ocrx_word' id='word_1_981' title='bbox 3445 5526 3618 5580; x_wconf 88' lang='lat' dir='ltr'><strong>solum</strong></span> <span class='ocrx_word' id='word_1_982' title='bbox 3646 5527 3792 5584; x_wconf 87' lang='lat' dir='ltr'><strong>nihil</strong></span> 
     </span>
    </p>
   </div>
   <div class='ocr_carea' id='block_1_119' title="bbox 2191 5615 3794 5694">
    <p class='ocr_par' dir='ltr' id='par_1_119' title="bbox 2191 5615 3794 5694">
     <span class='ocr_line' id='line_1_119' title="bbox 2191 5615 3794 5694; baseline -0.004 -15"><span class='ocrx_word' id='word_1_983' title='bbox 2191 5623 2379 5694; x_wconf 89' lang='lat' dir='ltr'><strong>prosit,</strong></span> <span class='ocrx_word' id='word_1_984' title='bbox 2401 5637 2584 5676; x_wconf 90' lang='lat' dir='ltr'><strong>verum</strong></span> <span class='ocrx_word' id='word_1_985' title='bbox 2605 5621 2763 5676; x_wconf 90' lang='lat' dir='ltr'><strong>etiam</strong></span> <span class='ocrx_word' id='word_1_986' title='bbox 2793 5617 3076 5688; x_wconf 89' lang='lat' dir='ltr'><strong>plurimum</strong></span> <span class='ocrx_word' id='word_1_987' title='bbox 3101 5617 3260 5687; x_wconf 87' lang='lat' dir='ltr'><strong>obsit,</strong></span> <span class='ocrx_word' id='word_1_988' title='bbox 3290 5616 3392 5673; x_wconf 90' lang='lat' dir='ltr'><strong>nisi</strong></span> <span class='ocrx_word' id='word_1_989' title='bbox 3420 5615 3634 5687; x_wconf 84' lang='lat' dir='ltr'><strong>adjuvet</strong></span> <span class='ocrx_word' id='word_1_990' title='bbox 3661 5633 3794 5690; x_wconf 76' lang='lat' dir='ltr'><strong>gra-</strong></span> 
     </span>
    </p>
   </div>
   <div class='ocr_carea' id='block_1_120' title="bbox 2259 5750 3226 5824">
    <p class='ocr_par' dir='ltr' id='par_1_120' title="bbox 2259 5750 3226 5824">
     <span class='ocr_line' id='line_1_120' title="bbox 2259 5750 3226 5824; baseline 0.041 -33"><span class='ocrx_word' id='word_1_991' title='bbox 2259 5756 2276 5824; x_wconf 61' lang='lat' dir='ltr'><strong>t</strong></span> <span class='ocrx_word' id='word_1_992' title='bbox 2301 5754 2673 5824; x_wconf 64' lang='lat' dir='ltr'><strong>cygirannensis</strong></span> <span class='ocrx_word' id='word_1_993' title='bbox 2689 5759 2794 5824; x_wconf 43' lang='lat' dir='ltr'><strong>his)</strong></span> <span class='ocrx_word' id='word_1_994' title='bbox 2819 5750 2937 5815; x_wconf 74' lang='grc' dir='ltr'><strong>φιίά</strong></span> <span class='ocrx_word' id='word_1_995' title='bbox 3124 5815 3158 5824; x_wconf 87' lang='grc'><strong>..</strong></span> <span class='ocrx_word' id='word_1_996' title='bbox 3184 5813 3194 5824; x_wconf 89' lang='grc'><em>.</em></span> <span class='ocrx_word' id='word_1_997' title='bbox 3215 5812 3226 5823; x_wconf 80' lang='grc' dir='ltr'><strong><em>ο</em></strong></span> 
     </span>
    </p>
   </div>
   <div class='ocr_carea' id='block_1_121' title="bbox 2255 5813 3338 5880">
    <p class='ocr_par' dir='ltr' id='par_1_121' title="bbox 2255 5813 3338 5880">
     <span class='ocr_line' id='line_1_121' title="bbox 2255 5813 3338 5880; baseline -0.005 -15"><span class='ocrx_word' id='word_1_998' title='bbox 2255 5819 2278 5849; x_wconf 73' lang='grc'>⁸</span> <span class='ocrx_word' id='word_1_999' title='bbox 2302 5813 2402 5865; x_wconf 62' lang='lat' dir='ltr'><strong>ait}.</strong></span> <span class='ocrx_word' id='word_1_1000' title='bbox 2428 5823 2521 5876; x_wconf 82' lang='lat' dir='ltr'><strong>Er.,</strong></span> <span class='ocrx_word' id='word_1_1001' title='bbox 2545 5821 2592 5867; x_wconf 85' lang='lat' dir='ltr'><strong>et</strong></span> <span class='ocrx_word' id='word_1_1002' title='bbox 2614 5813 2954 5880; x_wconf 77' lang='lat' dir='ltr'><strong>multiformem</strong></span> <span class='ocrx_word' id='word_1_1003' title='bbox 2969 5820 3011 5864; x_wconf 89' lang='lat' dir='ltr'><strong>et</strong></span> <span class='ocrx_word' id='word_1_1004' title='bbox 3035 5813 3338 5879; x_wconf 63' lang='lat' dir='ltr'><strong>ine/ﬁcium.</strong></span> 
     </span>
    </p>
   </div>
  </div>
