3996 6472
278 394 383 452 565

283 514 387 574 lia;
426 519 483 565 et
523 507 643 565 ιιωο
687 510 994 566 ostendatur
1027 511 1158 582 legis
1199 512 1425 575 utilitas,
1457 513 1706 583 quoniam
1743 529 1876 583 quos

283 602 408 658 facit
432 603 893 672 praevaricationis
919 617 1059 665 reos,
1089 603 1231 673 cogit
1253 605 1540 674 confugere
1565 605 1630 659 ad
1656 605 1878 676 gratiam

283 693 625 760 liberandos,
658 702 715 749 et
743 703 799 750 nt
824 697 1280 765 concupiscentias
1311 696 1477 751 malas
1505 706 1758 767 superent
1784 696 1879 751 ad-

278 787 566 858 juvandus.
598 786 763 843 Jubet
788 789 930 844 enim
963 788 1128 859 magis
1156 803 1316 859 quam
1343 789 1525 860 juvat;
1555 789 1712 846 docet
1740 804 1882 844 mor-

283 871 412 927 bum
431 886 574 937 esse,
599 887 706 926 non
728 881 912 939 sanat;
937 873 1043 927 imo
1062 872 1129 928 ab
1150 888 1214 929 ea
1239 873 1416 944 potius
1435 873 1576 944 quod
1601 888 1704 929 non
1729 888 1882 929 sana-

286 972 375 1018 tur
398 970 645 1034 augetur,
676 971 734 1017 ut
757 962 1008 1018 attentius
1033 972 1087 1018 et
1115 963 1391 1018 sollicitius
1413 964 1597 1034 gratia:
1622 964 1880 1020 medicina

283 1065 576 1126 quaaratur.
605 1054 741 1124 Quia
775 1055 942 1110 littera
969 1055 1150 1110 occidit
1167 1097 1183 1123 ,
1216 1055 1443 1127 Spiritus
1471 1066 1637 1112 autem
1666 1057 1884 1126 viviﬁcat

285 1145 355 1220 (ll
373 1145 495 1202 Cor.
523 1162 600 1213 ιιι,
631 1147 710 1217 ϐ).
742 1146 806 1203 Si
833 1147 964 1201 enim
989 1146 1110 1200 data
1134 1157 1260 1202 esset
1283 1148 1366 1202 lex
1391 1164 1505 1219 qua:
1529 1157 1697 1218 posset
1724 1150 1885 1220 viviﬁ-

284 1255 406 1294 τω
425 1238 467 1302 ί,
500 1237 708 1312 omnino
735 1253 799 1292 ea:
823 1238 930 1310 lege
953 1247 1078 1293 esset
1097 1239 1319 1308 justitia.
1347 1237 1403 1294 ln
1425 1249 1681 1310 quantum
1708 1249 1882 1295 tamen

283 1329 451 1384 etiam
472 1328 558 1383 lex
578 1327 816 1398 adjuvet,
839 1327 1078 1400 adjungit
1099 1339 1154 1384 et
1172 1329 1302 1385 dicit
1326 1347 1340 1386 :
1365 1329 1470 1386 Sed
1489 1331 1730 1386 conclusit
1751 1331 1888 1388 Scri-

287 1430 442 1490 ptura
465 1421 637 1475 omnia
657 1419 748 1474 sub
772 1429 991 1491 peccato,
1016 1430 1073 1475 ut
1093 1421 1358 1493 promissio
1378 1438 1440 1477 ea:
1463 1423 1565 1492 ﬁde
1586 1422 1711 1478 Jesu
1733 1422 1854 1479 Chri
1869 1454 1883 1464 -

287 1514 352 1565 sti
381 1513 595 1566 daretur
625 1511 961 1567 credentibus.
991 1511 1174 1582 Itaque
1203 1513 1314 1581 lex,
1353 1514 1550 1584 inquit,
1580 1515 1884 1586 padagogus

289 1615 461 1658 noster
484 1605 583 1674 fuit
609 1605 662 1658 in
686 1602 887 1660 Christo
909 1604 1035 1660 Jesu
1063 1604 1255 1678 (Galat.
1286 1623 1360 1673 ιιι,
1391 1606 1483 1673 21,
1513 1606 1606 1674 εξ,
1631 1607 1745 1680 24).
1775 1609 1886 1665 lloc

290 1696 464 1765 ipsum
489 1711 620 1768 ergo
645 1696 890 1768 superbis
912 1705 996 1753 est
1016 1697 1167 1765 utile,
1192 1699 1290 1753 sub
1312 1709 1531 1770 peccato
1550 1703 1748 1756 arctius
1770 1717 1883 1756 ma-

290 1788 646 1857 nifestiusque
677 1789 958 1856 concludi,
991 1804 1058 1844 ne
1097 1789 1163 1844 ad
1201 1789 1496 1846 faciendam
1530 1791 1790 1862 justitiam
1820 1794 1885 1848 de

291 1879 442 1934 liberi
469 1880 701 1945 arbitrii,
728 1881 879 1951 quasi
911 1881 1140 1951 propriis
1163 1882 1364 1938 viribus
1390 1893 1769 1953 praesumatur;
1792 1887 1884 1941 sed

289 1986 437 2023 onme
457 1987 514 2024 os
535 1969 846 2036 obstruatur,
871 1981 920 2026 et
942 1988 1057 2026 reus
1078 1973 1170 2042 ﬁat
1194 1975 1356 2028 ontnis
1381 1974 1597 2028 mundus
1618 1974 1744 2042 Deo,
1769 1977 1887 2046 quia

290 2078 388 2115 non
407 2062 782 2132 justi/imbitur
804 2079 868 2118 ea:
889 2063 998 2135 lege
1021 2066 1184 2120 omnis
1207 2081 1327 2120 caro
1350 2082 1521 2120 coram
1549 2067 1658 2122 illo.
1689 2069 1792 2123 Per
1817 2069 1888 2125 le-

289 2171 399 2226 gem
425 2156 561 2209 enim
586 2156 808 2225 cognitio
836 2158 1066 2226 peccati:
1086 2174 1218 2213 nunc
1243 2169 1409 2213 autem
1433 2162 1540 2215 sine
1565 2162 1671 2234 lege
1685 2164 1886 2234 justitia

288 2245 386 2301 Dei
417 2249 744 2318 manifestata
769 2257 869 2316 est,
897 2249 1164 2318 testiﬁcata
1192 2267 1284 2320 per
1308 2249 1494 2323 Legem
1522 2262 1569 2307 et
1604 2254 1888 2326 I’r0pltetas

290 2338 475 2409 (Rom.
512 2354 603 2404 ιιι,
642 2339 854 2413 19-21).
888 2341 1166 2409 Quomodo
1193 2357 1322 2414 ergo
1350 2345 1467 2401 sine
1505 2345 1620 2417 lege
1660 2347 1886 2405 manife-

288 2442 428 2488 stata
447 2475 461 2496 ,
489 2433 535 2486 si
567 2449 662 2503 per
689 2434 859 2505 legem
893 2434 1211 2491 testiﬁcata?
1238 2436 1350 2492 Non
1387 2438 1563 2508 itaque
1582 2440 1602 2471 ²
1632 2440 1748 2497 sine
1773 2441 1888 2512 lege

292 2525 668 2593 manifestata,
708 2525 803 2582 sed
841 2527 958 2582 sine
994 2529 1110 2600 lege
1137 2529 1341 2602 justitia
1362 2574 1376 2599 ,
1408 2533 1530 2604 quia
1563 2533 1766 2604 justitia
1794 2535 1887 2591 Dei

295 2626 412 2682 est,
437 2616 488 2671 id
521 2625 605 2671 est
624 2659 641 2678 .
667 2632 788 2688 qua:
818 2618 971 2674 nobis
999 2635 1104 2675 non
1135 2636 1202 2676 ex
1237 2621 1352 2694 lege
1380 2622 1483 2687 sit,
1513 2624 1608 2679 sed
1635 2641 1698 2680 ex
1733 2626 1842 2682 Deo
1871 2645 1884 2682 :

301 2723 406 2763 non
444 2725 562 2778 qua:
604 2709 698 2763 illo
738 2709 1036 2780 imperante
1078 2713 1449 2784 cognoscendo
1489 2715 1756 2783 timeatur,
1792 2718 1886 2773 sed

293 2818 415 2874 qua:
438 2804 532 2858 illo
559 2803 795 2859 donante
820 2805 1087 2876 diligendo
1122 2817 1385 2872 teneatur,
1416 2817 1550 2865 utet
1577 2810 1665 2880 qui
1691 2810 1887 2882 gloria-

293 2907 378 2952 tur
406 2897 457 2950 in
486 2895 719 2951 Domino
743 2897 1000 2966 glorietur
1025 2897 1067 2970 (1
1095 2897 1211 2954 Cor.
1240 2915 1277 2966 ι,
1307 2899 1421 2972 51).

357 2987 590 3044 CAI'UT
618 2987 710 3042 IX.
739 3018 812 3028 —
836 2988 923 3044 lo.
953 2989 1090 3057 Quid
1120 3005 1247 3061 ergo
1277 3000 1381 3058 cst,
1410 2989 1550 3062 quod
1582 2992 1681 3048 iste
1717 2992 1885 3066 legem

289 3091 448 3151 atque
462 3081 764 3136 doctrinam
786 3081 1002 3152 deputat
1021 3083 1265 3153 gratiam,
1285 3100 1386 3154 qua
1406 3083 1656 3153 juvamur
1675 3086 1740 3140 ad
1761 3102 1888 3156 ope-

291 3171 509 3226 randam
531 3171 818 3241 justitiam,
846 3187 964 3243 quae
990 3183 1044 3227 ut
1073 3173 1293 3227 multum
1322 3174 1555 3244 adjuvet,
1579 3177 1644 3230 ad
1673 3175 1774 3233 hoc
1795 3178 1886 3233 ad-

284 3262 436 3330 juvat
465 3269 524 3316 ut
560 3262 732 3332 gratia
769 3261 1100 3332 requiratur?
1127 3261 1292 3318 Nemo
1324 3266 1466 3319 enim
1503 3275 1678 3336 potest
1715 3269 1884 3339 legem

288 3355 512 3426 implere
531 3369 628 3423 per
646 3353 840 3424 legem.
861 3353 1137 3410 Plenitudo
1153 3355 1295 3410 enim
1315 3356 1446 3427 legis
1461 3358 1692 3414 charitas
1709 3359 1884 3428 (Rom.

288 3461 383 3500 xm
406 3488 420 3510 ,
455 3445 564 3517 10).
597 3445 846 3500 Charitas
873 3456 1049 3502 autem
1092 3447 1185 3502 Dei
1227 3463 1331 3503 non
1373 3465 1470 3521 per
1500 3451 1667 3522 legem
1697 3453 1885 3509 diffusa

287 3546 368 3592 est
392 3537 445 3590 in
470 3535 727 3591 cordibus
757 3537 972 3602 nostris,
1001 3537 1095 3592 sed
1126 3553 1218 3608 per
1245 3537 1498 3609 Spiritum
1527 3551 1767 3597 sanctum
1795 3543 1882 3614 qui

286 3625 441 3682 datus
469 3633 557 3681 est
584 3626 742 3681 nobis
771 3624 880 3697 (Id.
914 3643 966 3694 v,
1007 3627 1083 3698 5).
1127 3627 1355 3684 Proinde
1394 3645 1488 3700 per
1518 3631 1686 3702 legem
1717 3634 1883 3703 gratia

286 3719 712 3785 demonstratur,
741 3728 806 3774 ut
842 3720 923 3774 lex
968 3735 1062 3791 per
1097 3722 1320 3792 gratiam
1361 3725 1708 3793 compleafur.
1747 3726 1883 3794 Quid

285 3811 428 3866 enim
459 3809 618 3881 juvat
651 3810 953 3881 Pelagium,
996 3813 1118 3882 quia
1163 3813 1387 3870 diversis
1424 3817 1598 3872 verbis
1638 3819 1881 3875 eamdem

287 3915 399 3956 rem
429 3900 588 3966 dicit,
625 3909 686 3955 ιιι
715 3916 820 3955 non
851 3901 1174 3974 intelligatur
1207 3905 1259 3958 in
1295 3903 1411 3976 lege
1447 3915 1607 3976 atque
1643 3907 1882 3964 doctrina

284 3992 513 4061 gratiam
536 3993 886 4062 constituere,
912 4009 1015 4065 qua
1043 3995 1442 4065 possibilitatem
1471 4009 1672 4055 natura:
1694 4003 1885 4056 asserit

286 4081 570 4152 adjuvari?
595 4081 862 4151 Quantum
893 4095 1068 4140 autem
1095 4085 1374 4153 existimo,
1407 4087 1530 4146 ideo
1559 4099 1768 4146 veretur
1797 4093 1882 4147 in-

287 4173 452 4243 telligi
474 4214 490 4239 ,
520 4173 645 4244 quia
683 4172 954 4229 damnavit
985 4190 1080 4231 eos
1114 4176 1202 4247 qui
1237 4176 1420 4232 dicunt
1453 4182 1674 4250 gratiam
1708 4182 1798 4238 Dei
1831 4195 1885 4239 et

284 4263 614 4334 adjutorium
645 4279 754 4320 non
785 4265 848 4320 ad
879 4266 1115 4336 singulos
1149 4275 1297 4322 actus
1325 4268 1472 4336 dari,
1504 4271 1597 4326 sed
1630 4273 1680 4326 in
1713 4273 1882 4329 libero

286 4355 512 4409 arbitrio
546 4344 816 4423 esse,‘vel
858 4357 909 4410 in
956 4356 1071 4427 lege
1107 4367 1266 4428 atque
1301 4359 1542 4415 doctrina
1573 4379 1587 4416 :
1620 4371 1674 4416 et
1703 4373 1877 4420 tamen

285 4445 454 4502 latere
478 4462 540 4502 se
569 4456 733 4516 putat,
763 4463 884 4502 cum
911 4448 1028 4502 aliis
1053 4459 1210 4519 atque
1237 4451 1354 4505 aliis
1384 4451 1736 4510 locutionibus
1764 4471 1879 4511 vcr-

285 4545 372 4591 sat
394 4537 838 4607 signiﬁcationem
867 4537 1000 4608 legis
1029 4551 1187 4610 atque
1211 4540 1488 4598 doctrinm.

359 4628 587 4684 CAPUT
608 4627 676 4682 Χ.
699 4657 774 4668 —
799 4628 886 4684 ll.
921 4631 983 4684 Et
1007 4631 1115 4684 alio
1139 4632 1336 4702 quippe
1364 4634 1498 4700 loco,
1527 4650 1650 4691 cum
1680 4637 1769 4692 diu
1794 4654 1879 4694 as-

285 4721 564 4783 seruisset,
591 4734 698 4773 non
730 4720 993 4790 adjutorio
1020 4721 1136 4786 Dei,
1163 4725 1254 4778 sed
1280 4740 1345 4778 ex
1371 4726 1522 4782 nobis
1549 4729 1675 4799 ipsis
1703 4730 1754 4785 in
1783 4748 1878 4786 no-

287 4809 370 4864 bis
389 4808 528 4864 efﬁci
555 4810 888 4865 voluntatem
914 4811 1127 4879 bonam,
1156 4817 1401 4884 Opposuit
1425 4817 1527 4872 sibi
1547 4836 1612 4873 ex
1639 4822 1874 4888 Apostoli

285 4904 509 4974 cpistola
536 4903 908 4972 quaestionem,
939 4913 1094 4974 atque
1123 4906 1197 4960 ait
1226 4923 1240 4960 :
1277 4925 1296 4960 ι
1329 4906 1398 4962 Et
1424 4911 1708 4978 quomodo,
1748 4933 1767 4966 ι
1798 4914 1878 4969 in-

284 4996 417 5067 quit,
453 5015 472 5047 ι
508 4995 674 5051 stabit
702 4995 828 5049 illud
858 4997 1094 5064 Apostoli
1124 5015 1138 5050 :
1167 4996 1305 5053 Deus
1331 5009 1402 5053 est
1427 5003 1558 5055 enim
1585 5004 1672 5070 qui
1700 5021 1879 5076 opera-

283 5096 369 5140 tur
390 5088 442 5141 ιη
468 5087 609 5141 vobis
633 5097 679 5140 et
706 5087 834 5140 velle
857 5096 906 5140 et
935 5087 1216 5158 perﬁcere?
1250 5108 1270 5142 ι
1307 5091 1506 5146 Deinde
1535 5104 1590 5148 ut
1617 5093 1756 5151 hanc
1783 5111 1877 5166 op-

285 5177 605 5248 positionem
630 5178 795 5232 veluti
829 5178 1062 5235 solveret
1089 5196 1246 5251 quam
1275 5181 1489 5238 videbat
1516 5183 1748 5255 dogmati
1778 5202 1876 5242 suo

285 5269 634 5324 vehementer
649 5283 772 5325 esse
791 5272 1132 5338 contrariam,
1157 5282 1370 5330 secutus
1387 5274 1664 5345 adjnnxit:
1693 5297 1711 5330 ι
1737 5276 1875 5349 Ope-

282 5369 430 5413 ratur
455 5361 510 5414 in
540 5359 696 5416 nobis
725 5360 861 5415 velle
889 5363 1027 5432 quod
1059 5363 1255 5418 bonum
1282 5375 1383 5434 est,
1413 5369 1549 5425 velle
1577 5370 1716 5440 quod
1747 5389 1874 5426 san-

280 5461 424 5506 ctum
449 5459 560 5513 est,
590 5451 717 5505 dum
753 5465 854 5506 nos
883 5455 1110 5510 terrenis
1145 5457 1520 5526 cupiditatibus
1549 5462 1754 5519 deditos
1774 5505 1789 5531 ,
1820 5475 1870 5520 et

278 5552 550 5596 mutorum
579 5556 733 5596 more
759 5542 1062 5615 animalium
1095 5551 1460 5605 tantummodo
1488 5557 1765 5622 przesentia
1791 5557 1870 5612 di-

277 5633 539 5704 ligentes,
581 5634 777 5689 lutura:
813 5634 998 5705 gloria:
1038 5640 1396 5710 magnitudine
1433 5653 1489 5698 et
1531 5648 1866 5715 prasiniorum

347 5767 368 5839 ι
397 5775 494 5839 Am:
507 5773 587 5839 jar,
611 5766 848 5839 Secede:
871 5769 1252 5839 Cygirannensis,
1267 5773 1555 5839 justiﬁeare.

344 5829 368 5860 ³
391 5839 460 5879 εις
483 5837 586 5880 Mss.
611 5829 734 5879 Editl
760 5829 1018 5886 vero,’t\on
1042 5829 1126 5883 ita.

1483 397 1682 453 LlBl'll't
1725 397 1812 452 DE
1850 398 2108 456 CRATIA
2147 401 2426 460 CliltlSTl.

3481 424 3586 478 566

1992 516 2368 583 pollicitatione
2393 524 2700 590 succendit;
2729 526 2855 582 dum
2883 531 3206 590 revelattoue
3231 537 3504 606 sapientia:
3525 545 3581 597 in

1989 606 2316 664 desiderium
2347 611 2440 667 Dei
2471 624 2769 685 stupentem
2802 622 3026 678 suscitat
3060 624 3423 695 voluntatem;
3455 630 3584 688 dum

1991 698 2145 790 nobis
2162 701 2331 790 (quod
2357 711 2410 756 tu
2432 704 2554 760 alibi
2582 723 2776 778 negare
2801 728 2908 766 non
2932 715 3124 771 metuis
3147 715 3188 790 ¹)
3215 719 3400 777 suadet
3424 737 3587 778 onme

1988 789 2129 858 quod
2159 789 2356 847 bonum
2383 802 2484 849 cst.
2522 815 2542 849 ι
2573 796 2710 866 Quid
2743 803 3097 874 manifestius,
3128 808 3263 864 nihil
3287 810 3430 866 aliud
3459 828 3586 868 eum

1989 880 2166 938 dicere
2191 885 2436 954 gratiam,
2459 903 2562 958 qua
2590 891 2730 947 Deus
2755 894 2807 948 in
2829 895 2984 951 nobis
3007 910 3258 968 operatur
3279 903 3414 959 velle
3438 906 3581 976 quod

1991 974 2187 1030 bonum
2230 987 2346 1044 est,
2387 995 2546 1051 quam
2588 981 2759 1055 legem
2801 996 2959 1059 atque
2997 991 3332 1052 doctrinam?
3371 997 3429 1054 ln
3457 974 3589 1071 lege

1991 1080 2225 1138 namque
2253 1079 2305 1125 et
2339 1070 2578 1130 doctrina
2619 1088 2924 1136 sanctarum
2964 1081 3360 1155 Scripturarum
3394 1070 3588 1148 futura;

1989 1159 2175 1230 gloria:
2205 1173 2364 1234 atque
2400 1169 2740 1236 pranniorum
2787 1176 3111 1244 promittitur
3138 1183 3465 1251 magnitudo.
3503 1187 3586 1241 Ad

1990 1250 2284 1306 doctrinam
2310 1258 2540 1325 pertinet
2567 1261 2726 1317 etiam
2754 1265 2894 1334 quod
2923 1269 3181 1338 sapientia
3210 1250 3493 1344 reveletur,
3517 1279 3586 1334 ad

1991 1338 2284 1397 doctrinam
2321 1347 2552 1414 pertinet
2584 1366 2704 1406 cum
2740 1356 2996 1412 suadetur
3030 1375 3189 1416 omne
3215 1364 3356 1434 quod
3387 1338 3586 1423 bonum

1991 1443 2090 1487 est.
2123 1435 2187 1489 lit
2219 1437 2262 1490 si
2294 1438 2433 1495 inter
2458 1441 2653 1499 docere
2691 1457 2746 1500 et
2779 1449 3037 1517 suadere,
3065 1454 3148 1509 vel
3184 1457 3361 1526 potius
3386 1461 3588 1516 exhor-

1996 1526 2118 1591 tari,
2151 1527 2350 1583 distarc
2379 1532 2575 1603 aliquid
2605 1537 2843 1607 videtur;
2877 1543 3036 1597 etiam
3067 1545 3166 1600 hoc
3191 1556 3368 1604 tamen
3390 1550 3589 1606 doctri-

1993 1632 2074 1669 nm
2100 1622 2450 1688 generalitate
2480 1627 2834 1698 concluditur,
2866 1649 2984 1703 qua:
3011 1637 3308 1709 quibusque
3331 1643 3352 1673 ’
3382 1657 3589 1698 sermo-

1992 1710 2146 1764 nihus
2171 1713 2250 1767 vel
2277 1713 2471 1771 litteris
2495 1721 2797 1778 continetur
2820 1742 2832 1777 :
2859 1742 2980 1781 nam
3004 1739 3056 1782 et
3078 1743 3274 1788 sancta:
3295 1733 3588 1806 Scriptura.-

1992 1811 2045 1856 ct.
2085 1803 2281 1861 docent
2317 1818 2372 1863 et
2400 1810 2778 1881 exhortantur,
2807 1829 2857 1872 et
2892 1830 3065 1889 potest
3093 1839 3212 1880 esse
3252 1828 3304 1882 in
3343 1803 3590 1888 docendo

1991 1903 2046 1949 ct
2073 1895 2404 1955 exhortando
2433 1904 2592 1960 etiam
2625 1908 2855 1965 hominis
2893 1915 3154 1982 Operatio.
3194 1917 3302 1974 Sed
3341 1937 3439 1978 nos
3467 1941 3586 1980 eam

1990 1987 2214 2054 gratiam
2242 1992 2488 2049 volumus
2517 1997 2616 2053 iste
2636 1998 2923 2072 aliquando
2952 2004 3178 2063 fateatur
3198 2009 3238 2077 ³,
3267 2028 3368 2082 qua
3394 2014 3587 2074 futuras

1989 2079 2173 2148 gloria:
2195 2085 2501 2153 magnitudo
2527 2103 2631 2144 non
2659 2093 2832 2148 solmn
2856 2099 3200 2166 promittitur,
3219 2079 3404 2162 verum
3426 2111 3584 2165 etiam

1991 2171 2226 2226 creditur
2253 2185 2307 2228 et
2335 2188 2609 2246 speratur;
2648 2197 2748 2237 nec
2794 2185 2968 2241 snlum
2999 2192 3264 2249 revelatnr
3288 2197 3546 2267 sapientia
3567 2243 3584 2266 ,

1995 2276 2174 2316 vermn
2199 2274 2251 2318 ct
2273 2278 2516 2336 amatur;
2546 2288 2641 2326 nec
2665 2276 2836 2329 solum
2858 2279 3116 2336 suadetur
3139 2299 3298 2342 omne
3319 2291 3460 2359 quod
3491 2293 3586 2347 bo-

1994 2371 2118 2408 ntnn
2145 2366 2259 2424 est,
2292 2375 2474 2415 verum
2511 2372 2566 2418 ct
2606 2369 2973 2434 persuadetur.
3012 2372 3127 2429 Non
3164 2379 3304 2433 enim
3341 2385 3583 2440 onmium

1992 2454 2075 2501 est
2103 2446 2234 2504 ﬁdes
2261 2450 2336 2522 (ll
2363 2451 2542 2508 Thess.
2575 2472 2652 2522 ιιι,
2684 2459 2764 2529 2),
2791 2463 2879 2531 qni
2912 2464 3132 2522 audiunt
3160 2485 3256 2538 per
3278 2469 3585 2552 Scriptura;

1998 2539 2277 2597 Dominum
2304 2560 2522 2616 regnum
2545 2550 2801 2606 caelorum
2828 2555 3196 2628 pollicentem;
3220 2574 3312 2617 aut
3333 2539 3586 2624 omnibus

1995 2633 2343 2699 persuadetur
2383 2637 2804 2712 quibuscumque
2847 2647 3122 2714 suadetur,
3168 2661 3226 2706 ut
3266 2655 3484 2711 veniant
3518 2660 3584 2714 ad

1992 2737 2113 2777 eum
2135 2725 2222 2796 qui
2244 2725 2391 2792 dicit,
2425 2726 2595 2784 Venite
2612 2733 2679 2784 ad
2701 2750 2797 2801 me,
2820 2753 2990 2792 omnes
3009 2739 3092 2811 qui
3115 2740 3350 2798 laboratis
3369 2747 3581 2819 (Matth.

1994 2829 2072 2882 ιι,
2103 2815 2216 2886 28).
2248 2817 2484 2886 Quorum
2511 2831 2686 2877 autem
2718 2824 2780 2879 sit
2811 2826 2965 2896 lidcs,
2997 2838 3052 2884 et
3076 2833 3266 2902 quibus
3298 2815 3585 2905 persuade-

1997 2916 2081 2962 lur
2109 2917 2167 2963 ut
2190 2909 2255 2964 ad
2287 2927 2408 2966 eum
2438 2915 2688 2984 veniant,
2729 2919 2858 2973 satis
2900 2921 3014 2990 ipse
3047 2923 3462 2998 demonstravit,
3496 2934 3583 2988 ubi

1993 2999 2087 3064 ait,
2121 2999 2285 3056 Nemo
2314 3003 2443 3058 venit
2469 3005 2538 3059 ad
2565 3023 2662 3074 me,
2695 3010 2794 3064 nisi
2823 3009 2979 3066 Pater
3005 3016 3092 3085 qui
3120 3017 3253 3071 misit
3281 3036 3380 3083 me,
3413 3032 3582 3080 traxe-

1993 3094 2058 3146 rit
2079 3110 2192 3147 eum
2215 3111 2234 3148 :
2254 3105 2307 3150 et
2332 3097 2488 3168 paulo
2515 3109 2648 3168 post,
2675 3116 2794 3156 cum
2815 3103 2882 3159 de
2909 3120 3016 3161 non
3035 3109 3374 3166 credentibus
3401 3113 3585 3184 loque-

1995 3194 2170 3252 retur,
2204 3186 2351 3253 Dixi,
2387 3189 2589 3259 inquit,
2618 3192 2783 3259 vobis,
2813 3195 2930 3264 quia
2955 3213 3101 3252 nemo
3129 3210 3290 3269 potest
3323 3206 3488 3259 venire
3517 3208 3584 3260 ad

1994 3294 2099 3342 me,
2132 3279 2226 3332 nisi
2266 3282 2417 3349 fuerit
2452 3282 2501 3335 ei
2537 3284 2712 3336 datum
2745 3302 2778 3338 a
2817 3285 2974 3342 Patre
3011 3307 3121 3344 meo
3149 3291 3334 3362 (Joan.
3375 3311 3451 3362 vi,
3490 3298 3584 3360 44.

1993 3369 2117 3443 66).
2154 3370 2302 3427 llanc
2335 3372 2492 3429 debet
2527 3375 2772 3446 Pelagius
2807 3379 3029 3448 gratiam
3072 3385 3344 3450 conliteri,
3382 3388 3425 3442 si
3467 3393 3583 3444 vult

1996 3479 2099 3516 non
2129 3464 2300 3518 solum
2329 3465 2536 3532 vocari,
2567 3482 2752 3523 verum
2783 3470 2941 3525 etiam
2971 3487 3092 3529 esse
3127 3475 3472 3534 christianos.

2062 3587 2290 3645 CAPUT
2329 3589 2421 3646 XI.
2461 3621 2534 3633 —
2563 3593 2650 3647 12.
2690 3594 2825 3662 Quid
2855 3607 3033 3653 autem
3063 3598 3236 3656 dicam
3267 3602 3334 3658 de
3372 3605 3581 3660 revela-

1995 3681 2137 3736 tionc
2163 3683 2483 3753 sapientiae?
2505 3685 2691 3757 Neque
2727 3690 2870 3743 enim
2901 3689 3056 3748 facile
3081 3693 3361 3764 quisquam
3391 3713 3580 3767 spera-

1991 3774 2130 3829 verit
2169 3775 2220 3829 in
2263 3775 2363 3830 hac
2392 3777 2498 3832 vita
2544 3794 2701 3848 posse
2748 3783 3027 3850 pervenire
3050 3785 3118 3840 ad
3163 3790 3577 3859 magnitudinem

1993 3863 2373 3921 revelationum
2417 3869 2643 3937 apostoli
2691 3870 2881 3926 Pauli:
2913 3883 2970 3927 et
3010 3876 3192 3946 utique
3231 3879 3285 3932 in
3329 3881 3408 3936 eis
3449 3882 3577 3952 quid

1990 3954 2133 4010 aliud
2162 3957 2488 4013 credendum
2518 3969 2600 4014 est
2629 3959 2680 4016 ei
2720 3963 2943 4018 revelari
2972 3967 3146 4023 solere
3166 4008 3184 4034 ,
3213 3970 3316 4025 nisi
3339 3973 3480 4042 quod
3510 3976 3577 4028 ad

1990 4050 2302 4119 sapientiam
2332 4053 2660 4121 pertineret?
2703 4055 2770 4110 Et
2800 4067 2976 4113 tamen
3016 4059 3144 4116 dicit
3174 4079 3190 4118 :
3225 4061 3292 4117 In
3321 4068 3580 4137 magnitu-

1990 4141 2107 4196 dine
2133 4141 2491 4198 revelationum
2520 4162 2745 4201 mearum
2781 4166 2844 4202 ne
2866 4151 3086 4206 extollar
3103 4195 3116 4215 ,
3162 4153 3312 4210 datus
3351 4170 3422 4210 est
3451 4161 3577 4214 mihi

1987 4232 2220 4287 stimulus
2245 4235 2412 4289 carnis
2440 4251 2580 4302 mete,
2609 4238 2817 4308 angelus
2836 4252 3032 4295 satana
3057 4244 3143 4312 qui
3165 4261 3245 4298 me
3271 4247 3575 4317 colaphizet.

1993 4321 2209 4394 ProPter
2235 4325 2371 4394 quod
2397 4336 2470 4380 ter
2505 4327 2779 4382 Dominum
2815 4332 3018 4402 rogavi,
3063 4344 3118 4387 ut
3145 4341 3366 4407 auferret
3391 4357 3506 4394 eum
3543 4363 3577 4395 ιι

1988 4431 2065 4469 me
2089 4431 2109 4469 :
2135 4425 2184 4469 et
2212 4417 2340 4470 dixit
2365 4418 2490 4471 mihi
2507 4460 2522 4483 ,
2553 4419 2747 4490 Suljicil
2773 4422 2858 4476 tibi
2885 4425 3050 4493 gratia
3077 4443 3192 4482 mea
3212 4446 3231 4494 ;
3270 4447 3390 4485 nam
3417 4436 3576 4489 virtus

1985 4506 2036 4560 in
2067 4507 2360 4576 inﬁrmitate
2385 4511 2644 4579 per/icitur
2671 4511 2741 4579 (ll
2772 4511 2888 4566 Cor.
2932 4530 3029 4582 xu,
3060 4516 3208 4589 7-9).
3239 4520 3430 4578 Procul
3468 4527 3538 4579 du

1987 4599 2072 4654 bio
2097 4600 2141 4654 si
2158 4600 2268 4670 jam
2299 4616 2526 4667 summa,
2555 4611 2609 4657 et
2629 4604 2714 4658 cui
2745 4604 2872 4659 nihil
2903 4617 3048 4663 esset
3073 4609 3398 4680 addendum,
3441 4617 3511 4671 ch
3531 4639 3574 4670 ι-

1986 4696 2114 4749 ritas
2145 4696 2200 4750 in
2229 4697 2485 4766 Apostolo
2510 4705 2636 4752 tunc
2663 4696 2878 4766 luisset,
2911 4716 3030 4770 quae
3055 4704 3272 4759 omnino
3299 4722 3404 4761 non
3450 4726 3576 4780 pos-

1984 4795 2067 4840 set
2095 4785 2296 4854 inllari;
2328 4786 2585 4858 nmnquid
2611 4785 2632 4818 ⁸
2658 4791 2990 4845 necessarius
3015 4803 3159 4849 esset
3182 4800 3406 4868 angelus
3434 4814 3578 4856 Sata-

1987 4897 2087 4948 nze,
2115 4897 2220 4951 quo
2245 4882 2611 4953 colaphizante
2632 4883 3012 4952 reprimeretur
3032 4886 3214 4954 elatio,
3237 4905 3357 4960 qua:
3382 4891 3434 4944 in
3461 4910 3576 4948 nta-

1981 4972 2259 5042 gnitudine
2285 4973 2668 5028 revelatiouum
2701 4982 2881 5042 posset
2904 4975 3168 5033 existere?
3198 4980 3334 5047 Quid
3360 4994 3443 5037 est
3473 5002 3573 5038 au-

1984 5074 2090 5120 tem
2119 5063 2263 5119 aliud
2287 5064 2477 5129 elatio,
2505 5079 2664 5134 quam
2692 5064 2939 5121 inﬂatio?
2968 5067 3039 5122 Et
3073 5069 3258 5141 utique
3293 5073 3362 5128 de
3387 5074 3572 5130 chari-

1984 5164 2090 5212 tate
2114 5155 2392 5211 verissime
2418 5153 2619 5210 dictum
2647 5163 2751 5220 est,
2780 5153 3014 5211 Charitas
3035 5175 3136 5214 non
3156 5164 3445 5230 mmulatur,
3471 5183 3573 5219 non

1980 5249 2192 5318 inflatur
2219 5247 2262 5318 (l
2289 5244 2410 5303 Cor.
2449 5262 2568 5310 xm.
2609 5247 2692 5317 4).
2735 5247 2860 5302 llaec
2905 5248 3087 5320 itaque
3125 5252 3360 5309 charitas
3395 5256 3574 5312 adhuc

1979 5339 2140 5395 etiam
2174 5339 2228 5394 in
2261 5347 2410 5394 tanto
2437 5338 2697 5408 Apostolo
2734 5337 2802 5394 de
2831 5338 2919 5396 die
2943 5341 2998 5396 in
3025 5342 3170 5399 diem
3205 5344 3448 5414 profecto
3477 5361 3575 5401 au-

2042 5514 2058 5582 ξ
2087 5512 2335 5582 Vaticanus
2354 5509 2603 5582 Μεηθιιοά
2628 5508 2743 5560 alibi
2763 5523 2942 5576 negare
2956 5526 3050 5564 non
3071 5515 3255 5567 metuit.

2039 5577 2060 5647 ξ
2076 5581 2227 5647 ἓιῖτξδῑ
2243 5580 2373 5647 ωνον
2393 5577 2783 5647 ίιὲίθέἒιδαὲῒῖίῖυετ
3170 5637 3200 5647 -.

2039 5637 2223 5699 1lts‘tlitio
2258 5644 2359 5684 Am.
2390 5642 2450 5699 et
2483 5642 2564 5682 Ms.
2607 5635 2891 5699 notorious,
2935 5649 3044 5686 eam
3073 5637 3280 5699 gratiam
3322 5640 3561 5692 nolumus.

1975 5698 2062 5750 Isti
2079 5697 2340 5762 aliquando
2365 5698 2631 5762 fateantur.
2666 5696 2816 5744 Editio
2839 5703 2933 5756 Ean,
2957 5696 3306 5762 eam'gratiam
3327 5704 3562 5754 nolumus.

1978 5768 2123 5812 Istam
2144 5759 2405 5822 aliquando
2427 5759 2650 5822 fateatur.

2040 5826 2059 5852 ι
2087 5819 2331 5870 γειιίαιηιιε
2352 5819 2504 5870 codex
2521 5853 2534 5876 ,
2560 5830 2802 5879 nunquam
2817 5831 2834 5878 ;
2861 5819 2981 5869 forte
3007 5835 3115 5884 pro,
3147 5836 3464 5888 nequaquam.
