3996 6482
346 346 450 402 567

345 462 602 528 gebatur,
633 461 882 532 quamdiu
915 460 1073 514 homo
1099 458 1214 528 ejus
1242 458 1464 514 interior
1501 458 1568 513 de
1597 459 1683 513 die
1715 459 1766 513 in
1790 459 1932 512 diem

347 553 702 607 renovabatur
727 554 792 625 (ll
825 552 943 608 Cor.
986 567 1036 606 tv
1063 594 1074 615 ,
1113 549 1202 623 16)
1228 592 1240 614 ,
1277 550 1595 620 perﬁcienda
1628 551 1742 604 sine
1769 549 1932 603 dubio

347 643 435 698 ubi
471 644 579 714 jam
611 660 715 700 non
762 651 943 713 posset
984 643 1174 697 inflari.
1219 641 1368 696 Tunc
1409 651 1587 696 autem
1630 656 1780 696 mens
1819 641 1936 710 ejus

314 735 522 791 adhuc
555 745 668 791 erat
706 735 794 791 ubi
831 734 1109 790 iullaretur
1146 733 1510 805 magnitudine
1553 733 1930 799 revelationis,

333 825 520 882 .dnncc
550 827 858 897 impleretur
878 825 1052 881 solido
1081 825 1308 881 aediﬁcio
1343 825 1619 881 charitatis
1651 843 1665 880 :
1698 824 1933 880 nondum

313 918 490 972 enim
537 918 897 988 perveniendo
939 917 1408 990 apprehenderat,
1454 932 1561 990 quo
1607 916 1936 988 proﬁciendo

346 1009 612 1064 currebat.

417 1103 661 1159 CAPUT"
683 1103 798 1159 XII.
829 1135 901 1145 —
924 1105 1016 1160 '13.
1050 1103 1282 1175 Ideoque
1308 1104 1505 1160 nolenti
1533 1104 1735 1176 perpeti
1764 1103 1934 1158 mole-

346 1195 502 1250 stiam
526 1238 542 1264 ,
580 1212 683 1268 qua
714 1198 830 1266 eius
859 1197 1200 1253 coltiberetur
1236 1197 1396 1252 elatio
1421 1239 1436 1264 ,
1479 1206 1764 1266 antequam
1794 1204 1938 1250 esset

349 1289 402 1342 in
443 1305 508 1343 eo
547 1290 826 1345 cltaritatis
855 1291 1040 1345 ultima
1070 1299 1124 1345 et
1162 1305 1369 1344 summa
1416 1287 1709 1358 perfectio,
1753 1287 1939 1342 rectis-

348 1384 485 1439 sime
511 1383 736 1452 dicitur,
781 1385 975 1456 Sit/ﬁcit
1013 1385 1102 1438 tibi
1139 1383 1306 1454 gratia
1336 1398 1486 1447 mea;
1527 1399 1643 1435 nam
1683 1381 1840 1434 virtus
1881 1383 1936 1434 in

348 1474 644 1542 inﬁrmitate
685 1475 946 1544 per/icitur
977 1491 994 1528 :
1021 1475 1071 1528 in
1111 1473 1408 1542 inﬁrmitate
1446 1472 1687 1538 scilicet,
1732 1487 1836 1526 non
1883 1480 1938 1524 ut

348 1568 438 1622 ille
469 1576 635 1637 putat,
659 1585 689 1619 «ι
726 1568 902 1622 carnis
934 1576 1168 1631 tantum;
1203 1586 1221 1618 ι
1254 1566 1424 1634 sedet
1449 1566 1626 1620 carnis
1651 1574 1704 1618 ct
1733 1562 1894 1618 animi
1921 1580 1935 1618 :

347 1657 473 1730 quia
504 1667 559 1713 et
595 1660 806 1713 animus
849 1669 964 1713 erat
1006 1660 1056 1713 in
1096 1659 1496 1728 comparatione
1536 1671 1760 1712 summa:
1799 1657 1940 1710 illius

347 1749 693 1818 perfectionis
718 1751 982 1817 inﬁrmus,
1011 1751 1118 1817 cui,
1153 1767 1219 1804 ne
1248 1751 1596 1804 extolleretnr
1629 1751 1645 1782 ¹
1674 1791 1689 1814 ,
1719 1749 1940 1819 proinde

345 1841 596 1896 stimulus
622 1843 818 1908 carnis,
845 1843 1064 1912 angelus
1092 1853 1290 1896 satana:
1322 1841 1717 1913 intelligebatur
1742 1841 1895 1896 datns
1925 1860 1937 1895 :

349 1935 594 2006 quamvis
631 1945 776 1992 esset
802 1937 854 1991 itt
880 1937 1172 1992 carnalium
1204 1938 1284 1992 vel
1324 1936 1667 2002 animalium,
1703 1931 1965 1989 nondum'

355 2029 761 2099 percipientium
793 2046 912 2100 quae
942 2040 1068 2085 sunt
1107 2029 1338 2100 Spiritus
1369 2029 1461 2084 Dei
1489 2029 1530 2101 (l
1557 2028 1675 2084 Cor.
1708 2045 1780 2096 tt,
1812 2029 1901 2099 Η)
1921 2071 1935 2093 ,

350 2127 780 2195 comparatione,
818 2123 1172 2178 ﬁrmissimus.
1203 2123 1462 2192 Quocirca
1489 2123 1534 2178 si
1565 2123 1732 2176 virtus
1761 2123 1812 2176 in
1857 2122 1938 2176 itt-

352 2215 605 2270 ﬁrmitate
629 2214 922 2285 perﬁcitur,
945 2214 1185 2285 quisquis
1211 2229 1270 2269 se
1297 2229 1401 2269 non
1431 2213 1624 2269 fatetur
1649 2213 1940 2279 inﬁrmum,

351 2323 459 2361 non
488 2305 776 2377 perﬁcitur.
820 2307 944 2362 ll:cc
969 2317 1145 2361 autem
1172 2307 1339 2378 gratia
1372 2322 1473 2377 qua
1511 2307 1678 2360 virtus
1707 2306 1759 2360 in
1791 2305 1943 2360 inﬁr-

351 2401 536 2456 mitate
562 2398 865 2471 perﬁcitur,
903 2399 1306 2469 pra'dcstinatos
1331 2407 1387 2454 et
1424 2398 1716 2453 secundum
1751 2411 1944 2466 propo-

348 2491 510 2547 situm
546 2499 762 2547 vocatos
793 2489 968 2563 (Rom.
995 2506 1109 2557 vin,
1135 2491 1228 2561 28)
1261 2490 1326 2545 ad
1357 2505 1621 2546 summam
1655 2489 1940 2558 perfectio-

347 2596 473 2636 nem
499 2581 1045 2653 gloriﬁcationctnque
1090 2581 1346 2652 perducit.
1387 2581 1500 2649 Qua
1532 2582 1698 2652 gratia
1728 2580 1900 2651 agitur
1921 2619 1940 2647 ,

349 2687 456 2728 non
491 2673 666 2729 solum
697 2680 755 2727 ut
795 2672 1036 2727 facienda
1078 2672 1386 2728 noverimus
1412 2714 1427 2738 ,
1459 2688 1642 2725 verum
1686 2671 1847 2726 etiam
1886 2680 1943 2726 ιιι

350 2764 560 2835 cognita
586 2763 875 2831 faciamus;
907 2779 1007 2819 nec
1037 2764 1210 2819 solum
1241 2771 1298 2817 ut
1326 2763 1592 2834 diligenda
1622 2762 1906 2819 credamus
1925 2802 1938 2827 ,

337 2873 534 2911 verum
565 2857 724 2912 etiam
757 2864 814 2911 ut
840 2856 1044 2913 credita
1071 2855 1374 2926 diligamus.

420 2947 648 3003 CAPUT
686 2947 827 3002 XIII.
874 2977 945 2987 —
987 2947 1074 3001 14.
1111 2946 1234 3000 Ilaec
1278 2945 1446 3016 gratia
1489 2945 1534 2999 si
1577 2943 1816 2999 doctrina
1856 2943 1938 2998 di-

339 3037 520 3092 cenda
549 3048 651 3102 est,
677 3047 824 3092 certe
855 3036 932 3091 sic
957 3036 1186 3100 d'catur,
1219 3046 1276 3090 ut
1301 3036 1460 3090 altius
1493 3046 1546 3090 et
1573 3036 1797 3090 interius
1822 3050 1940 3090 eam

355 3129 497 3184 Deus
517 3142 639 3182 cum
671 3127 924 3183 ineffabili
947 3128 1208 3183 suavitate
1231 3126 1482 3183 credatur
1510 3125 1809 3193 infundere,
1835 3141 1941 3181 non

351 3220 524 3275 solum
547 3235 646 3292 per
673 3234 766 3277 eos
793 3220 882 3292 qui
911 3220 1150 3291 plantant
1182 3230 1235 3274 et
1261 3219 1437 3288 rigant
1464 3218 1818 3281 extrinsecus,
1847 3216 1941 3272 sed

352 3313 513 3368 etiam
541 3327 638 3383 per
661 3327 721 3368 se
749 3312 922 3382 ipsum
952 3311 1042 3383 qui
1070 3311 1455 3367 incrementum
1493 3325 1647 3365 suum
1677 3309 1944 3364 ministrat

352 3402 431 3474 (a)
455 3404 694 3458 occultus
718 3403 762 3474 ('I
779 3401 906 3458 Cor.
936 3419 1012 3468 Ill,
1040 3403 1120 3475 7),
1146 3403 1215 3456 ita
1237 3411 1294 3457 ut
1317 3417 1419 3456 non
1443 3401 1688 3456 ostendat
1714 3411 1943 3456 tantum-

352 3495 514 3551 modo
540 3495 815 3551 veritatem
837 3537 852 3562 ,
889 3509 1075 3549 verum
1105 3495 1264 3549 etiam
1308 3493 1575 3564 impertiat
1603 3493 1938 3548 cbaritatcm.

352 3589 444 3645 Sic
468 3589 610 3644 enim
641 3589 802 3644 docet
841 3587 978 3641 Deus
1020 3600 1115 3641 eos
1142 3585 1234 3656 qui
1273 3584 1566 3640 secundum
1605 3584 1942 3654 propositum

354 3685 530 3739 vocati
551 3690 694 3742 sunt.
719 3679 878 3736 simul
909 3679 1118 3734 donans
1141 3678 1340 3749 etquid
1361 3686 1521 3748 agant
1542 3677 1700 3742 scire,
1725 3687 1778 3732 et
1802 3677 1942 3748 quod

356 3777 534 3832 sciunt
571 3789 750 3844 agere.
795 3771 945 3828 Unde
971 3771 1038 3826 ad
1067 3770 1574 3826 Thessalonicenses
1597 3771 1676 3826 sic
1709 3771 1943 3840 Aposto-

358 3870 442 3925 lus
465 3865 700 3938 loquitur
725 3886 738 3921 :
766 3865 845 3920 De
867 3865 1114 3920 charitate
1138 3873 1306 3918 autem
1336 3863 1668 3935 fraternitatis
1692 3880 1790 3917 non
1817 3879 1945 3934 Opus

359 3961 552 4016 habetis
573 3959 708 4014 vobis
735 3958 886 4013 scribi
908 3973 927 4022 ;
954 3974 1071 4010 nam
1097 3957 1197 4026 ipsi
1216 3974 1300 4011 vos
1325 3973 1356 4009 a
1381 3956 1489 4009 Deo
1512 3956 1758 4010 didicistis
1784 3966 1837 4010 ut
1867 3957 1946 4010 di-

359 4055 527 4126 ligatis
547 4053 774 4107 invicem.
800 4052 972 4120 Atque
1000 4060 1056 4103 ιιι
1085 4049 1336 4118 probaret
1359 4063 1454 4104 eos
1480 4064 1510 4102 a
1541 4049 1650 4104 Deo
1673 4049 1942 4113 didicis-e,

357 4145 629 4216 subjunxit
660 4161 672 4196 :
706 4141 908 4196 Etenim
931 4141 1098 4212 facitis
1119 4141 1246 4195 illud
1268 4141 1318 4193 in
1339 4157 1510 4194 ontnes
1533 4142 1732 4212 fratres,
1756 4141 1806 4194 in
1827 4141 1944 4194 uni-

359 4253 500 4292 versa
536 4236 839 4291 Macedonia
880 4235 920 4306 (l
952 4233 1126 4287 Thess.
1161 4249 1248 4298 tv,
1279 4235 1347 4299 9,
1380 4233 1488 4306 i0).
1533 4235 1805 4304 Tanquam
1846 4235 1948 4290 hoc

359 4329 429 4384 sit
455 4329 810 4383 certissimum
833 4326 1089 4381 indicium
1117 4325 1259 4396 quod
1290 4342 1317 4377 a
1354 4327 1464 4380 Deo
1491 4325 1743 4381 didiceris
1769 4367 1783 4393 ,
1808 4327 1852 4382 si
1892 4326 1946 4381 id

358 4423 500 4492 quod
529 4421 781 4477 didiceris
812 4421 1022 4475 feceris.
1056 4419 1162 4473 Isto
1191 4419 1349 4473 modo
1390 4428 1512 4474 sunt
1538 4435 1728 4475 omnes
1753 4434 1947 4475 secun-

360 4517 486 4570 dom
533 4515 864 4586 preposition
900 4512 1102 4577 vocati,
1144 4512 1282 4567 sicut
1320 4513 1574 4581 scriptum
1605 4521 1689 4568 est
1729 4513 1780 4566 in
1821 4513 1949 4566 Pro-

359 4608 557 4680 p'tetis,
585 4605 824 4660 docibilcs
846 4603 940 4658 Dei
972 4601 1124 4674 (Isai.
1154 4619 1258 4666 Ltv,
1291 4603 1390 4668 15;
1419 4602 1577 4656 Joan.
1602 4619 1675 4667 v1,
1707 4603 1821 4672 45).
1845 4604 1946 4669 Qui

359 4707 536 4752 autem
567 4697 714 4751 novit
733 4695 947 4766 quidem
976 4696 996 4726 ’
1029 4693 1171 4764 qttod
1205 4694 1318 4748 ﬁeri
1346 4692 1561 4760 delicat,
1591 4703 1646 4747 et
1672 4709 1776 4748 non
1803 4693 1947 4762 facit,

361 4789 599 4844 nondum
629 4803 658 4842 a
693 4788 800 4842 Deo
827 4787 1012 4842 didicit
1037 4787 1328 4842 secundum
1357 4787 1603 4857 gratiam,
1635 4788 1728 4843 sed
1755 4789 1973 4843 secun-'

361 4881 490 4936 dum
518 4880 687 4950 legem
715 4895 730 4944 ;
762 4892 866 4934 non
897 4878 1187 4934 secundum
1216 4879 1460 4949 spiritum
1487 4922 1501 4946 ,
1529 4879 1625 4935 sed
1656 4881 1948 4936 se0undum

365 4976 617 5029 litteram.
658 4968 910 5041 Quamvis
948 4971 1100 5026 multi
1127 5013 1141 5039 ,
1183 4972 1321 5041 quod
1351 4973 1576 5042 imperat
1618 4973 1699 5028 lex
1726 5015 1741 5041 ,
1774 4973 1952 5032 facere

361 5067 642 5121 videantur
681 5065 870 5119 timore
901 5079 1074 5134 pinna:
1099 5107 1112 5130 ,
1147 5081 1251 5117 non
1279 5078 1462 5119 amore
1496 5063 1718 5134 justilizc
1749 5083 1762 5119 :
1791 5081 1948 5137 quam

364 5158 493 5212 dicit
542 5156 829 5226 Apostolus
873 5155 1132 5225 justitiam
1179 5170 1328 5209 suam
1379 5171 1498 5226 quae
1549 5172 1614 5212 ex
1663 5157 1780 5227 Icgc
1823 5167 1946 5224 est;

363 5259 612 5320 tanquam
640 5248 711 5302 sit
743 5247 1004 5318 imperata
1026 5289 1040 5316 ,
1073 5263 1177 5302 non
1218 5247 1360 5302 data.
1387 5247 1442 5302 Si
1472 5257 1647 5303 autem
1679 5248 1800 5304 data
1827 5259 1909 5303 est
1931 5293 1946 5317 ,

364 5357 468 5395 nor.
495 5339 690 5396 dicitur
713 5339 920 5410 justitia
947 5348 1152 5404 nostra,
1194 5338 1290 5394 sed
1335 5339 1426 5394 Dei
1461 5357 1474 5392 :
1507 5341 1628 5410 quia
1659 5341 1736 5396 sic
1766 5343 1824 5396 lit
1850 5358 1948 5395 no-

321 5463 328 5470 -
379 5455 452 5487 .::.
483 5476 496 5498 ,
528 5441 588 5486 ut.
607 5433 675 5487 sit
705 5431 861 5487 nobis
887 5447 953 5486 ex
985 5431 1112 5487 Deo.
1149 5431 1288 5486 Dicit
1313 5431 1458 5486 enim
1489 5449 1500 5484 :
1536 5431 1604 5486 Ut
1633 5433 1858 5486 inveniar
1897 5433 1950 5486 in

413 5571 418 5575 ’
474 5579 568 5614 μνη.
605 5571 678 5613 Er.
715 5571 848 5635 ιλονε,
873 5564 1430 5635 quandqyxtolleretur.
1456 5571 1587 5628 Mss,
1637 5566 1750 5631 quin
1795 5569 1948 5619 extol-

467 5648 470 5652 ί
504 5640 582 5684 :~';
614 5639 722 5688 pro,
749 5626 828 5676 cui
850 5626 908 5676 nc
939 5626 1270 5678 attolleretur.

515 5689 606 5746 ixud
631 5695 758 5752 ιω),
785 5687 902 5752 quid
923 5692 1154 5752 estquod.

492 5729 544 5788 .’>
566 5725 1172 5819 βῖκοιλὶᾶἕυιινιῖιιῖἶιίίῖριιὲξι
1192 5788 1204 5804 ,
1248 5764 1331 5819 qui
1344 5749 1696 5819 incretttetttuttt
1718 5751 1948 5804 submini-

473 5855 499 5876 .,
534 5813 640 5863 "ide
666 5810 900 5876 metuent.
931 5814 1111 5872 critica,
1139 5810 1298 5875 pagfl
1317 5813 1384 5862 i8.

1585 341 1644 396 S.
1686 338 2051 396 AUGUSTINI
2095 336 2398 394 EPISCOPI

3527 341 3635 396 568

2041 458 2132 511 illo
2158 476 2256 511 non
2283 457 2469 513 habens
2504 475 2662 512 meam
2683 459 2978 531 justitiam,
3009 475 3121 530 qua:
3157 476 3220 513 ea:
3260 461 3366 532 lege
3395 471 3468 515 est
3491 503 3508 530 ,
3537 463 3629 517 sed

2041 567 2153 604 eam
2189 567 2303 621 qua:
2331 567 2392 605 ea:
2419 552 2521 619 [ide
2545 563 2618 605 est
2641 551 2764 606 Iesu
2790 593 2807 618 ,
2839 553 3094 622 justitiam
3118 568 3179 606 ea:
3208 552 3314 606 Deo
3359 552 3628 625 (Philipp.

2042 659 2120 710 ιιι,
2148 643 2226 715 9).
2255 644 2482 698 Tantum
2507 645 2662 714 igitur
2687 645 2826 700 inter
2853 647 3022 716 legem
3041 645 3202 699 distat
3226 655 3280 699 et
3298 647 3544 716 gratiam,
3569 656 3628 702 ut

2040 750 2160 789 cum
2203 736 2284 790 lex
2315 751 2436 790 esse
2479 753 2584 790 non
2623 736 2892 792 dubitetur
2921 754 2984 792 ex
3018 738 3125 792 Deo
3150 779 3164 802 ,
3204 737 3407 805 justitia
3448 747 3628 794 tamen

2040 841 2159 896 qum
2187 841 2252 881 ex
2286 827 2401 897 lege
2426 836 2529 894 est,
2558 844 2661 882 non
2688 828 2757 882 sit
2781 845 2846 882 ex
2875 828 3018 894 Deo;
3045 828 3140 884 sed
3161 828 3362 899 justilia
3388 846 3507 902 qua:
3533 847 3632 900 per

2039 919 2262 989 gratiam
2291 931 2727 989 consummatur,
2756 938 2819 976 ex
2858 923 2985 978 Deo.
3017 923 3150 989 Quia
3181 940 3249 979 ex
3282 925 3397 996 lege
3421 926 3626 996 justitia

2040 1009 2254 1078 dicitur,
2297 1029 2415 1081 qua:
2443 1012 2500 1067 ﬁt
2533 1024 2748 1083 propter
2778 1013 2908 1084 legis
2947 1014 3286 1069 maledictum
3320 1017 3336 1048 ί
3372 1034 3385 1070 :
3422 1016 3629 1086 just.ti.t

2041 1118 2106 1156 cx
2140 1104 2247 1157 Deo
2273 1104 2484 1171 dicitur,
2523 1120 2641 1174 qua:
2667 1105 2825 1159 datur
2854 1121 2949 1175 per
2971 1107 3155 1177 gratia:
3180 1107 3494 1162 beneﬁcium
3523 1126 3537 1174 ;
3573 1119 3632 1161 ut

2045 1209 2148 1247 non
2176 1196 2242 1249 sit
2274 1196 2511 1250 terribile
2535 1239 2550 1262 ,
2584 1197 2677 1252 sed
2705 1213 2869 1254 suave
2897 1198 3226 1266 mandatum,
3268 1201 3406 1256 sicut
3443 1212 3633 1256 oratur

2043 1286 2094 1340 in
2124 1287 2359 1354 Psalmo,
2398 1288 2583 1344 Suavis
2605 1306 2677 1352 es,
2706 1290 2941 1355 Domine,
2973 1303 3017 1346 et
3043 1294 3097 1345 in
3123 1301 3209 1344 tua
3233 1294 3479 1348 suavitate
3507 1294 3634 1347 doce

2041 1393 2120 1430 me
2138 1380 2392 1450 justitiam
2420 1389 2560 1433 tuam
2589 1379 2760 1455 (Psal.
2790 1398 2948 1437 cxvttt
2972 1425 2987 1449 ,
3019 1383 3114 1454 68)
3147 1401 3162 1436 :
3193 1384 3244 1438 id
3283 1393 3365 1438 est
3388 1426 3402 1452 ,
3437 1394 3493 1439 ut
3521 1403 3632 1440 tmn

2044 1468 2326 1525 formidine
2368 1487 2538 1541 pinna:
2564 1475 2830 1528 serviliter
2866 1491 3028 1546 cogar
3055 1491 3175 1532 esse
3201 1477 3303 1531 sub
3331 1478 3445 1548 lege
3470 1519 3484 1542 ,
3534 1479 3633 1532 sed

2045 1560 2210 1615 libera
2237 1566 2498 1618 charitate
2538 1564 2773 1620 delecter
2797 1582 2916 1621 esse
2961 1584 3084 1621 cum
3118 1569 3251 1638 lege.
3297 1569 3630 1640 Pratecptntn

2043 1652 2240 1721 quippe
2283 1653 2417 1707 liber
2463 1654 2605 1720 facit,
2652 1657 2740 1726 qui
2791 1658 2963 1712 libens
3016 1657 3157 1713 facit.
3207 1660 3275 1714 Et
3328 1661 3427 1715 ltoc
3471 1662 3636 1717 modo

2044 1743 2285 1814 quisquis
2323 1745 2518 1815 discit,
2559 1749 2665 1818 agit
2695 1749 2914 1804 omnino
2951 1751 3207 1822 quidquid
3246 1753 3508 1823 agendum
3548 1755 3638 1809 di—

2045 1834 2254 1891 dicerit.
2971 1839 2978 1844 ”

2115 1923 2340 1983 CAPUT
2379 1927 2516 1984 XIV.
2549 1961 2618 1971 —
2649 1932 2734 1987 15.
2766 1932 2845 1988 De
2887 1933 2988 1989 isto
3016 1933 3244 1990 docendi
3282 1935 3440 1990 modo
3466 1937 3637 1992 etiam

2049 2014 2303 2072 Dominus
2328 2020 2434 2087 ait,
2480 2020 2657 2076 Omnis
2685 2023 2771 2096 qui
2798 2024 2991 2078 audivit
3017 2041 3050 2078 a
3082 2023 3238 2080 Patre
3264 2043 3372 2081 meo
3403 2037 3450 2082 et
3490 2029 3638 2081 didi-

2047 2107 2133 2173 cit,
2163 2110 2293 2162 venit
2314 2110 2381 2164 ad
2403 2127 2483 2164 me
2509 2110 2686 2184 (Joan.
2718 2129 2792 2181 vt,
2822 2115 2934 2184 45).
2962 2114 3062 2182 Qui
3091 2131 3219 2187 ergo
3249 2133 3353 2172 non
3384 2119 3588 2173 venerit
3613 2158 3639 2184 ,

2047 2215 2152 2254 non
2183 2200 2250 2256 de
2280 2202 2368 2256 illo
2397 2212 2542 2259 tecte
2576 2204 2770 2259 dicitur
2792 2250 2806 2271 ,
2849 2207 3063 2262 Audivit
3101 2208 3318 2279 quidem
3357 2219 3411 2264 et
3445 2212 3638 2265 didicit

2046 2291 2148 2346 sibi
2178 2307 2298 2348 esse
2328 2294 2646 2350 veniendum
2668 2338 2683 2363 ,
2727 2297 2820 2352 sed
2854 2297 3030 2354 facere
3059 2315 3164 2354 nou
3191 2302 3302 2354 vult
3327 2301 3466 2372 quod
3491 2303 3580 2356 did
3592 2303 3640 2354 i-

2046 2384 2136 2438 cit.
2175 2383 2405 2440 Prorsus
2434 2403 2538 2442 non
2571 2397 2715 2444 recte
2741 2389 2938 2444 dicitur
2957 2392 3024 2446 de
3055 2393 3156 2446 isto
3182 2392 3407 2448 docendi
3450 2395 3636 2458 modo,

2047 2490 2152 2545 quo
2182 2491 2276 2545 per
2309 2479 2531 2547 gratiam
2559 2479 2718 2534 docet
2761 2481 2918 2535 Deus.
2956 2482 3010 2536 Si
3050 2485 3222 2550 enim,
3249 2485 3385 2540 sicut
3427 2485 3641 2542 Veritas

2047 2565 2319 2639 loquitur,
2361 2567 2536 2624 Omnis
2575 2571 2661 2641 qui
2697 2571 2907 2640 didicit,
2937 2575 3067 2628 venit
3091 2590 3110 2638 ;
3136 2576 3374 2644 quisquis
3412 2594 3514 2632 non
3545 2595 3641 2634 ve-

2047 2660 2126 2714 nit
2149 2701 2162 2724 ,
2208 2661 2444 2731 profecto
2476 2678 2574 2719 nec
2605 2664 2808 2718 didicit.
2848 2666 2978 2734 Quis
3016 2677 3192 2722 autem
3230 2684 3333 2723 non
3380 2671 3550 2725 videat
3578 2681 3644 2726 et

2046 2753 2231 2810 venire
2254 2770 2574 2824 quemquam
2614 2764 2670 2810 et
2707 2773 2812 2811 non
2848 2759 3030 2814 venire
3059 2759 3280 2815 arbitrio
3307 2761 3592 2817 voluntatis
3614 2765 3640 2818 ’ἒ

2046 2843 2151 2900 Sed
2180 2842 2282 2899 hoc
2305 2846 2582 2900 arbitrium
2612 2857 2785 2916 potest
2821 2863 2942 2904 esse
2972 2850 3144 2904 solum
3171 2893 3186 2916 ,
3217 2853 3262 2907 si
3292 2869 3395 2907 non
3436 2856 3581 2910 venit
3615 2873 3629 2908 :

2045 2951 2152 2991 non
2177 2945 2353 2992 autem
2385 2947 2561 3008 potest
2601 2938 2701 2992 nisi
2732 2939 2970 3010 adjutum
2997 2954 3141 3008 esse,
3170 2943 3214 2996 si
3242 2944 3418 3009 venit;
3460 2955 3510 3000 et
3551 2948 3637 3001 sic

2045 3027 2306 3098 adjutum,
2337 3038 2393 3082 ut
2422 3044 2527 3084 non
2564 3029 2736 3085 solum
2767 3031 2892 3102 quid
2919 3031 3217 3089 faciendum
3244 3035 3313 3090 sit
3347 3038 3498 3102 sciat,
3537 3041 3638 3092 scd

2045 3119 2186 3190 quod
2213 3121 2393 3176 scierit
2431 3121 2591 3178 etiam
2621 3122 2798 3178 faciat.
2840 3127 2916 3180 Ac
2944 3141 3037 3195 per
3064 3126 3166 3182 hoc
3191 3169 3206 3194 ,
3241 3129 3452 3199 quando
3494 3132 3642 3184 Deus

2046 3210 2202 3266 docet
2223 3251 2240 3279 ,
2272 3227 2378 3266 non
2407 3228 2502 3282 per
2527 3213 2661 3284 legis
2687 3200 2921 3270 littei'am
2941 3258 2954 3281 ,
2988 3216 3080 3271 sed
3121 3233 3218 3288 per
3243 3220 3472 3288 Spiritus
3510 3239 3644 3292 gaa-

2047 3305 2202 3369 tiam;
2233 3305 2300 3358 ita
2330 3305 2523 3370 docet,
2564 3316 2622 3362 ut
2647 3307 2787 3377 quod
2826 3311 3051 3380 quisque
3081 3303 3345 3377 didicerit,
3387 3330 3488 3368 non
3519 3325 3643 3370 tan-

2048 3404 2158 3450 tum
2185 3396 2557 3465 cognoscendo
2587 3397 2782 3461 videat,
2807 3399 2899 3452 sed
2932 3401 3090 3454 etiam
3125 3402 3350 3457 volcndo
3373 3415 3584 3473 appetat
3619 3447 3640 3470 ,

2045 3487 2358 3557 agendoque
2406 3487 2666 3557 perﬁciat.
2720 3489 2787 3545 Et
2835 3490 2935 3544 isto
2978 3491 3158 3545 divino
3201 3492 3425 3548 docendi
3474 3496 3644 3550 modo

2047 3579 2205 3634 etiam
2235 3579 2344 3649 ipsa
2374 3579 2617 3634 voluntas
2643 3591 2696 3635 et
2729 3581 2839 3651 ipsa
2861 3585 3119 3652 operatio,
3150 3601 3253 3640 non
3283 3585 3394 3640 sola
3422 3588 3644 3644 volcudi

2047 3682 2101 3727 et
2130 3671 2386 3742 eperandi
2413 3672 2673 3728 naturalis
2704 3675 3028 3744 possibilitas
3059 3677 3361 3746 adjuvatur.
3403 3677 3459 3734 Si
3489 3681 3642 3735 enim

2048 3764 2220 3818 Solum
2254 3778 2408 3832 posse
2436 3773 2675 3818 nostrum
2702 3765 2797 3819 hac
2819 3767 2984 3836 gratia
3006 3767 3304 3835 juvaretur,
3336 3769 3406 3824 ita
3433 3770 3648 3825 diceret

2051 3854 2306 3910 Dominus
2337 3873 2349 3908 :
2383 3855 2568 3910 Omnis
2596 3857 2683 3927 qui
2715 3858 2913 3913 audivit
2956 3874 2983 3911 a
3019 3859 3172 3913 Patre
3205 3870 3259 3914 et
3286 3859 3502 3926 didicit,
3537 3877 3643 3930 po-

2051 3955 2155 4000 test
2181 3949 2362 4002 venire
2392 3947 2456 4001 ad
2491 3964 2592 4001 me.
2628 3948 2740 4002 Non
2767 3959 2943 4002 autem
2985 3951 3051 4002 ita
3088 3950 3222 4005 dixit
3253 3970 3266 4005 :
3296 3951 3387 4006 sed
3410 3993 3424 4015 ,
3457 3951 3646 4006 Omnis

2051 4040 2136 4109 qui
2159 4039 2371 4106 audivit,
2403 4040 2590 4110 inquit,
2623 4058 2655 4093 a
2687 4039 2842 4094 Patre
2861 4051 2905 4093 et
2931 4042 3129 4106 didicit,
3153 4045 3281 4096 venit
3309 4045 3378 4096 ad
3407 4061 3502 4097 me.
3532 4043 3645 4098 Vc-

2052 4131 2170 4186 nire
2199 4147 2354 4200 posse
2393 4131 2446 4185 in
2490 4142 2677 4185 natura
2723 4133 2869 4202 ponit
2898 4133 3171 4203 Pelagius,
3218 4135 3295 4188 vel
3335 4139 3493 4189 etiam
3520 4175 3538 4198 ,
3581 4147 3650 4188 ut.

2054 4223 2214 4279 modo
2241 4224 2421 4279 dicere
2446 4225 2636 4294 C(Bpil,
2667 4225 2717 4278 in
2749 4225 2935 4294 gratia,
2977 4225 3322 4296 qualetnlibet
3348 4243 3466 4280 eam
3510 4242 3604 4280 seu
3623 4255 3645 4267 -

2053 4315 2169 4380 tiat,
2200 4332 2219 4366 ι
2248 4330 2348 4386 qua
2374 4315 2507 4383 ipsa,
2538 4334 2555 4367 ι
2593 4325 2650 4368 ιιι
2674 4315 2822 4381 dicit,
2859 4334 2877 4367 ι
2918 4315 3242 4385 possibilitas
3263 4316 3576 4386 adjuvatur:
3617 4337 3642 4368 ι

2054 4409 2236 4462 venire
2261 4416 2436 4462 autem
2464 4407 2574 4476 jam
2605 4408 2658 4461 in
2688 4408 2959 4464 voluntate
2986 4419 3037 4464 et
3067 4424 3230 4479 opere
3267 4417 3367 4463 est.
3407 4409 3518 4464 Non
3553 4419 3650 4464 est

2054 4509 2228 4553 autem
2256 4514 2591 4569 consequens
2622 4509 2677 4552 ut
2704 4500 2790 4569 qui
2823 4509 2996 4569 potest
3023 4502 3221 4564 venire,
3253 4502 3411 4556 etiam
3440 4503 3645 4569 veniat,

2058 4591 2155 4645 nisi
2181 4591 2231 4645 id
2262 4590 2490 4646 voluerit
2515 4599 2674 4661 atque
2701 4590 2902 4646 fecerit.
2933 4592 3038 4648 Sed
3065 4593 3238 4648 omnis
3261 4595 3347 4663 qui
3395 4595 3575 4649 didicit
3610 4612 3648 4648 ει

2057 4681 2244 4746 Patre,
2276 4698 2378 4736 non
2407 4682 2579 4736 solum
2610 4691 2784 4752 polcst
2812 4683 2994 4738 venire
3016 4725 3028 4748 ,
3062 4685 3154 4739 sed
3187 4686 3332 4739 venit
3362 4704 3374 4738 :
3409 4685 3494 4741 ubi
3527 4686 3650 4753 jam

2057 4782 2110 4828 et
2140 4774 2508 4844 possibilitatis
2542 4774 2810 4846 profectus
2833 4819 2847 4841 ,
2877 4785 2931 4831 ct
2971 4776 3254 4832 voluntatis
3291 4778 3513 4832 allectus
3537 4819 3551 4846 ,
3587 4791 3651 4834 et

2057 4865 2278 4920 actionis
2309 4866 2525 4921 effectus
2556 4876 2656 4922 est.

2129 4959 2352 5015 CAPUT
2393 4959 2508 5016 XV.
2549 4990 2622 5001 —
2653 4960 2739 5016 16.
2773 4959 2913 5028 Quid
2956 4961 3056 5016 sibi
3093 4977 3220 5032 ergo
3246 4962 3432 5018 volunt
3455 4978 3650 5019 exem-

2058 5051 2163 5122 pla,
2198 5051 2295 5105 nisi
2323 5051 2446 5120 quia
2473 5067 2658 5107 revera
2692 5051 2846 5106 nobis
2875 5052 2990 5122 ejus
3016 5066 3231 5108 sensum
3257 5051 3513 5119 fecerunt,
3537 5053 3653 5107 sic-

2060 5154 2115 5199 ut
2144 5144 2408 5214 pollicitus
2441 5153 2523 5200 est
2543 5187 2559 5209 ,
2585 5145 2904 5210 clariorem;
2933 5159 3038 5198 non
3066 5154 3116 5199 ut
3141 5159 3204 5200 ea
3223 5146 3424 5200 sentire
3447 5144 3652 5199 debea-

2059 5254 2175 5291 mus
2195 5278 2210 5302 ,
2242 5237 2333 5291 sed
2374 5247 2434 5292 ut
2470 5237 2520 5291 id
2548 5237 2688 5308 quod
2730 5237 2843 5306 ipse
2869 5237 3076 5302 sensit,
3119 5237 3453 5292 manifestius
3486 5253 3654 5307 apcr-

2059 5329 2267 5398 tiusque
2295 5330 2616 5383 noscamus?
2645 5347 2663 5380 ι
2699 5328 2848 5398 Quod
2876 5343 3193 5398 possumus,
3231 5349 3250 5382 ι
3284 5330 3472 5399 inquit,
3508 5349 3525 5380 ι
3561 5330 3652 5382 vi-

2057 5421 2188 5476 dere
2217 5420 2416 5484 oculis,
2457 5431 2700 5474 nostrum
2739 5433 2842 5474 non
2871 5430 2952 5474 est
2987 5437 3000 5474 :
3031 5419 3172 5489 quod
3212 5435 3340 5474 vero
3381 5421 3512 5474 bene
3553 5431 3654 5474 aut

2059 5515 2200 5570 male
2240 5513 2517 5593 videmus,
2565 5512 2665 5567 ltoc
2705 5523 2946 5568 nostrum
2986 5521 3087 5568 est.
3128 5531 3148 5566 s
3180 5511 3521 5582 Respondeat
3566 5512 3650 5566 illi

2121 5629 2137 5661 ι
2162 5634 2209 5676 ιιι
2236 5626 2394 5684 editis,
2415 5623 2534 5687 legis
2555 5624 2852 5687 mandatum.
2867 5624 3037 5687 _Aptius
3057 5623 3116 5687 ad
3137 5623 3418 5676 antithesim
3438 5622 3488 5672 in
3512 5630 3650 5687 sise...

2055 5683 2406 5758 Cygirattuensi
2435 5683 2486 5737 et
2516 5687 2747 5758 (malum,
2784 5683 3246 5758 legis'matedictum
3274 5699 3292 5758 _:
3329 5683 3651 5758 quoqscillcet

2059 5745 2409 5865 Ei'ivaricawri
2446 5749 2620 5800 malum
2657 5745 2990 5810 denuntiatur,
3017 5749 3079 5799 ita
3099 5748 3152 5799 ul
3187 5749 3248 5798 sit
3271 5745 3492 5798 terribile
3511 5758 3652 5796 tuan-

2093 5823 2240 5866 atun.
