3996 6490
285 415 392 474 3‘39

287 531 530 586 Psalmus
550 573 564 598 ,
596 547 666 586 ι...
727 549 832 588 ..υο
857 531 1050 590 dicitur
1074 577 1086 598 ,
1117 535 1290 589 Averte
1323 535 1494 590 oculos
1525 555 1687 605 meos,
1719 555 1780 592 ne
1804 538 1880 592 ei-

285 625 438 680 dcant
461 624 743 679 mutatam
767 623 941 697 (Paul.
970 641 1156 691 cxvnt,
1189 627 1299 696 57).
1330 628 1480 695 Quod
1512 637 1564 683 et
1591 631 1634 684 si
1666 629 1731 684 dc
1755 645 1884 684 ocu-

285 717 351 772 lis
375 717 572 772 mentis
591 715 797 774 dictum
823 725 922 784 est,
947 717 1070 774 inde
1091 720 1270 790 utique
1293 721 1530 790 procedit
1553 723 1603 776 iu
1635 723 1730 778 hos
1755 737 1882 778 ocu-

287 812 368 868 los
390 811 570 866 caruis
589 855 604 878 ,
639 813 722 866 vel
755 813 891 868 bene
919 812 1096 868 videre
1115 853 1131 880 ,
1159 813 1240 868 vel
1271 814 1410 870 male
1440 833 1453 869 :
1487 831 1590 870 non
1621 815 1882 887 quemad-

287 903 504 956 modum
535 903 793 958 dicuntur
825 903 958 958 bene
985 903 1166 958 videre
1204 905 1349 960 sanis
1378 907 1547 960 oculis
1579 905 1844 962 intuentes
1863 948 1878 974 ,

283 1005 340 1048 et
368 995 507 1048 male
531 1034 548 1061 ,
581 993 899 1064 lippientes;
944 993 1040 1049 sed
1069 993 1204 1050 bene
1233 995 1414 1052 videre
1451 997 1516 1050 ad
1560 997 1883 1054 subvenien-

281 1085 433 1150 dum,
465 1084 610 1138 male
637 1085 820 1140 videre
845 1085 912 1138 ad
937 1085 1441 1154 concupiscendum.
1465 1085 1719 1157 Quamvis
1739 1090 1878 1144 enim

283 1191 378 1245 per
401 1175 506 1230 hos
533 1177 834 1232 exteriores
861 1175 1046 1232 oculos
1071 1177 1312 1233 videatur
1335 1188 1390 1234 et
1415 1194 1618 1249 pauper
1643 1181 1726 1235 cui
1754 1181 1884 1238 sub-

283 1269 517 1332 venitur,
547 1277 602 1324 et
627 1269 826 1324 mulier
848 1283 966 1339 quae
990 1269 1411 1340 concupiscitur;
1446 1282 1622 1327 tamen
1647 1287 1714 1328 ex
1739 1272 1880 1329 inte-

281 1358 515 1413 rinribus
540 1358 609 1412 ad
641 1359 781 1413 male
809 1360 888 1413 vel
916 1360 1052 1414 bene
1075 1359 1360 1415 videndum
1397 1361 1764 1418 misericordia
1795 1365 1878 1420 vel

285 1448 448 1502 libido
479 1449 744 1518 procedit.
789 1447 900 1506 Cur
939 1465 1070 1521 ergo
1107 1451 1302 1507 dicitur
1325 1453 1437 1508 Deo
1461 1495 1475 1521 ,
1507 1454 1686 1510 Arei-te
1709 1456 1880 1514 oculos

283 1555 418 1592 meo:
437 1580 453 1602 ,
487 1555 552 1592 ne
573 1539 780 1593 uideant
807 1541 1115 1596 vanitatem?
1139 1541 1250 1598 Cur
1281 1543 1476 1612 petitur
1503 1544 1642 1616 quod
1672 1545 1739 1602 ad
1779 1563 1877 1602 no-

283 1639 449 1683 stram
493 1631 730 1698 pertinet
767 1639 1079 1700 potestatem
1105 1673 1121 1698 ,
1153 1631 1200 1688 si
1235 1633 1376 1690 Deus
1407 1648 1510 1690 non
1538 1635 1752 1707 adjuvat
1781 1652 1878 1695 vo-

284 1721 542 1774 luntatem
563 1721 587 1774 ?

351 1810 582 1866 CAPUT
625 1811 768 1866 XVI.
815 1843 886 1852 —
931 1815 1016 1869 Π.
1065 1831 1084 1866 ι
1128 1813 1281 1884 Quod
1325 1817 1468 1889 loqui
1499 1833 1813 1892 possumus,
1854 1841 1872 1876 ι

285 1899 488 1968 inquit,
537 1920 558 1954 ι
607 1901 699 1956 Dei
732 1911 815 1956 cst
865 1919 880 1957 :
921 1904 1060 1974 quod
1089 1921 1214 1961 vero
1247 1907 1384 1963 bene
1419 1909 1504 1964 vel
1531 1909 1670 1967 male
1703 1912 1878 1983 loqui-

285 2005 430 2056 mur,
463 2001 704 2045 nostrum
731 2001 832 2048 est.
874 2013 894 2046 ι
927 1993 1042 2048 Non
1071 1995 1174 2052 hoc
1199 1997 1356 2054 docet
1387 1999 1505 2067 ille,
1534 2002 1622 2072 qui
1649 2003 1880 2074 loquitur

283 2081 440 2136 bene.
475 2081 600 2137 Non
628 2085 760 2137 enirn
793 2099 879 2140 vos
913 2087 1062 2154 estis,
1095 2087 1296 2160 inquit,
1331 2091 1445 2162 ἰιιιί
1471 2092 1880 2170 ιοᾳιιὶιιιὶιιὶίεεά

285 2172 512 2240 Spiritus
555 2171 726 2226 Patris
767 2175 918 2228 rastri
957 2177 1042 2245 qui
1077 2177 1298 2249 loquitur
1333 2181 1382 2234 in
1411 2181 1544 2236 vobis
1571 2181 1778 2254 (Matth.
1811 2203 1840 2240 χ
1861 2228 1876 2254 ,

281 2263 396 2334 ‘20).
433 2281 452 2314 ι
487 2263 556 2318 Ει
583 2273 642 2318 ut
663 2266 1001 2335 generaliter,
1041 2287 1060 2320 ι
1095 2269 1280 2340 inquit,
1310 2289 1328 2322 t
1365 2271 1611 2328 universa
1637 2275 1878 2347 comple-

283 2366 436 2420 ctar;
479 2357 624 2426 quod
671 2373 952 2427 possumus
993 2375 1154 2418 omne
1194 2363 1393 2419 bonum
1433 2365 1638 2436 facere,
1665 2368 1875 2436 dicere,

281 2449 518 2516 oogEutre
546 2489 560 2512 ,
609 2447 752 2503 illius
793 2457 876 2504 est
920 2452 1008 2520 qui
1055 2451 1156 2506 hoc
1197 2469 1352 2522 posse
1377 2455 1630 2527 donavit,
1657 2461 1746 2530 qui
1777 2460 1879 2519 hoc

283 2553 442 2606 posse
483 2537 720 2606 adjuvat.
755 2557 776 2592 ι
824 2539 962 2596 Ecce
1003 2543 1165 2598 etiam
1211 2543 1298 2600 hic
1331 2548 1658 2616 superiorem
1687 2554 1879 2625 repetit

285 2643 500 2684 sensum
525 2671 542 2696 ,
581 2630 726 2701 quod
769 2631 980 2687 illorum
1019 2635 1178 2690 trium
1203 2677 1218 2702 ,
1259 2638 1309 2693 id
1337 2648 1446 2710 est,
1477 2643 1875 2718 possibilitatis,

289 2722 608 2789 voluntatis,
649 2723 914 2798 actionis,
956 2727 1166 2788 nonnisi
1209 2736 1530 2804 possibilitas
1573 2739 1874 2812 adjuvatur.

289 2813 522 2888 Denique
549 2815 868 2890 adiungens,
897 2831 955 2878 ιιι
981 2823 1200 2895 impleat
1225 2831 1364 2898 quod
1397 2831 1656 2888 intendit:
1681 2855 1699 2887 ι
1723 2835 1876 2905 Quod

285 2925 412 2962 vero
441 2911 612 2978 bene,
645 2931 666 2965 ι
697 2913 903 2984 inquit,
935 2935 953 2967 ι
987 2919 1066 2974 vel
1098 2919 1304 2989 agimus
1325 2965 1338 2990 ,
1364 2925 1444 2978 vel
1475 2925 1762 2998 loquimur,
1795 2933 1876 2988 vel

283 3003 576 3073 cogitamus
604 3045 620 3071 ,
655 3015 896 3062 nostrum
927 3019 1028 3064 est.
1067 3029 1088 3063 ι
1120 3013 1324 3068 Oblitus
1354 3023 1436 3070 est
1463 3018 1604 3089 quod
1631 3025 1876 3092 superius

283 3093 430 3160 quasi
457 3103 772 3150 corr-exerat
791 3139 808 3162 ,
837 3097 923 3152 ubi
949 3113 1068 3154 cum
1095 3103 1350 3170 dixisset,
1391 3123 1410 3158 ι
1443 3107 1578 3179 Ergo
1605 3109 1656 3167 in
1683 3113 1874 3169 volun-

285 3194 390 3238 tate
415 3195 472 3238 et
497 3201 665 3256 opere
693 3187 835 3245 bono
864 3189 980 3246 laus
1001 3191 1230 3250 hominis
1248 3206 1371 3277 est;
1407 3218 1427 3252 ι
1459 3200 1699 3272 adjunxit
1717 3213 1876 3277 atque

280 3277 380 3344 ait,
415 3295 434 3329 ι
469 3278 580 3332 ἱιιιο
601 3289 658 3335 et
685 3279 950 3351 hominis,
981 3293 1033 3340 et
1063 3281 1182 3352 Dei,
1212 3273 1299 3360 qiti
1325 3289 1488 3360 ipsius
1515 3273 1806 3353 voluntatis
1821 3309 1876 3355 et

280 3371 457 3436 operis
483 3370 890 3438 possibilitatem
919 3374 1084 3430 dedit.
1116 3397 1136 3430 ο
1171 3379 1276 3434 Cur
1302 3382 1460 3438 etiam
1493 3385 1546 3440 in
1578 3385 1662 3442 his
1691 3405 1875 3445 exem-

283 3459 384 3525 piis
414 3459 515 3514 hoc
545 3475 652 3515 non
683 3463 993 3522 recordatus
1023 3477 1103 3523 est
1125 3510 1140 3534 ,
1172 3479 1230 3524 ut
1253 3473 1444 3528 saltem
1477 3475 1526 3530 in
1555 3493 1736 3533 eorum
1769 3481 1874 3538 line

279 3548 510 3616 diceret,
543 3551 698 3620 Quod
727 3569 1008 3624 possumus
1037 3575 1194 3616 omne
1223 3561 1419 3619 bonum
1449 3566 1643 3636 facere,
1673 3572 1870 3642 dicere,

278 3645 547 3712 rogitare,
591 3645 737 3702 illius
779 3657 860 3703 est
899 3652 988 3720 qui
1035 3651 1134 3708 hoc
1175 3669 1334 3724 posse
1371 3657 1620 3726 donavit,
1653 3663 1741 3734 qui
1773 3663 1872 3720 hoc

279 3748 436 3800 posse
475 3735 734 3804 adjuvat;
782 3740 926 3808 quod
968 3757 1093 3798 vero
1131 3743 1268 3800 bene
1297 3748 1378 3803 vel
1405 3751 1644 3820 agimus,
1680 3755 1762 3812 vel
1789 3756 1871 3810 lo-

275 3827 526 3894 quimur,
575 3829 657 3884 vel
702 3831 1032 3901 cogitamus,
1077 3843 1133 3890 et
1175 3849 1412 3894 nostrum
1451 3853 1567 3910 est,
1603 3853 1658 3902 et
1691 3847 1871 3904 illius?

275 3914 390 3968 Non
437 3917 542 3972 hoc
577 3918 712 3974 dixit
755 3939 769 3975 :
814 3921 939 3990 sed,
981 3925 1080 3980 nisi
1111 3925 1296 3994 fallor,
1325 3930 1509 3988 videor
1531 3935 1660 3991 mibi
1692 3939 1872 3997 videre

277 4005 402 4072 quid
437 4007 632 4062 timuit.

341 4098 576 4156 CAPUT
620 4101 779 4157 XVII.
809 4133 883 4146 --
921 4107 1006 4163 l8.
1050 4109 1183 4165 Cum
1227 4113 1370 4171 enim
1403 4119 1556 4174 vellet
1583 4123 1868 4182 ostendere

275 4205 442 4256 quare
487 4199 728 4247 nostrum
768 4195 837 4249 sit
871 4213 884 4249 :
927 4215 945 4249 ι
989 4199 1120 4268 Quia
1161 4201 1308 4271 haec,
1346 4224 1366 4260 ι
1398 4207 1600 4278 inquit,
1637 4229 1656 4263 t
1692 4217 1866 4270 omnia

277 4289 486 4334 vertere
523 4282 686 4337 etiam
731 4283 783 4338 in
827 4287 1025 4342 malum
1069 4305 1368 4360 possumus.
1413 4316 1432 4350 ι
1476 4299 1605 4356 Illud
1640 4317 1768 4374 ergo
1799 4308 1868 4360 ti-

275 4371 438 4436 muit,
481 4381 542 4427 ut
567 4389 674 4428 non
700 4374 935 4446 diceret,
968 4389 1022 4435 et
1051 4393 1290 4440 nostrum
1321 4397 1402 4442 est
1430 4398 1482 4443 et
1513 4391 1604 4446 Dei
1624 4435 1640 4458 ,
1673 4371 1740 4450 ne
1765 4397 1864 4452 sibi

273 4463 724 4534 reSponderelur,
756 4467 813 4523 Si
835 4471 976 4540 quod
1009 4472 1144 4530 bene
1169 4476 1376 4546 agimus
1399 4521 1412 4546 ,
1447 4479 1745 4554 loquimur,
1775 4502 1868 4543 co-

270 4555 501 4622 gitamus
520 4596 539 4624 ,
585 4557 708 4615 ideo
745 4569 829 4616 est
860 4573 914 4618 et
945 4577 1180 4622 nOstrum
1211 4580 1264 4624 ct
1291 4571 1418 4638 Dei,
1453 4575 1572 4644 quia
1601 4577 1688 4634 ille
1714 4581 1864 4636 nobis

271 4644 376 4700 hoc
417 4663 580 4718 posse
605 4651 862 4722 donavit;
891 4670 1020 4727 ergo
1048 4667 1102 4714 et
1129 4662 1268 4731 quod
1298 4665 1495 4720 malum
1521 4669 1754 4740 agimus,
1781 4679 1862 4730 Io-

269 4739 518 4806 quimur,
548 4745 846 4814 cogitamus
868 4789 883 4814 ,
911 4757 966 4803 et
995 4761 1234 4808 nostrum
1261 4765 1342 4811 est
1355 4765 1424 4812 ‘et
1451 4739 1572 4828 Dei,
1590 4763 1710 4834 quia
1733 4766 1862 4822 illud

271 4845 430 4898 posse
471 4834 539 4889 ad
583 4847 870 4910 utrumque
909 4841 1154 4914 donavit,
1194 4857 1353 4920 atque
1379 4853 1448 4908 ita
1473 4897 1486 4922 ,
1519 4857 1656 4926 quod
1684 4861 1858 4929 absit,

269 4925 724 4991 quemadmodum
751 4946 871 4986 cum
901 4933 1010 4990 Deo
1037 4935 1316 4995 laudamur
1337 4943 1386 4996 in
1416 4925 1665 5015 Operibus
1685 4925 1858 5020 bonis,

269 5013 346 5066 sic
385 5029 508 5069 cum
547 5017 640 5070 illo
681 5019 962 5089 eulpamur
1004 5025 1057 5079 in
1102 5029 1278 5084 malis.
1318 5013 1859 5112 Ptissibilitasquippe

271 5101 396 5169 illa,
445 5121 603 5174 quam
651 5107 827 5178 dedit,
875 5123 980 5168 tam
1026 5131 1123 5172 nos
1168 5119 1293 5175 facit
1331 5123 1466 5180 bona
1507 5143 1662 5197 posse
1683 5101 1855 5202 'qu-a'm

267 5193 406 5246 mala
417 5233 430 5246 .

335 5281 565 5384 CflPU'l‘
593 5287 784 5346 XVIII.
812 5323 886 5384 :—
908 5294 990 5350 l9.
1025 5297 1099 5352 De
1115 5314 1217 5370 qua
1240 5305 1593 5372 possibilitate
1615 5309 1856 5384 Pelagius

269 5371 320 5468 in
343 5375 480 5430 libro
503 5380 676 5448 primo
701 5397 800 5451 pro
821 5383 1014 5443 Libero
1033 5371 1267 5448 Arbitrio
1293 5395 1362 5450 ita
1391 5399 1623 5468 loquitur
1649 5421 1664 5458 :
1699 5423 1718 5458 ι
1742 5371 1854 5460 lla-

267 5463 453 5522 bemus
489 5479 702 5540 autem,
753 5493 774 5527 ι
821 5476 1021 5548 inquit,
1073 5499 1092 5533 ι
1143 5486 1543 5553 possibilitatem
1585 5495 1856 5568 utriusque

269 5559 436 5624 partis
463 5575 491 5612 a
523 5559 634 5618 Deo
663 5563 910 5632 insitam,
939 5571 1082 5626 velut
1103 5577 1384 5643 quamdam
1406 5621 1420 5648 ,
1454 5591 1510 5636 ut
1541 5583 1606 5637 ita
1637 5559 1808 5642 dicam
1837 5631 1850 5656 ,

265 5648 502 5704 radicem
539 5651 867 5712 fructiferam
894 5668 1052 5730 atque
1079 5662 1354 5724 fecundam
1377 5711 1392 5737 ,
1424 5689 1540 5740 qua!
1568 5691 1630 5728 ex
1661 5648 1850 5732 volun:

262 5761 744 5888 (ἐδίξξξὲἓιωεηείε
783 5777 886 5832 MS»
921 5769 1006 5837 qui
1038 5773 1270 5832 lactantia
1303 5779 1436 5846 bene,
1477 5793 1576 5839 Non
1619 5787 1746 5840 enim
1771 5803 1851 5844 eos

281 5855 302 5863 -
383 5857 400 5882 ,
571 5865 584 5878 ,

281 5855 400 5882 ποτ-ο,
421 5855 584 5882 "alii...

1463 423 1658 478 LIBER
1703 424 1788 480 DE
1829 423 2081 480 GlHTIA
2124 428 2428 488 ClllllSTL

3471 452 3576 508 370

1993 549 2097 597 tate
2143 543 2373 604 hominis
2415 549 2623 607 diversa
2662 553 2843 625 gignat
2871 567 2922 614 et
2947 560 3149 630 pariat,
3184 571 3234 620 et
3264 580 3384 636 quae
3409 570 3578 638 possit

1989 635 2054 690 ad
2097 639 2295 709 proprii
2343 641 2560 698 cultoris
2594 647 2868 704 arbitrium
2893 693 2908 719 ,
2935 653 3017 708 vel
3051 655 3220 710 nitere
3250 635 3379 713 flore
3407 635 3574 716 virtu-

1991 735 2098 780 tum
2121 770 2136 793 ,
2162 729 2239 782 vel
2267 732 2506 790 sentibus
2529 735 2745 794 horrere
2767 741 3032 799 vitiorum.
3065 763 3084 796 ι
3115 745 3212 802 Ubi
3236 764 3338 804 non
3364 751 3576 808 intuens

1987 820 2110 888 quid
2151 821 2429 894 loquatur,
2467 842 2624 884 uuam
2662 833 3008 906 eamdemque
3048 837 3276 895 radicem
3303 843 3578 900 constituit

1987 912 2245 970 bonorum
2290 925 2344 973 et
2379 919 2668 988 malorum,
2701 933 2882 981 contra
2912 931 3268 1002 evangelicam
3296 935 3572 992 veritatem

1985 1005 2388 1080 doctrinamque
2431 1017 2798 1084 apostolicam.
2837 1019 2967 1076 Nam
2997 1033 3051 1079 et
3079 1024 3332 1082 Dominus
3360 1043 3460 1085 nec
3487 1045 3576 1084 ar-

1983 1096 2168 1154 borem
2211 1101 2402 1158 bonam
2435 1104 2564 1162 dicit
2605 1123 2760 1178 posse
2801 1109 2976 1168 facere
3016 1115 3213 1173 fructus
3239 1119 3442 1188 malos,
3475 1137 3575 1178 nec

1985 1191 2176 1246 malam
2207 1193 2374 1253 bonos
2403 1198 2612 1268 (Matth.
2633 1219 2730 1272 vu,
2749 1202 2836 1276 I8)
2860 1224 2872 1260 :
2892 1209 3226 1278 etapostolus
3243 1211 3436 1268 Paulus
3453 1231 3576 1270 cum

1984 1281 2110 1339 dicit
2165 1287 2396 1344 radicem
2451 1293 2708 1350 malorum
2763 1299 3000 1354 omnium
3057 1316 3177 1358 esse
3229 1305 3572 1374 cupiditatem

1987 1373 2028 1446 (I
2059 1375 2191 1434 Tim.
2223 1397 2296 1450 VI,
2327 1383 2452 1454 t0),
2478 1385 2728 1442 admonet
2755 1389 2937 1462 utique
2965 1391 3183 1465 intelligi
3215 1373 3448 1453 radicem
3475 1396 3574 1452 bo-

1985 1487 2172 1528 norum
2219 1477 2454 1531 omnimn
2502 1479 2838 1536 cbaritatem.
2888 1483 3038 1542 Unde
3081 1487 3125 1542 si
3167 1487 3286 1544 duce
3319 1489 3574 1557 arbores,

1983 1563 2120 1620 bona
2161 1577 2215 1623 et
2253 1569 2388 1625 mala
2417 1612 2432 1638 ,
2473 1571 2580 1626 duo
2619 1583 2743 1628 sunt
2777 1573 3054 1645 homines,
3084 1577 3254 1636 bonus
3281 1589 3336 1637 et
3361 1583 3532 1638 malus
3553 1624 3570 1646 .

1983 1655 2110 1726 quid
2136 1665 2218 1712 est
2249 1658 2418 1714 bonus
2447 1659 2637 1730 homo,
2667 1665 2765 1719 nisi
2797 1666 3080 1724 voluntatis
3111 1669 3298 1738 bon-.e,
3330 1669 3432 1728 hoc
3449 1683 3535 1730 est
3555 1713 3572 1740 ,

1983 1746 2142 1802 arbor
2167 1747 2362 1804 radicis
2385 1750 2582 1807 home?
2609 1763 2662 1809 et
2687 1755 2812 1825 quid
2839 1766 2920 1812 est
2941 1759 3102 1814 homo
3122 1761 3292 1816 malus
3316 1803 3332 1830 ,
3359 1763 3458 1820 nisi
3482 1778 3578 1820 vo-

1983 1837 2200 1894 luntatis
2228 1841 2378 1896 mala:
2399 1883 2412 1906 ,
2443 1841 2546 1899 hoc
2572 1853 2654 1900 est
2672 1887 2687 1914 ,
2716 1847 2874 1902 arbor
2903 1849 3096 1906 radicis
3123 1851 3320 1908 malm?
3349 1853 3576 1912 [τι-παυς

1983 1941 2158 1986 autem
2207 1932 2391 1988 harum
2435 1935 2672 1992 radicum
2715 1949 2876 2010 atque
2919 1941 3205 2008 arborum,
3249 1942 3382 2002 facta
3413 1954 3572 2011 sunt,

1983 2021 2120 2078 dicta
2160 2033 2284 2079 sunt
2304 2065 2318 2092 ,
2359 2027 2583 2098 cogitata
2623 2039 2746 2084 sunt
2767 2072 2780 2094 ,
2813 2047 2932 2101 quae
2961 2031 3097 2088 bona
3125 2033 3192 2090 de
3223 2034 3360 2092 bona
3387 2038 3576 2094 voluno

1986 2124 2090 2168 tate
2121 2115 2446 2186 procedunt,
2478 2129 2530 2174 et
2561 2120 2695 2174 mala
2719 2122 2786 2178 de
2811 2125 2969 2180 mala.

2053 2207 2277 2264 CAPUT
2319 2207 2460 2264 XIX.
2503 2242 2576 2252 —
2617 2213 2705 2268 20.
2751 2213 2897 2270 Facit
2937 2225 3112 2272 autem
3143 2218 3303 2276 homo
3325 2220 3576 2280 arborem

1985 2299 2212 2368 bonam,
2256 2302 2469 2373 quando
2501 2305 2590 2360 Dei
2617 2307 2806 2377 accipit
2831 2309 3076 2380 gratiam.
3104 2309 3219 2368 Non
3249 2312 3398 2372 enim
3421 2327 3480 2374 se
3507 2329 3576 2376 es

1983 2393 2125 2446 man
2165 2393 2360 2449 bonum
2401 2411 2494 2466 per
2535 2413 2594 2453 se
2637 2399 2806 2470 ipsum
2843 2399 3005 2472 facit;
3048 2402 3144 2462 sed
3169 2419 3242 2464 .ett
3275 2405 3368 2468 illo
3394 2418 3448 2466 et
3479 2425 3575 2482 per

1983 2483 2131 2538 illum
2162 2495 2216 2540 et
2245 2487 2295 2541 in
2329 2487 2420 2546 illo
2445 2489 2534 2562 qui
2564 2507 2778 2566 semper
2801 2505 2886 2551 est
2913 2495 3086 2554 bonus
3119 2517 3134 2554 :
3161 2516 3262 2562 nec
3289 2509 3492 2560 tantum
3515 2513 3582 2578 ut

1981 2574 2140 2634 arbor
2153 2575 2222 2634 sit
2241 2575 2396 2648 bona,
2413 2582 2504 2638 sed
2521 2585 2680 2638 etiam
2704 2597 2758 2640 ut
2777 2583 2936 2643 faciat
2955 2587 3156 2646 fruetus
3175 2591 3363 2660 bonos,
3383 2593 3572 2652 eadem

1980 2671 2146 2740 gratia
2195 2675 2554 2730 necessarium
2597 2685 2679 2732 est
2719 2687 2778 2734 ut
2812 2679 3127 2750 adjuvetur,
3173 2683 3290 2740 sine
3318 2699 3420 2754 qua
3445 2685 3572 2742 boni

1981 2763 2178 2833 aliquid
2202 2764 2500 2822 facerenon
2525 2777 2716 2837 potest.
2749 2767 2766 2823 I
2773 2785 2866 2839 pse
2894 2773 3090 2844 quippe
3111 2773 3164 2830 in
3189 2773 3344 2831 bonis
3364 2775 3572 2832 arbori-

1981 2854 2080 2907 bus
2107 2865 2424 2925 cooperatur
2447 2855 2676 2916 fructum
2697 2901 2712 2926 ,
2743 2863 2832 2934 qui
2859 2873 2916 2918 ct
2938 2863 3230 2924 forinsecus
3255 2869 3390 2940 rigat
3412 2878 3574 2942 atque

1980 2946 2175 3000 excolit
2201 2962 2294 3018 per
2321 2949 2616 3018 quemlibet
2642 2953 2978 3022 ministrum,
3005 2967 3060 3012 et
3080 2973 3173 3028 per
3191 2972 3254 3014 se
3275 2959 3366 3016 dat
3386 2960 3574 3020 intrin-

1979 3055 2133 3098 secus
2169 3043 2556 3102 incrementum
2593 3045 2792 3117 (IlCor.
2837 3063 2924 3116 ιιι,
2953 3049 3036 3123 .7).
3085 3051 3276 3112 Malam
3317 3069 3444 3110 vero
3481 3071 3574 3110 ar-

1979 3133 2162 3192 borem
2211 3136 2372 3194 homo
2411 3137 2570 3202 iacit,
2611 3139 2824 3210 quando
2847 3155 2925 3198 se
2967 3145 3139 3215 ipsum
3177 3145 3374 3202 malum
3407 3144 3570 3214 facit,

1977 3227 2191 3298 quando
2233 3242 2262 3280 a
2302 3227 2444 3284 bono
2485 3229 2902 3288 incommutabili
2929 3233 3110 3292 deficit
3144 3235 3254 3292 :ab
3281 3252 3347 3294 eo
3373 3239 3572 3310 quippe

1979 3319 2215 3376 defectus
2255 3331 2338 3378 est
2363 3323 2512 3395 origo
2541 3325 2828 3382 voluntatis
2857 3329 3030 3384 malm.
3063 3328 3164 3397 Qui
3187 3329 3432 3389 defectus
3459 3349 3568 3391 non

1977 3413 2132 3468 aliam
2179 3423 2420 3472 naturam
2466 3417 2658 3471 malam
2705 3419 2876 3474 initiat
2915 3421 2930 3452 ί
2956 3461 2972 3488 ,
3005 3419 3099 3476 sed
3129 3437 3246 3476 eam
3279 3439 3400 3495 qua:
3427 3425 3568 3482 bona

1977 3503 2188 3560 condita
2231 3515 2314 3562 est
2352 3507 2518 3564 vitiat.
2559 3508 2756 3566 Sanato
2785 3521 2961 3568 autem
2990 3511 3116 3569 vitio
3139 3515 3340 3572 nullum
3367 3517 3568 3572 malum

1978 3610 2253 3664 remanet;
2294 3602 2416 3672 quia
2443 3603 2624 3658 vitium
2655 3613 2858 3661 natura:
2885 3607 3098 3678 quidem
3127 3608 3328 3674 inerat,
3357 3609 3454 3666 sed
3485 3611 3566 3670 vi-

1979 3691 2104 3746 tium
2135 3701 2319 3748 natura
2347 3710 2450 3750 non
2477 3705 2612 3752 erat.

2045 3785 2270 3842 CAPUT
2311 3785 2429 3842 XX.
2467 3821 2537 3830 —
2577 3791 2667 3848 21.
2711 3791 2804 3848 Illa
2838 3809 2964 3866 ergo
2991 3795 3344 3864 possibilitas,
3375 3813 3480 3854 non
3509 3809 3570 3855 ut

1975 3875 2076 3933 iste
2113 3877 2362 3948 opinatur
2385 3923 2398 3946 ,
2447 3898 2547 3938 una
2587 3883 2882 3956 eademque
2925 3887 3074 3942 radix
3107 3898 3190 3944 est
3223 3889 3484 3948 bonorum
3511 3902 3570 3948 et

1976 3969 2255 4026 malorum.
2303 3973 2457 4028 Aliud
2501 3985 2584 4030 est
2625 3977 2766 4032 enim
2810 3979 3040 4036 Charitas
3083 3981 3232 4038 radis
3260 3983 3518 4040 honor-um
3545 4027 3563 4052 ,

1973 4063 2114 4120 aliud
2157 4065 2416 4136 cupiditas
2459 4068 2608 4124 radix
2657 4071 2956 4138 malorum;
2999 4081 3312 4146 tantumque
3341 4077 3479 4134 inter
3505 4093 3566 4133 se

1973 4155 2260 4224 dilfcrunt,
2303 4166 2554 4228 quantum
2597 4160 2856 4217 virtus-et
2897 4163 3098 4218 vitium.
3145 4164 3248 4222 Sed
3295 4168 3448 4236 plane
3473 4169 3564 4223 illa

1975 4248 2300 4316 possibilitas
2328 4250 2602 4321 utriusque
2629 4253 2824 4308 radicis
2842 4263 2924 4308 est
2951 4271 3154 4325 capax;
3183 4259 3306 4328 quia
3335 4275 3442 4314 non
3467 4275 3562 4315 so-

1973 4337 2082 4393 lum
2132 4349 2306 4408 potest
2344 4339 2506 4394 homo
2545 4341 2742 4400 habere
2779 4343 3124 4413 charitatem,
3163 4363 3268 4418 qua
3301 4349 3384 4403 sit
3399 4349 3564 4404 arbor

1971 4431 2108 4484 bona
2133 4471 2149 4498 ,
2195 4431 2289 4486 sed
2340 4441 2516 4500 potest.
2555 4435 2714 4488 etiam
2756 4435 3130 4504 cupiditatem,
3171 4453 3274 4508 qua
3299 4439 3368 4494 sit
3397 4439 3563 4494 arbor

1971 4523 2128 4578 mala.
2178 4523 2288 4578 Sed
2327 4525 2588 4594 cupiditas
2625 4525 2853 4582 hominis
2887 4543 3008 4596 qua:
3037 4529 3218 4584 vitium
3244 4539 3354 4595 est,
3387 4529 3564 4586 homio

1971 4630 2090 4668 nem
2133 4615 2292 4671 habet
2327 4625 2636 4682 auctorem,
2683 4619 2762 4673 vel
2791 4618 3018 4675 hominis
3045 4619 3382 4690 deceptorem
3404 4663 3418 4688 ,
3451 4637 3558 4679 non

1969 4705 2202 4762 hominis
2234 4715 2551 4764 creatorem.
2592 4710 2706 4781 Ipsa
2735 4721 2818 4766 est
2839 4711 2980 4768 enim
3005 4715 3410 4786 concupiscentia
3438 4732 3558 4774 car-

1967 4801 2080 4868 nis,
2129 4811 2174 4855 ct
2220 4804 2624 4874 concupiscentia
2665 4805 2972 4872 oculorum,
3015 4817 3064 4862 et
3099 4807 3307 4864 ambitio
3343 4811 3520 4865 manli
3538 4851 3554 4878 ,

1965 4909 2078 4966 qua:
2117 4908 2218 4949 non
2259 4905 2333 4949 est
2375 4911 2438 4950 ea:
2477 4895 2666 4965 Patre,
2703 4898 2792 4953 sed
2817 4915 2880 4954 ca:
2906 4901 3092 4954 mundo
3117 4911 3192 4956 est
3221 4901 3262 4972 (ι
3289 4899 3448 4956 Joan.
3479 4917 3518 4957 ιι
3539 4945 3556 4969 ,

1969 4983 2098 5055 l6).
2165 4983 2296 5053 Quis
2354 4995 2530 5042 autem
2584 4989 2826 5058 nesciat,
2881 4991 3063 5046 mundi
3116 4992 3334 5049 nomine
3379 4994 3560 5050 solere

1963 5078 2235 5146 appellare
2303 5079 2629 5150 Scripturatn
2667 5121 2684 5148 ,
2761 5097 2792 5136 a
2861 5083 3054 5154 quibus
3133 5083 3402 5142 habitatur
3469 5085 3558 5142 hic

1965 5169 2235 5225 tnundus?

2034 5259 2260 5316 CAPUT
2285 5261 2426 5318 XXI.
2451 5293 2519 5304 --
2537 5263 2626 5318 22.
2651 5263 2892 5320 Cliti-itas
2914 5274 3088 5322 autem
3111 5281 3232 5337 qua
3251 5265 3417 5322 virtus
3437 5274 3552 5330 cst,

1962 5365 2027 5406 ex
2051 5351 2160 5408 Deo
2185 5353 2338 5408 nobis
2365 5365 2447 5410 est
2467 5395 2480 5418 ,
2515 5373 2618 5412 non
2646 5373 2710 5412 ex
2739 5357 2922 5422 nobis,
2953 5357 3224 5428 Scriptura
3251 5366 3404 5423 teste,
3427 5371 3550 5426 qua

1961 5447 2122 5512 dicit,
2154 5449 2389 5504 Charitas
2416 5467 2477 5504 ea:
2501 5450 2612 5506 Deo
2635 5462 2742 5516 est;
2767 5461 2814 5506 et
2841 5454 3004 5507 omnis
3025 5455 3112 5520 qui
3131 5451 3326 5522 diligit,
3353 5465 3416 5504 ea:
3435 5449 3550 5505 Deo

1961 5549 2112 5594 natus
2155 5549 2262 5607 cst,
2303 5550 2350 5594 et
2387 5543 2616 5614 cognovit
2651 5541 2852 5612 Deum,
2897 5545 3016 5616 quia
3052 5541 3191 5597 Deus
3223 5542 3444 5597 altat-itas
3473 5549 3550 5596 ω

1962 5629 2070 5702 (1d.
2118 5647 2205 5697 tv,
2255 5633 2285 5684 7
2306 5675 2320 5698 ,
2353 5633 2428 5704 8).
2461 5634 2760 5690 Secundum
2792 5635 2944 5689 istam
2974 5634 3321 5699 charitatcm,
3351 5631 3546 5688 melius

1958 5721 2269 5792 intelligitur
2293 5721 2492 5778 dictum
2519 5743 2531 5778 :
2561 5725 2661 5792 Qui
2686 5734 2834 5780 natus
2858 5735 2930 5780 cst
2957 5739 3018 5778 ca:
3043 5723 3182 5792 Deo,
3211 5739 3312 5778 non
3337 5731 3544 5794 peccat;

2029 5855 2045 5887 ι
2068 5857 2315 5908 \‘aticauus
2333 5867 2436 5916 Ms,
2459 5855 2660 5908 mmtt'at.
