3996 6474
383 381 482 435 371

383 492 601 558 et,qnia
631 507 730 546 non
753 498 912 561 potest
941 505 1144 560 peccare
1167 486 1207 556 (l
1229 487 1364 538 Joan
1405 483 1713 556 tu,9).Quia
1737 483 1971 538 charitas

381 585 674 645 secundum
703 599 858 654 quam
888 590 1040 636 natus
1064 596 1131 635 ex
1164 581 1272 634 Deo
1300 588 1401 642 est,
1433 595 1534 632 non
1561 577 1663 646 agit
1683 593 1967 648 perperam,

386 692 480 730 nec
505 677 688 747 cogitat
716 674 904 728 malum
923 671 1096 746 (lCor.
1129 688 1222 726 xm
1243 713 1257 736 ,
1290 671 1324 726 4
1352 679 1398 724 et
1424 671 1504 740 5).
1533 667 1663 724 Cum
1694 685 1820 739 ergo
1846 683 1971 739 pec-

383 776 470 820 cat
510 766 670 820 homo
689 807 704 831 ,
730 780 834 818 non
861 762 1150 818 secundum
1176 762 1489 816 charitatem
1513 803 1528 828 ,
1561 760 1656 816 sed
1681 759 1970 816 secundum

382 857 720 926 cupiditatem
751 864 933 925 peccat
958 897 973 924 ,
1006 858 1295 910 semiudum
1324 870 1482 925 quam
1506 868 1609 907 ιιοιι
1632 862 1713 908 est
1734 859 1888 906 natus
1907 865 1972 906 ex

383 951 494 1004 Deo
525 966 540 1004 :
568 949 815 1019 quoniam
858 948 944 1002 illa
985 947 1304 1018 possibilitas
1327 988 1342 1014 ,
1376 954 1433 1000 ut
1459 946 1656 1000 dictum
1688 952 1808 1010 est,
1840 944 1973 998 utri-

383 1053 551 1110 usque
596 1037 789 1094 radicis
830 1049 914 1093 est
956 1053 1142 1107 capax.
1185 1035 1314 1092 Cum
1350 1052 1477 1108 ergo
1502 1035 1642 1090 dicat
1665 1035 1971 1104 Scriptura,

383 1128 620 1184 Charitas
643 1145 706 1182 ea:
730 1127 838 1182 Deo
859 1138 968 1192 est;
995 1128 1099 1196 vel,
1129 1128 1269 1198 quod
1297 1137 1379 1183 est
1407 1127 1657 1196 amplius,
1684 1124 1821 1179 Deus
1848 1124 1974 1178 cha-

378 1222 504 1276 ritas
535 1231 607 1276 est
629 1235 650 1286 ,'
673 1237 793 1276 cum
825 1221 1161 1290 apertissime
1187 1220 1382 1274 clamet
1403 1218 1637 1273 Joannes
1658 1216 1937 1288 apostolus
1955 1255 1972 1280 ,

383 1310 516 1366 Ecce
547 1313 746 1383 qualem
783 1313 1076 1367 charitatem
1104 1311 1242 1365 dedit
1270 1311 1410 1365 nobis
1448 1309 1602 1363 Pater
1624 1351 1640 1375 ,
1678 1318 1734 1362 ut
1757 1307 1855 1378 ﬁlii
1880 1307 1976 1362 Dei

380 1419 616 1457 uocentur
642 1411 689 1457 et
713 1404 872 1457 simus
907 1401 948 1473 (l
975 1402 1137 1456 Joan.
1163 1417 1254 1468 ιιι,
1288 1401 1340 1471 1)
1378 1419 1390 1455 :
1423 1401 1522 1456 iste
1549 1400 1806 1466 audiens,
1839 1398 1977 1454 Deus

382 1493 607 1548 charitas
646 1501 753 1558 est,
792 1507 959 1564 quare
999 1492 1175 1547 adhuc
1208 1507 1376 1562 usque
1410 1491 1716 1559 contendit,
1743 1490 1884 1560 quod
1909 1506 1974 1546 ex

381 1584 489 1639 illis
537 1584 705 1640 tribus
745 1584 1112 1640 tantummodo
1154 1584 1559 1654 possibilitatem
1592 1585 1884 1641 habeamus
1909 1599 1976 1640 ex

385 1677 532 1743 Deo,
584 1677 779 1732 bonam
829 1691 957 1732 vero
994 1678 1324 1732 voluntatem
1364 1677 1667 1748 bonamque
1711 1678 1977 1732 actionem

387 1766 680 1821 habeamus
701 1781 765 1820 ex
796 1765 991 1822 nobis?
1019 1766 1179 1836 Quasi
1211 1783 1336 1822 vero
1361 1767 1504 1822 aliud
1535 1768 1604 1822 sit
1630 1768 1766 1822 bona
1794 1766 1978 1822 volun-

387 1869 470 1914 tas
499 1875 656 1929 quam
686 1859 915 1914 charitas
934 1903 949 1926 ,
977 1875 1136 1931 quam
1163 1859 1434 1930 Scriptura
1462 1860 1616 1915 nobis
1639 1875 1759 1915 esse
1783 1859 1979 1916 clamat

383 1964 449 2003 ex
480 1949 623 2016 Deo,
645 1958 699 2005 et
722 1965 750 2002 a
780 1949 938 2005 Patre
966 1948 1142 2004 datam
1171 1959 1228 2004 ut
1249 1949 1340 2004 lilii
1365 1951 1483 2020 ejus
1503 1965 1762 2006 essemus.

461 2041 687 2097 CAPUT
718 2040 882 2096 XXII.
907 2071 981 2084 --⁵
1006 2041 1095 2097 25.
1130 2042 1237 2098 Sed
1268 2042 1436 2110 forte,
1469 2051 1528 2098 ut
1555 2042 1769 2098 daretur
1794 2041 1982 2114 nobis,

384 2134 742 2205 przrcedentia
791 2137 979 2191 merita
1029 2147 1210 2192 nostra
1258 2136 1501 2193 fecerunt
1545 2155 1559 2192 :
1605 2137 1743 2193 sicut
1781 2136 1883 2192 iste
1910 2135 1979 2192 de

384 2224 556 2295 gratia
601 2225 696 2282 Dei
738 2228 900 2281 sentit
927 2227 977 2281 in
1009 2241 1076 2282 eo
1107 2227 1242 2284 libro
1263 2269 1278 2294 ,
1311 2244 1469 2298 quem
1493 2227 1562 2284 ad
1588 2243 1795 2283 sacram
1821 2227 1980 2298 virgi-

383 2333 507 2373 nem
533 2317 744 2388 scripsit
772 2316 847 2392 (a)
863 2360 879 2386 ,
905 2319 1056 2389 cujus
1075 2319 1236 2375 etiam
1260 2320 1831 2376 commemorationem
1857 2319 1982 2374 fecit

385 2406 438 2460 in
465 2404 659 2463 litteris
679 2421 812 2478 quas
843 2408 1063 2463 Romam
1091 2409 1257 2464 misit.
1281 2408 1356 2464 Ibi
1385 2409 1528 2465 enim
1552 2409 1868 2479 interposito
1891 2407 1982 2464 Ja-

384 2499 504 2552 cobi
527 2498 752 2569 apostoli
778 2499 1086 2554 testimonio
1105 2541 1120 2568 ,
1150 2515 1258 2570 quo
1282 2499 1388 2567 ait,
1423 2499 1626 2555 Subditi
1653 2507 1806 2555 estote
1832 2499 1979 2565 Deo;

383 2589 600 2643 resistite
621 2597 788 2642 autem
815 2589 1017 2644 diabolo
1036 2631 1050 2656 ,
1079 2601 1126 2644 et
1153 2591 1311 2662 fugiet
1334 2607 1366 2644 a
1392 2591 1528 2645 vobis
1554 2591 1756 2663 (Jacobi
1775 2607 1860 2658 tv,
1885 2589 1975 2663 7);

385 2681 658 2752 subiungit
693 2689 748 2736 et
791 2681 952 2744 dicit,
995 2700 1015 2735 ι
1050 2680 1295 2738 Ostendit
1318 2681 1587 2753 quomodo
1612 2681 1861 2738 resistere
1883 2680 1982 2736 de-

387 2773 613 2829 beamus
632 2773 843 2829 diabolo
862 2814 876 2840 ,
906 2773 952 2828 si
979 2774 1158 2844 utique
1183 2774 1382 2829 subditi
1403 2775 1569 2829 simus
1592 2773 1736 2839 Deo,
1760 2773 1981 2843 ejusque

386 2866 632 2921 faciendo
673 2866 998 2922 voluntatem
1020 2909 1035 2934 ,
1063 2867 1293 2921 divinam
1325 2882 1622 2921 mereamur
1647 2867 1900 2937 gratiam,
1928 2873 1981 2921 et

385 2955 596 3012 facilius
619 2957 635 2988 ¹
663 2972 890 3028 neQuam
916 2957 1156 3027 spiritui,
1183 2957 1352 3012 sancti
1379 2957 1608 3028 Spiritus
1627 2957 1823 3012 auxilio
1848 2957 1983 3012 resi-

386 3058 589 3104 stamus
617 3067 637 3102 ι
684 3047 837 3118 (Cap.
871 3047 988 3120 ‘25).
1023 3049 1161 3105 Ecce
1190 3065 1346 3120 quam
1375 3050 1550 3105 veraci
1578 3049 1740 3105 corde
1763 3048 1981 3104 damna-

384 3141 465 3194 vit
505 3139 558 3195 in
598 3139 960 3195 ecclesiastico
981 3139 1184 3210 judicio
1212 3138 1495 3195 Palmstino
1522 3155 1614 3195 eos
1634 3183 1649 3208 ,
1682 3140 1770 3211 qui
1798 3139 1983 3195 dicunt

387 3231 612 3301 gratiam
643 3231 737 3286 Dei
769 3231 1056 3286 secundum
1090 3231 1277 3286 merita
1306 3240 1487 3286 nostra
1513 3230 1627 3286 dari
1655 3233 1670 3286 ι
1697 3232 1779 3286 An
1806 3231 1982 3287 adhuc

389 3337 515 3378 eum
555 3322 606 3376 id
645 3321 844 3377 sentire
882 3331 934 3376 et
959 3323 1296 3392 apertissime
1323 3323 1611 3393 przedicare
1636 3322 1982 3379 dubitamus?

387 3413 668 3484 Quomodo
713 3430 842 3487 ergo
885 3431 1043 3472 verax
1089 3416 1186 3472 fuit
1224 3415 1277 3471 in
1307 3416 1595 3488 episcopali
1620 3415 1866 3472 examine
1892 3415 1980 3471 illa

389 3507 704 3564 confessio?
733 3512 813 3563 An
842 3507 984 3566 [οι-ιθ
1006 3511 1118 3580 jam
1149 3510 1309 3564 istum
1331 3509 1617 3580 scripserat
1642 3509 1865 3574 librum,
1893 3509 1980 3563 ubi

387 3601 729 3670 apertissime
778 3600 909 3655 dicit
955 3601 1178 3672 gratiam
1225 3600 1516 3656 secundum
1565 3599 1754 3654 merita
1803 3607 1980 3653 nostra

387 3695 504 3749 dari
529 3736 546 3763 ,
590 3694 732 3765 quod
774 3695 827 3749 in
873 3694 1118 3749 orientali
1149 3694 1354 3765 synodo
1381 3694 1496 3749 sine
1524 3693 1626 3748 ulla
1650 3693 1984 3748 recusatione

387 3785 712 3840 damnavit?
753 3785 1118 3840 Conliteretnr
1158 3799 1286 3855 ergo
1333 3784 1413 3838 sic
1455 3797 1516 3839 se
1564 3782 1850 3853 aliquando
1899 3791 1982 3838 te-

391 3876 608 3940 nuisse,
653 3875 747 3930 sed
781 3875 892 3946 jam
931 3890 1038 3930 non
1081 3883 1297 3940 tenere,
1337 3883 1395 3929 ut
1421 3874 1489 3930 de
1516 3875 1846 3930 correctione
1867 3874 1985 3944 ejus

388 3967 724 4037 apertissime
769 3966 1145 4037 gauderemus.
1194 3965 1346 4021 Nunc
1393 3981 1520 4021 vero
1567 3980 1688 4021 cum
1733 3965 1809 4018 illi
1847 3965 1986 4020 inter

391 4065 586 4111 extera
633 4065 689 4112 et
733 4055 835 4112 hoc
880 4055 1067 4112 fuisset
1104 4056 1406 4123 obiectum,
1451 4056 1764 4126 respondit:
1803 4073 1822 4108 ι
1861 4056 1986 4112 Ilaec

392 4156 571 4202 utrum
599 4146 835 4203 Calestii
865 4148 971 4202 sint
989 4187 1006 4214 ,
1034 4147 1132 4219 ipsi
1162 4147 1497 4217 viderintqui
1523 4147 1706 4202 dicunt
1723 4161 1786 4202 ea
1810 4146 1986 4202 Coale-

392 4237 482 4293 stii
502 4252 623 4294 esse
649 4255 666 4295 :
691 4253 793 4310 ego
813 4253 940 4295 vero
963 4253 1234 4308 nunquam
1258 4239 1335 4293 sie
1358 4237 1539 4305 tenui,
1563 4237 1656 4293 sed
1676 4236 1987 4294 anathema-

391 4329 501 4386 tizo
541 4330 631 4401 qui
669 4330 749 4386 sic
788 4339 970 4386 tenent
1009 4329 1107 4402 (b).
1143 4347 1163 4383 ι
1201 4327 1480 4396 Quomodo
1506 4343 1773 4400 nunquam
1801 4329 1881 4384 sic
1905 4338 1986 4385 te-

392 4421 510 4476 nuit
531 4461 547 4487 ,
593 4421 640 4476 si
675 4421 818 4477 hunc
843 4428 966 4477 ante
990 4419 1304 4476 condiderat
1329 4419 1562 4476 librum?
1587 4420 1694 4490 Aut
1717 4420 1988 4491 quomodo

391 4511 813 4569 snatbematizat
856 4527 953 4568 eos
999 4511 1092 4584 qui
1141 4511 1221 4567 sic
1274 4521 1493 4579 tenent,
1522 4512 1566 4566 si
1608 4513 1749 4566 hunc
1792 4511 1988 4566 librum

396 4611 586 4673 postea
611 4601 892 4658 condidit?
1175 4613 1184 4624 ι
1427 4607 1469 4622 η

463 4689 557 4750 24.
603 4693 711 4750 Sed
754 4708 824 4749 ne
863 4693 1000 4749 forte
1037 4692 1394 4765 respondeat,
1438 4693 1508 4748 ita
1545 4707 1606 4749 se
1639 4692 1726 4748 hic
1758 4691 1986 4763 dixisse,

402 4803 424 4839 ι
475 4784 572 4840 Dei
612 4784 853 4839 iaciendo
884 4784 1211 4840 voluntatem
1232 4826 1246 4851 ,
1278 4784 1510 4840 divinam
1539 4799 1843 4842 mereamur
1865 4799 1988 4855 gra-

395 4879 526 4934 tiam
547 4919 563 4944 ,
600 4895 620 4930 ι
663 4876 801 4932 sicut
834 4875 1085 4932 ﬁdelibus
1106 4885 1162 4932 et
1185 4877 1273 4947 pie
1302 4875 1601 4932 viventibus
1625 4877 1837 4931 additur
1864 4891 1990 4947 grao

397 4969 470 5024 tia
496 5009 514 5036 ,
544 4981 646 5038 qua
676 4967 930 5025 resistant
958 4965 1168 5022 fortiter
1195 4967 1441 5022 tentatori
1467 5008 1484 5032 ,
1514 4981 1634 5022 cum
1662 4975 1836 5023 tamen
1865 4983 1990 5038 gra-

397 5063 529 5118 tiam
564 5061 724 5117 etiam
752 5061 1001 5131 primitus
1027 5059 1391 5131 accepissent,
1425 5068 1482 5115 ut
1508 5060 1600 5116 Dei
1629 5059 1868 5116 facerent
1893 5076 1990 5117 vo-

398 5155 660 5210 luntatem
709 5169 723 5207 :
771 5168 839 5208 ne
874 5153 1010 5208 forte
1047 5167 1172 5224 ergo
1198 5153 1268 5207 ita
1295 5153 1639 5223 respondeat,
1671 5154 1769 5208 alia
1797 5153 1862 5209 dc
1893 5153 1993 5209 hac

399 5262 460 5301 re
487 5245 650 5302 verba
680 5243 797 5315 ejus
825 5245 1068 5314 accipite.
1111 5262 1132 5296 ι
1164 5243 1262 5312 Qui
1301 5244 1508 5311 currit,
1553 5264 1572 5298 ι
1617 5246 1824 5317 inquit,
1871 5263 1890 5298 ι
1924 5245 1992 5299 ad

403 5336 690 5392 Dominum
715 5377 730 5404 ,
760 5344 814 5391 et
841 5335 908 5390 ab
935 5351 1002 5390 eo
1029 5350 1088 5392 se
1113 5335 1222 5407 regi
1241 5337 1384 5406 cupit
1405 5377 1420 5402 ,
1444 5337 1495 5392 id
1516 5345 1600 5392 est
1616 5377 1632 5404 ,
1665 5337 1991 5392 voluntatem

403 5439 555 5480 suam
601 5441 670 5481 ex
707 5427 823 5496 ejus
848 5425 1119 5481 voluntate
1144 5427 1451 5497 suspendit;
1479 5427 1566 5498 qui
1593 5428 1641 5482 ei
1669 5426 1993 5482 adhazrendo

401 5515 630 5586 jugiter,
662 5532 796 5572 unus
815 5559 831 5584 ,
863 5517 1159 5573 secundum
1185 5519 1531 5589 Apostolum,
1563 5533 1685 5574 cum
1710 5533 1777 5574 eo
1801 5518 1859 5574 lit
1884 5519 1990 5589 spi.

471 5627 485 5688 '_
509 5631 668 5688 Forte,
697 5630 750 5688 ut
773 5623 985 5688 facilius.

405 5685 781 5795 mgyﬁpiisgola
801 5695 877 5737 est
908 5688 967 5736 ad
988 5688 1370 5751 Demetriadem,
1395 5701 1508 5752 quae
1533 5697 1695 5742 exstat
1728 5691 1775 5741 in
1801 5698 1992 5757 Appen-

470 5807 540 5868 (b)
573 5811 669 5856 Lib.
695 5811 757 5858 de
779 5813 932 5860 Gestis
956 5810 1161 5875 Pelagii,
1187 5826 1234 5860 ιι.
1263 5812 1339 5861 so.

1623 373 1682 429 S.
1727 369 2087 429 AUGUSTINI
2131 371 2431 428 EPlSCOPI

3570 377 3674 433 372

2084 485 2214 537 ritus
2255 481 2294 555 (l
2335 483 2452 538 Cor.
2501 499 2590 550 vt,
2635 483 2756 554 l7),
2787 496 2889 536 non
2921 481 3021 537 hoc
3050 482 3153 538 nisi
3177 483 3245 539 de
3273 484 3478 540 arbitrii
3504 485 3672 544 elllcit

2082 573 2346 628 libertate.
2397 593 2416 626 ›
2467 573 2654 630 Videte
2699 584 2952 644 quantam
2996 589 3109 630 rem
3151 574 3348 632 dixerit
3389 592 3495 631 non
3519 577 3661 633 ellici

2079 665 2180 720 nisi
2224 665 2428 720 arbitrii
2473 666 2751 732 libertate;
2797 680 2860 720 ac
2890 681 2986 736 per
3012 666 3114 723 hoc
3142 668 3258 723 sine
3284 667 3550 738 adjutorio
3576 669 3672 725 Dei

2079 771 2178 811 nos
2205 757 2313 812 Deo
2333 757 2600 813 existimat
2617 756 2930 825 adhaerere;
2964 759 3064 814 hoc
3091 767 3174 814 est
3201 759 3374 827 enim,
3401 779 3421 814 ι
3450 762 3665 817 nonnisi

2079 849 2145 903 de
2186 850 2388 904 arbitrii
2429 850 2672 906 libertate
2705 868 2718 904 :
2754 869 2773 904 ι
2819 861 2876 906 ιιι
2912 866 3032 906 cum
3062 852 3448 909 adhic-serimus
3471 869 3539 910 eo
3564 870 3673 910 non

2079 941 2365 1010 axljuvante
2382 982 2397 1005 ,
2431 950 2555 996 tunc
2573 949 2682 1012 jam
2703 945 2954 1013 quoniam
2969 941 3315 1012 adhzesimus,
3337 946 3496 1001 etiam
3517 945 3670 1018 adju-

2079 1045 2190 1084 Vﬂl‘l
2221 1047 2541 1086 mereamur.

2149 1119 2376 1177 CAPUT
2419 1119 2608 1178 XXIII.
2652 1153 2724 1163 —
2758 1122 3010 1194 Sequitur
3051 1124 3194 1179 enim
3229 1134 3283 1180 et
3305 1124 3470 1192 dicit,
3505 1145 3524 1179 ι
3560 1127 3680 1194 Qua

2079 1211 2168 1281 qui
2211 1211 2348 1267 bene
2392 1212 2589 1278 utitur,
2631 1231 2649 1266 ι
2682 1213 2734 1269 id
2764 1223 2844 1269 est
2868 1255 2883 1279 ,
2915 1215 3123 1270 arbitrii
3152 1216 3397 1272 libertate
3420 1217 3510 1287 qui
3539 1219 3680 1274 bene

2081 1303 2281 1370 utitur,
2311 1321 2329 1354 ι
2365 1305 2436 1359 ita
2464 1319 2557 1368 se,
2589 1323 2608 1357 ι
2642 1306 2849 1375 inquit,
2886 1323 2905 1358 ι
2937 1316 3104 1360 totum
3126 1307 3283 1362 tradit
3305 1308 3416 1363 Deo
3434 1324 3681 1364 omnem-

2079 1409 2185 1464 que
2232 1409 2380 1450 suam
2429 1396 2715 1454 mortificat
2756 1399 3128 1466 voluntatem,
3180 1409 3236 1455 ut
3272 1416 3393 1456 cum
3420 1403 3680 1472 Apostolo

2082 1486 2253 1556 possit
2288 1487 2488 1555 dicere,
2531 1487 2655 1543 Vivo
2684 1499 2850 1544 autem
2871 1491 2986 1561 jam
3009 1506 3110 1544 non
3133 1507 3245 1562 ego,
3279 1493 3397 1546 vivit
3423 1504 3592 1548 autem
3624 1494 3682 1548 in

2081 1591 2159 1630 me
2202 1574 2430 1632 Christus
2478 1577 2675 1651 (Galat.
2725 1595 2793 1648 ιι,
2832 1579 2927 1650 20)
2961 1597 2977 1635 :
3010 1581 3264 1652 ponitque
3306 1597 3401 1636 cor
3437 1597 3589 1637 suum
3619 1584 3677 1639 in

2081 1683 2242 1722 manu
2294 1669 2386 1723 Dei
2411 1711 2426 1734 ,
2470 1678 2530 1724 ut
2575 1669 2706 1726 illud
2748 1685 2854 1742 quo
2920 1672 3178 1727 voluerit‘
3207 1714 3224 1740 ,
3253 1673 3367 1742 ipse
3391 1673 3618 1730 declinet
3650 1693 3671 1727 ι

2082 1758 2259 1830 (Prov.
2298 1760 2523 1832 “1.1).
2566 1760 2810 1831 Magnum
2855 1761 3094 1833 profecto
3133 1762 3452 1834 adjutorium
3481 1765 3681 1820 divina:

2081 1850 2263 1918 gratia:
2287 1889 2303 1918 ,
2351 1860 2412 1905 ut
2451 1865 2546 1905 cor
2586 1860 2825 1906 nostrum
2853 1867 2958 1922 quo
2987 1852 3215 1907 voluerit
3245 1853 3418 1922 Deus,
3447 1854 3560 1924 ipse
3579 1855 3682 1910 dc-

2080 1940 2261 1996 clinet.
2284 1941 2388 1998 Sed
2409 1941 2513 1997 hoc
2533 1951 2638 1997 tam
2665 1959 2914 2015 magnum
2936 1943 3283 2015 adjutorium,
3307 1947 3443 2002 sicut
3464 1949 3561 2004 iste
3579 1949 3680 2004 de-

2081 2032 2204 2102 sipit
2227 2075 2242 2098 ,
2278 2041 2403 2088 tunc
2428 2049 2698 2090 meremur
2721 2075 2737 2103 ,
2760 2049 2881 2091 cum
2906 2035 3026 2092 sine
3047 2037 3154 2092 ullo
3174 2038 3680 2112 adjutoriononnisi

2081 2121 2149 2178 de
2193 2121 2398 2179 arbitrii
2440 2123 2683 2180 libertate
2729 2125 2798 2180 ad
2841 2127 3123 2182 Dominum
3171 2131 3474 2198 currimus,
3513 2132 3582 2188 ab
3607 2147 3682 2188 eo
3771 2119 3780 2132 ’

2082 2228 2181 2268 nos
2225 2215 2335 2287 regi
2377 2217 2622 2287 cupimus
2646 2259 2662 2286 ,
2705 2217 3031 2274 voluntatem
3077 2231 3314 2276 nostram
3347 2238 3416 2278 ex
3439 2225 3556 2293 ejus
3582 2239 3682 2278 vo-

2055 2381 2058 2384 ,
2084 2305 2285 2362 luntate
2309 2309 2685 2379 suspendimus
2707 2352 2724 2379 ,
2747 2313 2904 2383 eique
2930 2313 3260 2370 adhzerendo
3284 2315 3476 2386 iugiter
3493 2358 3509 2383 ,
3536 2334 3682 2374 unus

2082 2413 2203 2453 cum
2231 2399 2323 2454 illo
2347 2398 2612 2457 efﬁcimur
2639 2403 2877 2473 spiritus.
2909 2405 3034 2461 [huc
3061 2405 3270 2463 scilicet
3299 2417 3402 2462 tam
3435 2408 3680 2480 ingentia

2083 2491 2220 2546 bona
2245 2533 2263 2558 ,
2313 2491 2523 2549 nonnisi
2563 2495 2631 2551 de
2667 2496 2914 2565 arbitrii,
2953 2499 3248 2554 secundum
3279 2501 3436 2556 istum
3457 2543 3474 2567 ,
3500 2501 3683 2558 el'lici-

2083 2598 2202 2638 mus
2239 2584 2484 2642 libertate
2504 2627 2521 2652 ,
2564 2595 2622 2642 ut
2658 2587 2742 2642 his
2770 2590 3195 2658 praacedentibus
3220 2593 3426 2648 meritis
3454 2594 3531 2649 sic
3556 2594 3684 2666 ejus

2082 2677 2306 2746 gratiam
2348 2693 2772 2751 consequamur,
2819 2695 2874 2737 ut
2910 2699 3006 2740 cor
3045 2695 3289 2741 nostrum
3321 2703 3425 2756 quo
3450 2689 3688 2744 voluerit

2085 2768 2198 2838 ipse
2233 2770 2485 2827 declinet.
2517 2773 2796 2842 Quomodo
2820 2783 2903 2830 est
2927 2791 3055 2848 ergo
3078 2777 3248 2847 gratia
3273 2819 3289 2844 ,
3317 2780 3361 2832 si
3385 2795 3486 2833 non
3510 2780 3686 2849 gratis

2082 2861 2277 2917 datur?
2317 2865 2587 2934 quomodo
2629 2876 2711 2922 est
2743 2869 2912 2937 gratia
2937 2909 2954 2934 ,
2995 2869 3042 2924 si
3081 2885 3152 2924 ex
3189 2869 3369 2926 debito
3397 2871 3687 2927 redditur?

2083 2956 2362 3024 Quomodo
2404 2973 2588 3013 verum
2630 2958 2760 3013 dicit
2797 2961 3116 3030 Apostolus,
3152 2962 3274 3018 Non
3300 2980 3362 3018 ea:
3391 2963 3559 3028 vobis,
3587 2965 3688 3020 sed

2083 3045 2183 3101 Dei
2215 3048 2403 3102 donum
2433 3058 2506 3103 est
2529 3065 2550 3114 ;
2579 3066 2680 3104 non
2705 3067 2769 3105 ex
2792 3051 3056 3120 operibus,
3084 3069 3146 3107 ne
3173 3057 3303 3124 forte
3325 3053 3436 3126 quis
3461 3056 3687 3110 extolla-

2084 3148 2168 3194 tur
2205 3139 2421 3209 (Ep/tes.
2464 3157 2535 3209 tt,
2579 3141 2646 3209 8,
2693 3142 2753 3213 9)
2799 3161 2812 3196 :
2854 3152 2909 3199 et
2933 3143 3122 3199 iterum
3148 3185 3164 3211 ,
3196 3144 3256 3200 Si
3281 3155 3448 3200 autem
3471 3147 3639 3217 gratia
3664 3189 3683 3215 ,

2084 3231 2282 3303 inquit,
2311 3234 2427 3305 jam
2462 3249 2564 3287 non
2605 3250 2669 3288 ea:
2708 3236 2982 3305 operibus;
3017 3237 3240 3308 alioquin
3264 3239 3426 3308 gratia
3439 3239 3552 3308 jam
3577 3255 3687 3293 non

2083 3333 2156 3378 est
2183 3325 2347 3395 gratia
2377 3323 2552 3395 (Rom.
2588 3340 2644 3380 XI
2664 3366 2680 3392 ,
2712 3324 2812 3399 6)?
2841 3326 3124 3395 Quomodo
3145 3369 3160 3394 ,
3195 3329 3440 3398 inquam,
3466 3329 3566 3383 hoc
3589 3344 3690 3384 ve-

2085 3432 2203 3471 rum
2245 3425 2328 3472 est
2349 3459 2364 3482 ,
2393 3418 2438 3472 si
2467 3433 2628 3488 opera
2669 3427 2810 3472 tanta
2853 3419 3202 3490 praecedunt,
3241 3437 3359 3490 qua:
3388 3419 3541 3475 nobis
3565 3419 3689 3473 adi-

2086 3511 2351 3581 piscenda‘:
2383 3512 2566 3582 gratia:
2594 3512 2841 3568 meritum
2868 3513 3065 3567 faciant
3090 3555 3103 3578 ,
3127 3529 3232 3582 quo
3262 3513 3412 3567 nobis
3443 3528 3546 3566 non
3576 3511 3684 3566 do-

2086 3615 2242 3660 netur
2277 3605 2548 3675 gratuito,
2595 3605 2692 3660 sed
2739 3604 2993 3660 reddatur
3033 3620 3100 3661 ex
3140 3604 3362 3660 debito?
3389 3605 3598 3673 Ergone
3623 3613 3690 3658 ut

2086 3696 2429 3764 perveniatur
2456 3695 2524 3750 ad
2549 3696 2874 3767 adjutorinm
2897 3697 3012 3761 Dei,
3041 3696 3107 3750 ad
3130 3697 3295 3751 Deum
3317 3698 3548 3750 curritur
3563 3697 3691 3752 sine

2085 3787 2350 3858 adjutorio
2395 3788 2530 3854 Dei;
2579 3797 2634 3844 et
2678 3799 2736 3844 ut
2778 3789 2887 3844 Deo
2927 3789 3262 3844 adhazrentes
3300 3787 3615 3856 adjuvemur
3651 3806 3690 3843 a

2087 3879 2196 3936 Deo
2216 3922 2231 3947 ,
2258 3895 2287 3934 a
2316 3881 2426 3936 Deo
2455 3896 2563 3936 non
2591 3879 2758 3950 adjuti
2779 3880 3116 3936 adhaeremus
3139 3882 3247 3935 Deo
3267 3881 3291 3934 ?
3315 3880 3449 3949 Quid
3475 3879 3690 3934 homini

2087 3972 2278 4043 majus,
2307 3973 2501 4044 quidve
2530 3974 2633 4028 tale
2654 3974 2848 4043 poterit
2872 3974 3039 4044 gratia
3064 3974 3174 4043 ipSa
3200 3984 3474 4043 przestare,
3501 3972 3544 4026 si
3564 3971 3686 4042 jam

2087 4063 2204 4119 sine
2229 4064 2317 4120 illa
2344 4080 2480 4120 unus
2504 4080 2627 4120 cum
2655 4065 2877 4120 Domino
2904 4063 3123 4136 spiritus
3143 4063 3281 4120 elIici
3306 4065 3508 4134 potuit,
3532 4078 3682 4119 non-

2089 4154 2190 4210 nisi
2219 4154 2288 4210 de
2315 4157 2518 4211 arbitrii
2548 4155 2834 4212 libertate?

2158 4245 2383 4304 CAPUT
2419 4247 2611 4305 XXIV.
2637 4247 2816 4304 —25.
2857 4246 2963 4304 Sed
2988 4248 3179 4304 vellem
3213 4258 3266 4303 ut
3310 4248 3410 4304 iste
3447 4248 3684 4315 diceret,

2090 4351 2267 4396 utrum
2297 4357 2391 4397 rex
2421 4343 2508 4396 ille
2547 4342 2833 4413 Assyrius'
2858 4341 3013 4412 cujus
3042 4341 3239 4396 Esther
3273 4352 3454 4396 sancta
3485 4339 3692 4395 mulier

2089 4432 2472 4488 exsecrabatur
2499 4433 2693 4500 cubile,
2719 4433 2932 4503 quando
2952 4433 3264 4488 considebat
3293 4434 3343 4488 in
3375 4433 3566 4487 throno
3596 4448 3693 4488 re—

2091 4524 2177 4594 gni
2210 4524 2313 4589 sui,
2345 4533 2400 4579 et
2425 4524 2571 4578 omni
2599 4523 2734 4578 stola
2764 4523 3133 4579 illustrationis
3155 4541 3264 4578 sum
3293 4524 3506 4579 indutus
3534 4532 3682 4590 erat,

2093 4624 2234 4670 totus
2279 4631 2413 4670 auro
2458 4615 2690 4670 variatus
2734 4615 3104 4685 lapidibusque
3139 4615 3409 4686 pretiosis,
3459 4623 3513 4669 et
3561 4624 3692 4670 erat

2094 4708 2470 4764 formidolosus
2495 4707 2672 4774 valde,
2714 4714 2771 4762 et
2811 4707 3014 4762 elevata
3040 4705 3176 4762 facie
3218 4722 3312 4761 sua
3355 4705 3692 4762 inﬂammata

2094 4801 2146 4854 in
2172 4800 2414 4855 claritate
2443 4799 2662 4855 intuitus
2695 4806 2783 4856 est
2809 4814 2953 4866 eam,
2973 4808 3222 4869 tanquam
3255 4806 3435 4852 taurus
3462 4797 3512 4851 in
3531 4796 3552 4829 ⁸
3583 4797 3693 4850 im-

2093 4902 2217 4965 potu
2249 4893 2626 4964 indignationis
2654 4907 2801 4957 sure;
2843 4903 2899 4948 et
2927 4891 3102 4946 timuit
3126 4893 3328 4962 regina,
3367 4899 3418 4946 et
3457 4905 3695 4945 conver-

2095 4999 2187 5039 sus
2216 4994 2298 5042 est
2327 4985 2475 5040 color
2499 4984 2616 5054 ejus
2643 4997 2742 5055 per
2769 4983 3195 5050 dissolutionem,
3227 4992 3282 5037 et
3311 4982 3582 5037 inclinavit
3623 4997 3695 5037 se

2095 5091 2256 5146 super
2293 5084 2453 5146 caput
2489 5075 2736 5131 delicata:
2787 5090 2922 5142 suze,
2971 5090 3091 5146 qua:
3139 5073 3474 5145 prsecedebat
3515 5089 3634 5129 eam
3673 5095 3695 5131 ;

2095 5167 2288 5223 vellem
2313 5181 2440 5237 ergo
2467 5166 2671 5222 diceret
2699 5167 2803 5222 iste
2833 5167 3008 5233 nobis,
3043 5175 3218 5220 utrum
3250 5181 3342 5220 rex
3369 5165 3458 5220 ille
3481 5164 3546 5218 ad
3579 5163 3696 5218 Do-

2096 5261 2296 5315 minum
2331 5257 2440 5330 jam
2470 5268 2800 5325 cucurrerat,
2842 5268 2898 5315 et
2923 5259 2992 5314 ab
3032 5273 3099 5314 eo
3132 5273 3192 5314 se
3232 5258 3343 5328 regi
3383 5257 3690 5326 cupiverat,

2097 5368 2355 5424 suamque
2385 5353 2710 5408 voluntatem
2739 5367 2806 5408 ex
2845 5351 2962 5423 ejus
2989 5351 3265 5407 voluntate
3308 5349 3690 5420 suspenderat,

2097 5458 2152 5501 et
2181 5447 2229 5502 ei
2246 5446 2448 5517 jngiter
2471 5443 2783 5500 inhaerendo
2809 5459 2947 5499 unus
2975 5458 3098 5500 cum
3136 5443 3227 5499 illo
3265 5441 3481 5512 spiritus
3512 5439 3694 5494 factus

2097 5545 2232 5601 erat,
2275 5537 2487 5591 nonnisi
2525 5535 2594 5591 de
2636 5535 2842 5591 arbitrii
2883 5534 3164 5600 libertate;
3209 5541 3384 5589 utrum
3428 5546 3487 5588 se
3515 5539 3693 5588 totum
3762 5613 3779 5624 .

2163 5694 2178 5724 ¹
2207 5691 2345 5754 Apud
2362 5698 2470 5741 Lov.
2495 5691 2574 5740 hic
2594 5690 2806 5740 additum
2831 5696 2926 5751 est,
2949 5697 3093 5740 Deus.

2163 5757 2182 5786 ’
2209 5753 2548 5802 ltiColhertino
2571 5761 2674 5813 ttts.,
2701 5765 2948 5803 Assuerus.

2167 5817 2186 5848 ³
2210 5817 2291 5864 ttie
2315 5814 2561 5878 particula,
2581 5813 2648 5876 in,
2683 5815 2954 5865 restituitur
2980 5827 3043 5864 ex
3067 5819 3173 5866 Mss.
