3996 6474
196 403 294 463 375

195 518 304 574 Deo
335 513 659 580 tradiderat,
701 528 1024 585 omnemque
1060 527 1208 567 suam
1240 512 1653 569 mortificaverat
1682 529 1784 569 vo-

199 617 470 672 tuntatcm,
509 617 567 662 et
610 621 712 661 cor
748 622 904 661 suum
944 607 999 661 in
1039 621 1198 660 manu
1231 605 1322 661 Dei
1351 616 1616 684 posuerat.
1650 607 1785 660 Puto

198 716 305 754 non
329 698 598 765 desipere,
627 697 726 753 sed
753 697 985 753 insanire
1013 696 1302 762 hominem,
1335 697 1575 767 quisquis
1599 697 1666 753 de
1694 698 1787 752 illo

197 809 344 864 rege,
369 792 543 862 qualis
581 801 710 847 tunc
744 801 882 857 erat,
915 792 1028 846 hrec
1066 791 1334 846 senserit:
1366 800 1419 846 et
1444 799 1620 846 tamen
1661 807 1790 845 con-

200 885 359 939 vertit
383 883 524 938 Deus
548 892 608 938 et
629 883 900 938 transtulit
927 881 1343 953 indignationem
1367 882 1484 954 ejus
1511 883 1562 937 in
1594 882 1787 938 lenita-

202 983 310 1028 tem
350 971 564 1044 (Esther
586 988 645 1040 v,
681 987 784 1028 sec.
820 969 1007 1038 LXX).
1047 971 1180 1042 Quis
1218 980 1395 1028 autem
1437 987 1544 1027 non
1590 973 1786 1039 videat,

203 1064 371 1120 multo
400 1062 579 1134 majus
604 1078 751 1131 esse,
785 1063 1199 1134 indignationem
1225 1078 1255 1119 a
1276 1065 1546 1120 contrario
1568 1065 1620 1119 in
1650 1065 1788 1120 leni-

203 1167 367 1213 tatem
392 1165 712 1212 convertere
751 1165 911 1228 atque
949 1156 1259 1224 transferre,
1297 1172 1455 1226 quam
1485 1171 1580 1212 cor
1603 1166 1789 1212 neutra

203 1249 484 1306 aﬂ'ertione
508 1259 959 1320 prmoccupatum,
987 1249 1081 1304 sed
1104 1249 1241 1304 inter
1258 1256 1537 1320 utramque
1557 1249 1788 1305 medium

205 1343 258 1396 in
293 1340 494 1410 aliquid
524 1339 836 1397 declinare?
878 1339 1081 1412 Legant
1119 1355 1247 1410 ergo
1287 1347 1343 1394 et
1368 1339 1680 1409 intelligant,
1711 1340 1792 1393 in.

207 1439 453 1486 tueantur
480 1440 645 1501 atque
669 1431 950 1496 fateantur,
978 1445 1082 1485 non
1110 1429 1225 1501 lege
1248 1439 1408 1500 atque
1433 1429 1676 1485 doctrina
1711 1429 1792 1484 iu-

207 1533 427 1576 sonantc
452 1520 773 1584 forinsecus,
818 1519 912 1576 sed
953 1521 1160 1576 interna
1198 1529 1255 1576 et
1294 1520 1521 1584 occulta,
1561 1521 1792 1576 mirabili

208 1626 271 1666 ac
292 1609 549 1665 incﬂabili
573 1619 840 1682 potestate
853 1610 1060 1678 operari
1092 1611 1255 1664 Deum
1284 1611 1334 1664 in
1359 1610 1608 1664 cordibus
1625 1609 1796 1665 homi-

211 1719 351 1768 num,
384 1717 492 1756 non
533 1703 705 1757 solum
734 1717 888 1757 veras
915 1703 1288 1765 revelationes,
1317 1703 1411 1758 sed
1442 1703 1608 1757 bonas
1633 1702 1791 1759 etiam

211 1793 532 1847 voluntates.

277 1880 505 1938 CAPUT
544 1879 712 1936 XXV.
748 1912 821 1921 —
858 1881 948 1936 26.
991 1882 1209 1937 Desinat
1259 1883 1436 1954 itaque
1477 1885 1587 1955 jam
1641 1885 1796 1942 Pela-

213 1972 341 2039 gius,
368 1980 426 2025 et
452 1986 515 2025 se
544 1971 719 2040 ipsum
751 1979 804 2025 et
840 1971 974 2025 alios
998 1971 1201 2035 fallere,
1239 1983 1424 2029 contra
1455 1975 1544 2030 Dei
1571 1977 1798 2046 gratiam

213 2060 551 2130 diSputando.
578 2061 693 2114 Non
727 2070 946 2131 propter
973 2061 1185 2116 illorum
1218 2065 1375 2118 trium
1403 2081 1587 2133 unum,
1615 2066 1664 2120 id
1691 2074 1793 2130 est,

217 2161 426 2219 propter
457 2151 866 2220 possibilitatem
897 2153 1049 2207 bona:
1075 2155 1364 2210 voluntatis
1401 2165 1560 2227 atque
1594 2159 1792 2228 operis,

216 2241 302 2295 sed
328 2242 490 2296 etiam
525 2252 744 2312 propter
772 2243 1096 2299 voluntatem
1127 2255 1180 2300 et
1209 2249 1574 2317 operationem
1601 2249 1794 2305 bonam

216 2346 330 2402 erga
354 2347 454 2387 nos
483 2335 652 2402 gratia
679 2333 772 2388 Dei
795 2334 1125 2403 prmdicanda
1157 2348 1258 2392 est.
1290 2337 1422 2393 Nam
1450 2341 1590 2395 illam
1629 2343 1800 2411 possi-

219 2421 464 2476 bilitatem
494 2423 562 2477 ad
601 2433 888 2494 utrumque
924 2427 1102 2482 valere
1138 2428 1320 2483 definit
1349 2452 1363 2484 ;
1393 2440 1447 2485 et
1475 2441 1650 2487 tamen
1691 2449 1796 2490 non

219 2514 331 2568 ideo
352 2515 636 2570 tribuenda
674 2527 797 2572 sunt
825 2517 935 2573 Deo
970 2519 1128 2573 etiam
1176 2530 1355 2576 nostra
1382 2535 1621 2593 peccata,
1663 2526 1799 2580 sicut

219 2615 272 2659 et
304 2615 515 2674 propter
541 2606 788 2662 eamdem
815 2609 1219 2679 possibilitatem
1262 2613 1374 2666 vult
1399 2615 1631 2670 tribuere
1661 2616 1798 2672 bona

223 2709 382 2762 Opera
417 2706 616 2752 nostra.
665 2698 779 2752 Non
831 2699 949 2754 ideo
993 2709 1194 2755 tantum
1241 2702 1560 2774 adjutoriutn
1606 2706 1798 2763 divina:

220 2786 398 2855 gratia:
423 2789 854 2852 commendetur,
885 2789 1005 2860 quia
1037 2792 1440 2860 possibilitatem
1466 2795 1679 2865 adjuvat
1707 2814 1800 2851 ua-

223 2877 458 2931 turalem.
491 2880 711 2934 Desinat
736 2880 934 2947 dicere,
970 2901 987 2934 ι
1017 2883 1166 2948 Quod
1201 2899 1479 2954 possumus
1509 2903 1668 2944 omne
1706 2889 1800 2944 bo-

221 2983 338 3021 num
367 2967 565 3032 facere,
596 2971 794 3038 dicere,
832 2975 1088 3042 cogitare,
1117 2974 1258 3030 illius
1287 2985 1370 3031 cst
1393 2979 1482 3048 qui
1519 2979 1618 3034 hoc
1645 2996 1800 3050 posse

221 3056 447 3120 donavit,
484 3060 576 3128 qui
614 3059 716 3114 hoc
746 3077 903 3130 posse
942 3063 1159 3134 adjuvat
1187 3082 1200 3118 :
1232 3067 1372 3137 quod
1403 3084 1529 3123 vcro
1555 3069 1687 3126 bene
1715 3072 1798 3127 vel

219 3148 436 3217 agimus,
464 3149 552 3204 vel
590 3151 878 3220 loquimur,
909 3154 988 3207 vel
1020 3156 1333 3225 cogitamus,
1367 3168 1608 3214 nostrum
1637 3174 1738 3217 est.
1773 3181 1793 3214 ι

222 3236 448 3304 Desinat,
491 3240 730 3309 inquam,
771 3243 866 3296 ista
897 3243 1093 3299 dicere.
1131 3245 1244 3300 Non
1285 3249 1453 3302 solum
1490 3251 1629 3304 enim
1658 3251 1799 3308 Deus

222 3342 368 3395 posse
398 3341 643 3383 nostrum
665 3329 883 3386 donavit
909 3343 1065 3403 atque
1087 3335 1319 3406 adjuvat,
1352 3339 1445 3393 sed
1475 3341 1633 3395 etiam
1665 3343 1800 3400 velle

219 3420 501 3489 etoperari
551 3431 808 3492 operatur
849 3424 901 3478 in
948 3425 1100 3480 nobis
1130 3424 1388 3500 (Philipp.
1431 3447 1485 3494 ιι,
1539 3432 1649 3504 IS).
1685 3433 1798 3488 Non

218 3510 330 3577 quia
355 3526 453 3564 nos
473 3527 580 3566 non
616 3513 875 3580 volumus,
900 3525 989 3570 aut
1017 3532 1116 3571 nos
1151 3534 1256 3573 non
1287 3521 1490 3590 agimus
1517 3542 1530 3578 :
1559 3525 1652 3580 scd
1677 3527 1798 3595 quia

219 3602 325 3656 sine
359 3603 527 3670 ipsius
565 3604 831 3676 atljutorio
869 3623 968 3664 nec
995 3611 1238 3667 volumus
1277 3614 1474 3684 aliquid
1513 3617 1655 3684 boni,
1699 3634 1799 3675 nec

219 3694 436 3761 agimus.
477 3695 761 3764 Quomodo
805 3701 944 3756 enim
994 3703 1208 3772 dicitur,
1263 3725 1281 3758 ι
1310 3707 1461 3775 Quod
1518 3725 1799 3780 possumus

219 3783 347 3838 bene
387 3801 568 3856 agere,
622 3790 712 3845 Dei
750 3800 866 3857 est;
897 3795 1036 3863 quod
1083 3807 1258 3851 autem
1302 3799 1526 3869 agimus,
1561 3813 1798 3859 nostrum

218 3884 324 3940 est;
359 3894 379 3926 ι
420 3891 541 3930 cum
584 3879 728 3934 dicat
764 3882 1068 3952 Apostolus,
1101 3901 1258 3943 orare
1302 3904 1361 3943 se
1400 3891 1464 3945 ad
1509 3892 1670 3947 Deum
1704 3910 1800 3965 pro

218 3965 310 4029 cis,
345 3965 416 4018 ad
443 3983 579 4036 quos
622 3970 908 4038 scribebat,
955 3990 1022 4030 ne
1051 3977 1177 4047 quid
1215 3980 1337 4034 mali
1385 3979 1600 4049 faciant,
1645 3994 1700 4040 et
1745 3996 1802 4042 ut

219 4058 350 4123 quod
398 4058 592 4114 bonum
637 4071 720 4116 cst
751 4063 981 4120 faciant?
1011 4069 1126 4123 Non
1167 4072 1309 4126 enim
1354 4073 1446 4139 ait,
1496 4074 1715 4133 Oramus
1744 4089 1802 4135 ut

221 4148 429 4211 possitis
453 4149 582 4203 nihil
622 4153 742 4207 mali
775 4153 984 4223 facere;
1018 4160 1132 4227 sed,
1167 4178 1229 4215 ne
1254 4163 1378 4232 quid
1409 4168 1608 4236 faciatis
1635 4170 1758 4223 ntali
1780 4185 1800 4225 :

220 4236 435 4326 ncc,Ut
465 4241 678 4308 possitis
709 4244 905 4300 bonum
935 4247 1135 4316 facere;
1163 4252 1276 4319 sed,
1307 4263 1362 4307 ut
1389 4257 1570 4310 bonum
1600 4258 1800 4326 faciatis

222 4324 281 4392 (ll
312 4325 437 4384 Cor.
470 4346 586 4397 xm,
619 4332 698 4405 7).
745 4334 1002 4400 Quoniam
1045 4339 1113 4395 de
1158 4343 1350 4410 quibus
1396 4324 1649 4416 scriptum
1693 4359 1795 4417 est,

221 4418 474 4490 Quotquot
516 4427 648 4478 enim
688 4427 884 4498 Spiritu
913 4429 1010 4485 Dei
1044 4443 1283 4504 aguntur,
1325 4437 1376 4489 hi
1413 4439 1510 4506 ﬁlii
1549 4449 1666 4494 sunt
1704 4441 1801 4497 Dei

216 4511 390 4578 (liam.
425 4530 536 4580 vm,
570 4518 698 4587 l4);
733 4519 968 4589 profecto
1004 4533 1062 4579 ut
1090 4535 1249 4594 agant
1276 4529 1414 4598 quod
1459 4530 1653 4586 bonum
1693 4544 1794 4601 est,

214 4601 396 4656 abillo
437 4616 666 4674 aguntur
688 4611 778 4679 qui
821 4611 991 4669 bonus
1028 4625 1128 4674 est.
1168 4616 1446 4686 Quomodo
1470 4621 1600 4678 dicit
1643 4623 1796 4680 Pela-

213 4694 428 4788 gius,u
450 4695 604 4788 Quod
646 4699 784 4756 bene
829 4702 968 4774 laqui
1009 4721 1322 4776 possumus,
1371 4711 1462 4768 Dei
1503 4726 1584 4771 est
1611 4734 1627 4771 :
1655 4718 1797 4788 quod

213 4783 344 4839 bene
379 4785 664 4858 loquimur,
707 4801 944 4848 nostrum
987 4807 1102 4864 est;
1129 4816 1150 4851 ι
1200 4815 1322 4855 cum
1351 4801 1492 4858 dicat
1521 4783 1794 4873 Dominus,

214 4872 437 4969 Spiritus
470 4876 644 4935 Patris
671 4885 819 4937 rostri
847 4895 919 4939 est
947 4889 1031 4957 qui
1057 4889 1276 4960 loquitur
1315 4894 1368 4948 in
1401 4896 1578 4952 vobis?
1615 4897 1796 4969 Neque

213 4966 350 5059 cnim
379 4967 472 5034 ait,
506 4970 622 5025 Non
660 4988 755 5028 vos
780 4977 908 5031 estis
935 4980 1022 5049 qui
1053 4980 1272 5038 dedistis
1300 4986 1448 5042 vobis
1472 4987 1605 5043 bene
1638 4966 1796 5059 posse

214 5054 401 5150 loqui:
422 5059 516 5114 sed
542 5063 637 5129 ait,
685 5063 806 5121 Non
832 5084 918 5122 eos
950 5072 1066 5124 estis
1095 5073 1178 5142 qui
1204 5074 1466 5143 loquimini
1495 5054 1704 5148 (Matth.
1735 5098 1792 5150 Χ,

211 5143 322 5242 Su).
501 5151 595 5216 ait,
628 5153 854 5223 Spiritus
884 5157 1056 5216 Patris
1082 5165 1230 5217 vestri
1265 5175 1347 5220 est
1372 5167 1460 5236 qui
1501 5143 1656 5226 vobis
1681 5143 1791 5242 dat,

213 5237 292 5290 vel
326 5238 474 5293 dedit
520 5257 678 5311 posse
709 5245 847 5302 bene
875 5248 1051 5320 loqui;
1101 5254 1193 5308 sed
1236 5255 1330 5323 ait,
1368 5259 1457 5328 qui
1483 5258 1701 5331 loquitur
1741 5237 1794 5318 in

211 5330 346 5383 tabis
369 5346 391 5386 :
418 5348 524 5388 non
571 5337 877 5407 signiﬁcans
904 5345 1264 5412 possibilitatis
1304 5330 1594 5419 profectum
1615 5355 1654 5420 ¹,
1699 5358 1794 5410 sed

208 5424 517 5491 exprimens
542 5432 937 5497 cooperationis
972 5435 1237 5502 effectum.
1272 5441 1549 5509 Quomodo
1573 5445 1700 5502 dicit
1725 5447 1792 5502 Ii-

210 5509 322 5566 bcri
362 5515 566 5570 arbitrii
595 5519 769 5577 elatus
812 5534 1074 5590 assertor,
1105 5546 1123 5578 ι
1151 5528 1302 5598 Quod
1346 5549 1628 5604 possumus
1657 5538 1792 5595 bene

207 5606 462 5674 cogitare,
496 5610 587 5665 Dei
627 5622 745 5678 est;
795 5616 936 5685 quod
983 5628 1156 5676 autem
1189 5623 1323 5680 bene
1361 5628 1656 5698 cogitamus
1693 5646 1789 5687 no-

269 5847 286 5875 ι
315 5849 364 5892 tu
388 5850 511 5908 Mss,
534 5853 831 5912 provectum.

1326 395 1524 452 LIBER
1565 398 1654 455 DE
1693 399 1950 456 GRA'I‘IA
1987 398 2272 458 CHRISTI.

3376 407 3475 460 571

1893 525 2060 570 strum
2091 517 2210 572 est?
2236 534 2256 569 ι
2285 517 2380 572 Cui
2426 517 2711 587 respondet
2752 518 2965 580 humilis
3005 520 3186 590 gratia:
3226 522 3486 591 prmdicaa

1895 615 2014 662 tor:
2048 605 2168 660 Non
2202 609 2320 678 quia
2353 608 2520 662 idonei
2555 625 2726 665 sumus
2768 612 2990 681 cogitare
3011 613 3211 684 aliquid
3247 631 3279 668 a
3315 613 3480 684 nobis,

1892 700 2038 769 quasi
2069 716 2134 754 ra:
2169 699 2569 772 nobismetipsis;
2604 703 2695 757 sed
2735 704 3028 776 suﬁcientis
3064 717 3235 762 nostra
3275 725 3339 764 ea:
3375 707 3486 766 Deo

1894 799 1966 845 est
1991 791 2055 861 (ll
2083 790 2202 848 Cor.
2227 807 2307 858 ιιι,
2333 789 2411 866 5).
2445 791 2559 848 Νοιι
2585 795 2726 850 enim
2754 796 2846 864 ait,
2880 797 3039 853 Posse
3061 799 3331 870 cogitare;
3360 799 3476 868 sed,

1893 883 2129 952 cogitare.

1965 970 2190 1028 CAPUT
2227 971 2418 1028 XXVI.
2436 1004 2507 1015 —
2526 974 2617 1028 21.
2659 974 2817 1030 Istam
2842 977 2934 1032 Dei
2959 979 3179 1048 gratiam
3203 982 3256 1036 in
3283 982 3478 1039 divinis

1893 1063 2118 1133 eloquiis
2155 1064 2488 1120 manifestam
2535 1066 2694 1121 etiam
2723 1067 2965 1139 Pelagius
3009 1071 3287 1128 manifeste
3315 1072 3485 1128 fatea-

1897 1164 1998 1222 tur,
2031 1171 2195 1227 seque
2235 1158 2434 1213 tamdiu
2460 1168 2644 1214 contra
2674 1161 2906 1217 sensisse
2936 1177 3040 1217 non
3071 1166 3274 1235 operiat
3307 1168 3483 1238 impu-

1896 1249 2210 1305 dentissimo
2240 1251 2461 1320 pudore,
2504 1253 2600 1308 sed
2631 1253 2817 1308 dolore
2845 1255 3200 1310 saluberrimo
3242 1259 3442 1327 aperiat
3468 1278 3482 1323 ;

1897 1352 1955 1399 ut
1977 1353 2157 1400 sancta
2187 1345 2420 1400 Ecclesia
2450 1362 2554 1400 non
2596 1347 2840 1402 turbetur
2878 1349 3136 1417 pervicaci
3163 1348 3280 1419 ejus
3313 1351 3483 1405 obsti-

1897 1439 2130 1504 natione,
2157 1437 2251 1493 sed
2275 1440 2448 1494 veraci
2489 1441 2824 1497 correctione
2856 1441 3084 1496 laetetur.
3116 1439 3484 1512 Cognitioncm

1897 1539 1952 1585 et
1994 1530 2388 1595 dilectionem‘,
2431 1533 2567 1586 sicut
2608 1541 2734 1588 sunt
2769 1533 3142 1600 discernenda,
3188 1535 3522 1592 discernat.‘

1897 1619 2030 1687 Quia
2059 1621 2280 1676 scientia
2307 1620 2476 1686 inﬂat,
2517 1622 2750 1677 charitas
2785 1624 3012 1680 rediﬁcat
3039 1624 3082 1699 (I
3111 1623 3230 1682 Cor.
3255 1643 3369 1692 vut,
3409 1629 3484 1698 l).

1899 1708 1966 1764 Et
1993 1719 2115 1765 tunc
2147 1711 2367 1764 scientia
2398 1726 2506 1766 non
2536 1710 2702 1775 inﬂat,
2732 1715 2944 1782 quando
2978 1714 3211 1770 charitas
3236 1717 3484 1773 :ediilcat.

1901 1803 1965 1857 Et
1993 1819 2112 1858 cum
2150 1804 2222 1860 sit
2250 1812 2532 1874 utrumque
2557 1803 2756 1858 donum
2785 1806 2900 1872 Dei,
2947 1806 3042 1861 sed
3082 1823 3244 1861 unum
3289 1809 3486 1874 minus,

1899 1895 2124 1950 alterum
2157 1894 2350 1963 majus,
2379 1909 2483 1950 non
2511 1895 2626 1950 sic’
2646 1895 2904 1966 justitiam
2930 1906 3164 1951 nostram
3191 1913 3351 1967 super
3377 1900 3489 1951 Iau-

1899 1985 2019 2040 dem
2055 1986 2421 2056 justificatoris
2460 1988 2628 2042 nostri
2672 1988 2907 2053 extollat,
2954 1997 3009 2044 ut
3043 1988 3233 2044 bonum
3263 1990 3490 2045 duorum

1899 2076 2039 2146 quod
2067 2077 2238 2131 minus
2262 2087 2365 2144 est,
2395 2077 2576 2132 divino
2605 2078 2801 2133 tribuat
2827 2079 3113 2147 adjutorio,
3141 2080 3282 2150 quod
3314 2093 3490 2136 autem

1901 2168 2072 2236 majus
2091 2174 2192 2235 cst,
2215 2167 2450 2223 humano
2473 2179 2692 2240 usurpet
2718 2170 2958 2226 arbitrio.
2983 2171 3048 2225 Et
3068 2171 3111 2225 si
3137 2171 3488 2240 consenserit,

1902 2273 2000 2314 nos
2034 2261 2204 2330 gratia
2232 2260 2322 2314 Dei
2350 2262 2592 2332 accipere
2618 2261 2934 2318 cbaritatem
2958 2280 2992 2330 ;_
3015 2279 3121 2318 non
3158 2266 3234 2319 sic
3275 2267 3489 2333 sentiat,

1903 2360 2149 2423 tanquam
2181 2353 2284 2408 ulla
2323 2355 2509 2410 merita
2539 2355 2676 2410 bona
2719 2365 2895 2411 nostra
2927 2359 3318 2426 praecesserint.
3360 2358 3492 2412 Nam

1900 2459 2020 2512 qua:
2062 2444 2248 2498 merita
2290 2444 2428 2499 bona
2473 2453 2600 2502 tunc
2647 2448 2844 2503 habere
2887 2457 3215 2518 poteramus,
3269 2450 3484 2520 quando

1903 2534 2068 2588 Deum
2111 2548 2216 2588 non
2243 2533 2631 2605 diligebamus?
2664 2536 2730 2594 Ut
2774 2538 2916 2593 enim
2960 2540 3328 2610 acciperemus
3354 2542 3491 2596 dile-

1901 2627 2130 2680 ctionem
2171 2642 2275 2696 qua
2319 2627 2678 2698 diligercmus,
2727 2628 2907 2685 dilecti
2947 2645 3151 2696 sumus,
3203 2648 3323 2686 cum
3373 2648 3491 2687 eam

1902 2718 2136 2772 nondum
2168 2719 2505 2776 haberemus.
2543 2721 2657 2776 Iluc
2698 2723 2929 2778 Joannes
2960 2725 3230 2793 apostolus
3264 2717 3494 2794 apertis-

1901 2810 2036 2864 sime
2063 2809 2188 2864 dicit
2218 2827 2231 2863 :
2262 2807 2382 2864 Non
2414 2811 2548 2881 quod
2575 2827 2666 2866 nos
2691 2811 3016 2867 ditexcrintus
3043 2813 3230 2881 Deum,
3257 2814 3344 2868 sed
3370 2816 3491 2885 quia

1901 2900 2046 2972 ipse'
2065 2901 2242 2956 dilexit
2270 2918 2381 2957 nos.
2413 2903 2476 2957 Et
2501 2903 2627 2958 alibi
2657 2921 2670 2961 :
2700 2903 2808 2958 Nos
2842 2904 3133 2977 diligamus,
3165 2906 3352 2976 inquit,
3376 2906 3494 2976 quia

1901 2993 2009 3064 ipse
2045 2993 2186 3064 prior
2225 2993 2400 3048 dilexit
2442 3011 2535 3049 nos
2573 2994 2620 3065 (I
2652 2993 2809 3051 Joau.
2853 3012 2922 3059 tv,
2973 2997 3061 3063 10,
3115 2996 3226 3069 19).
3277 2996 3487 3068 Optime

1902 3085 2120 3140 omnino
2148 3095 2307 3156 atque
2337 3086 2635 3142 verissime.
2667 3087 2782 3142 Non
2823 3089 2964 3144 enim
3001 3088 3319 3145 haberemus
3350 3089 3493 3146 unde

1903 3175 2051 3230 illum
2077 3175 2443 3246 diligeremus,
2472 3177 2572 3231 nisi
2611 3177 2715 3232 hoc
2739 3179 2805 3232 ab
2827 3178 2938 3244 illo,
2969 3194 3090 3234 cum
3119 3181 3265 3250 prior
3293 3197 3390 3237 nos
3416 3183 3494 3236 di-

1903 3267 2109 3338 ligeret,
2136 3283 2488 3324 sumeremus.
2509 3269 2645 3337 Quid
2673 3278 2849 3326 autem
2882 3271 3004 3325 boui
3032 3269 3351 3340 faceremus,
3383 3274 3487 3329 nisi

1901 3359 2288 3430 diligeremus‘l
2329 3362 2437 3416 Aut
2473 3361 2742 3432 quomodo
2781 3363 2978 3418 bonum
3019 3379 3126 3419 non
3157 3364 3400 3431 facimus,
3446 3369 3492 3422 si

1901 3451 2219 3522 diligamus?
2237 3452 2348 3508 Etsi
2369 3453 2512 3508 enim
2535 3453 2626 3508 Dei
2651 3454 2954 3508 mandatum
2976 3454 3186 3510 videtur
3206 3456 3493 3528 aliquando

1902 3559 2008 3600 non
2053 3560 2082 3598 a
2123 3544 2527 3616 diligentibus‘,
2573 3545 2668 3602 sed
2711 3562 2742 3602 a
2774 3547 3080 3603 timentibus
3126 3549 3274 3615 fieri;
3315 3559 3492 3606 tamen

1904 3635 1992 3692 ubi
2021 3651 2126 3691 non
2163 3646 2246 3692 est
2280 3636 2518 3704 dilectio,
2562 3638 2763 3692 nullum
2791 3639 2987 3694 bonum
3015 3654 3150 3710 opus
3179 3641 3486 3711 imputatur,

1903 3741 2003 3783 nec
2040 3736 2187 3783 recte
2216 3727 2414 3784 bonum
2437 3743 2572 3798 opus
2595 3739 2818 3784 vocatur
2846 3748 2860 3786 :
2887 3731 3008 3801 quia
3035 3746 3193 3788 omne
3222 3731 3362 3802 quod
3386 3747 3491 3788 non

1902 3833 1966 3873 ex
2001 3818 2103 3874 ﬁde
2129 3829 2230 3886 est,
2254 3829 2526 3890 peccatum
2557 3830 2639 3876 est
2665 3820 2839 3893 (Rom.
2866 3837 2975 3890 xiv,
3003 3821 3130 3895 33);
3160 3833 3211 3879 et
3243 3823 3374 3880 fides
3398 3841 3493 3894 per

1902 3909 2234 3966 dilectionem
2276 3921 2527 3982 operatur
2564 3912 2758 3984 (Galat.
2785 3929 2840 3981 v,
2883 3913 2960 3986 6).
2991 3915 3070 3970 Ac
3108 3931 3203 3986 per
3233 3915 3336 3971 hoc
3362 3931 3490 3986 gra-

1905 4003 2028 4058 tiam
2074 4003 2192 4071 Dei,
2234 4019 2336 4075 qua
2371 4005 2602 4061 charitas
2645 4005 2739 4060 Dei
2783 4005 3094 4062 diﬂ’unditnr
3137 4008 3190 4063 in
3234 4008 3488 4064 cordibus

1903 4096 2098 4150 uestris
2152 4111 2246 4165 per
2288 4094 2543 4166 Spiritum
2587 4105 2830 4153 sanctum
2872 4096 2963 4168 qui
3007 4097 3164 4154 datus
3205 4107 3287 4156 est
3331 4099 3491 4156 nobis

1907 4188 2079 4258 (Rom.
2112 4204 2166 4254 v,
2193 4189 2273 4258 5),
2303 4188 2381 4244 sic
2423 4190 2738 4245 confiteatur
2775 4190 2863 4260 qui
2891 4190 3005 4246 vult
3032 4192 3292 4247 veraciter
3319 4192 3492 4248 confl-

1903 4279 2024 4343 tcri,
2057 4287 2114 4333 ut
2156 4279 2375 4333 omnino
2405 4280 2534 4335 nihil
2567 4280 2690 4336 boni
2737 4282 2856 4338 sine
2885 4281 2994 4347 illa,
3043 4283 3185 4352 quod
3213 4282 3280 4336 ad
3317 4283 3490 4353 pieta-

1903 4379 2008 4425 tem
2034 4371 2262 4441 pertinct
2287 4385 2572 4442 veramque
2595 4372 2877 4443 justitiam,
2911 4372 3025 4428 fieri
3064 4388 3224 4444 posse
3255 4390 3362 4430 non
3391 4375 3491 4430 du—

1902 4464 2052 4520 bitct.
2092 4463 2208 4519 Non
2233 4463 2500 4535 quomodo
2527 4463 2651 4533 iste,
2685 4464 2924 4535 quicum
2962 4464 3109 4530 dicit,
3153 4485 3172 4518 ¢
3207 4475 3487 4536 propterea

1899 4555 2015 4612 dari
2039 4555 2284 4628 gratiam,
2318 4564 2376 4611 ut
2399 4555 2539 4626 quod
2585 4570 2616 4611 a
2655 4555 2766 4611 Deo
2793 4555 3122 4626 prtecipitur,
3148 4555 3353 4612 facilius
3389 4557 3490 4613 im-

1901 4649 2130 4720 pleatur,
2165 4666 2184 4702 ι
2219 4647 2346 4719 quid
2381 4647 2448 4704 de
2477 4647 2565 4702 illa
2595 4647 2785 4703 sentiat
2809 4646 2942 4702 satis
2969 4647 3222 4714 ostendit,
3254 4648 3484 4714 scilicet,

1899 4738 2039 4810 quod
2069 4738 2229 4794 etiam
2271 4739 2389 4795 sine
2429 4737 2542 4803 illa,
2574 4737 2674 4793 etsi
2717 4737 2892 4794 minus
2923 4735 3100 4804 facile,
3146 4737 3259 4794 fieri
3303 4746 3480 4795 tamen

1899 4831 2040 4902 quod
2065 4831 2316 4886 divinitus
2343 4829 2666 4901 prmcipitur,
2698 4837 2895 4899 potest.
3535 4859 3539 4864 ο

1969 4921 2197 4979 CAPUT
2236 4920 2449 4979 XXVII.
2475 4920 2661 4978 ~28.
2703 4920 2760 4976 In
2801 4921 2941 4977 libro
2981 4921 3179 4993 quippe
3214 4922 3283 4978 ad
3327 4923 3490 4994 virgi-

1901 5029 2022 5069 nem
2043 5028 2271 5081 sacram,
2297 5013 2438 5084 quod
2465 5020 2522 5069 et
2539 5027 2697 5084 supra
2719 5014 3157 5080 commemoravi,
3184 5028 3305 5068 cum
3333 5013 3487 5080 dicit,

1904 5125 1923 5160 ι
1953 5108 2195 5163 Divinam
2249 5121 2550 5162 mereamur
2601 5107 2846 5178 gratiam,
2898 5115 2954 5162 et
2996 5104 3201 5161 facilius
3257 5119 3487 5175 nequam

1898 5200 2125 5270 spiritui,
2155 5199 2324 5254 sancti
2363 5198 2596 5268 Spiritus
2633 5199 2850 5266 auxilio,
2885 5199 3235 5263 resistamus;
3271 5217 3290 5250 ι
3319 5198 3489 5266 signi-

1901 5292 2022 5347 ficat
2047 5290 2286 5360 profecto
2312 5289 2436 5359 quid
2480 5291 2670 5358 sapiat.
2713 5289 2910 5360 thuid
2954 5292 3098 5345 enim
3127 5291 3228 5343 hoc
3263 5287 3485 5342 verbum

1899 5382 2234 5454 interposuit,
2267 5381 2319 5436 id
2346 5390 2447 5446 est,
2488 5401 2506 5434 ι
2535 5380 2782 5436 facilius?
2817 5400 2835 5432 ι
2872 5383 2952 5436 An
2981 5395 3111 5437 vero
3137 5395 3240 5433 non
3271 5387 3384 5432 crat
3415 5378 3486 5431 in-

1962 5561 1977 5592 ί
2001 5559 2136 5620 aditi,
2153 5556 2493 5621 Cogitationem
2510 5564 2556 5610 et
2576 5555 2867 5611 electionem.
2886 5558 3184 5619 Castigantur
3193 5559 3486 5605 auctoritate

1896 5623 2381 5689 manuscriptorum.__
2551 5682 2562 5689 _
2739 5687 2749 5689 μ
2764 5688 2772 5689 7
2896 5678 2907 5689 .

1961 5685 1980 5749 ξ
1998 5681 2258 5749 Editi,'hitj.
2279 5681 2446 5749 t}teli_u_s_
2463 5682 2717 5749 Vaticanus
2738 5687 2844 5749 Μδ.Σ
2865 5681 2951 5729 sic.

1961 5745 1982 5776 ³
2000 5744 2082 5792 ttic
2103 5737 2152 5793 in
2178 5744 2322 5806 editis
2339 5744 2542 5803 additur,
2569 5740 2703 5806 prior
2725 5754 2742 5792 :
2759 5737 2848 5792 sed
2871 5756 2899 5790 a
2919 5737 3254 5802 manuscriptls
3269 5745 3322 5789 et
3337 5737 3398 5788 ab
3415 5749 3480 5789 eo

1899 5805 2005 5854 loco
2026 5805 2219 5853 Joannis
2240 5807 2396 5854 abest.

1963 5865 1984 5897 δ
2007 5867 2373 5928 tygirannensis
2398 5873 2498 5924 us.,
2525 5879 2553 5914 a
2575 5877 2666 5914 non
2689 5860 3014 5925 diligentibus.
