3996 6548
422 421 529 477 ὃἹὸ

425 547 573 608 teger
612 548 802 592 sensus
850 551 868 585 ι
905 541 962 587 ιιι
1014 545 1241 608 nequam
1281 528 1512 599 Spiritui,
1568 527 1737 582 sancti
1785 525 2016 595 Spiritus

423 605 642 695 auxilio,
672 623 1017 683 resistamus?
1046 641 1066 675 ι
1096 605 1203 678 sed
1227 629 1484 692 quantum
1509 618 1884 674 detrimentum
1917 616 2018 671 hoc

429 721 798 776 additamenta
817 715 1022 782 fecerit,
1037 712 1157 785 quis
1173 729 1277 768 non
1305 711 1602 782 intelligat?
1623 710 1816 764 \‘olens
1838 709 2017 778 utique

424 811 595 876 credi,
627 816 800 864 tantas
825 821 946 863 esse
973 815 1180 860 naturae
1207 804 1372 869 vires,
1402 815 1537 874 quas
1559 801 1863 857 extollendo
1892 814 2018 870 prae-

425 901 630 971 cipitat,
661 909 718 954 ut
743 899 902 954 etiam
933 897 1051 951 sine
1083 895 1283 950 auxilio
1307 893 1538 964 Spiritus
1567 892 1757 957 sancti,
1791 891 1891 946 etsi
1919 891 2018 945 mi-

424 1009 524 1049 nus
552 990 728 1057 facile,
760 1001 935 1048 tamen
963 989 1144 1060 aliquo
1173 987 1331 1044 modo
1376 1000 1602 1057 nequam
1644 984 1850 1056 spiritui
1881 984 2015 1039 resi-

422 1097 612 1143 Stilllll‘.

493 1179 719 1238 CAPUT
760 1179 996 1236 XXVIII.
1029 1179 1208 1234 —29.
1253 1178 1384 1232 Item
1425 1177 1474 1229 in
1526 1174 1697 1245 primo
1745 1171 1882 1226 libro
1920 1185 2017 1239 pro

423 1273 618 1330 Libero
648 1273 922 1329 Arbitrio:
957 1292 976 1325 ι
1007 1271 1139 1327 Cum
1185 1279 1364 1325 autem
1407 1279 1513 1324 tam
1556 1267 1713 1332 forte,
1747 1284 1766 1316 ι
1822 1263 2012 1334 inquit,

428 1385 446 1416 ι
489 1375 594 1420 tam
644 1367 855 1422 firmum
899 1365 965 1419 ad
999 1380 1103 1419 non
1132 1361 1460 1433 peccandum
1508 1360 1735 1414 liberum
1776 1373 1830 1411 in
1862 1355 2018 1410 nobis

428 1458 722 1513 habeamus
745 1457 1046 1524 arbitrium,
1078 1454 1219 1525 quod
1246 1451 1566 1525 generaliter
1594 1438 1799 1504 natura:
1825 1448 2015 1502 huma-

425 1564 510 1604 na:
532 1550 754 1605 Creator
782 1548 1027 1613 inseruit,
1060 1560 1246 1602 rursus
1276 1560 1372 1615 pro
1399 1541 1755 1598 inaestimabili
1777 1539 1892 1611 ejus
1922 1540 2017 1594 be«

429 1641 710 1712 nignitate,
738 1639 1050 1711 quotidiano
1076 1639 1242 1709 ipsius
1273 1636 1546 1690 munimur
1571 1633 1793 1688 auxilio.
1828 1650 1848 1684 ι
1881 1630 2017 1699 Quid

425 1747 562 1802 opus
583 1731 788 1787 esthoc
811 1731 1032 1793 auxilio,
1071 1730 1114 1783 si
1145 1738 1251 1783 tam
1278 1726 1436 1790 forte,
1466 1733 1573 1779 tam
1601 1724 1814 1778 firmum
1847 1722 2016 1778 estad

423 1839 531 1878 non
578 1821 909 1893 peccandum
954 1819 1183 1875 liberum
1230 1816 1548 1872 arbitrium?
1586 1815 1692 1871 Sed
1733 1815 1891 1870 etiam
1933 1813 2020 1869 hic

427 1918 541 1972 vult
562 1916 805 1988 intelligi,
825 1915 894 1971 ad
925 1915 1025 1969 hoc
1049 1928 1172 1969 esse
1196 1911 1473 1975 auxilium,
1494 1918 1548 1964 ut
1575 1908 1784 1964 facilius
1812 1908 1900 1962 fiat
1926 1922 2020 1976 per

427 2011 678 2080 gratiam,
709 2007 850 2079 quod
895 2008 993 2062 etsi
1045 2007 1219 2060 minus
1265 2002 1442 2068 facile,
1493 2013 1669 2058 tamen
1712 2010 1862 2072 putat
1905 1999 2018 2054 fieri

427 2109 622 2170 przeter
647 2101 892 2170 gratiam.

496 2193 724 2250 CAPUT
765 2192 962 2249 XXIX.
995 2223 1062 2233 —
1093 2191 1182 2248 50.
1225 2191 1354 2247 ltcm
1408 2191 1459 2245 in
1499 2188 1688 2244 eodem
1736 2187 1872 2242 libro
1915 2186 2020 2239 alio

424 2288 544 2343 loco
575 2306 586 2342 :
623 2306 640 2339 ι
674 2287 743 2344 Ut
769 2287 909 2358 quod
950 2303 1045 2358 per
1069 2287 1318 2351 liberum,
1350 2304 1370 2338 ι
1403 2285 1591 2355 inquit,
1621 2303 1640 2336 ι
1670 2283 1914 2337 homines
1943 2282 2020 2334 fa-

423 2396 547 2435 cere
569 2380 825 2449 jnbentur
854 2379 1156 2445 arbitrium,
1187 2378 1394 2434 facilius
1424 2377 1631 2449 possint
1671 2375 1894 2446 implere
1929 2390 2022 2444 per

415 2475 667 2544 gratiam.
702 2495 720 2527 ι
763 2474 912 2529 Tolle
959 2490 978 2524 ι
1007 2471 1239 2538 facilius,
1271 2490 1290 2523 ν
1343 2481 1398 2525 et
1443 2485 1548 2524 non
1593 2468 1767 2524 solum
1805 2468 2017 2539 plenus,

423 2582 608 2622 verum
652 2568 812 2622 etiam
853 2582 1015 2621 sanus
1055 2575 1137 2620 est
1182 2579 1392 2630 sensus,
1430 2563 1475 2617 si
1521 2562 1592 2617 ita
1637 2561 1866 2627 dicatur,
1900 2577 1919 2612 ι
1953 2559 2023 2616 Ut

423 2658 564 2728 quod
594 2673 688 2726 per
710 2657 935 2713 liberum
968 2657 1211 2712 homines
1240 2654 1417 2710 facere
1439 2653 1698 2725 juhentnr
1716 2653 2018 2718 arbitrium,

427 2749 632 2816 possint
660 2749 879 2819 implere
906 2763 1002 2819 per
1019 2748 1265 2817 gratiam.
1298 2763 1317 2796 ι
1349 2744 1480 2800 Cum
1506 2753 1684 2800 autem
1717 2761 1736 2794 ι
1768 2741 1974 2797 facilius
1997 2761 2014 2793 ι

424 2839 660 2906 additur,
691 2839 1001 2910 adimpletio
1028 2823 1360 2906 boni-operis
1384 2835 1545 2890 etiam
1584 2835 1703 2888 sine
1732 2834 1825 2888 Dei
1851 2833 2020 2902 gratia

431 2950 589 3003 posse
642 2935 776 3001 fieri,
835 2934 992 2988 tacita
1044 2929 1429 3002 significatione
1473 2928 1793 2998 suggeritur.
1850 2926 2021 2994 Quem

425 3041 642 3081 sensum
687 3025 960 3096 redarguit
987 3024 1076 3095 qui
1116 3021 1265 3088 dicit,
1296 3019 1422 3076 Sine
1447 3035 1524 3074 me
1552 3018 1681 3072 nihil
1707 3017 1911 3089 potestis
1934 3021 2018 3089 fa-

425 3133 537 3170 cere
567 3115 748 3185 (Jonn.
781 3132 872 3180 xv,
904 3115 982 3186 5).
1229 3105 1235 3108 Α

495 3207 723 3265 CAPUT
764 3208 932 3264 XXX.
955 3238 1027 3249 -—-
1051 3209 1139 3264 5|.
1165 3206 1432 3263 Einendet
1455 3208 1569 3261 lucc
1588 3205 1788 3272 omnia,
1813 3218 1878 3260 ne
1899 3203 1942 3258 si
1967 3203 2018 3256 in

428 3315 606 3356 rerum
635 3315 942 3371 magnarum
984 3299 1342 3370 profunditate
1373 3299 1604 3354 humana
1637 3297 1838 3353 erravit
1866 3296 2022 3350 infir-

426 3401 604 3466 initas,
637 3399 795 3456 etiam
824 3398 1085 3455 diabolica
1116 3397 1238 3454 huic
1272 3399 1490 3454 accedat
1529 3396 1722 3463 errori,
1755 3395 1836 3448 vel
1865 3394 2018 3448 falla-
2058 3467 2063 3471 _

426 3494 531 3560 cia,
567 3494 653 3550 vel
693 3493 1026 3560 animositas,
1068 3493 1182 3547 sive
1222 3491 1467 3562 negando
1493 3489 1634 3560 quod
1681 3487 1868 3555 sensit,
1909 3487 2022 3540 sive

430 3585 770 3642 defendendo
798 3586 939 3656 quod
982 3600 1261 3655 perperam
1302 3585 1490 3646 sensit,
1537 3597 1658 3638 cum
1707 3581 1758 3635 id
1808 3595 1867 3634 se
1915 3596 2019 3634 non

335 3679 340 3684 ’
423 3679 675 3735 debuisse
700 3679 899 3734 sentire
922 3685 1339 3734 commemorata
1367 3675 1649 3746 perspicua
1681 3673 1905 3728 veritate
1925 3687 2020 3726 co-

427 3774 691 3842 gnoverit.
735 3771 894 3828 Istam
921 3772 1118 3844 quippe
1153 3770 1381 3840 gratiam
1425 3783 1527 3839 qua
1548 3765 1922 3838 justificamur,
1968 3765 2018 3819 id

430 3874 537 3928 est,
569 3880 671 3935 qua
701 3865 934 3920 charitas
981 3864 1076 3920 Dei
1107 3862 1421 3918 diffunditur
1450 3862 1502 3916 in
1531 3859 1783 3916 cordibus
1823 3859 2020 3912 nostris

428 3973 526 4025 per
552 3955 813 4025 Spiritum
838 3964 1078 4011 sanctum
1116 3955 1204 4024 qui
1230 3953 1384 4008 datus
1413 3961 1496 4008 est
1528 3951 1701 4017 nobis,
1742 3949 1793 4004 in
1823 3949 2018 4019 Pelagii

427 4058 482 4103 et
521 4048 762 4104 (lmlcstii
801 4048 1036 4118 scriptis,
1079 4061 1430 4118 quaecumque
1467 4045 1645 4116 legere
1693 4043 1855 4114 potui,
1892 4059 2019 4098 nus-

425 4154 585 4208 quam
607 4153 701 4194 eos
727 4139 928 4205 inveni,
960 4137 1412 4209 quemadmodum
1439 4137 1736 4192 confitenda
1765 4144 1864 4198 est,
1890 4151 2020 4190 con-

426 4231 586 4286 litori.
615 4230 843 4287 Prorsus
866 4246 1124 4301 nusquam
1151 4244 1245 4285 eos
1269 4229 1497 4294 adverti,
1526 4229 1664 4283 sicut
1693 4227 2017 4296 agnoscendi

426 4332 573 4390 sunt,
605 4338 898 4395 agnoscere
941 4325 1077 4377 filios
1116 4322 1505 4393 promissionis,
1552 4321 1619 4375 de
1659 4321 1850 4389 quibus
1888 4318 2020 4374 dicit

425 4415 737 4484 Apostolus,
774 4414 892 4468 Non
922 4415 958 4468 ii
983 4414 1070 4486 qui
1094 4414 1192 4483 ﬁlii
1229 4414 1418 4480 carnis,
1449 4414 1499 4465 lii
1527 4412 1622 4480 ﬁlii
1653 4409 1784 4474 Dei;
1813 4410 1903 4464 sed
1923 4410 2019 4479 ﬁlii

428 4508 777 4576 promissionis
804 4507 1112 4578 deputantur
1142 4507 1195 4560 in
1234 4523 1401 4561 semen
1447 4504 1620 4576 (Rom.
1642 4515 1730 4567 1x,
1755 4504 1832 4576 8).
1864 4503 2016 4570 Quod

428 4599 572 4653 enim
599 4600 863 4669 promittit
897 4600 1058 4665 Deus,
1096 4614 1200 4654 non
1233 4599 1454 4654 facimus
1495 4612 1591 4652 nos
1622 4612 1715 4666 per
1741 4596 2015 4652 arbitrium

426 4703 521 4744 seu
545 4698 813 4755 naturam,
839 4689 932 4744 sed
963 4688 1087 4743 facit
1117 4689 1230 4759 ipse
1263 4703 1356 4759 per
1382 4687 1628 4758 gratiam.

497 4781 586 4836 32.
615 4779 748 4835 Nam
779 4790 834 4834 ut
859 4780 926 4835 de
964 4778 1196 4836 Ctelestii
1232 4777 1501 4849 opusculis
1536 4775 1748 4831 interim
1779 4785 1978 4830 taceam
1998 4819 2013 4844 ,

428 4875 510 4928 vel
530 4873 721 4928 libellis
733 4871 869 4942 ejus,
883 4886 1016 4942 quos
1032 4871 1246 4941 judieiis
1267 4868 1643 4926 ecclesiasticis
1658 4867 1904 4938 allegavit
1917 4865 2012 4940 (a),

428 4983 551 5036 qua:
589 4965 738 5020 vobis
764 4966 973 5028 omnia,
999 4979 1120 5019 cum
1149 4962 1268 5016 aliis
1312 4975 1444 5032 quas
1469 4959 1798 5015 necessarias
1837 4959 2018 5014 existi—

430 5060 694 5114 mavimus
722 5058 912 5113 litteris
935 5099 948 5122 ,
981 5054 1234 5111 mittenda
1260 5055 1562 5109 curavimus
1584 5094 1598 5118 ,
1628 5052 1821 5122 quibus
1841 5053 2017 5106 omni-

429 5154 529 5208 bus
552 5151 836 5222 diligenter
874 5149 1156 5220 inspectis,
1187 5147 1402 5218 possitis
1427 5147 1736 5210 advertere,
1762 5159 1866 5198 non
1896 5158 2017 5197 eum

430 5259 630 5314 ponere
660 5243 747 5296 Dei
769 5241 1015 5313 gratiam,
1039 5255 1140 5311 qua
1163 5241 1434 5312 juvamnr,
1460 5239 1541 5294 vel
1557 5237 1623 5292 ad
1646 5235 2017 5292 declinandum

430 5354 460 5389 a
488 5337 649 5403 malo,
677 5334 762 5390 vel
782 5335 848 5390 ad
874 5332 1173 5390 faciendmn
1200 5335 1418 5401 bonum,
1445 5342 1641 5403 praeter
1669 5330 1909 5386 naturale
1927 5343 2017 5382 ar-

499 5535 573 5598 (a)
604 5532 836 5598 Libellum
856 5535 1189 5598 Romaaggestis
1204 5531 1556 5598 ecclesiasticis
1591 5527 1878 5598 a_Co:lestio
1898 5526 2019 5598 alle-

429 5591 594 5657 gat'uin
615 5597 731 5646 dlcit
749 5603 943 5645 rursum
959 5591 1079 5645 iufFa
1098 5631 1112 5654 ,
1135 5608 1183 5644 n.
1204 5593 1283 5657 36.
1310 5594 1434 5657 etin
1460 5592 1582 5657 libro
1611 5592 1676 5657 de
1699 5596 1897 5657 peccati)
1919 5591 2018 5638 ori-

433 5649 578 5719 ginali
595 5693 610 5715 ,
635 5673 718 5707 nn.
743 5657 792 5718 2,
813 5659 861 5719 5,
889 5666 984 5708 etc.
1010 5649 1151 5719 Gesta
1175 5656 1256 5705 illa
1277 5653 1532 5719 leestio,
1560 5661 1614 5702 ut
1637 5654 1685 5702 in
1709 5650 1833 5700 libro
1850 5649 1882 5699 2
1903 5663 2017 5719 con-

429 5715 502 5768 ira
526 5720 646 5770 duas
683 5715 914 5781 Epistolas
945 5717 1306 5781 Pelagianorum
1323 5751 1337 5775 ,
1363 5729 1413 5764 η.
1435 5717 1487 5781 5,
1507 5722 1714 5764 testatur
1725 5749 1752 5781 ,_
1774 5718 2018 5781 praesente

431 5789 485 5831 et
503 5773 838 5837 restiond'ente
859 5773 1086 5830 confecta
1101 5786 1214 5828 sunt
1231 5773 1331 5828 sub
1345 5773 1530 5826 usitno
1553 5789 1679 5826 anno
1708 5773 1876 5826 Christi
1903 5773 2014 5824 417.

433 5843 736 5906 Vidensimi
760 5842 946 5892 litteras
971 5844 1107 5904 infra,
1135 5840 1345 5905 Append.
1376 5848 1512 5904 parte
1537 5838 1584 5888 ‘2.

1651 412 1706 468 S.
1751 415 1788 466 Α
1801 409 2114 470 υιλυδτικι
2163 410 2484 467 El’iSCOPl.

3612 419 3720 475 376

2129 527 2344 581 hitrium
2375 527 2679 589 voluntatis,
2711 525 2812 581 nisi
2841 528 2893 581 in
2928 526 3044 598 lege
3067 535 3228 598 atque
3252 528 3490 586 doetrina
3517 550 3532 600 ;
3564 537 3631 588 ιω
3659 547 3719 592 ιιι

2126 623 2268 690 ipsas
2289 636 2504 691 quoque
2524 621 2792 676 orationes
2821 619 2887 675 ad
2924 619 3026 675 hoc
3049 632 3252 678 asserat
3281 627 3632 690 necessarias.
3660 640 3722 683 ut

2124 713 2437 768 ostendatur
2479 712 2681 768 homini
2725 713 2849 783 quid
2895 715 3236 785 concupiscat
3287 725 3344 771 et
3385 717 3616 788 diligat:
3660 729 3721 776 ut

2124 823 2250 877 ergo
2295 807 2408 862 lizrc
2451 808 2662 862 interim
2693 807 2933 861 omittam
2956 848 2970 872 ,
2998 824 3189 879 nempe
3221 811 3333 880 ipse
3367 811 3613 882 Pelagius
3661 822 3722 868 et

2129 898 2330 952 litteras
2373 914 2540 968 nuper
2585 907 2640 953 et
2679 899 2915 954 libellum
2965 899 3185 954 Romam
3224 903 3343 956 fidei
3391 918 3504 958 suae
3546 905 3716 972 misit,

2123 988 2363 1043 scribens
2401 989 2469 1044 ad
2525 990 2694 1045 beatae
2741 992 3014 1046 memoriae
3075 1007 3261 1062 papam
3308 993 3718 1060 Innocentium,

2123 1096 2281 1151 quem
2323 1081 2628 1136 defunctum
2664 1097 2784 1138 esse
2830 1082 3120 1138 nesciebat.
3151 1084 3204 1138 In
3247 1084 3328 1139 his
3365 1101 3492 1152 ergo
3523 1087 3720 1142 litteris

2121 1171 2272 1239 dicit,
2309 1191 2328 1225 ι
2353 1174 2480 1229 Esse
2509 1173 2576 1228 de
2598 1174 2789 1245 quibus
2813 1190 2934 1229 eum
2960 1175 3202 1231 homines
3229 1176 3484 1233 infamare
3505 1193 3719 1232 conan-

2124 1276 2209 1320 tur
2235 1285 2248 1320 :
2283 1282 2443 1320 unum
2466 1308 2480 1331 ,
2515 1267 2654 1337 quod
2685 1279 2840 1338 neget
2868 1268 3099 1335 parvulis
3124 1268 3377 1338 Baptismi
3403 1285 3718 1326 sacramen-

2124 1365 2256 1422 tmn,
2282 1365 2336 1411 et
2375 1357 2575 1426 absque
2614 1359 2982 1428 redemptione
3019 1358 3218 1414 Christi
3255 1359 3522 1431 aliquibus
3545 1363 3719 1417 cmic-

2122 1465 2239 1503 rnm
2286 1465 2446 1520 regna
2493 1451 2793 1517 promittat;
2841 1452 3024 1519 aliud,
3072 1453 3213 1524 quod
3238 1454 3304 1508 ita
3358 1455 3501 1510 dicat
3551 1470 3718 1528 posse

2123 1541 2393 1596 hominem
2421 1540 2589 1597 vitare
2617 1551 2888 1611 peccatum
2911 1584 2925 1608 ,
2950 1553 3007 1598 ut
3033 1544 3123 1599 Dei
3153 1545 3396 1600 excludat
3421 1548 3670 1601 auxilium
3695 1589 3715 1617 ,

2123 1644 2176 1691 et
2205 1635 2257 1690 in
2283 1644 2485 1690 tantum
2511 1636 2678 1692 libero
2704 1636 2938 1692 confidat
2967 1637 3187 1692 arbitrio
3209 1680 3223 1704 ,
3258 1648 3311 1692 ut
3334 1640 3517 1709 gratia:
3547 1656 3717 1710 repu-

2123 1728 2232 1784 diet
2273 1729 2616 1799 adjutorinm.
2647 1748 2667 1782 ι
2717 1730 2822 1786 Sed
2869 1731 2936 1786 de
2995 1731 3266 1801 Baptismo
3331 1733 3712 1802 parvulorum,

2124 1822 2364 1892 quamvis
2405 1824 2484 1878 eis
2506 1822 2737 1879 dandum
2783 1839 2902 1879 esse
2935 1825 3229 1887 concedat,
3263 1841 3420 1896 quam
3462 1842 3718 1896 perverse

2123 1913 2306 1968 contra
2343 1913 2498 1969 fidem
2527 1913 2870 1969 ehristianam
2911 1924 2964 1970 et
2989 1915 3303 1970 catholicam
3346 1919 3538 1971 sentiat
3566 1918 3710 1972 veri.

2126 2015 2283 2062 tatem
2310 2048 2325 2073 ,
2352 2023 2454 2061 non
2488 2008 2573 2064 hic
2617 2008 2765 2064 locus
2801 2016 2885 2064 est
2915 2017 2970 2062 ut
2996 2008 3300 2080 diligentius
3341 2011 3664 2066 disseramus
3695 2029 3714 2067 :

2126 2116 2265 2155 mine
2287 2103 2428 2156 enim
2456 2101 2524 2158 de
2556 2101 2821 2171 adjutorio
2855 2103 3039 2172 gratiae
3062 2103 3201 2172 quod
3234 2103 3556 2158 instituimus
3588 2119 3719 2174 per-

2130 2193 2390 2263 agendum
2423 2204 2523 2249 est.
2552 2195 2702 2249 linde
2730 2195 2793 2249 ad
2819 2195 2868 2250 id
2893 2195 3030 2264 quod
3070 2197 3344 2265 pr0posuit
3364 2238 3376 2259 ,
3398 2196 3522 2267 quid
3549 2197 3715 2251 etiam

2127 2285 2249 2339 hinc
2287 2286 2608 2356 respondeat
2650 2286 2942 2341 videamus.
2987 2285 3054 2343 Ut
3079 2288 3219 2341 enim
3259 2288 3568 2342 omittamus
3595 2287 3719 2358 ejus

2127 2377 2416 2433 invidiosas
2437 2378 2504 2433 de
2527 2378 2637 2432 suis
2665 2378 2895 2434 inimicis
2923 2379 3167 2451 querelas
3191 2421 3205 2447 ,
3231 2379 3316 2435 ubi
3342 2380 3409 2435 ad
3436 2395 3548 2436 rem
3577 2397 3720 2436 vcn-

2129 2477 2238 2523 tum
2268 2479 2370 2532 est,
2394 2470 2463 2525 ita
2495 2471 2702 2527 locutus
2728 2481 2828 2527 est.

2196 2563 2426 2619 CAPUT
2467 2563 2755 2620 XXXl.—
2793 2567 2882 2622 55.
2937 2585 2956 2617 ο
2985 2565 3158 2632 Ecce,
3198 2585 3216 2619 ι
3254 2567 3452 2638 inquit,
3503 2588 3522 2621 ι
3571 2569 3718 2639 apud

2126 2655 2511 2712 Bealitudinem
2542 2669 2682 2712 tuam
2723 2645 2945 2728 epistola
2997 2660 3094 2715 ista
3136 2677 3222 2717 me
3266 2672 3484 2734 purget,
3528 2662 3721 2734 inqua

2126 2763 2256 2818 pure
2283 2757 2442 2819 atque
2477 2749 2790 2819 simpliciter
2813 2750 2878 2804 ad
2912 2751 3235 2821 peccandum
3268 2765 3322 2808 ct
3348 2755 3414 2807 ad
3441 2771 3546 2808 non
3587 2771 3723 2824 pec-

2125 2840 2352 2895 candum
2381 2841 2640 2912 integrum
2672 2842 2896 2897 liberum
2922 2843 3201 2899 arbitrium
3233 2843 3430 2902 habere
3453 2861 3550 2901 nos
3575 2846 3718 2902 dici-

2125 2948 2261 2998 mus,
2294 2933 2434 3004 quod
2464 2935 2512 2988 in
2534 2935 2780 2991 omnibus
2809 2936 2961 2992 bonis
2996 2937 3247 3007 operibus
3288 2938 3465 2994 divino
3491 2938 3720 3010 adjuva-

2127 3034 2211 3080 tur
2246 3041 2459 3098 seraper
2494 3027 2708 3082 auxilio.
2743 3046 2762 3080 ›
2795 3025 3025 3082 Cernitis
3069 3028 3245 3099 itaque
3267 3071 3283 3096 ,
3315 3046 3408 3099 pro
3443 3031 3718 3086 intellectu

2125 3135 2282 3192 quem
2313 3119 2463 3174 vobis
2486 3119 2744 3175 Dominus
2771 3119 2938 3188 dedit,
2970 3120 3084 3176 btec
3111 3121 3228 3190 ejus
3259 3123 3416 3177 verba
3442 3122 3719 3178 solvenda:

2126 3227 2231 3267 non
2255 3211 2498 3267 sufficere
2520 3209 2821 3281 qumslitzni.
2851 3211 3152 3280 Quaerimus
3178 3212 3320 3267 enim
3362 3212 3572 3279 adhuc,
3603 3229 3721 3284 quo

2125 3304 2322 3359 auxilio
2342 3303 2567 3359 liberum
2587 3303 2822 3374 adjuvari
2844 3305 2986 3360 dicat
3008 3305 3305 3372 arbitrium,
3330 3320 3396 3361 ne
3427 3303 3585 3373 forte,
3608 3307 3721 3362 sic-

2127 3408 2184 3452 ut
2227 3399 2400 3465 solet,
2444 3397 2568 3451 velit
2615 3397 2833 3467 intelligi
2876 3398 3042 3468 legem
3087 3406 3246 3468 atque
3295 3397 3612 3452 doctrinam.
3654 3399 3717 3454 Si

2125 3493 2265 3546 enim
2295 3506 2502 3561 quaeras
2528 3505 2623 3545 cur
2643 3490 2859 3557 dixerit,
2891 3507 3120 3560 semper;
3146 3491 3336 3559 poterit
3360 3490 3715 3560 respondere,

2124 3587 2256 3654 Quia
2283 3585 2480 3638 dictum
2507 3593 2606 3647 est,
2636 3583 2699 3636 Et
2729 3583 2778 3636 in
2805 3583 2910 3654 lege
2935 3583 3044 3653 ejus
3072 3583 3392 3638 meditabitur
3419 3583 3500 3636 die
3526 3599 3587 3635 ac
3610 3599 3717 3638 no-

2123 3689 2200 3732 cle
2230 3676 2398 3750 (Psat.
2433 3693 2470 3742 ι,
2498 3675 2574 3748 2).
2612 3675 2811 3732 Deinde
2855 3690 2974 3730 cum
3011 3675 3077 3729 dc
3120 3674 3352 3730 hominis
3379 3673 3712 3742 conditione,

2124 3779 2177 3824 et
2199 3769 2263 3824 ad
2294 3769 2620 3840 peccandum
2656 3775 2813 3836 atque
2838 3781 2943 3820 non
2976 3765 3304 3836 peccandum
3335 3765 3563 3819 naturali
3591 3764 3719 3835 ejus

2126 3860 2477 3932 possibilitate
2506 3857 2747 3928 quaedam
2776 3855 3198 3932 interposuissct,
3227 3853 3673 3924 adjunxitdicens
3697 3873 3713 3910 :

2131 3930 2149 4004 ξ
2178 3952 2346 4019 Quam
2373 3950 2523 4005 liberi
2554 3947 2761 4003 arbitrii
2785 3930 3100 4017 potestatem
3131 3945 3356 4000 dicimus
3381 3944 3431 3999 in
3460 3944 3717 4000 omnibus

2124 4057 2243 4097 esse
2262 4039 2602 4112 generaliter,
2636 4040 2686 4093 in
2718 4037 3054 4105 Christianis,
3088 4035 3308 4102 ludatis,
3335 4046 3493 4106 atque
3520 4035 3717 4091 Genti-

2125 4134 2280 4188 libus.
2311 4133 2364 4187 In
2394 4131 2640 4187 eninibus
2670 4139 2750 4184 est
2771 4129 2995 4185 liberum
3023 4127 3298 4183 arbitrium
3321 4127 3594 4196 aequaliter
3615 4140 3719 4195 per

2124 4237 2398 4290 naturam,
2435 4222 2527 4278 sed
2570 4223 2622 4276 in
2662 4221 2792 4276 solis
2821 4219 3138 4276 Christianis
3166 4216 3384 4289 juvatur
3408 4233 3436 4272 a
3461 4219 3654 4289 gratia.
3687 4235 3709 4270 ι

2122 4317 2320 4371 lterum
2361 4315 2652 4387 qumrimus
2688 4328 2791 4384 qua
2834 4311 3042 4382 gratia?
3068 4311 3137 4365 Et
3174 4309 3346 4365 adhuc
3385 4309 3584 4380 poterit
3624 4324 3718 4365 rc-

2122 4410 2412 4481 Spondere,
2430 4408 2568 4476 Lege
2594 4418 2751 4476 atque
2775 4404 3014 4460 doctrina
3041 4403 3351 4457 christiana.

2195 4505 2281 4560 54.
2326 4501 2529 4557 Deinde
2556 4500 2848 4572 quamlibet
2880 4499 3075 4553 sentiat
3099 4497 3321 4568 gratiam
3347 4538 3362 4562 ,
3395 4496 3524 4568 ipsis
3551 4494 3716 4550 Chri-

2123 4597 2310 4652 stianis
2337 4595 2626 4651 secundum
2656 4593 2841 4648 merita
2871 4591 2984 4646 dari
3018 4591 3183 4646 dicit:
3213 4606 3334 4646 cum
3371 4604 3466 4645 eos
3488 4588 3576 4659 qui
3607 4587 3721 4644 hoc

2122 4691 2326 4756 dicunt,
2349 4689 2462 4759 jam
2491 4687 2543 4742 in
2581 4687 2859 4742 Palaestina
2883 4728 2900 4752 ,
2928 4686 3066 4741 sicut
3096 4699 3254 4755 supra
3295 4683 3723 4739 commemoravi

2125 4781 2404 4855 (0:11.22,
2441 4800 2494 4836 η.
2523 4779 2615 4853 25)
2638 4822 2653 4844 .
2698 4794 2791 4834 sua
2837 4780 2924 4834 illa
2966 4779 3216 4848 praeclara
3259 4776 3577 4848 purgatione
3608 4773 3722 4829 da-

2125 4877 2402 4932 mnaverit.
2428 4874 2560 4928 Nam
2583 4873 2741 4928 verba
2764 4872 2880 4940 ejus
2899 4873 2993 4925 ista
3017 4879 3139 4925 sunt
3163 4889 3176 4924 :
3199 4890 3216 4922 ι
3241 4869 3297 4925 ln
3332 4869 3454 4933 illis,
3477 4886 3496 4920 ›
3515 4868 3720 4938 inquit,

2131 4989 2148 5020 ι
2186 4969 2383 5024 nudum
2419 4976 2473 5021 et
2502 4967 2704 5020 inerme
2742 4972 2826 5019 est.
2859 4962 3179 5018 conditionis
3222 4961 3418 5016 bonum
3449 4976 3462 5013 :
3500 4979 3518 5013 ι
3547 4959 3597 5013 in
3628 4959 3723 5015 eis

2123 5064 2284 5127 dicit,
2326 5061 2415 5132 qui
2457 5058 2731 5115 christiani
2773 5074 2878 5112 non
2921 5065 3062 5112 sunt.
3109 5055 3312 5111 Deinde
3344 5066 3534 5111 castora
3574 5070 3723 5109 con-

2127 5167 2313 5212 texens
2347 5173 2359 5209 :
2399 5172 2418 5206 ι
2450 5153 2504 5208 1η
2542 5153 2624 5207 his
2661 5167 2787 5206 vero
2809 5193 2823 5216 ,
2856 5170 2874 5203 ι
2917 5151 3118 5220 inquit,
3149 5167 3167 5201 ι
3196 5148 3289 5220 qui
3330 5148 3396 5203 ad
3440 5148 3721 5204 Christum

2125 5247 2644 5320 pertinent,Cbristi
2687 5247 2925 5300 munitur
2969 5245 3186 5299 auxilio.
3218 5263 3236 5296 ι
3285 5243 3488 5298 Videtis
3533 5240 3723 5298 adhuc

2125 5343 2386 5398 incertum
2417 5356 2536 5395 esse
2561 5355 2667 5410 quo
2704 5338 2932 5401 auxilio,
2959 5334 3254 5391 secundum
3293 5350 3354 5389 ea
3385 5349 3504 5402 qua:
3546 5345 3720 5401 supra

2124 5434 2373 5488 diximus.
2407 5430 2511 5486 Sed
2541 5430 2718 5484 adhuc
2734 5429 2976 5499 sequitur
2991 5427 3056 5481 de
3078 5426 3160 5480 bis
3188 5425 3276 5495 qui
3303 5423 3576 5479 christiani
3602 5438 3720 5478 non

2125 5533 2269 5588 sunt,
2298 5533 2352 5577 et
2381 5523 2546 5576 dicit:
2587 5539 2606 5573 ι
2641 5520 2716 5575 lli
2759 5520 2882 5574 ideo
2920 5516 3192 5587 iudicandi
3222 5524 3382 5585 atque
3422 5514 3721 5570 damnandi

2125 5629 2269 5681 sont,
2301 5617 2423 5686 quia
2453 5631 2572 5669 cum
2605 5613 2832 5667 habeant
2861 5612 3084 5666 liberum
3112 5609 3388 5664 arbitrium
3409 5651 3423 5674 ,
3457 5623 3551 5677 per
3568 5608 3720 5677 qund

2123 5711 2191 5764 ad
2225 5707 2380 5762 fidem
2410 5707 2590 5760 venire
2618 5712 2869 5774 possent,
2901 5710 2956 5756 et
2985 5701 3076 5757 Dei
3120 5701 3346 5770 gratiam
3377 5698 3675 5769 promereri
3701 5741 3718 5766 ,

2125 5802 2266 5860 male
2301 5809 2520 5854 utuntur
2548 5797 2790 5853 libertate
2806 5809 3078 5852 concessa.
3106 5792 3168 5848 Hi
3189 5806 3313 5848 vero
3332 5791 3719 5848 remunerandi
