4012 6482
211 392 308 446 57»?

213 510 350 568 sunt,
384 501 478 572 qui
519 500 658 556 bene
687 499 854 556 libero
895 507 1104 554 utentes
1142 499 1363 554 arbitrio
1394 510 1669 556 merentur
1695 500 1800 556 Do-

213 596 332 650 mini
367 595 601 664 gratiam
622 636 643 660 ,
666 601 720 648 et
743 592 858 664 ejus
894 592 1142 646 mandata
1182 591 1512 646 custodiunt.
1546 612 1566 644 ι
1595 591 1800 661 Nempe

212 687 549 740 manifestum
572 694 676 750 est,
700 700 820 738 cum
846 683 1025 738 dicere
1043 684 1264 752 gratiam
1287 683 1579 738 secundum
1613 685 1798 738 merita

213 779 341 842 dari,
364 779 664 847 quamlibet
681 794 817 841 eam,
852 777 933 831 vel
965 777 1308 846 qualemlihet
1332 778 1615 847 signiticet,
1639 792 1796 846 quam

213 881 380 923 tamen
423 879 610 938 aperte
650 884 754 922 non
795 870 1062 937 exprimit.
1099 867 1232 922 Nam
1272 885 1390 923 cum
1419 883 1514 924 eos
1546 884 1797 924 remune~

213 961 402 1016 raudos
429 961 581 1027 dicit,
613 961 700 1030 qui
729 961 864 1016 bene
895 970 1110 1014 utuntur
1139 961 1305 1014 libero
1331 960 1574 1026 arbitrio,
1599 969 1653 1014 et
1676 959 1796 1014 ideo

229 1057 402 1110 nereri
452 1056 662 1109 Domini
709 1053 1230 1125 gratiam,debitum
1275 1053 1355 1107 eis
1391 1052 1536 1107 reddi
1579 1052 1792 1107 fatetur.

214 1150 304 1208 Ubi
332 1162 416 1206 est
443 1166 572 1221 ergo
601 1149 730 1204 illud
759 1148 997 1220 Apostoli
1021 1189 1034 1211 ,
1061 1145 1341 1216 Iusti/irati
1381 1147 1540 1217 gratis
1570 1163 1660 1217 per
1677 1163 1797 1214 gra-

211 1245 325 1297 tiam
364 1244 530 1314 ipsius
571 1243 748 1310 (Rom.
778 1257 830 1294 tu
856 1282 870 1305 ,
903 1238 1036 1309 ‘25)?
1064 1237 1163 1295 Ubi
1213 1246 1296 1294 est
1338 1246 1392 1292 et
1421 1237 1545 1292 illud
1567 1279 1582 1303 ,
1616 1236 1795 1290 Gratia

209 1337 328 1388 salvi
373 1334 497 1402 {acti
535 1333 693 1386 estis?
722 1332 786 1386 Et
832 1346 899 1385 ne
931 1338 1175 1400 putarent
1202 1345 1296 1398 per
1324 1344 1484 1398 opera
1508 1369 1521 1392 ,
1554 1329 1790 1393 addidit,

210 1443 293 1495 per
317 1425 494 1494 ﬁdem.
527 1423 732 1476 Rursus
758 1436 826 1476 ne
855 1422 1022 1490 ipsam
1051 1419 1207 1475 tidem
1234 1421 1353 1474 siue
1387 1420 1475 1474 Dei
1497 1420 1666 1490 gratia
1691 1419 1790 1474 sibi

210 1523 454 1586 putarent
482 1528 603 1568 esse
624 1499 958 1566 tribuendam
975 1553 990 1577 ,
1016 1510 1082 1563 Et
1105 1511 1199 1564 hoc
1223 1550 1238 1574 ,
1267 1510 1468 1580 inquit,
1499 1527 1600 1563 non
1619 1526 1684 1564 ex
1703 1527 1792 1564 vo-

210 1608 299 1672 bis,
327 1605 417 1659 sed
455 1603 555 1657 Dei
583 1603 771 1657 donum
799 1611 870 1657 est
898 1601 1112 1672 (Ephes.
1145 1617 1203 1664 II,
1236 1600 1316 1671 8).
1347 1599 1548 1670 Nempe
1576 1616 1703 1671 ergo
1730 1601 1793 1655 il-

212 1698 293 1751 lud
324 1697 469 1751 unde
497 1695 680 1764 incipit
700 1708 859 1748 omne
885 1693 1026 1763 quod
1055 1692 1246 1746 merito
1273 1691 1516 1760 accipere
1542 1691 1788 1754 dicimur,

207 1793 314 1846 sine
355 1790 550 1844 merito
587 1787 909 1855 accipimus,
946 1785 994 1839 id
1020 1794 1134 1849 est,
1162 1786 1328 1854 ipsam
1374 1783 1554 1838 (idem.
1596 1783 1702 1837 Aut
1745 1783 1790 1838 si

209 1894 424 1954 negatur
445 1881 592 1945 dari;
623 1879 746 1950 quid
773 1887 856 1933 est
883 1877 1022 1949 quod
1055 1877 1255 1932 dictum
1282 1885 1384 1941 est,
1418 1875 1562 1931 Sicut
1588 1877 1790 1929 unicui-

207 1993 294 2047 que
321 1973 456 2028 Deus
483 1971 700 2041 partitus
725 1978 796 2023 est
835 1985 1119 2022 mensuram
1138 1967 1259 2035 ﬁdei
1286 1964 1459 2039 (Rom.
1490 1981 1581 2032 xu,
1607 1965 1709 2037 δη
1736 1966 1790 2020 Si

209 2078 375 2121 autem
409 2065 488 2120 sic
517 2062 714 2118 dicitur
741 2060 893 2124 dari,
918 2068 976 2114 ut
1009 2059 1258 2114 reddatur
1289 2057 1494 2112 meritis
1514 2096 1528 2121 ,
1559 2073 1662 2110 non
1693 2056 1792 2113 do-

211 2172 357 2214 netur
381 2175 398 2220 ;
428 2156 556 2228 quid
583 2163 667 2210 est
691 2153 832 2224 quod
865 2154 1055 2207 iterum
1084 2151 1233 2214 dicit,
1273 2148 1426 2205 Vobis
1452 2149 1696 2203 donatum
1720 2157 1792 2204 est

212 2268 295 2320 pro
323 2249 550 2312 Christo,
575 2263 675 2300 non
701 2245 865 2298 solum
892 2252 946 2296 ut
971 2243 1184 2296 credatis
1211 2242 1264 2294 iu
1287 2257 1422 2306 cum,
1447 2256 1620 2295 verm".
1641 2243 1790 2294 etiam

211 2359 260 2398 ut
279 2347 291 2375 ¹
313 2343 583 2413 patiamini
611 2356 703 2408 pro
729 2355 788 2393 eo
817 2335 1076 2408 (Philipp.
1111 2351 1147 2400 I,
1171 2334 1302 2404 29)?
1329 2333 1621 2402 Utrumque
1645 2333 1788 2388 enim

211 2438 456 2492 donatum
488 2449 610 2490 esse
631 2441 854 2488 testatus
872 2440 976 2497 est,
1001 2438 1057 2485 et
1080 2429 1222 2500 quod
1243 2429 1412 2483 credit
1427 2429 1479 2483 in
1495 2428 1786 2496 Christum,

212 2541 257 2581 ct
283 2528 424 2598 quod
459 2528 658 2595 patitur
686 2524 912 2593 quisque
935 2537 1031 2590 pro
1048 2521 1280 2575 Christo.
1308 2520 1394 2574 Isti
1417 2531 1592 2574 autem
1621 2521 1790 2574 libero

212 2621 426 2674 arbitrio
465 2618 545 2672 sic
582 2616 852 2686 applicant
897 2614 1087 2678 Iidem,
1115 2622 1173 2668 ut
1204 2613 1326 2668 tidei
1366 2613 1616 2668 videlicet
1639 2611 1786 2666 reddi

212 2711 462 2775 videatur,
495 2723 599 2761 non
622 2705 848 2776 gratuita
867 2745 884 2771 ,
914 2703 1006 2759 sed
1034 2701 1210 2758 debita
1237 2702 1403 2773 gratia
1437 2720 1452 2757 :
1483 2717 1545 2756 ac
1569 2717 1666 2772 per
1688 2701 1790 2757 hoc

207 2803 304 2872 jam
327 2818 427 2856 nec
450 2799 642 2870 gratia,
671 2798 792 2867 quia
818 2797 916 2851 uisi
946 2797 1195 2867 gratuita,
1226 2810 1330 2849 non
1353 2802 1436 2848 est
1455 2795 1644 2864 gratia.

273 2892 498 2948 CAPUT
538 2887 756 2944 XXXII.
784 2917 858 2929 —
885 2889 974 2944 55.
996 2888 1099 2942 Sed
1131 2888 1199 2942 ab
1224 2887 1306 2942 bis
1327 2887 1518 2941 litteris
1541 2887 1788 2957 Pelagius

212 2983 268 3036 ad
297 2982 416 3037 Iidei
443 2997 558 3035 sua:
585 2981 776 3035 librum
810 2978 884 3050 (a)
917 2980 1028 3033 vult
1059 2981 1286 3034 transire
1313 2982 1603 3044 lectorem,
1635 2978 1789 3047 cujus

212 3075 350 3128 rubis
374 3075 395 3105 ²
421 3072 988 3128 commemorationem
1014 3069 1138 3124 fecit
1162 3087 1176 3124 :
1201 3070 1254 3124 in
1283 3086 1389 3139 quo
1414 3087 1474 3124 ea
1504 3070 1570 3125 de
1593 3070 1788 3139 quibus

212 3182 307 3220 non
333 3163 796 3234 interrogabatur,
827 3161 1290 3216 multa-disseruit.
1320 3161 1423 3216 Sed
1455 3177 1552 3214 nos
1581 3161 1647 3216 de
1673 3161 1790 3230 qui-

211 3257 298 3311 bus
329 3258 543 3327 agimus
579 3270 701 3309 cum
732 3254 870 3318 illis,
893 3255 1005 3324 ipsa
1049 3253 1343 3308 videamus.
1384 3252 1517 3309 Cum
1551 3253 1691 3308 enim
1720 3253 1789 3308 ab

211 3349 403 3404 unitate
442 3345 725 3401 Trinitatis
769 3361 935 3416 usque
972 3344 1038 3400 ad
1082 3347 1526 3400 resurrectionem
1585 3346 1786 3412 carnis,

211 3440 337 3510 quod
361 3439 432 3494 ab
460 3437 556 3494 illo
586 3453 746 3492 nemo
766 3437 1068 3506 quzerebat,
1100 3437 1513 3507 disputationem
1535 3449 1786 3510 quautam

212 3530 365 3584 voluit
395 3530 777 3584 terminasset:
816 3547 835 3580 t
872 3528 934 3581 Et
961 3527 1250 3598 Baptisma,
1291 3547 1311 3580 ι
1345 3529 1532 3599 inquit,
1573 3547 1590 3580 t
1620 3545 1786 3584 unum

213 3629 468 3685 tenemus,
497 3619 638 3690 quod
657 3617 842 3674 iisdem
858 3617 1185 3674 Sacramenti
1210 3619 1388 3674 verbis
1407 3621 1457 3673 in
1481 3618 1784 3688 infantibus,

210 3714 392 3783 quibus
438 3714 604 3767 etiam
643 3713 695 3766 in
736 3711 1028 3782 majoribus
1050 3753 1066 3776 ,
1093 3711 1320 3768 dicimus
1349 3727 1470 3768 esse
1507 3714 1788 3770 celebrau-

211 3805 348 3860 dum.
387 3824 406 3858 ι
444 3804 561 3859 11οε
584 3812 730 3858 certe
761 3817 857 3857 vos
883 3813 936 3857 et
962 3819 990 3856 a
1013 3812 1275 3872 praesente
1303 3803 1514 3860 audisse
1540 3805 1747 3861 dixistis
1772 3825 1786 3861 :

210 3896 293 3952 sed
335 3895 462 3966 quid
499 3894 752 3964 prodest,
783 3893 927 3964 quod
977 3894 1178 3948 eisdem
1225 3894 1402 3950 verbis
1431 3895 1483 3949 itt
1526 3897 1784 3966 parvulis,

209 3989 390 4059 quibus
419 3997 474 4043 et
515 3987 568 4041 in
605 3985 928 4057 majoribus,
950 3986 1212 4042 celebrari
1251 3986 1382 4041 dicit
1407 3987 1663 4057 Baptismi
1703 4004 1790 4043 sa-

209 4089 535 4134 cramentum
557 4121 570 4143 ,
600 4093 724 4132 cum
756 4094 842 4134 res
883 4093 913 4131 a
942 4079 1094 4134 nobis
1115 4119 1130 4144 ,
1163 4093 1268 4133 non
1299 4080 1412 4134 sola
1447 4080 1608 4135 verba
1645 4096 1791 4151 quaa-

210 4172 422 4226 rantur?
450 4172 582 4227 Plus
605 4181 690 4225 est
716 4170 857 4240 quod
885 4171 1035 4225 vobis
1060 4187 1155 4226 ore
1175 4173 1391 4242 pr0prio
1411 4172 1789 4244 interroganti-

211 4262 302 4318 bus
323 4263 619 4335 re5p0ndit,
651 4264 722 4317 uti
745 4262 997 4330 scribitis,
1027 4282 1046 4314 t
1077 4263 1304 4318 infantes
1332 4265 1385 4318 in
1418 4266 1788 4322 remissionem

209 4369 543 4428 peccatorum
572 4358 844 4428 percipere
866 4358 1217 4428 Baptismum.
1259 4379 1278 4412 ι
1311 4359 1424 4414 Non
1453 4361 1598 4416 enim
1629 4371 1682 4417 et
1703 4362 1790 4418 hic

209 4450 363 4512 dixit,
395 4451 449 4504 in
476 4450 654 4504 verbis
681 4450 1014 4505 remissionis
1040 4459 1413 4520 peccatorum;
1447 4453 1541 4507 sed
1570 4469 1664 4510 eos
1693 4454 1788 4509 ba-

209 4541 391 4610 ptizari
419 4541 471 4595 in
497 4541 664 4610 ipsam
687 4541 1056 4598 remissionem
1087 4543 1364 4599 confessus
1378 4553 1460 4600 est
1487 4563 1500 4598 :
1532 4555 1587 4601 et
1613 4555 1788 4602 tamen

207 4637 248 4685 si
271 4633 338 4686 ab
362 4648 428 4687 eo
459 4633 794 4702 quaereretis.
822 4633 947 4704 quid
978 4635 1178 4706 peccati
1201 4637 1278 4691 eis
1297 4637 1546 4692 credatur
1567 4639 1787 4708 remitti,

207 4740 308 4779 non
336 4740 432 4780 eos
462 4724 662 4794 aliquid
697 4725 895 4781 habere
923 4727 1291 4784 contenderet.

273 4813 504 4870 CAPUT
543 4813 780 4869 XXXIII.
819 4845 894 4856 --
931 4817 1019 4871 36.
1052 4818 1180 4885 Quis
1218 4817 1497 4886 crederet,
1549 4820 1650 4876 sub
1692 4820 1792 4878 hac

208 4905 355 4971 quasi
406 4904 688 4959 manifesta
724 4906 1064 4962 confessione
1103 4924 1317 4964 sensum
1366 4911 1533 4966 latere
1578 4923 1792 4967 contra-

206 5000 375 5066 rium,
401 5000 503 5052 nisi
539 5015 659 5053 cum
703 5001 986 5058 Ctelestius
1023 5001 1362 5071 aperuisset?
1389 5003 1489 5071 Qui
1528 5005 1579 5058 in
1609 5005 1791 5061 libello

205 5103 322 5156 suo,
344 5107 504 5160 quem
538 5091 720 5146 Romae
748 5093 916 5163 gestis
941 5094 1316 5149 ecclesiasticis
1342 5096 1609 5166 allegavit,
1639 5113 1792 5168 «par-

205 5183 353 5236 vulos
375 5193 430 5237 et
457 5183 711 5253 baptizari
744 5184 796 5238 iu
827 5185 1199 5241 remissionem
1240 5199 1578 5256 peccatorum
1609 5208 1629 5244 θ
1659 5206 1790 5245 con-

206 5273 378 5330 fessus
408 5284 524 5340 est,
559 5287 612 5329 et
638 5277 852 5346 negavit
884 5295 903 5328 t
940 5277 1104 5332 ullum
1139 5279 1335 5335 habere
1371 5282 1627 5352 originale
1661 5299 1790 5353 pec-

203 5375 400 5420 eatum.
434 5385 454 5418 ι
486 5365 594 5421 Sed
626 5381 766 5422 nunc
804 5383 908 5422 non
949 5368 1017 5424 de
1043 5370 1367 5440 Baptistnate
1406 5374 1788 5443 parvulorum,

202 5456 297 5512 sed
324 5457 391 5514 de
430 5457 698 5528 adjutorio
729 5459 912 5528 gratia:
943 5461 1152 5530 potius,
1179 5462 1338 5517 etiam
1372 5467 1423 5518 in
1461 5463 1642 5519 libello
1669 5464 1791 5522 fidei

266 5572 284 5603 ⁸
313 5577 360 5620 tn
373 5578 505 5645 mss,
520 5585 686 5645 verum
707 5572 852 5625 etiam
871 5572 1124 5639 patiamini
1140 5589 1228 5642 pro
1248 5590 1304 5629 eo
1315 5591 1334 5642 ;
1353 5580 1550 5642 omisso,
1565 5586 1614 5631 ttt
1629 5593 1647 5644 ,'
1663 5580 1792 5645 quod

200 5645 300 5697 nec
321 5641 563 5697 repetitur
587 5641 634 5684 in
657 5648 835 5697 graeco.

268 5696 289 5725 ³
317 5696 412 5744 Am.
440 5703 513 5744 Er.
541 5702 593 5744 et
618 5696 740 5756 Μεεη
767 5696 918 5747 ηοιής⁸

266 5756 291 5787 ³
310 5761 463 5817 Forte,
491 5758 678 5807 credat.

265 5818 340 5880 (a)
372 5821 672 5870 Exhibemus
690 5819 831 5882 infra,
857 5822 1070 5884 Append.
1097 5833 1234 5886 parte
1257 5824 1305 5874 2.

1378 385 1578 444 LIBER
1616 388 1704 443 DE
1741 387 1996 446 GRATIA
2037 389 2333 448 CIIRIS‘I‘I.

3383 391 3498 456 I578

1912 515 2044 566 sum,
2075 518 2232 572 quem
2265 505 2485 561 Romam
2515 507 2691 575 misit,
2721 509 2846 578 quid
2869 510 3112 580 Pelagius
3152 516 3379 567 senserit
3414 525 3500 569 at-

1909 591 2210 650 tendamus.
2257 612 2276 647 t
2306 595 2586 664 Liberum,
2618 618 2638 652 ι
2672 601 2837 670 inquit
2863 643 2880 669 ,
2916 620 2936 654 t
2969 603 3046 657 sic
3074 603 3390 660 confitemur
3409 621 3496 660 ar-

1905 683 2122 739 bitrium
2145 729 2160 753 ,
2189 696 2248 742 ut
2284 688 2524 745 dicamus
2564 707 2662 746 nos
2701 693 2938 764 indigere
2980 696 3070 750 Dei
3104 711 3316 766 semper
3343 697 3495 752 auxi-

1907 775 1998 830 lio.
2029 795 2049 829 ›
2085 778 2222 834 Εεεε
2248 780 2438 834 iterum
2457 785 2763 852 quaerimus.
2787 802 2890 855 quo
2909 788 3104 842 auxilio
3132 804 3227 842 nos
3253 788 3491 858 indigere

1903 864 2134 923 fateatur
2163 887 2177 925 :
2203 879 2259 925 et
2300 874 2488 926 iterum
2530 873 2828 929 invenimus
2867 877 3204 947 ambiguum,
3239 880 3491 948 quoniam

1904 968 2080 1028 potest
2106 963 2454 1032 respondere,
2488 965 2656 1036 legem
2685 983 2742 1021 se
2765 968 2941 1023 dicere
2961 971 3322 1026 doctrinamve
3341 971 3491 1026 chri-

1902 1051 2150 1118 stianam,
2185 1070 2286 1124 qua
2319 1058 2574 1110 naturalis
2603 1059 2689 1112 illa
2714 1059 3032 1128 possibilitas
3049 1063 3348 1132 adjuvetur.
3377 1063 3486 1118 Nos

1900 1157 2077 1200 autem
2114 1148 2256 1202 illam
2293 1151 2516 1220 gratiam
2557 1152 2608 1204 in
2650 1167 2837 1208 eormn
2880 1153 3218 1209 confessione
3262 1157 3491 1226 requiri-

1901 1253 2021 1294 mus
2045 1280 2060 1302 ,
2085 1239 2152 1294 de
2186 1257 2287 1310 qua
2325 1241 2454 1296 dicit
2485 1244 2774 1312 Apostolus
2798 1286 2812 1310 ,
2849 1243 2969 1298 Non
3016 1245 3145 1298 enim
3173 1245 3310 1299 dedit
3345 1245 3490 1299 nobts

1901 1329 2041 1383 Deus
2061 1331 2292 1400 spiritum
2317 1334 2510 1387 timoris
2531 1375 2545 1394 ,
2575 1337 2664 1389 scd
2692 1336 2889 1390 virtutis
2920 1345 2965 1388 et
2995 1336 3253 1391 clraritatis
3283 1347 3328 1390 et
3363 1353 3490 1390 con-

1900 1420 2124 1474 tinentia:
2153 1422 2215 1492 (ll
2252 1422 2383 1476 Tim.
2415 1440 2452 1489 ι,
2485 1424 2563 1494 7).
2592 1423 2709 1480 Non
2740 1435 2822 1480 est
2855 1436 3032 1481 autem
3068 1442 3402 1498 consequens
3431 1437 3491 1484 ut

1898 1511 1986 1580 qui
2031 1512 2186 1566 habet
2219 1511 2417 1568 donum
2461 1515 2732 1580 scientiae,
2770 1532 2876 1586 quo
2914 1517 3124 1572 noverit
3162 1518 3288 1588 quid
3327 1533 3488 1589 agere

1897 1597 2112 1665 debeat,
2141 1601 2330 1656 habeat
2355 1603 2513 1657 etiam
2542 1603 2836 1670 charitatis,
2865 1615 2923 1660 ut
2950 1616 3093 1677 agat.

1967 1690 2193 1748 CAPUT
2220 1692 2458 1749 XXXIV.
2480 1725 2555 1735 —
2579 1696 2667 1750 57.
2701 1696 2824 1750 Illos
2845 1698 3025 1762 etiam,
3052 1713 3186 1768 quos
3211 1698 3262 1752 in
3282 1696 3484 1754 eisdem

1897 1782 2088 1838 litteris
2110 1824 2124 1848 ,
2151 1799 2282 1854 quas
2311 1785 2455 1840 misit
2487 1785 2554 1841 ad
2577 1796 2776 1842 sancta:
2806 1789 3077 1843 memoria:
3109 1805 3296 1860 papam
3327 1791 3486 1844 Inno-

1897 1876 2128 1930 centium
2153 1917 2166 1941 ,
2198 1876 2364 1934 libros
2403 1893 2529 1933 suos
2558 1878 2639 1933 vel
2670 1880 2868 1950 scripta
2893 1890 3314 1946 commemorat,
3346 1881 3470 1950 legi,

1897 1976 2092 2035 pneter
2128 1981 2286 2021 unam
2321 1968 2602 2038 epistolam
2624 2013 2639 2035 ,
2663 1985 2818 2040 quam
2847 1985 2907 2026 se
2935 1969 3150 2026 brevem
3181 1972 3390 2028 misisse
3416 1973 3486 2028 ad

1895 2068 2136 2112 sanctum
2178 2056 2547 2114 Constantium
2587 2062 2892 2130 episcopum
2932 2060 3100 2116 dicit:
3145 2077 3244 2118 nec
3285 2062 3482 2120 alicubi

1897 2149 2042 2219 potui
2073 2151 2306 2220 reperire
2325 2192 2339 2215 ,
2374 2151 2512 2206 hanc
2537 2167 2658 2206 eum
2689 2153 2908 2222 gratiam
2938 2153 3214 2221 confiteri,
3243 2169 3344 2225 qua
3375 2168 3482 2210 non

1895 2243 2066 2296 solum
2114 2243 2434 2311 possibilitas
2473 2245 2730 2300 naturalis
2779 2245 3064 2301 voluntatis
3110 2254 3167 2302 et
3211 2247 3480 2316 actionis,

1894 2348 2052 2402 quam
2080 2335 2208 2388 dicit
2233 2352 2328 2390 nos
2355 2335 2552 2392 habere
2587 2339 2796 2392 etiamsi
2837 2353 2939 2393 nec
2976 2338 3219 2393 volumus
3247 2354 3345 2394 nec
3371 2339 3487 2410 agi-

1896 2441 2015 2480 mus
2045 2427 2240 2482 bouum
2267 2470 2280 2491 ,
2311 2429 2403 2483 sed
2436 2431 2546 2497 ipsa
2579 2431 2738 2484 etiam
2767 2431 3010 2486 voluntas
3036 2440 3091 2487 et
3119 2433 3259 2487 actio
3282 2432 3485 2488 submi-

1895 2517 2208 2574 nistratioue
2239 2522 2406 2574 sancti
2438 2520 2665 2590 Spiritus
2690 2521 2989 2590 adiuvatur.

1967 2607 2191 2664 CAPUT
2231 2609 2448 2664 XXXV.
2475 2641 2550 2651 —
2574 2612 2662 2666 58.
2701 2629 2720 2662 t
2753 2613 2974 2681 Legant,
3007 2631 3025 2666 ι
3060 2613 3246 2684 inquit,
3283 2633 3302 2666 t
3340 2615 3481 2670 illam

1894 2701 2194 2770 epistolam,
2223 2719 2378 2772 quam
2410 2703 2473 2758 ad
2501 2716 2742 2760 sanctum
2770 2705 2941 2759 virum
2970 2705 3247 2761 Paulinum
3270 2708 3482 2777 episco-

1895 2809 2020 2864 pum
2051 2803 2174 2850 ante
2200 2795 2480 2850 duodecim
2509 2795 2620 2851 fere
2644 2811 2814 2851 annos
2846 2797 3159 2866 scripsimus
3180 2839 3195 2866 ,
3225 2814 3342 2866 qtue
3373 2807 3483 2854 tre-

1894 2885 2066 2940 centis
2087 2885 2224 2940 forte
2253 2886 2494 2941 versibus
2521 2887 2652 2941 nihil
2693 2886 2839 2941 aliud
2870 2902 3026 2956 quam
3057 2888 3147 2942 Dei
3178 2889 3400 2958 gratiam
3427 2897 3483 2944 et

1892 2979 2148 3033 auxilium
2177 2978 2480 3044 confitetur,
2511 2993 2714 3050 nosque
2739 2979 2866 3034 nihil
2895 2981 3113 3035 omnino
3149 2979 3274 3036 boni
3305 2981 3480 3038 facere

1894 3084 2053 3138 posse
2082 3070 2197 3125 sine
2227 3071 2356 3126 Deo.
2392 3090 2410 3123 ι
2437 3071 2583 3126 Hanc
2608 3087 2736 3141 ergo
2769 3072 3046 3143 epistolam
3074 3073 3196 3142 legi,
3227 3083 3281 3128 et
3305 3073 3480 3130 inveni

1893 3174 2016 3216 eum
2058 3178 2193 3231 pene
2231 3178 2327 3231 per
2353 3172 2515 3217 totam
2544 3178 2648 3217 nou
2677 3164 2968 3228 immorari,
3001 3165 3101 3219 nisi
3134 3166 3186 3220 in
3233 3163 3482 3222 facultate

1893 3261 1949 3306 et
1970 3253 2317 3321 possibilitate
2336 3260 2558 3320 naturae,
2578 3263 2630 3307 et
2653 3269 2786 3323 pene
2809 3254 2877 3308 ibi
2908 3263 3111 3308 tantum
3139 3256 3227 3310 Dei
3257 3257 3480 3325 gratiam

1894 3343 2219 3398 c0ustituere
2244 3361 2256 3396 :
2287 3343 2631 3399 Christianam
2662 3361 2787 3398 vero
2815 3346 3037 3412 gratiam
3058 3354 3200 3400 tanta
3225 3346 3482 3403 brevitate

1895 3435 2006 3488 sola
2055 3435 2286 3489 nominis
2329 3436 2840 3490 commemoratione
2890 3437 3213 3507 perstringit,
3258 3446 3313 3491 ut
3350 3438 3483 3493 nihil

1894 3526 2033 3580 aliud
2065 3526 2326 3591 videatur,
2360 3541 2519 3596 quam
2551 3541 2668 3581 eam
2695 3535 2872 3582 tacere
2897 3527 3156 3582 timuisse.
3181 3526 3372 3583 Utrum
3405 3537 3484 3581 ta-

1895 3634 2016 3672 men
2042 3633 2157 3672 eam
2186 3618 2237 3672 in
2267 3617 2584 3673 remissione
2608 3627 2942 3688 peceatorum
2975 3618 3101 3673 velit
3121 3617 3340 3688 intelligi
3369 3661 3384 3685 ,
3411 3633 3480 3673 an

1895 3709 2053 3763 etiam
2087 3711 2138 3763 in
2181 3709 2419 3765 doctrina
2458 3710 2690 3776 Christi,
2724 3711 2810 3766 ubi
2845 3720 2928 3766 est
2965 3719 3019 3766 et
3059 3709 3482 3764 conversationis

1894 3800 2010 3868 ejus
2051 3802 2387 3870 exemplum,
2419 3801 2558 3871 quod
2595 3800 2810 3871 aliquod
2846 3815 3062 3856 suorum
3103 3799 3482 3872 opusculorum

1896 3891 2028 3946 locis
2056 3891 2200 3959 facit,
2227 3908 2295 3947 an
2319 3893 2504 3948 credat
2531 3892 2743 3964 aliquod
2773 3893 3095 3962 adjutorium
3132 3892 3267 3947 bene
3286 3891 3480 3963 agendi

1895 3982 2197 4052 adjunctum
2244 3994 2446 4040 natura:
2474 3993 2634 4054 atque
2669 3985 2924 4041 doctrina:
2959 4001 3055 4056 per
3075 3985 3478 4057 inspirationem

1897 4074 2320 4144 ﬂagrantissima:
2341 4088 2394 4132 et
2417 4077 2845 4132 luminosissimte
2873 4077 3168 4145 charitatis,
3191 4092 3298 4133 non
3318 4091 3482 4149 appa-

1897 4174 1979 4218 ret
2004 4166 2241 4220 omuiuo.
3478 4157 3486 4165 ’

1966 4256 2192 4312 CAPUT
2235 4256 2473 4312 XXXVI.
2496 4288 2567 4298 —-
2588 4259 2676 4313 59.
2707 4276 2725 4309 t
2756 4258 2957 4328 chant
2988 4259 3146 4313 etiam
3169 4301 3182 4322 ,
3219 4276 3238 4310 ι
3273 4259 3478 4329 inquit,

1903 4365 1922 4399 t
1956 4347 2020 4401 ad
2051 4356 2290 4402 sanctum
2337 4347 2706 4404 Constantium
2750 4351 3091 4419 episcopum,
3120 4349 3206 4402 ubi
3250 4350 3483 4405 breviter

1896 4437 2128 4508 quidem,
2153 4438 2248 4494 sed
2281 4439 2432 4508 plane
2461 4439 2630 4493 libero
2653 4439 2885 4492 hominis
2908 4438 3125 4492 arbitrio
3146 4439 3234 4491 Dei
3257 4439 3481 4508 gratiam

1897 4531 2257 4601 auxiliumque
2284 4532 2555 4602 eonjunxi.
2591 4552 2609 4584 ι
2645 4532 2794 4586 IIane
2822 4532 3126 4602 epistolam,
3157 4541 3212 4584 ut
3236 4532 3481 4599 superius

1896 4623 2004 4679 dixi
2029 4622 2176 4697 (Cap.
2209 4625 2280 4680 54
2302 4667 2316 4690 ,
2343 4642 2395 4678 n.
2430 4624 2542 4697 57),
2569 4640 2674 4679 non
2706 4623 2808 4694 legi
2841 4640 2855 4678 :
2888 4621 2981 4678 sed
3007 4623 3049 4677 si
3081 4638 3182 4675 non
3210 4631 3291 4677 est
3319 4623 3482 4676 dissi-

1897 4715 2038 4770 milis
2063 4717 2292 4782 cmteris,
2323 4731 2442 4785 qute
2470 4715 2594 4768 mihi
2624 4725 2746 4770 nota
2768 4723 3170 4782 commemorat,
3201 4729 3302 4767 nou
3324 4713 3483 4769 habet

1898 4808 2058 4863 etiam
2090 4808 2201 4878 ipsa
2228 4807 2368 4877 quod
2396 4809 2705 4876 quaerimus.

1967 4897 2192 4954 CAPUT
2230 4898 2583 4954 XXXVII.—
2611 4899 2699 4954 40.
2723 4917 2739 4950 t
2779 4897 2978 4969 chant
3004 4898 3184 4963 etiam,
3220 4917 3236 4949 ι
3272 4898 3440 4969 inquit
3465 4939 3481 4965 ,

1906 5009 1924 5042 t
1958 5006 2113 5062 quam
2145 4991 2208 5044 ad
2239 5007 2441 5046 sacram
2473 4990 2670 5046 Clu-isti
2710 4991 2968 5061 virginem
3011 4991 3397 5046 Demetriadem
3429 4992 3480 5046 in

1899 5083 2116 5138 Oriente
2143 5085 2561 5154 conscripsimus
2587 5083 2686 5156 (a),
2711 5093 2763 5140 et
2793 5083 3062 5139 invenient
3091 5098 3190 5138 nos
3221 5084 3288 5138 ita
3312 5083 3484 5138 homi-

1900 5174 1982 5228 nis
2011 5173 2225 5228 laudare
2261 5185 2502 5228 naturam
2524 5216 2538 5239 ,
2568 5183 2624 5228 ut
2653 5174 2741 5228 Dei
2779 5189 2990 5244 semper
3013 5173 3198 5243 gratia:
3224 5160 3480 5228 addamus

1899 5262 2174 5317 auxilium.
2209 5281 2228 5315 s
2261 5263 2416 5318 Istam
2443 5278 2572 5319 sane
2598 5263 2736 5335 legi,
2763 5263 3000 5333 mihique
3028 5278 3162 5333 pene
3198 5277 3483 5334 persuase-

1901 5363 2000 5421 rat,
2034 5353 2331 5410 hancillum
2354 5355 2598 5424 gratiam,
2618 5353 2686 5409 de
2703 5371 2804 5424 qua
2826 5355 3049 5427 qumStio
3075 5363 3176 5418 est,
3205 5352 3444 5409 confiteri
3467 5368 3483 5408 :

1899 5445 2139 5514 quamvis
2169 5445 2220 5500 in
2251 5446 2430 5501 multis
2457 5445 2573 5514 ejus
2599 5447 2838 5516 opusculi
2863 5446 2993 5499 locis
3013 5443 3112 5497 sibi
3135 5443 3247 5512 ipse
3274 5452 3489 5497 contra-

1899 5534 2078 5590 dicere
2103 5534 2371 5590 videretur
2402 5553 2416 5590 :
2447 5535 2544 5590 sed
2574 5550 2694 5592 cum
2719 5535 2772 5588 in
2801 5548 2990 5588 manus
3018 5546 3166 5588 meas
3190 5537 3245 5585 et
3269 5531 3371 5586 alia
3391 5545 3486 5586 ve-

1901 5625 2126 5692 nissent,
2171 5642 2292 5696 qua:
2345 5628 2614 5696 posterius
2665 5626 2930 5692 latiusque
2976 5622 3319 5693 conscripsit;
3371 5620 3479 5678 vidi

1901 5717 2347 5788 quemadmodum
2377 5719 2606 5790 poluerit
2629 5717 2786 5772 etiam
2806 5714 2912 5768 illic
2935 5716 3156 5786 gratiam
3180 5715 3479 5785 nominare,

1965 5828 2038 5892 (a)
2073 5829 2172 5878 \‘id.
2199 5829 2321 5881 hanc
2351 5829 2602 5895 epistolam
2626 5830 2675 5880 in
2701 5825 2975 5892 Appentbee
3000 5828 3115 5878 totni
3139 5825 3185 5876 '2.
