4012 6506
450 389 556 447 579

451 505 555 560 sub
581 499 826 574 ambigua
872 469 1222 572 generalitate
1247 493 1372 566 quid
1413 494 1638 549 sentiret
1659 491 1994 548 abscondens
2011 533 2026 558 ,

450 596 634 666 gratiae
662 604 835 648 tamen
874 589 1129 646 vocabulo
1176 589 1426 657 frangens
1465 584 1718 640 invidiam
1740 625 1756 650 ,
1787 583 2040 638 offensio-

450 704 679 758 nctnque
707 686 998 742 declinans.
1044 681 1177 737 Nam
1220 681 1271 734 itt
1304 681 1471 750 ipsius
1498 676 1784 748 principio,
1807 676 1902 746 ubi
1943 675 2037 741 ait,

457 800 476 834 ι
511 780 791 849 Proposito
819 775 1128 832 insudemus
1147 773 1320 844 operi,
1357 787 1457 827 nec
1485 769 1837 826 mediocritati
1859 768 1873 798 ¹
1894 765 2037 822 diffi-

451 872 640 926 damus
669 867 898 940 ingenii,
926 865 1068 938 quod
1103 864 1370 920 credimus
1395 862 1497 917 [ide
1539 862 1724 916 matris
1753 867 1807 914 et
1847 859 2040 913 merito

450 961 670 1033 virginis
707 959 979 1030 adjuvari;
1010 976 1030 1011 ι
1079 955 1304 1028 gratiam
1345 969 1448 1025 qua
1490 951 1804 1023 adjuvamur
1842 950 1908 1006 ad
1938 950 2038 1004 ali-

449 1053 576 1123 quid
606 1051 889 1123 agendum,
921 1049 1048 1105 mihi
1073 1049 1218 1102 visus
1250 1047 1417 1100 fuerat
1444 1043 1709 1108 confiteri,
1737 1057 1838 1096 nec
1865 1050 2038 1096 atten-

450 1144 634 1199 deram
663 1143 799 1198 hanc
827 1157 947 1198 eum
975 1154 1172 1211 ponere
1196 1137 1430 1209 potuisse
1467 1135 1523 1190 in
1561 1134 1673 1190 sola
1704 1132 2038 1188 revelatione

449 1234 726 1290 doctrinm.

520 1326 609 1380 41.
640 1325 768 1380 Item
821 1321 872 1377 in
913 1320 1102 1377 eodem
1147 1333 1308 1390 opere
1357 1317 1464 1371 alio
1513 1316 1632 1371 loco
1673 1331 1688 1371 :
1739 1331 1759 1367 ι
1789 1311 1941 1382 Quod
1991 1311 2038 1368 si

451 1418 610 1473 etiam
637 1416 753 1471 sine
784 1415 914 1479 Deo,
945 1431 964 1464 ι
1000 1411 1208 1482 inquit,
1243 1429 1261 1461 ι
1296 1408 1540 1462 homines
1567 1405 1874 1469 ostendunt,
1901 1418 2038 1474 qua-

451 1508 530 1562 les
557 1522 585 1559 a
614 1507 722 1560 Deo
750 1503 870 1559 facti
897 1512 1016 1557 sunt
1041 1519 1055 1567 ;
1084 1501 1204 1556 vide
1233 1500 1356 1570 quid
1381 1496 1667 1552 Christiani
1707 1495 1881 1551 facere
1911 1509 2040 1564 pos-

449 1597 588 1662 sint,
650 1611 874 1665 quorum
921 1593 973 1647 in
1027 1591 1219 1647 melius
1270 1606 1366 1660 per
1421 1588 1694 1644 Christum
1749 1587 2040 1641 instaurata

453 1697 640 1742 natura
689 1695 811 1750 est,
842 1695 893 1740 et
925 1683 1013 1756 qui
1054 1683 1249 1738 divina:
1295 1696 1508 1752 quoque
1559 1680 1744 1750 gratias
1789 1679 2040 1746 juvantur

449 1779 699 1834 auxilio.»
723 1777 974 1832 Naturam
1003 1775 1055 1831 in
1074 1775 1644 1836 meliusinstauratam,
1671 1769 2040 1824 remissionem

451 1870 562 1924 vult
589 1869 808 1938 intelligi
841 1877 1182 1938 peccatorum
1210 1883 1224 1918 :
1262 1865 1404 1936 quod
1429 1865 1535 1919 alio
1566 1863 1683 1919 loco
1712 1863 1762 1916 in
1797 1863 1898 1916 hoc
1926 1863 2042 1930 ipso

450 1961 587 2016 libro
614 1961 743 2015 satis
769 1959 1176 2023 demonstravit,
1202 1957 1293 2012 ubi
1316 1956 1410 2024 ait,
1445 1973 1465 2007 ι
1504 1953 1675 2009 Etiam
1707 1953 1782 2007 illi
1813 1954 1902 2022 qui
1927 1953 2044 2007 Ion-

453 2069 522 2125 go
551 2053 804 2125 peccandi
831 2069 927 2108 usu
957 2050 1189 2122 quodam
1219 2048 1378 2105 modo
1403 2047 1723 2112 obduruere,
1756 2045 2041 2100 instaurari

451 2162 548 2216 per
589 2144 954 2215 pmnitentiam
997 2149 1239 2214 possunt.
1293 2159 1312 2194 ο
1352 2139 1621 2194 Auxilium
1675 2152 1804 2192 vero
1849 2136 2042 2190 divina:

449 2236 635 2306 gratiae
687 2241 864 2306 potest
924 2243 979 2288 ct
1041 2231 1127 2287 hic
1189 2245 1387 2302 ponere
1449 2230 1502 2284 in
1567 2227 1892 2284 revelatione
1939 2226 2040 2281 do-

449 2329 658 2385 ctrinae.

521 2419 744 2476 CAPUT
782 2418 1066 2475 XXXVIII.
1090 2449 1166 2460 —
1188 2417 1278 2473 49..
1305 2416 1434 2472 Item
1461 2415 1585 2470 alibi
1611 2416 1662 2470 in
1692 2414 1879 2470 eadem
1927 2413 2042 2484 epi-

450 2511 631 2566 stola:
668 2528 687 2563 t
727 2509 859 2564 Nam
909 2510 953 2564 si
997 2493 1158 2564 etiam
1202 2518 1326 2562 ante
1369 2508 1574 2577 legem,
1621 2523 1640 2558 t
1676 2505 1882 2575 inquit,
1936 2521 1955 2555 ι
1986 2511 2045 2558 ut

451 2601 714 2667 diximus,
737 2616 800 2655 ac
828 2601 996 2655 multo
1036 2609 1160 2655 ante
1195 2598 1401 2653 Domini
1452 2596 1620 2652 nostri
1653 2605 1709 2651 et
1750 2594 2044 2651 Salvatoris

451 2693 757 2758 adventum,
776 2692 920 2762 juste
947 2690 1161 2762 quidam
1191 2699 1244 2745 et
1264 2698 1447 2746 sancte
1469 2689 1668 2744 vixisse
1697 2687 2040 2754 referuntur;

450 2794 649 2853 quanto
689 2782 857 2852 magis
899 2790 1017 2852 post
1045 2781 1453 2836 illustrationem
1498 2779 1758 2833 adventus
1803 2777 1918 2848 ejus
1946 2793 2044 2834 nos

455 2873 512 2928 id
553 2887 708 2943 posse
751 2871 1080 2928 credendum
1124 2879 1228 2936 est,
1261 2870 1354 2939 qui
1391 2869 1665 2923 instaurati
1717 2882 1812 2938 per
1847 2867 2045 2924 Christi

453 2963 675 3035 gratiam
703 2972 756 3018 et
796 2965 848 3017 in
892 2963 1169 3018 meliorem
1199 2957 1464 3016 hominem
1499 2960 1670 3015 renati
1698 2975 1917 3026 sumus,
1950 2961 2040 3031 qui

453 3055 710 3126 sanguine
737 3053 850 3123 ejus
875 3053 1076 3122 expiati
1104 3060 1262 3122 atque
1279 3050 1534 3114 tnuttdati,
1559 3051 1830 3121 ipsiusque
1853 3065 2037 3108 exem-

454 3149 544 3220 plo
583 3147 650 3202 ad
694 3145 1074 3216 perfectionem
1115 3143 1315 3198 incitati
1344 3142 1601 3213 justitim,
1642 3142 1892 3198 meliores
1938 3142 2045 3197 illis

456 3255 578 3296 esse
601 3239 878 3305 debemus,
907 3239 998 3309 qui
1025 3245 1150 3292 ante
1175 3236 1344 3308 legem
1375 3235 1564 3292 fuere?
1598 3255 1618 3288 ι
1648 3235 1840 3292 Videte
1861 3252 2048 3306 quem-

458 3334 744 3391 admodum
767 3343 821 3389 ct
849 3332 936 3388 hic
954 3331 1072 3386 aliis
1099 3330 1312 3401 quidem
1335 3329 1530 3396 verbis,
1555 3333 1648 3386 sed
1673 3338 1848 3384 tamen
1871 3330 1920 3382 in
1952 3345 2044 3384 re-

464 3427 720 3483 missione
767 3432 1102 3496 peccatorum
1137 3431 1192 3476 et
1227 3422 1277 3476 in
1299 3421 1545 3491 exetnplo
1587 3419 1788 3475 Christi
1841 3419 2047 3488 adjuto-

462 3519 597 3574 rium
624 3515 808 3590 gratia:
851 3513 1211 3569 constituerit.
1251 3511 1451 3567 Deinde
1477 3509 1747 3580 subjungit
1789 3517 1844 3565 et
1871 3509 1999 3563 dicit
2029 3525 2043 3562 :

467 3631 486 3664 ι
511 3610 755 3666 Meliorcs
774 3608 933 3662 etiam
963 3621 1118 3676 quam
1149 3604 1363 3660 fuerunt
1390 3603 1492 3659 sub
1513 3604 1648 3674 lege,
1671 3603 1882 3658 dicente
1905 3603 2050 3671 Apo-

461 3701 619 3764 stolo,
648 3697 917 3753 Peccatum
943 3697 1078 3751 vobis
1116 3713 1218 3750 non
1261 3695 1638 3758 dominabitur;
1659 3710 1758 3748 non
1797 3694 1927 3747 enim
1955 3691 2048 3746 sub

460 3791 569 3860 lege
598 3789 714 3844 estis
737 3829 752 3852 ,
775 3787 863 3842 sed
901 3785 989 3840 sub
1016 3787 1181 3856 gratia
1211 3784 1387 3858 (Rom.
1425 3801 1498 3849 vt,
1536 3785 1644 3855 LI).
1684 3784 1752 3839 Et
1793 3783 2043 3854 quoniam

461 3885 610 3952 hinc,
643 3902 662 3938 ι
696 3883 886 3954 inquit,
922 3901 940 3934 t
973 3881 1320 3944 sufficienter,
1353 3888 1412 3934 ut
1440 3887 1587 3948 puto,
1616 3877 1846 3932 diximus
1867 3918 1882 3943 ,
1908 3891 2049 3932 nunc

461 3973 750 4044 perfectam
779 3973 1115 4026 instituamus
1141 3970 1421 4039 virginem,
1447 3985 1563 4040 qua:
1585 3983 1649 4022 ex
1674 3977 1894 4036 utroque
1910 3981 2051 4021 sem-

461 4078 560 4135 per
583 4077 828 4128 accensa,
847 4069 900 4116 et
924 4070 1126 4116 natura:
1153 4060 1308 4115 simul
1340 4069 1391 4114 et
1415 4059 1600 4129 gratia:
1622 4059 1816 4113 bonum
1841 4073 2045 4112 morum

463 4153 741 4209 sanctitate
777 4161 1014 4206 testetur.
1049 4171 1068 4204 ›
1100 4151 1167 4204 Ει
1205 4150 1257 4205 in
1303 4151 1384 4204 his
1414 4149 1590 4203 verbis
1618 4148 1822 4203 debetis
1855 4148 2048 4203 adver-

464 4253 598 4309 tere,
622 4243 742 4299 ideo
768 4243 912 4297 illum
936 4241 1076 4313 quod
1097 4241 1326 4307 dicebat,
1354 4240 1437 4294 sic
1462 4239 1690 4294 voluisse
1705 4237 2047 4306 concludere,

464 4346 522 4392 ut
543 4345 746 4392 naturae
771 4336 969 4392 bonum
999 4334 1353 4403 intelligamus
1371 4372 1385 4397 ,
1413 4329 1554 4401 quod
1581 4345 1700 4384 cum
1737 4344 2050 4384 crearemur

463 4427 801 4498 accepimus;
849 4427 1036 4498 gratia:
1085 4433 1299 4487 autem,
1342 4437 1462 4477 curn
1497 4420 1694 4476 Christi
1738 4421 2047 4476 intttemur'

466 4519 812 4588 exemplum:
843 4527 1093 4586 tanquam
1142 4514 1263 4569 ideo
1307 4523 1582 4583 peccatum
1631 4525 1737 4564 non
1789 4509 2050 4564 indultum

465 4609 631 4666 fuerit
654 4609 733 4664 eis
760 4607 850 4678 qui
891 4607 990 4662 sub
1013 4605 1131 4675 lege
1173 4603 1387 4658 fuerunt
1418 4602 1502 4656 vel
1528 4609 1686 4667 sunt,
1716 4601 1836 4670 quia
1867 4616 2051 4656 exem-

469 4702 615 4772 plum
645 4698 844 4755 Christi
868 4698 980 4752 sive
1011 4711 1116 4751 non
1146 4694 1465 4759 habuerunt,
1495 4694 1608 4747 sive
1636 4707 1740 4746 non
1769 4692 2012 4747 credunt.

537 4790 765 4847 CAPUT
801 4788 1048 4844 XXXIX.
1104 4817 1177 4828 ——
1204 4787 1294 4841 45.
1351 4785 1460 4840 Iloc
1501 4795 1678 4839 autem
1713 4785 1866 4839 istum
1895 4801 2051 4854 sape-

468 4898 561 4946 re,
592 4889 645 4936 et
670 4879 774 4934 alia
801 4880 919 4948 ejus
961 4877 1120 4932 verba
1164 4875 1486 4942 ostendunt,
1519 4865 1722 4930 non'in
1756 4876 1855 4930 hoc
1881 4877 2049 4941 libro,

470 4971 566 5028 sed
596 4972 650 5026 in
677 4969 834 5024 tertio
852 4975 948 5039 pro
973 4967 1165 5022 Libero
1193 4966 1446 5030 Arbitrio,
1472 4965 1557 5019 ubi
1585 4964 1652 5020 ad
1682 4981 1802 5020 cum
1831 4966 2053 5037 loquens

470 5071 657 5117 contra
693 5075 854 5131 quem
906 5058 1171 5128 disputat,
1209 5057 1455 5126 quoniam
1494 5057 1580 5111 ille
1615 5068 1862 5127 posuerat
1896 5059 2053 5112 verba

473 5151 710 5221 Apostoli
740 5149 986 5215 dicentis,
1014 5146 1133 5201 Non
1162 5146 1296 5218 quod
1324 5147 1434 5201 uolo
1461 5163 1555 5218 ago
1577 5164 1594 5210 ;
1616 5155 1689 5214 et,
1725 5147 1879 5201 Video
1901 5148 2056 5203 aliam

474 5246 632 5315 legem
657 5245 709 5296 in
748 5242 980 5296 membris
1011 5240 1132 5294 meis
1161 5249 1521 5311 repugnantem
1556 5241 1654 5308 legi
1688 5241 1867 5295 mentis
1898 5257 2050 5304 meat,

473 5343 529 5390 et
550 5343 742 5390 caetera
765 5347 883 5404 qua:
908 5331 981 5386 ibi
1004 5330 1284 5397 dicuntur;
1315 5331 1416 5387 istc
1442 5331 1737 5401 respondit,
1765 5340 1923 5401 atque
1943 5331 2052 5384 ait:

481 5445 502 5480 ε
536 5427 646 5482 Hoc
680 5427 820 5482 enim
862 5425 1003 5496 quod
1032 5434 1087 5480 tu
1128 5424 1196 5481 de
1240 5424 1498 5496 Apostolo
1542 5425 1832 5494 intelligere
1871 5423 2052 5492 cupis,

475 5534 662 5576 omnes
683 5516 1032 5575 ecclesiastici
1071 5516 1170 5573 viri
1211 5517 1264 5572 in
1292 5517 1583 5587 peccatoris
1611 5525 1664 5570 et
1691 5515 1790 5571 sub
1820 5515 1937 5585 lege
1964 5513 2057 5568 ad-

542 5695 559 5724 ¹
587 5699 690 5742 Am.
728 5701 780 5744 et
810 5700 948 5753 Mss,
991 5693 1335 5746 mediocritate.
1377 5696 1425 5739 tn
1462 5690 1663 5753 epistola
1703 5688 1762 5738 ad
1795 5690 2060 5740 Demetria-

482 5753 618 5828 dem,
656 5759 866 5828 Ajpcnd.
905 5752 1121 5828 t0m.__2,
1152 5754 1212 5807 de
1252 5752 1596 5810 mediocritate.

542 5826 563 5857 ³
581 5830 703 5874 Αω..
727 5825 986 5870 imitemur.
1014 5825 1110 5877 ΕΓ..
1192 5843 1194 5846 ν

1713 380 1770 436 S.
1812 376 2181 440 AUGUSTINI
2223 380 2520 438 EPISCOI’I

3629 385 3734 442 580

2157 493 2258 548 huc
2292 494 2446 563 positi
2476 503 2723 549 asserunt
2760 509 2883 550 eum
2913 493 3113 551 dixisse
3148 510 3372 566 persona
3393 537 3408 562 ,
3437 496 3525 566 qui
3568 498 3733 555 nimia

2143 585 2391 640 vitiorum
2419 585 2805 643 consuetudine
2831 587 2976 642 velut
3000 587 3224 658 quadam
3250 596 3519 643 teneretur
3540 605 3732 646 neces-

2142 676 2298 731 sitate
2326 676 2613 746 peccandi,
2639 686 2692 732 et
2717 678 2960 747 quamvis
2984 677 3184 734 bonum
3220 687 3495 750 appeteret
3534 681 3725 736 volun-

2145 777 2282 834 tate,
2312 783 2410 823 usu
2436 777 2612 824 tamen
2640 771 3058 840 prmcipitaretur
3085 771 3134 825 in
3163 773 3382 828 malum.
3412 774 3468 828 lu
3501 790 3731 844 persona

2143 868 2343 927 autem,
2374 880 2393 912 ι
2425 862 2616 932 inquit,
2651 880 2670 913 ι
2701 861 2933 918 hominis
2962 865 3117 919 unius
3141 906 3156 933 ,
3187 865 3431 937 designat
3469 868 3728 938 populum

2141 952 2243 1007 sub
2271 963 2450 1007 vetere
2477 953 2650 1008 adhuc
2678 953 2796 1025 lege
2823 966 3164 1024 peccantem;
3190 971 3346 1025 quem
3373 958 3440 1012 ab
3467 957 3567 1013 hoc
3596 975 3732 1014 con-

2141 1042 2437 1097 suetudinis
2476 1047 2618 1098 malo
2653 1044 2780 1099 dicit
2814 1043 3144 1101 liberandum
3171 1062 3290 1104 esse
3318 1063 3414 1118 per
3438 1049 3734 1118 Christum,

2141 1135 2232 1205 qui
2275 1135 2618 1191 credentibus
2663 1137 2764 1191 sibi
2814 1139 2989 1207 primo
3031 1139 3208 1193 omnia
3257 1156 3353 1210 per
3406 1141 3738 1212 Baptismum

2141 1235 2357 1295 peccata
2388 1227 2638 1294 dimittit,
2665 1228 2858 1284 deinde
2887 1230 3180 1285 imitatione
3207 1232 3287 1286 sui
3325 1231 3394 1286 ad
3440 1232 3739 1304 perfectam

2141 1317 2326 1373 incitat
2352 1319 2710 1385 sanctitatem,
2742 1330 2797 1376 et
2823 1321 3069 1376 vitiorum
3097 1323 3538 1379 consuetudinem
3568 1325 3743 1379 virtu-

2143 1415 2252 1464 tum
2291 1409 2454 1466 vincit
2493 1413 2756 1481 exemplo.
2793 1429 2812 1464 ι
2864 1413 3000 1468 Ecce
3043 1413 3313 1483 quomodo
3360 1416 3472 1469 vult
3515 1415 3739 1486 intelligi

2140 1502 2379 1572 adjuvari
2421 1517 2516 1557 eos
2561 1503 2651 1572 qui
2693 1503 2792 1558 sub
2839 1504 2954 1573 lege
3001 1514 3241 1575 peccant,
3279 1514 3336 1560 ut
3379 1521 3472 1575 per
3510 1508 3739 1576 gratiam

2141 1593 2336 1650 Christi
2355 1594 2629 1665 jttstificati
2654 1595 2970 1659 liberentur.
3001 1605 3246 1666 tanquam
3274 1596 3352 1652 eis
3377 1611 3482 1651 non
3508 1597 3740 1651 sufficiat

2142 1686 2253 1741 sola
2297 1687 2399 1753 lex,
2445 1696 2663 1757 propter
2707 1687 2924 1742 nimiam
2971 1689 3224 1758 peccandi
3272 1690 3737 1757 consuetudinem,

2143 1776 2243 1831 nisi
2269 1775 2463 1832 Christi
2490 1777 2729 1844 accedat,
2759 1795 2863 1832 non
2896 1779 3171 1847 inspiratio
3199 1779 3473 1835 charitatis
3497 1797 3590 1850 per
3609 1781 3741 1852 Spi-

2145 1870 2302 1925 ritum
2331 1879 2570 1924 sanctum
2593 1911 2608 1937 ,
2640 1871 2730 1925 sed
2775 1871 3085 1926 intuendum
3115 1881 3170 1926 et
3197 1873 3507 1927 imitandum
3551 1877 3603 1928 in
3632 1875 3738 1928 do-

2142 1963 2310 2017 ctrina
2354 1962 2657 2033 evangelica
2697 1962 2907 2018 virtutis
2944 1963 3060 2032 ejus
3097 1966 3423 2035 exemplum.
3478 1967 3547 2021 Et
3588 1977 3741 2022 certe

2144 2053 2373 2106 maxima
2422 2051 2508 2108 hic
2545 2061 2662 2109 erat
2703 2068 2862 2109 causa
2907 2055 3285 2124 exprimendi,
3333 2071 3492 2126 quam
3534 2058 3743 2113 diceret

2143 2143 2388 2212 gratiam,
2417 2143 2502 2198 ubi
2533 2145 2707 2200 locum
2735 2146 2907 2214 ipsum
2934 2146 3001 2201 de
3027 2161 3134 2215 quo
3158 2147 3466 2217 respondet,
3491 2148 3568 2203 sic
3598 2163 3703 2202 con
3735 2178 3743 2191 ι

2143 2233 2301 2289 clusit
2327 2235 2646 2304 Apostolus,
2680 2244 2737 2291 ut
2763 2235 2966 2292 diceret
2998 2254 3013 2289 :
3053 2235 3248 2308 Infelix
3273 2254 3365 2308 ego
3412 2238 3582 2306 homo,
3621 2239 3743 2311 quis

2145 2342 2225 2379 me
2247 2323 2474 2380 liberabit
2515 2326 2579 2380 de
2612 2343 2824 2398 corpore
2850 2329 3023 2383 mortis
3052 2328 3248 2400 hujus?
3287 2329 3464 2385 Gratia
3505 2331 3604 2385 Dei
3647 2347 3745 2402 per

2143 2415 2322 2471 Iesum
2348 2416 2603 2472 Christum
2633 2417 2906 2472 Dominum
2935 2429 3162 2473 nostrum
3186 2419 3360 2492 (Rom.
3393 2435 3482 2486 vn,
3513 2422 3600 2487 I5,
3631 2421 3743 2476 25—

2143 2506 2258 2579 25).
2290 2508 2441 2564 Hanc
2477 2509 2578 2564 iste
2605 2523 2726 2564 cum
2769 2510 3095 2576 constituat,
3127 2525 3232 2564 non
3275 2511 3327 2564 in
3371 2511 3578 2567 virtutis
3619 2512 3747 2581 ejus

2148 2599 2364 2664 auxilio,
2399 2599 2492 2654 sed
2523 2599 2833 2654 imitationis
2861 2600 3125 2671 exemplo,
3158 2601 3281 2671 quid
3311 2601 3536 2671 amplius
3555 2601 3622 2656 de
3643 2602 3748 2657 illo

2149 2704 2366 2760 sperare
2394 2689 2672 2758 debemus,
2701 2691 3020 2761 ubicumque
3046 2692 3229 2762 gratim
3255 2706 3450 2746 nomen
3489 2693 3588 2748 sub
3622 2696 3759 2747 am-'

2147 2780 2300 2850 bigua
2331 2782 2674 2850 generalitate
2698 2781 3116 2836 commemorat?

2218 2867 2444 2927 CAPUT
2475 2870 2588 2926 XL.
2617 2901 2690 2912 —
2716 2872 2805 2927 M.
2838 2872 2966 2928 Item
3001 2872 3055 2926 in
3085 2872 3272 2927 eodem
3317 2872 3453 2928 libro
3480 2873 3547 2928 ad
3573 2874 3745 2946 virgi-

2148 2977 2272 3017 nem
2301 2976 2504 3016 sacram
2530 3004 2545 3030 ,
2577 2962 2718 3018 unde
2737 2963 2848 3033 jam
2873 2963 3034 3019 etiam
3065 2979 3222 3033 supra
3249 2963 3617 3032 disseruimus,
3647 2968 3744 3022 ubi

2147 3053 2223 3107 ait
2246 3069 2259 3104 :
2289 3052 2523 3107 «Subditi
2543 3053 2708 3107 simus
2731 3054 2860 3120 Deo,
2883 3054 3103 3124 ejusque
3123 3053 3366 3110 faciendo
3386 3056 3745 3126 voluntatem,

2148 3141 2380 3196 divinam
2407 3157 2706 3197 mereamur
2729 3145 2972 3213 gratiam,
3004 3154 3056 3198 et
3089 3144 3297 3200 facilius
3323 3161 3546 3216 nequam
3576 3148 3747 3218 spiri-

2150 3234 2248 3298 tui,
2281 3233 2450 3288 sancti
2481 3234 2712 3304 Spiritus
2755 3235 2973 3302 auxilio,
3021 3237 3350 3292 resistamus.
3381 3255 3402 3292 ι
3448 3238 3504 3293 In
3549 3241 3748 3310 quibus

2149 3325 2266 3395 ejus
2288 3324 2468 3379 verbis
2497 3332 2640 3380 certe
2668 3324 3005 3381 manifestum
3034 3335 3136 3392 est,
3183 3329 3254 3382 ita
3292 3343 3412 3383 eum
3460 3330 3596 3386 velle
3639 3346 3746 3387 nos

2149 3418 2385 3487 adjuvari
2429 3419 2595 3488 gratia
2646 3418 2876 3488 Spiritus
2927 3420 3115 3483 sancti,
3160 3435 3267 3475 non
3319 3422 3440 3492 quia
3485 3422 3601 3479 sine
3648 3424 3749 3479 illo

2150 3509 2310 3563 etiam
2334 3523 2428 3577 per
2456 3509 2623 3564 solam
2656 3517 2858 3564 naturae
2890 3511 3292 3580 possibilitatem
3321 3527 3424 3567 non
3457 3528 3747 3584 possumus

2152 3601 2406 3656 resistere
2437 3601 2684 3655 tentatori
2706 3642 2721 3666 ,
2747 3601 2843 3657 sed
2873 3609 2932 3656 ut
2977 3601 3181 3658 facilius
3207 3604 3539 3660 resistamus.
3585 3605 3747 3675 Quod

2154 3701 2328 3746 tamen
2355 3691 2739 3762 qualecumque
2761 3702 2816 3748 et
2835 3693 3373 3765 quantulumcumque
3393 3695 3740 3766 adjutorium,

2153 3799 2273 3839 eum
2301 3783 2557 3839 credibile
2585 3794 2666 3840 est
2696 3787 2746 3839 in
2777 3785 2878 3840 hoc
2907 3787 3256 3853 constituere,
3285 3787 3424 3857 quod
3457 3788 3614 3843 nobis
3642 3789 3746 3843 ad-

2151 3876 2294 3931 ditur
2319 3875 2541 3931 seientia
2572 3875 2840 3932 revelante
2867 3875 3069 3947 Spiritu
3108 3892 3203 3947 per
3230 3879 3548 3942 doctrinam,
3579 3896 3745 3949 quam

2153 3967 2236 4022 vel
2267 3982 2370 4022 non
2396 3983 2702 4038 possumus,
2733 3969 2817 4023 vel
2846 3969 3061 4023 difficile
3082 3969 3276 4026 habere
3319 3985 3599 4040 possumus
3630 3987 3734 4041 per

2154 4064 2424 4116 naturam.
2459 4058 2558 4112 Ista
2604 4067 2728 4113 sunt
2767 4075 2886 4127 qua:
2929 4058 2982 4114 in
3023 4059 3190 4124 libro,
3238 4076 3394 4130 quem
3437 4062 3647 4132 scripsit
3673 4063 3745 4118 ad

2154 4151 2412 4219 virginem
2455 4148 2672 4216 Christi,
2722 4151 2998 4207 advertere
3046 4154 3209 4222 potui,
3253 4155 3341 4209 ubi
3370 4155 3580 4210 videtur
3614 4171 3744 4226 gra-

2157 4240 2285 4295 tiam
2310 4239 2552 4296 confiteri
2582 4258 2595 4294 :
2625 4257 2744 4312 qua:
2771 4242 3006 4311 profecto
3035 4245 3207 4314 qualia
3236 4245 3340 4306 sint
3362 4288 3376 4310 ,
3409 4248 3588 4317 utique
3617 4263 3745 4303 cer-

2155 4343 2302 4386 nilis.

2227 4423 2449 4480 CAPUT
2472 4423 2792 4480 Μαι-45.
2823 4443 2842 4477 ι
2865 4425 3098 4496 Legant,
3132 4446 3150 4480 ι
3187 4428 3383 4498 inquit,
3415 4448 3434 4481 ι
3462 4433 3621 4485 etiam
3660 4449 3745 4486 re-

2156 4529 2284 4569 cens
2311 4531 2486 4570 mcum
2513 4516 2858 4584 opusculum,
2901 4517 3042 4586 quod
3071 4533 3166 4586 pro
3204 4517 3396 4574 Libero
3441 4535 3610 4590 nuper
3637 4523 3746 4576 Ar-

2156 4606 2314 4661 bitrio
2355 4606 2516 4662 edere
2558 4607 2817 4676 compulsi
2863 4622 3080 4672 sumus;
3149 4616 3203 4663 et
3243 4621 3529 4678 agnoscent
3583 4629 3744 4682 quam

2158 4697 2334 4768 inique
2375 4712 2473 4752 nos
2509 4697 2792 4766 negatione
2817 4698 3001 4768 gratim
3030 4697 3288 4752 infamare
3314 4701 3588 4769 gestierint
3607 4743 3622 4764 ,
3652 4705 3744 4772 qui

2157 4806 2254 4862 per
2278 4798 2442 4845 totum
2484 4805 2620 4861 pene
2651 4789 2815 4859 ipsius
2859 4799 3056 4844 textum
3087 4791 3264 4860 cperis
3309 4791 3540 4860 perfecte
3586 4803 3748 4865 atque

2160 4882 2365 4952 integre
2391 4888 2446 4934 et
2473 4880 2697 4934 liberum
2727 4879 3002 4934 arbitrium
3029 4881 3342 4935 confitentur
3367 4892 3422 4937 et
3442 4885 3682 4953 gratiam.
3720 4904 3739 4937 ο

2159 4973 2401 5040 Quatuor
2427 4980 2552 5026 sunt
2575 4970 2697 5026 libri
2719 4971 2896 5042 operis
2922 4971 3098 5042 hujus,
3126 4982 3180 5026 et
3203 4972 3296 5028 ltos
3319 4973 3441 5044 legi,
3471 4985 3525 5031 et
3550 4991 3613 5031 ex
3643 4978 3751 5032 illis

2160 5066 2362 5134 sumpsi
2391 5076 2510 5135 qua:
2539 5063 2811 5118 tractanda
2840 5073 2894 5118 et
2919 5064 3247 5119 discutienda
3287 5069 3536 5134 preposui
3560 5109 3574 5133 ,
3607 5079 3659 5122 et
3691 5077 3752 5123 ut

2159 5155 2306 5226 potui
2338 5153 2676 5222 pertractavi,
2703 5163 2986 5224 antequam
3015 5154 3079 5210 ad
3107 5155 3224 5222 ejus
3253 5155 3349 5209 has
3379 5156 3600 5223 litteras,
3629 5174 3750 5227 quae

2160 5246 2385 5300 Romam
2436 5247 2612 5302 missa:
2658 5255 2814 5312 sunt,
2866 5247 3184 5301 veniremus.
3226 5247 3330 5302 Sed
3375 5249 3424 5302 in
3470 5251 3550 5304 his
3587 5251 3747 5304 etiam

2162 5349 2388 5411 quatuor
2414 5341 2561 5396 libris
2604 5355 2952 5410 quzecumque
2993 5355 3088 5410 pro
3113 5341 3280 5410 gratia
3310 5341 3517 5397 videtur
3544 5343 3748 5408 dicere,

2164 5448 2264 5503 qna
2287 5433 2535 5502 juvamur
2573 5439 2630 5486 ut
2666 5432 2994 5486 declinemus
3023 5447 3052 5484 a
3083 5432 3224 5486 malo
3258 5433 3560 5504 bonumque
3587 5433 3750 5490 facia-

2164 5539 2304 5591 mus,
2331 5526 2400 5577 ita
2427 5522 2572 5587 dicit,
2603 5531 2661 5578 ut
2685 5522 2832 5578 nullo
2856 5521 3014 5578 modo
3040 5538 3071 5576 a
3100 5522 3381 5578 verborum
3405 5523 3756 5596 ambiguitate

2165 5613 2423 5682 discedat,
2449 5629 2604 5685 quam
2635 5613 2907 5684 discipulis
2935 5614 3013 5669 sic
3042 5615 3208 5685 possit
3233 5629 3519 5685 exponere,
3551 5625 3608 5672 ut
3634 5616 3757 5676 nul-

2166 5707 2276 5764 lum
2302 5707 2552 5762 auxilium
2580 5709 2761 5779 gratim
2788 5707 3026 5776 credant,
3059 5724 3162 5780 qua
3192 5719 3397 5765 natura:
3427 5709 3758 5780 possibilitas

2169 5800 2464 5871 adjuvetur,
2494 5799 2605 5870 nisi
2652 5801 2705 5854 in
2750 5800 2866 5871 lege
2895 5813 3053 5870 atque
3087 5801 3327 5856 doctrina
3361 5819 3375 5854 :
3407 5802 3475 5856 ita
3509 5811 3564 5855 ttt
3609 5801 3758 5869 ipsas
