4012 6482
125 428 211 489 381
1343 423 1544 479 LIBER
1584 421 1672 478 DE
1711 420 1964 479 GIlATIA
2005 422 2294 480 CHRISTI.

126 579 320 640 quoque
346 563 654 632 orationes,
686 573 748 619 ut
774 563 828 618 in
854 562 1061 633 scriptis
1088 561 1197 616 suis
1223 562 1556 631 apertissime
1576 560 1721 614 al‘lir-

129 668 242 720 mat,
269 655 336 710 ad
365 654 504 710 nihil
532 655 683 710 aliud
711 653 1038 709 adhibendas
1057 655 1324 724 opinetur,
1354 653 1452 706 nisi
1482 662 1538 706 ιιι
1567 651 1720 706 nobis

127 747 352 801 doctrina
394 745 566 801 etiam
612 745 794 800 divina
841 744 1163 800 revelatione
1207 744 1494 813 aperiatur,
1529 760 1634 797 non
1665 751 1722 797 ut

127 839 392 908 adjuvetur
421 851 584 891 mens
615 836 883 902 hominis,
915 844 972 890 ut
1001 834 1053 891 id
1083 834 1223 906 quod
1257 833 1554 889 faciendum
1599 848 1720 888 esse

129 931 379 995 didicerit,
405 930 575 986 etiam
604 930 894 985 dilectione
920 938 974 985 et
995 928 1205 984 actione
1231 927 1490 998 perliciat.
1524 926 1605 981 Ab
1631 926 1722 980 illo

130 1029 253 1083 enim
280 1041 386 1081 suo
415 1025 862 1081 manifestissimo
889 1024 1137 1097 dogmate
1179 1039 1286 1079 non
1315 1021 1518 1078 recedit
1546 1023 1721 1077 omni-

131 1136 206 1185 no,
231 1118 322 1173 ubi
355 1118 460 1172 tria
485 1118 574 1172 illa
595 1118 892 1182 constituit,
920 1116 1346 1186 possibilitatem,
1371 1115 1720 1182 voluntatem,

132 1210 384 1265 actionem
413 1227 429 1264 :
461 1218 518 1265 et
561 1209 730 1264 solam
761 1209 1170 1280 possibilitatem
1207 1208 1336 1264 dicit
1359 1207 1539 1262 divino
1565 1208 1720 1276 adju-

136 1303 224 1355 vari
253 1316 482 1371 semper
507 1301 743 1367 auxilio;
773 1301 1098 1356 voluntatem
1145 1307 1323 1356 autem
1367 1307 1422 1356 et
1457 1299 1723 1354 actionem

137 1391 262 1445 nullo
307 1391 409 1446 Dei
460 1390 728 1461 adjutorio
772 1390 1039 1446 existimat
1085 1390 1343 1462 indigere.
1389 1389 1565 1460 Ipsum
1596 1405 1724 1444 vero

136 1483 400 1548 auxilium,
444 1497 553 1553 quo
584 1483 987 1553 possibilitatem
1030 1483 1322 1537 naturalem
1354 1481 1598 1552 perhibet
1626 1480 1722 1535 ad-

135 1573 287 1643 juvari
305 1615 322 1640 ,
358 1573 412 1627 in
447 1574 568 1644 lege
594 1573 869 1628 constituit
896 1584 1056 1645 atque
1083 1574 1320 1629 doctrina
1343 1615 1358 1639 ,
1387 1589 1542 1643 quam
1573 1571 1724 1628 nobis

140 1665 316 1717 fatetur
345 1665 516 1718 etiam
544 1671 729 1718 sancto
755 1662 954 1734 Spiritu
986 1665 1230 1731 revelari,
1261 1673 1479 1734 prepter
1501 1662 1642 1734 quod
1669 1671 1726 1718 et

141 1752 384 1807 orandum
413 1768 542 1808 esse
575 1753 839 1809 concedit.
876 1753 978 1809 Sed
1007 1754 1108 1809 hoc
1131 1754 1454 1823 adjutorium
1481 1753 1612 1823 legis
1637 1762 1720 1807 at-

143 1857 226 1912 que
271 1843 543 1898 doctrina:
572 1845 732 1898 etiam
774 1843 1100 1914 prepheticis
1145 1843 1310 1898 fuisse
1350 1842 1720 1913 temporibus:

144 1935 450 2003 adjutorium
490 1945 669 1990 autem
699 1936 902 2007 gratim,
930 1952 1048 2006 qua:
1076 1937 1286 2007 proprie
1323 1937 1486 2007 gratia
1516 1951 1715 1989 nuncu-

146 2037 294 2095 patur,
327 2026 605 2083 inChristi
629 2042 747 2083 esse
767 2029 1050 2083 arbitratur
1070 2029 1345 2098 exetnplo;
1370 2029 1507 2100 quod
1535 2027 1725 2084 nihilo-

145 2117 296 2171 minus
322 2117 392 2172 ad
420 2117 722 2173 doctrinam
755 2121 1020 2189 pertinere
1068 2120 1384 2190 perspicitis,
1425 2135 1542 2189 quae
1571 2118 1725 2174 nobis

148 2213 435 2285 evangelica
471 2211 790 2284 praedicatur
820 2230 833 2269 :
863 2224 921 2268 ut
947 2214 1194 2269 videlicet
1222 2222 1472 2284 tanquam
1515 2213 1598 2268 via
1627 2213 1722 2268 de-

149 2315 447 2374 monstrata,
494 2321 600 2376 qua
630 2305 905 2362 ambulare
942 2306 1251 2370 debeamus,
1287 2305 1397 2375 jam
1437 2302 1638 2360 viribus
1664 2303 1725 2359 li-

147 2397 240 2452 beri
263 2398 499 2464 arbitrii,
530 2398 798 2466 adjutorio
825 2399 966 2453 nullo
991 2399 1209 2454 alterius
1233 2398 1546 2469 indigentes,
1578 2397 1726 2452 sul‘li-

148 2489 325 2544 ciamus
353 2489 534 2556 nobis,
566 2506 632 2545 ne
657 2489 964 2546 deﬁciamus
989 2491 1038 2544 in
1065 2492 1180 2555 via;
1209 2491 1450 2560 quamvis
1471 2497 1527 2546 et
1554 2490 1722 2560 ipsam

147 2581 262 2634 viam
287 2581 586 2637 contendat
615 2582 774 2637 etiam
809 2583 919 2637 sola
950 2583 1176 2639 inveniri
1209 2597 1366 2652 posse
1392 2594 1600 2649 natura,
1629 2582 1723 2638 sed

146 2669 351 2734 facilius,
381 2673 426 2726 si
456 2673 673 2743 adjuvet
701 2675 889 2745 gratia.

200 2764 422 2821 CAPUT
453 2763 616 2820 XLII.
648 2796 721 2806 —
746 2766 834 2820 ιδ.
871 2767 993 2822 llaec
1020 2782 1146 2838 ergo
1177 2781 1274 2838 pro
1304 2781 1423 2822 meo
1449 2775 1606 2836 captu
1636 2765 1723 2820 in-

147 2858 364 2928 telligere
412 2860 565 2928 potui
613 2859 665 2913 in
715 2859 909 2931 Pelagii
951 2860 1184 2931 scriptis,
1231 2860 1446 2930 quando
1486 2858 1725 2914 nominat

145 2951 366 3018 gratiam.
399 2950 608 3006 Videtis
637 2961 836 3018 autem,
864 2952 1004 3022 quod
1034 2953 1122 3022 qui
1155 2952 1253 3006 ista
1280 2951 1534 3018 sentiunt,
1570 2951 1720 3022 igno-

148 3051 303 3096 rantes
335 3041 430 3098 Dei
459 3042 721 3111 justitiam
746 3085 762 3109 ,
791 3057 940 3097 suam
967 3044 1148 3099 volunt
1181 3043 1506 3098 constituere
1541 3041 1719 3113 (Rom.

146 3148 186 3195 ι,
211 3132 283 3202 3),
317 3141 372 3187 et
420 3134 579 3203 longe
621 3133 690 3187 ab
734 3133 822 3187 illa
855 3143 996 3198 sunt,
1042 3150 1159 3205 qua:
1198 3133 1352 3188 nobis
1381 3149 1446 3189 ex
1491 3133 1602 3189 Deo
1641 3141 1723 3187 est

150 3220 387 3294 (Philipp.
421 3240 504 3290 tn,
535 3223 591 3294 9)
623 3265 638 3290 ,
668 3239 774 3279 non
819 3240 880 3280 ex
927 3225 1100 3292 nobis,
1147 3241 1303 3295 quam
1346 3228 1398 3280 in
1435 3225 1724 3294 Scripturis

147 3316 356 3369 maxime
383 3316 588 3371 sanctis
610 3317 880 3370 canonicis
901 3318 942 3382 ⁸,
958 3317 1234 3373 advertere
1255 3327 1411 3388 atque
1433 3332 1723 3387 agnoscere

145 3402 451 3459 debuerunt.
495 3405 602 3460 Sed
653 3407 774 3476 quia
820 3423 908 3462 eas
950 3408 1238 3463 secundum
1290 3425 1443 3464 suum
1506 3425 1720 3465 sensum

146 3493 325 3564 legunt,
342 3495 590 3566 profecto
609 3497 662 3550 in
682 3497 787 3552 illis
808 3514 905 3553 nec
921 3507 1103 3568 aperta
1117 3501 1136 3530 '
1150 3508 1487 3566 contuentur.
1511 3500 1721 3557 Utinam

147 3603 257 3660 ergo
275 3591 467 3645 saltem
488 3591 543 3644 in
557 3591 939 3646 catholicormn
971 3591 1205 3646 virorum
1229 3593 1463 3662 scriptis,
1486 3611 1515 3647 a
1533 3593 1723 3662 quibus

147 3695 224 3734 cas
242 3691 383 3736 recte
406 3682 708 3736 intellectas
738 3698 856 3738 esse
878 3699 982 3737 non
1005 3683 1266 3750 dubitant,
1298 3685 1421 3754 quid
1447 3686 1517 3739 sit
1541 3685 1605 3740 de
1631 3685 1725 3740 ad-

144 3771 322 3841 jutorio
367 3773 567 3828 divina:
614 3776 797 3845 gratia:
844 3774 1199 3838 sentiendum,
1251 3791 1354 3829 non
1401 3776 1726 3847 negligenter

147 3865 488 3929 attenderem,
531 3881 631 3919 nec
660 3881 768 3920 sua:
794 3867 1072 3921 sententia:
1101 3881 1284 3922 amore
1313 3867 1476 3921 nimio
1508 3877 1727 3938 praeter-

148 3955 285 4008 irent.
317 3956 452 4010 Nam
484 3957 584 4010 iste
615 3957 728 4026 ipse
759 3957 1001 4028 Pelagius
1027 3958 1082 4011 in
1112 3959 1200 4012 illo
1231 3959 1344 4028 ipso
1371 3961 1568 4014 recenti
1594 3974 1726 4032 opu-

147 4050 278 4101 sculo
302 4065 419 4112 suo,
456 4049 610 4118 cujus
637 4065 694 4104 se
720 4052 1225 4106 commemoratione
1251 4051 1506 4117 defendit,
1541 4054 1590 4108 id
1619 4065 1721 4123 est,

148 4138 194 4190 in
217 4140 370 4193 tertio
401 4139 564 4194 Libro
593 4157 688 4209 pro
718 4141 886 4196 libero
929 4142 1183 4206 Arbitrio,
1212 4153 1454 4198 sanctum
1492 4145 1723 4199 Ambro-

147 4229 266 4282 sium
297 4229 751 4300 quemadmodum
782 4231 980 4296 laudet,
1013 4233 1257 4302 accipite.

206 4319 430 4376 CAPUT
458 4319 644 4376 XLIII.
667 4352 740 4362 ——
767 4323 855 4377 47.
890 4340 909 4374 ι
935 4323 1148 4386 Beatus,
1181 4343 1200 4376 ι
1233 4323 1423 4393 inquit,
1454 4343 1471 4375 ί
1501 4323 1727 4378 Ambro-

148 4410 246 4465 sius
265 4413 574 4481 episcOpus,
599 4413 651 4466 in
674 4413 824 4482 cujus
842 4414 1104 4484 praecipue
1127 4413 1274 4468 libris
1292 4413 1527 4468 Romana
1553 4415 1730 4470 elucet

149 4499 283 4568 ﬁdes,
311 4501 403 4572 qui
431 4503 752 4573 scriptorum
795 4504 932 4558 inter
960 4503 1180 4558 Latinos
1206 4502 1305 4559 llos
1342 4503 1556 4575 quidam
1599 4521 1726 4575 spe-

147 4594 309 4649 ciosus
329 4595 546 4659 enituit,
573 4596 722 4664 cujus
749 4594 904 4651 lldem
928 4605 982 4651 et
1007 4597 1345 4667 purissimum
1371 4598 1419 4652 in
1441 4597 1729 4669 Scripturis

146 4700 372 4752 sensum,
395 4702 466 4742 ne
487 4687 734 4743 inimicus
754 4687 966 4758 quidem
993 4703 1154 4744 ausus
1176 4698 1255 4744 est
1279 4689 1686 4761 reprehendere.
1703 4711 1722 4745 ι

144 4775 273 4833 Ecce
292 4777 547 4849 qualibus
570 4787 624 4834 et
646 4780 856 4851 quantis
881 4779 1130 4850 przedicat
1150 4781 1412 4846 laudibus,
1439 4783 1730 4852 quamlibet

145 4881 379 4927 sanctum
410 4881 466 4928 et
493 4873 708 4928 doctum
737 4875 908 4928 virum
934 4917 948 4942 ,
982 4889 1313 4945 nequaquam
1341 4884 1518 4930 tamen
1546 4886 1730 4932 aucto-

141 4963 273 5017 ritati
302 4963 601 5034 Scriptura:
629 4967 900 5020 canonica:
931 4967 1370 5036 comparandum.
1410 4968 1578 5033 Quem
1609 4983 1731 5038 pro-

141 5063 320 5122 pterea
344 5057 425 5110 sic
454 5057 554 5111 iste
594 5058 954 5124 commendat,
985 5058 1107 5128 quia
1151 5057 1360 5112 videtur
1385 5058 1486 5112 sibi
1517 5058 1566 5113 in
1595 5073 1728 5128 quo-

144 5144 256 5198 dam
294 5147 416 5201 loco
448 5147 703 5200 librorum
730 5148 844 5216 ejus
885 5163 952 5203 eo
1001 5155 1134 5202 teste
1163 5147 1259 5215 uti,
1289 5164 1393 5218 quo
1418 5148 1610 5219 probet
1636 5147 1730 5203 ho-

143 5237 334 5290 minem
359 5252 518 5306 posse
533 5253 654 5293 esse
673 5240 786 5293 sine
809 5250 1054 5309 peccato:
1079 5239 1220 5295 unde
1242 5256 1381 5296 nunc
1407 5256 1511 5295 non
1534 5241 1726 5311 agitur,

142 5327 229 5382 sed
255 5330 436 5399 agitur
461 5329 529 5384 de
569 5331 768 5384 auxilio
795 5331 975 5399 gratiae
1001 5373 1016 5398 ,
1047 5347 1150 5401 quo
1178 5333 1242 5386 ad
1271 5347 1375 5387 non
1403 5331 1730 5401 peccandum

142 5422 454 5490 adiuvamur
476 5423 729 5493 justeque
757 5423 1062 5498 vivendum.

206 5514 440 5573 CAPUT
478 5515 661 5571 XLIV.
689 5546 760 5557 —
786 5515 875 5572 48.
904 5517 1098 5572 Audiat
1125 5533 1252 5588 ergo
1280 5518 1423 5573 illum
1453 5517 1731 5574 venerabi-

147 5602 244 5661 lem
268 5606 563 5661 antistitem
587 5605 853 5661 dicentem
880 5615 934 5661 et
957 5607 1232 5662 docentem
1261 5609 1313 5664 in
1339 5608 1572 5664 SCCtme
1599 5608 1732 5664 libro

205 5739 219 5769 ³
247 5745 316 5806 tta
356 5742 480 5806 ιιςς.⁸
516 5745 569 5786 At
611 5736 849 5806 editi.h_oc
882 5739 1141 5788 verborum
1166 5739 1353 5801 ordine,
1397 5736 1447 5789 in
1471 5735 1732 5804 Scriptut't's

143 5800 320 5850 metis
343 5798 557 5849 maxime
580 5798 837 5849 canonicis.

201 5867 226 5894 ι
245 5860 388 5923 aliti,
409 5867 595 5924 aperte.
610 5861 910 5923 Castigantur
935 5873 998 5912 ex
1023 5868 1128 5912 Mss.

3319 428 3424 483 531

1835 537 1907 591 Ev
1919 538 2194 606 positionis
2211 538 2480 608 Evangelii
2500 538 2789 594 secundum
2808 538 3003 594 Lucam
3022 537 3159 609 (Lib.
3184 539 3240 608 2,
3261 557 3312 594 η.
3330 541 3420 608 8-1,

1828 632 1895 682 (ιιι
1918 629 2045 684 Luc.
2074 647 2147 694 Ill,
2175 631 2292 702 29).
2323 632 2596 700 cooperari
2632 633 2911 687 Dominum
2944 635 3104 688 etiam
3137 634 3424 688 voluntati-

1831 721 1928 775 Ints
1962 722 2176 777 nostris.
2217 741 2236 774 ι
2267 721 2425 775 Vides
2467 723 2675 792 itaque,
2712 743 2729 774 ι
2776 725 2978 794 inquit,
3018 744 3036 778 ι
3065 726 3186 796 quia
3227 726 3423 797 ubique

1832 811 2042 867 Domini
2071 813 2238 868 virtus
2269 813 2459 868 studiis
2499 825 2815 883 cooperator
2857 815 3134 881 humanis;
3178 829 3233 872 ut
3264 834 3423 874 nemo

1829 905 1997 974 possit
2020 906 2284 960 aedificare
2305 906 2419 960 sine
2443 907 2686 971 Domino,
2715 923 2870 961 nemo
2890 910 3156 964 custodire
3183 909 3296 964 sine
3320 911 3424 964 Do-

1831 995 1994 1059 mino,
2024 1011 2183 1051 nemo
2210 995 2494 1066 quidquam
2526 997 2760 1066 incipere
2789 999 2904 1053 sine
2935 1000 3177 1054 Domino.
3210 1001 3278 1056 Et
3304 1002 3424 1057 ideo

1823 1085 1972 1156 juxta
2003 1088 2344 1156 Apostolnm,
2379 1088 2497 1143 Sive
2522 1091 2869 1158 manducetis,
2897 1092 2998 1145 sive
3026 1090 3221 1160 bibitis,
3254 1095 3423 1148 omnia

1827 1177 1880 1230 in
1910 1176 2002 1231 Dei
2030 1178 2248 1249 gloriam
2288 1181 2438 1250 facite
2475 1199 2491 1232 ι
2526 1181 2580 1249 (I
2607 1179 2724 1235 Cor.
2757 1197 2792 1235 x
2813 1223 2826 1245 ,
2859 1182 2969 1253 5i).
3002 1183 3202 1237 Videtis
3230 1200 3422 1253 quem-

1829 1269 2112 1324 admodum
2145 1280 2362 1325 sanctus
2391 1271 2704 1326 Ambrosius
2730 1273 2888 1328 etiam
2925 1273 3051 1327 illud
3082 1274 3222 1343 quod
3250 1275 3425 1330 solent

1831 1359 2073 1414 homines
2099 1360 2310 1426 dicere,
2341 1359 2450 1416 Nos
2478 1362 2786 1430 incipimus,
2815 1371 2869 1417 ct
2899 1363 3038 1418 Dens
3068 1365 3305 1434 perlicit,
3340 1364 3424 1420 his

1829 1449 2008 1504 verbis
2032 1451 2282 1519 abstulit,
2311 1451 2517 1516 dicens,
2554 1471 2570 1505 ι
2601 1452 2876 1509 Neminem
2909 1455 3194 1526 quidquam
3223 1456 3308 1511 vel
3339 1457 3424 1511 in-

1828 1543 2007 1612 cipere
2036 1545 2161 1604 sine
2177 1544 2304 1599 Deo.
2337 1564 2356 1597 ι
2389 1542 2516 1599 Item
2545 1545 2596 1599 in
2624 1555 2774 1600 sexto
2798 1545 2932 1600 libro
2953 1547 3192 1616 ejusdem
3221 1548 3419 1618 operis,

1829 1647 1950 1686 cum
1979 1632 2045 1686 de
2069 1631 2278 1687 duobus
2305 1633 2407 1688 illis
2429 1633 2740 1689 feneratoris
2768 1636 2921 1690 unius
2949 1635 3278 1691 debitoribus
3299 1653 3424 1708 age-

1828 1731 1912 1776 ret
1951 1740 1964 1777 :
2009 1741 2030 1775 ‹
2057 1723 2362 1778 Secundum
2393 1723 2636 1779 homines
2657 1765 2671 1790 ,
2703 1743 2721 1778 ι
2753 1725 2956 1796 inquit,
2991 1745 3010 1779 ι
3040 1727 3156 1796 plus
3197 1727 3423 1782 fortasse

1828 1812 2088 1879 oll’eudit,
2119 1814 2207 1881 qui
2254 1813 2370 1883 plus
2413 1813 2670 1869 debuerat
2702 1833 2716 1870 :
2745 1816 2839 1872 sed
2882 1832 2975 1885 per
3004 1819 3421 1874 misericordiam

1833 1905 2038 1959 Domini
2060 1920 2218 1960 causa
2243 1915 2492 1970 nnttatur,
2523 1917 2579 1961 ut
2597 1908 2827 1978 amplius
2853 1909 3055 1979 diligat,
3084 1911 3173 1980 qui
3197 1911 3422 1980 amplius

1828 1998 2030 2065 debuit,
2054 1999 2097 2053 si
2131 2009 2307 2055 tamen
2333 2002 2556 2071 gratiam
2575 2011 2934 2072 consequatur
2960 2022 2978 2055 ι
3005 2003 3140 2076 (Lib.
3165 2003 3219 2069 6,
3245 2021 3297 2058 η.
3326 2005 3418 2071 25,

1828 2089 1897 2142 ad
1921 2088 2046 2143 an.
2070 2105 2177 2156 vn,
2207 2090 2321 2164 41).
2370 2093 2507 2148 Ecce
2543 2095 2878 2163 apertissime
2932 2095 3185 2166 prmdicat
3237 2095 3423 2151 catho-

1830 2179 1961 2236 licus
2006 2181 2194 2237 doctor
2237 2185 2396 2240 etiam
2446 2186 2613 2256 ipsam
2656 2187 3025 2253 dilectionem,
3058 2204 3158 2259 qua
3199 2190 3424 2261 quisque

1828 2271 2058 2341 amplius
2083 2273 2248 2346 diligit
2266 2291 2284 2341 ,‘
2309 2275 2376 2331 ad
2403 2275 2718 2333 benelicium
2746 2279 2927 2350 gratia:
2956 2285 3242 2350 pertinere.

1901 2366 2130 2424 CAPUT
2171 2368 2327 2424 XLV.
2359 2401 2429 2410 —
2454 2371 2541 2426 49.
2577 2371 2746 2441 ipsam
2775 2373 3003 2443 denique
3033 2376 3419 2444 paenitentiam,

1828 2474 1986 2529 quam
2014 2461 2193 2528 procul
2222 2461 2382 2515 tluhio
2407 2464 2651 2517 voluntas
2676 2465 2800 2533 agit,
2829 2466 3033 2520 Domini
3057 2468 3423 2523 misericordia

1828 2562 1881 2606 et
1910 2551 2172 2620 adjutorio
2203 2552 2314 2606 lieri
2342 2561 2400 2607 ut
2431 2565 2651 2624 agatur,
2685 2554 2737 2609 in
2767 2570 2908 2610 nOno
2930 2558 2945 2588 ¹
2977 2557 3214 2626 ejusdem
3243 2560 3422 2629 operis

1829 2643 1964 2697 libro
2007 2644 2193 2698 beatus
2234 2643 2363 2699 dicit
2405 2645 2753 2714 Ambrosius,
2796 2647 2864 2701 ita
2909 2649 3175 2718 loquens:
3212 2669 3231 2700 ι
3263 2650 3422 2706 Bonae

1827 2732 2098 2804 lacrymat,
2127 2749 2246 2804 qum
2273 2735 2480 2802 culpam
2509 2735 2704 2790 lavant.
2738 2736 2972 2807 Denique
2999 2753 3132 2809 quos
3151 2737 3305 2795 Jesus
3331 2756 3420 2796 re-

1827 2823 2005 2894 spicit,
2035 2825 2245 2895 plorant
2263 2827 2306 2879 ’.
2332 2825 2550 2896 Negavit
2579 2827 2750 2896 primo
2781 2828 2968 2883 Petrus
2988 2871 3002 2895 ,
3031 2837 3086 2884 et
3113 2823 3220 2885 non
3247 2832 3418 2900 llevit,

1827 2918 1948 2988 quia
1981 2933 2084 2972 non
2108 2927 2418 2988 respexerat
2445 2919 2701 2975 Dominus
2730 2937 2744 2975 :
2777 2920 2989 2992 negavit
3017 2923 3248 2978 secundo
3267 2965 3282 2989 ,
3313 2939 3418 2979 non

1828 3009 2006 3078 ﬂevit,
2044 3011 2166 3082 quia
2193 3010 2365 3066 adhuc
2390 3027 2497 3066 non
2525 3022 2835 3082 respexerat
2865 3014 3116 3069 Dominus
3157 3033 3171 3070 :
3212 3017 3424 3086 negavit

1827 3110 1882 3157 et
1921 3103 2098 3170 tertio,
2130 3104 2362 3172 rcSpexit
2400 3103 2575 3170 Iesus,
2623 3114 2679 3160 et
2725 3105 2812 3160 ille
2841 3106 3172 3163 amarissime
3222 3107 3366 3164 ﬂevit
3394 3127 3414 3160 ι

1829 3192 1966 3267 (Lib.
1996 3195 2080 3260 10,
2105 3213 2157 3249 n.
2187 3195 2276 3260 89,
2307 3196 2375 3249 ad
2400 3195 2526 3250 an.
2555 3212 2695 3262 xxu,
2727 3198 2837 3269 Gl).
2882 3197 3085 3268 chant
3131 3201 3214 3255 isti
3245 3201 3423 3256 Evan-

1827 3285 2043 3357 gelium,
2075 3295 2127 3342 et
2152 3287 2364 3341 videant
2394 3288 2675 3361 Dominum
2700 3287 2878 3343 Jcsum
2911 3298 3035 3344 tunc
3060 3291 3200 3345 intus
3231 3291 3418 3360 fuisse,

1827 3395 1947 3434 cum
1988 3395 2017 3434 a
2057 3380 2389 3434 sacerdotum
2423 3381 2745 3450 principibus
2775 3381 3048 3438 audiretur
3077 3402 3090 3438 :
3119 3386 3418 3455 apostolum

1828 3484 1956 3524 vero
1984 3469 2198 3526 Petrum
2216 3468 2359 3524 foris
2388 3481 2441 3524 et
2469 3470 2718 3526 deorsum
2751 3472 2802 3526 in
2834 3473 2971 3527 atrio
2999 3489 3120 3527 cum
3151 3474 3320 3529 servis
3352 3475 3420 3530 ad

1830 3560 2006 3615 locum
2034 3576 2174 3616 nunc
2201 3559 2496 3624 sedentem,
2531 3577 2670 3616 nunc
2697 3571 2944 3630 stantem,
2974 3563 3109 3620 sicut
3133 3565 3414 3620 veracissi-

1829 3667 1913 3706 ma
1941 3663 1996 3708 et
2019 3652 2434 3709 concordissima
2462 3653 2916 3724 Evangelistarum
2943 3656 3244 3712 narratione
3267 3673 3423 3712 mon-

1828 3752 2045 3799 stratur.
2074 3744 2228 3800 Unde
2254 3761 2361 3799 non
2389 3754 2561 3815 potest
2583 3747 2684 3801 dici
2704 3788 2719 3814 ,
2748 3749 2888 3817 quod
2910 3750 3274 3819 corporalibus
3293 3766 3422 3807 ocu-

1832 3835 1897 3889 lis
1941 3851 2062 3890 eum
2105 3836 2359 3891 Dominus
2399 3837 2679 3892 visibiliter
2720 3839 3056 3895 admonendo
3100 3844 3418 3912 respexerit.

1831 3926 1897 3981 Et
1929 3926 2050 3982 ideo
2079 3926 2218 3996 quod
2251 3928 2319 3981 ibi
2348 3928 2604 3997 scriptum
2632 3939 2734 3997 est,
2769 3931 3006 4002 Respexit
3035 3949 3147 3986 eum
3177 3932 3423 3988 Dominus

1829 4015 1979 4087 (an.
2005 4032 2139 4083 xxu,
2169 4015 2293 4090 6|);
2326 4018 2469 4072 intus
2496 4029 2670 4073 aetum
2699 4029 2800 4086 est,
2835 4023 2886 4074 in
2915 4031 3092 4076 mente
3116 4029 3290 4076 actum
3317 4032 3418 4090 est,

1829 4107 1884 4161 in
1909 4108 2183 4164 voluntate
2212 4117 2390 4164 actum
2417 4119 2502 4166 est
2521 4110 2562 4163 ⁸.
2590 4110 2950 4168 Misericordia
2979 4112 3231 4168 Dominus
3254 4114 3425 4170 laten-

1830 4208 1911 4254 ter
1941 4199 2221 4266 subvenit,
2252 4216 2347 4255 cor
2377 4200 2576 4271 tetigit,
2610 4203 2919 4256 memoriam
2949 4203 3250 4268 revocavit,
3287 4205 3426 4259 inle-

1830 4291 1973 4346 riore
2011 4291 2179 4360 gratia
2223 4305 2317 4345 sua
2348 4292 2578 4346 visitavit
2603 4292 2853 4360 Petrum,
2888 4294 3153 4348 interioris
3195 4294 3423 4350 hominis

1831 4397 1999 4451 usque
2027 4380 2093 4435 ad
2123 4383 2421 4438 exteriores
2458 4383 2722 4455 lacrymas
2764 4385 2927 4439 movit
2963 4393 3016 4440 et
3054 4385 3300 4455 produxit
3339 4387 3422 4440 af-

1834 4474 2051 4528 fectum.
2093 4473 2229 4528 Ecce
2268 4472 2712 4544 quemadmodum
2757 4473 2894 4529 Deus
2933 4475 3230 4545 adjuvando
3271 4475 3424 4531 adest

1831 4563 2192 4619 voluntatibus
2225 4571 2280 4619 et
2316 4563 2615 4619 actionibus
2652 4565 2849 4621 nostris
2879 4583 2892 4621 :
2919 4580 3047 4622 ecce
3073 4566 3423 4636 quemadmo-

1832 4655 1957 4710 dum
1987 4665 2042 4711 et
2071 4657 2203 4712 velle
2231 4665 2286 4713 et
2313 4658 2523 4728 operari
2553 4667 2804 4728 operatur
2834 4659 2885 4713 in
2918 4659 3090 4715 nobis.

1903 4747 1994 4803 50.
2029 4747 2157 4803 Item
2188 4748 2240 4803 in
2271 4748 2459 4805 eodem
2490 4749 2626 4803 libro
2657 4749 2796 4804 idem
2827 4761 3041 4807 sanctus
3073 4752 3422 4809 Ambrosius:

1839 4857 1858 4890 ι
1884 4838 2015 4894 Nam
2039 4839 2083 4892 si
2106 4839 2315 4906 Petrus,
2342 4857 2360 4891 ι
2390 4840 2558 4909 inquit
2587 4839 2720 4912 (Lib.
2739 4841 2826 4908 l0,
2851 4859 2903 4896 η.
2923 4841 3012 4908 91,
3037 4844 3104 4896 ad
3121 4841 3248 4897 Luc.
3269 4844 3423 4916 χιιι),

1840 4949 1858 4982 ι
1889 4931 2067 5001 lapsus
2087 4940 2188 4997 est,
2215 4932 2303 5002 qui
2330 4931 2484 4998 dixit,
2512 4931 2623 4988 Etsi
2644 4933 2734 4988 alii
2755 4935 3085 4990 scandalizati
3103 4939 3309 5008 fuerim,
3331 4956 3426 5010 ego

1840 5040 1858 5073 ι
1890 5038 1988 5075 ηοη
2009 5022 2392 5076 scandalizabor
2415 5023 2626 5095 (Matth.
2648 5041 2798 5093 xxw,
2815 5028 2927 5096 55);
2942 5028 3059 5096 quis
3079 5029 3342 5099 aliusjure
3359 5030 3426 5085 de

1840 5131 1858 5164 ι
1889 5128 1946 5167 se
1975 5114 2296 5183 praesumat?
2328 5113 2566 5184 Denique
2590 5117 2749 5169 David
2781 5118 2899 5187 quia
2921 5117 3154 5185 dixerat,
3180 5118 3290 5190 Ego
3319 5121 3426 5174 dia'i

1840 5223 1860 5257 ι
1889 5206 1941 5259 in
1965 5222 2075 5259 mea
2102 5205 2412 5260 abundantia
2431 5248 2446 5274 ,
2481 5206 2603 5262 Non
2624 5210 2854 5263 movebar
2879 5211 2930 5262 in
2969 5220 3248 5276 wternum;
3276 5228 3424 5266 suant

1841 5315 1860 5350 ι
1888 5299 1987 5353 sibi
2019 5297 2329 5368 jactantiam
2355 5299 2592 5356 obfuisse
2621 5301 2897 5371 profitetur
2915 5343 2928 5367 ,
2953 5301 3165 5368 dicens,
3195 5302 3428 5358 Avertisti

1901 5497 1918 5530 ι
1944 5498 2028 5572 H_i_e
2051 5497 2326 5572 editi_jti_xta
2349 5495 2594 5572 vulgatam
2604 5499 2904 5572 .Ambrosiani
2926 5499 3070 5572 hujus
3084 5498 3321 5572 Operisin
3341 5498 3430 5570 de-

1835 5571 1944 5609 cem
1967 5558 2118 5609 libros
2152 5557 2567 5621 distributionem,
2594 5557 2646 5609 in
2688 5559 2894 5611 decano.
2932 5557 3192 5610 At'omties
3225 5568 3352 5620 Mss,
3375 5558 3428 5610 in

1840 5632 1979 5670 ησηο.

1899 5683 1919 5713 ³
1942 5688 1990 5729 In
2017 5681 2160 5747 editis
2177 5717 2192 5743 ,
2217 5681 2408 5747 plorant
2430 5681 2676 5733 delictum.
2699 5689 2830 5734 Hane
2850 5695 3037 5745 vocem,
3063 5682 3309 5742 delictum,
3333 5695 3428 5733 nec

1837 5749 1945 5792 Mss.
1969 5743 2166 5801 addunt,
2188 5743 2282 5793 n'ec
2299 5746 2587 5795 Ambrosius.

1902 5806 1923 5836 ³
1940 5811 2046 5870 _l)uo
2063 5811 2188 5863 Mss,
2206 5819 2332 5854 unus
2360 5805 2628 5870 Casaleusis
2642 5843 2656 5866 ,
2675 5805 2800 5855 alter
2819 5807 3102 5870 Victorinus,
3124 5805 3251 5858 intus
3266 5813 3428 5858 actum

1842 5871 1910 5917 est
1932 5864 1982 5916 in
2003 5873 2156 5917 mente
2178 5874 2338 5917 actum
2359 5874 2427 5918 est
2451 5867 2500 5918 in
2522 5864 2776 5918 voluntate.
