3996 6516
541 395 647 452 585

547 522 567 555 ι
605 507 785 576 (aciem
804 516 961 573 tuam,
992 514 1040 560 et
1062 508 1230 576 factus
1249 520 1360 557 sum
1381 502 1699 557 conturbatus
1724 520 1743 552 ι
1770 499 1945 572 (Psal.
1978 514 2125 564 xxix,

541 596 602 662 7,
630 599 708 671 8).
739 599 931 654 Audiat
954 598 1055 661 iste
1083 605 1286 653 tantum
1325 595 1496 650 virum
1540 595 1819 649 docentem
1845 635 1860 661 ,
1892 593 2131 648 imitetur

540 690 849 745 credentem
869 733 885 758 ,
914 692 1065 768 cujus
1102 688 1397 744 doctrinam
1429 686 1693 755 ﬁdemque
1724 683 1973 739 laudavit.
2014 684 2127 737 Au-

540 783 651 836 diat
682 782 982 848 hmnilitcr,
1016 781 1254 837 imitetur
1282 778 1508 835 ﬁdeliter
1534 785 1548 835 ἑ
1576 794 1679 832 non
1714 776 1782 833 de
1810 792 1868 831 se
1894 776 2128 845 pertina-

540 877 675 931 citer
714 885 990 945 praesmnal
1014 915 1030 942 ,
1074 891 1139 930 ne
1183 884 1382 945 pereat.
1414 871 1552 941 Quid
1594 872 1646 927 in
1686 887 1752 926 eo
1791 870 1979 941 pelago
2018 869 2130 923 vult

540 969 704 1038 mergi
730 969 989 1039 Pelagius,
1016 968 1154 1023 unde
1178 984 1270 1038 per
1292 977 1492 1038 petram
1517 966 1771 1021 liberatus
1797 972 1879 1019 est
1901 962 2128 1018 Petrus?

610 1060 835 1117 CAPUT
875 1060 1056 1116 XLVI.
1092 1089 1167 1102 —-
1202 1060 1291 1116 5|.
1322 1058 1518 1113 Audiat
1553 1054 1800 1112 eumdem
1838 1052 2126 1108 antistitem

540 1153 632 1208 Dei
675 1154 727 1218 in
763 1163 915 1209 sexto
949 1154 1129 1209 itidem
1174 1152 1309 1207 libro
1348 1149 1587 1221 ejusdem
1618 1146 1797 1217 aperis
1821 1145 2126 1200 dicentem:

545 1265 562 1297 ι
587 1227 701 1302 .Cur
736 1256 914 1304 autem
957 1263 1063 1302 non
1107 1244 1406 1315 receperint
1432 1256 1589 1306 eum,
1635 1236 1975 1308 Evangelista
2013 1235 2129 1307 ipse

538 1340 874 1405 memoravit,
901 1338 1083 1393 dicens
1111 1356 1126 1393 :
1158 1335 1289 1402 Quia
1315 1334 1469 1405 facies
1492 1332 1602 1402 ejus
1625 1338 1733 1384 erat
1762 1329 1922 1382 euntis
1950 1329 2002 1381 in
2030 1327 2128 1382 Je-

536 1430 776 1485 rusalem.
803 1429 1051 1500 Discipuli
1071 1436 1250 1483 autem
1276 1419 1438 1493 recipi
1464 1423 1597 1477 intra
1620 1419 1913 1477 Samariam
1935 1419 2128 1489 gestie-

536 1521 683 1575 bant.
715 1520 819 1576 Sed
863 1520 1005 1575 Deus
1048 1533 1184 1590 quos
1220 1517 1467 1586 dignatur
1503 1522 1691 1576 vocat,
1729 1522 1786 1567 et
1820 1527 1977 1580 quem
2020 1510 2129 1564 vult

536 1612 841 1681 religiomm
888 1609 1014 1668 facit
1067 1630 1086 1664 ι
1115 1608 1249 1682 (Lib.
1279 1609 1333 1673 7,
1377 1624 1432 1662 ιι.
1470 1606 1576 1672 27,
1618 1605 1685 1658 ad
1721 1602 1846 1657 Luc.
1880 1618 1968 1669 ix,
2011 1602 2124 1673 55).

535 1701 580 1757 0
611 1717 826 1757 sensum
856 1701 1088 1756 hominis
1112 1701 1239 1765 Dei,
1264 1715 1330 1754 ex
1358 1699 1475 1767 ipso
1504 1697 1752 1750 haustum
1777 1694 1919 1748 fonte
1944 1693 2127 1763 gratia:

535 1791 664 1845 Dei!
700 1811 718 1845 ι
750 1791 911 1854 Deus,
941 1809 961 1842 ι
994 1790 1182 1860 inquit,
1217 1807 1236 1841 ι
1264 1802 1398 1857 quos
1423 1786 1669 1856 dignatur
1691 1791 1864 1850 vocat,
1890 1791 1943 1838 et
1966 1797 2125 1852 quem

534 1888 650 1941 vult
677 1887 980 1958 religiosum
1008 1884 1152 1940 facit.
1182 1902 1202 1936 ι
1230 1882 1416 1939 Videte
1440 1881 1486 1936 si
1514 1895 1618 1935 non
1645 1877 1772 1934 illud
1794 1885 1877 1933 est
1898 1876 2126 1947 prophe-

537 1978 736 2044 ticum,
772 1977 1049 2032 Miserebor
1074 1976 1220 2045 cujus
1252 1975 1480 2030 misertus
1505 1987 1624 2034 ero,
1657 1979 1705 2025 et
1729 1967 2127 2023 misericordiam

537 2069 785 2139 prwstabo
829 2069 910 2122 cui
952 2067 1233 2122 misericors
1276 2070 1419 2139 {uero
1445 2080 1464 2119 :
1491 2072 1545 2119 ct
1585 2061 1713 2117 illud
1752 2060 2124 2132 apostolicum,

534 2158 707 2231 Igitur
731 2176 830 2212 non
862 2158 1069 2213 volentis
1098 2174 1254 2229 neque
1280 2156 1544 2218 currentis,
1577 2154 1664 2209 sed
1693 2152 1968 2207 miserantis
1995 2151 2085 2205 Dei
2108 2153 2124 2184 ¹

536 2251 729 2323 (Exod.
760 2268 965 2318 xxxm,
1005 2252 1106 2316 lli;
1142 2251 1291 2306 Rom.
1323 2266 1409 2315 ix,
1452 2249 1547 2310 l5,
1592 2244 1702 2318 lli).
1742 2246 1873 2312 Quia
1917 2256 1972 2300 ut
1999 2247 2129 2302 dicit

535 2344 698 2399 etiam
730 2353 1031 2398 nostrorum
1066 2352 1360 2412 temporum
1392 2339 1552 2395 homo
1580 2337 1699 2407 ejus
1718 2338 1759 2399 ¹.
1801 2357 1819 2389 ι
1849 2337 2016 2404 Quem
2047 2337 2128 2391 di-

535 2445 728 2504 gnatur
765 2443 952 2500 vocat,
980 2442 1034 2488 et
1062 2448 1219 2504 quem
1250 2431 1361 2486 vult
1390 2429 1697 2500 religiosum
1728 2428 1870 2484 facit.
1906 2448 1925 2481 ι
1959 2428 2125 2483 Num-

535 2524 663 2595 quid
689 2524 879 2595 aliquis
904 2523 1083 2580 dicere
1106 2523 1355 2591 audebit,
1386 2521 1621 2578 nondum
1646 2536 1773 2577 esse
1798 2520 2123 2592 religiosum,

542 2635 562 2669 ι
592 2617 682 2688 qui
711 2617 877 2672 currit
904 2617 970 2672 ad
998 2617 1314 2683 Dominum,
1345 2624 1399 2673 et
1430 2616 1499 2670 ab
1530 2630 1595 2671 eo
1621 2630 1683 2670 sc
1709 2615 1820 2686 regi
1858 2614 2041 2685 cupit,
2073 2621 2129 2669 et

536 2708 865 2766 voluntatem
894 2724 1043 2766 suam
1074 2724 1140 2766 ex
1168 2709 1285 2781 ejus
1314 2709 1583 2764 voluntate
1608 2707 1914 2777 suspendit,
1956 2715 2011 2762 et
2036 2706 2125 2775 qui

535 2804 584 2859 ei
612 2802 935 2859 adluerendo
977 2803 1206 2874 jugiter,
1254 2818 1425 2869 unus,
1468 2800 1759 2857 secundum
1789 2799 2121 2871 Apostolum,

535 2909 658 2949 cum
703 2909 770 2949 eo
808 2893 869 2948 ﬁt
905 2894 1122 2963 spiritus
1150 2912 1168 2946 ι
1217 2891 1440 2965 (Pelagii
1477 2893 1659 2957 verba,
1690 2908 1876 2961 supra,
1908 2908 1961 2945 η.
1991 2889 2127 2959 24)?

535 2986 609 3040 At
635 2985 736 3039 hoc
768 2992 932 3039 totum
976 2993 1083 3040 tam
1129 2999 1375 3055 magnum
1422 2983 1651 3053 religiosi
1699 2982 1931 3038 hominis
1970 2996 2125 3051 opus,

536 3074 785 3146 Pelagius
819 3093 839 3127 ι
870 3089 976 3130 ιιοιι
1005 3092 1024 3127 ι
1057 3074 1185 3131 dicit
1215 3093 1234 3125 ‹
1263 3074 1423 3139 efﬁci,
1450 3074 1550 3130 nisi
1575 3073 1781 3129 arbitrii
1810 3074 2068 3130 libertate.
2100 3091 2122 3126 ι

536 3166 733 3222 Contra
754 3173 930 3221 autem
953 3166 1140 3222 beatus
1157 3164 1470 3221 Ambrosius
1491 3164 1656 3236 ipsius
1678 3176 1781 3218 tam
1804 3164 2128 3237 excellenter

541 3271 637 3312 ore
670 3255 914 3311 laudatus
934 3298 950 3325 ,
988 3274 1006 3309 ι
1038 3256 1293 3311 Dominus
1318 3255 1492 3323 Deus,
1523 3273 1542 3308 ι
1577 3255 1773 3326 inquit,
1808 3272 1827 3305 ι
1855 3270 2011 3324 quem
2043 3253 2126 3308 di-

541 3356 734 3418 gnatur
758 3357 933 3414 vocat,
959 3358 1012 3404 et
1039 3363 1197 3418 quem
1226 3348 1334 3402 vult
1361 3348 1665 3418 religiosum
1694 3346 1836 3401 facit.
1869 3366 1885 3398 ι
1916 3347 2050 3416 Ιὶιεο
2071 3354 2130 3400 ιιι

537 3449 714 3495 currat
743 3439 809 3493 ad
837 3439 1138 3505 Dominum,
1164 3448 1217 3493 et
1237 3438 1304 3494 ab
1329 3454 1395 3494 eo
1420 3454 1478 3494 se
1506 3439 1615 3509 regi
1645 3437 1840 3508 cupiat,
1873 3451 2129 3505 suamque

538 3530 869 3585 voluntatem
900 3546 966 3586 ex
996 3529 1113 3601 ejus
1141 3530 1409 3585 voluntate
1435 3528 1743 3599 suspendat,
1773 3528 1927 3598 eique
1950 3527 2130 3582 adita:-

539 3620 710 3676 rendo
730 3621 925 3692 jugiter
948 3637 1105 3686 unus,
1133 3621 1423 3677 secundum
1450 3620 1784 3690 Apostolum,
1813 3635 1932 3673 cum
1952 3634 2017 3675 eo
2040 3618 2130 3674 ﬁat

539 3711 761 3781 spiritus
792 3710 846 3784 (l
874 3711 991 3765 Cor.
1022 3727 1072 3765 v1
1093 3753 1108 3778 ,
1140 3711 1267 3781 17),
1302 3712 1440 3765 Deus
1477 3725 1633 3781 quem
1671 3706 1782 3764 vult
1823 3709 2127 3779 religiosum

539 3803 706 3860 facit:
736 3812 791 3859 et
828 3804 927 3858 hoc
957 3813 1124 3860 totum
1155 3803 1316 3860 homo
1360 3803 1463 3859 nisi
1507 3803 1785 3873 religiosus
1832 3817 1937 3866 non
1981 3800 2126 3857 facit.

539 3892 875 3964 Quapmpter
889 3894 987 3948 nisi
1003 3908 1034 3948 a
1053 3892 1160 3949 Deo
1178 3892 1298 3959 ﬁat,
1317 3901 1374 3948 ut
1392 3892 1492 3948 hoc
1510 3891 1691 3957 faciat,
1710 3893 1831 3963 quis
1848 3893 1947 3947 hoc
1965 3889 2128 3946 facit?

609 3983 837 4040 CAPUT
875 3983 1080 4040 XLVII.
1111 4014 1183 4027 -—-
1209 3985 1298 4041 52.
1329 3982 1434 4040 Sed
1463 3985 1581 4056 quia
1615 3986 1713 4040 ista
1749 3984 2007 4055 quaestio,
2038 3983 2127 4038 uhi

538 4075 607 4132 de
632 4057 855 4130 arbitrio
882 4075 1168 4131 voluntatis
1196 4084 1251 4131 et
1277 4075 1370 4131 Dei
1395 4075 1561 4146 gratia
1590 4075 1915 4145 disputatur,
1948 4076 2016 4129 ita
2046 4083 2130 4130 est

540 4166 607 4223 ad
636 4164 1049 4222 discernendum
1075 4166 1325 4231 difﬁcilis,
1355 4178 1415 4221 ut
1438 4167 1649 4238 quando
1673 4165 1974 4222 defenditur
1999 4167 2128 4222 libe-

540 4275 659 4314 rum
702 4258 1013 4325 arbitrium,
1055 4259 1235 4329 negari
1267 4258 1357 4313 Dei
1394 4258 1562 4328 gratia
1603 4257 1875 4323 videatur;
1916 4257 2129 4328 quando

540 4360 720 4406 autem
746 4350 1002 4406 asseritur
1030 4350 1118 4404 Dei
1143 4351 1332 4420 gratia,
1363 4350 1588 4406 liberum
1616 4349 1890 4405 arbitrium
1918 4360 2130 4421 putetur

540 4443 783 4499 auferri:
813 4453 987 4513 potest
1033 4443 1275 4514 Pelagius
1322 4444 1393 4498 ita
1439 4458 1498 4498 se
1539 4442 1757 4498 latebris
1793 4442 2129 4499 obscuritatis

543 4535 701 4608 hujus
730 4536 1033 4601 involvere,
1066 4536 1304 4591 utetiam
1334 4535 1398 4589 iis
1434 4550 1553 4605 qua:
1580 4551 1611 4588 a
1640 4544 1824 4591 sancto
1851 4535 2130 4590 Ambrosio

542 4630 841 4698 conscripta
885 4626 1189 4697 posuimus,
1231 4627 1535 4682 consentire
1572 4640 1631 4682 se
1667 4625 1840 4692 dicat;
1883 4633 1937 4682 et
1970 4641 2030 4681 ea
2070 4641 2129 4682 se

544 4734 757 4790 quoque
781 4719 979 4774 sentire
1004 4719 1314 4788 proclamet,
1341 4732 1655 4787 semperque
1680 4717 1947 4782 sensisse;
1970 4727 2130 4787 atque

545 4810 614 4864 ita
643 4809 844 4879 singula
872 4818 1094 4863 conetur
1122 4823 1412 4878 exponere,
1444 4815 1501 4862 ut
1524 4809 1684 4864 etiam
1713 4808 1826 4877 ejus
1850 4809 2130 4864 sentcntiae

544 4902 831 4955 convenire
859 4898 1160 4954 credantur.
1189 4899 1525 4969 Quapropter
1561 4908 1814 4968 quantum
1848 4900 2038 4955 attinet
2062 4899 2129 4954 ad

546 4992 700 5047 istam
741 4990 809 5046 de
840 4990 1015 5045 divina
1053 4990 1217 5061 gratia
1250 5000 1303 5046 et
1331 4989 1594 5061 adjutorio
1620 4990 1966 5061 qumstiouem
1987 5032 2003 5056 ,
2032 4992 2128 5045 tria

545 5084 632 5139 illa
657 5099 776 5154 qua:
804 5081 1141 5154 apertissime
1169 5081 1411 5136 distinxit
1432 5066 1686 5138 attendite
1714 5100 1726 5135 :
1759 5098 1941 5155 posse,
1972 5084 2127 5151 velle,

545 5189 665 5230 esse
685 5173 736 5241 ³;
763 5171 817 5228 id
843 5179 927 5228 est
946 5214 961 5236 ,
992 5170 1396 5241 possibilitatem
1419 5212 1432 5235 ,
1466 5172 1809 5237 Voluntatcm,
1840 5174 2127 5228 actionem.

544 5266 601 5323 Si
622 5281 750 5337 ergo
770 5264 1103 5321 consenserit
1127 5262 1302 5331 nobis,
1324 5279 1430 5318 non
1456 5263 1622 5319 solam
1651 5264 2049 5335 possibilitatem
2076 5264 2128 5320 in

546 5358 763 5414 homine
782 5399 798 5424 ,
828 5357 1036 5413 etiamsi
1065 5371 1163 5411 nec
1188 5356 1341 5421 velit,
1375 5371 1472 5411 nec
1497 5366 1619 5426 agat
1645 5356 1781 5412 bene
1799 5397 1813 5422 ,
1842 5356 1936 5413 sed
1962 5357 2129 5427 ipsam

544 5464 757 5522 quoque
786 5448 1111 5504 voluntatem
1142 5457 1195 5501 et
1224 5447 1507 5514 actionem,
1540 5446 1592 5502 id
1619 5457 1721 5515 est,
1751 5456 1807 5503 ut
1834 5447 1970 5504 bene
1995 5447 2131 5504 veli-

546 5555 665 5596 mus
693 5547 749 5596 et
775 5538 912 5595 bene
938 5553 1156 5609 agamus
1175 5578 1191 5606 ,
1216 5552 1336 5610 qua:
1371 5552 1475 5591 non
1515 5547 1640 5592 sunt
1670 5538 1721 5592 in
1753 5537 1999 5603 homine,
2032 5538 2129 5595 nisi

611 5698 629 5730 ¹
655 5695 806 5748 Editlo
827 5701 925 5752 Ετ..
946 5691 1037 5747 sed
1058 5691 1326 5744 ndserentis
1343 5698 1412 5743 est
1443 5692 1542 5743 Dei.
1609 5699 1668 5742 ιι.

611 5760 634 5791 ³
656 5756 926 5808 casalensis
947 5763 1050 5813 ιιι,
1067 5753 1207 5804 homo
1230 5755 1337 5806 Dei.

612 5820 636 5854 ⁸
658 5819 912 5871 Vaticanus
931 5824 1037 5874 διε..
1062 5828 1222 5874 auore.

1289 389 1346 444 ὃ.
1386 386 1754 444 AUGUSTINI
1797 383 2100 441 EI’ISCOI‘I
2138 386 2342 442 LIBER
2383 389 2471 444 DE
2510 389 2765 445 GIIATIA
2806 391 3098 449 CHRISTI.

3721 397 3835 456 584

2239 502 2451 571 quando
2479 502 2613 558 bene
2641 504 2750 558 vult
2786 514 2842 560 et
2880 505 3015 561 bene
3042 504 3149 576 agit
3181 521 3196 559 :
3224 504 3304 570 si,
3337 512 3395 562 ut
3420 505 3563 575 dixi,
3591 522 3829 565 consen-

2237 593 2398 656 serit,
2431 594 2591 648 t-tiam
2630 594 2798 665 ipsam
2839 597 3162 652 voluntatem
3191 606 3245 653 et
3272 598 3535 656 actionem
3570 600 3832 659 divinitus

2237 683 2507 753 adjuvari,
2534 695 2589 740 et
2625 688 2702 741 sic
2736 688 3008 758 adjuvari,
3039 698 3096 744 ut
3132 691 3248 745 sine
3277 691 3367 747 illo
3395 691 3659 762 adjutorio
3690 694 3832 750 nihil

2237 773 2375 829 bene
2399 776 2623 830 velimus
2645 787 2697 832 et
2716 793 2961 848 agamus,
2990 796 3214 851 eamque
3233 796 3351 837 esse
3369 782 3591 854 gratiam
3616 784 3707 839 Dei
3733 800 3832 855 per

2235 863 2415 920 Jesum
2445 867 2712 923 Christum
2755 869 3033 925 Dominum
3072 882 3308 927 nostrum
3328 915 3343 938 ,
3376 873 3429 927 in
3469 890 3568 944 qua
3599 889 3699 931 nos
3730 890 3830 930 sua

2237 972 2342 1011 non
2371 968 2551 1013 nostra
2573 959 2774 1030 justitia
2800 960 2975 1031 justos
3000 961 3161 1029 facit,
3200 973 3251 1019 ut
3294 980 3355 1020 ea
3396 966 3463 1020 sit
3491 982 3611 1022 vera
3640 975 3828 1022 nostra

2231 1047 2432 1117 justitia
2463 1066 2581 1121 qua:
2610 1052 2761 1107 nobis
2789 1053 2856 1109 ab
2885 1054 2975 1108 illo
3001 1064 3114 1121 est;
3145 1055 3272 1110 nihil
3311 1056 3379 1112 de
3411 1056 3675 1126 adjutorio
3702 1074 3831 1129 gra-

2238 1139 2324 1193 ti.e
2368 1139 2495 1207 Dei,
2534 1151 2787 1211 quantum
2832 1143 3093 1211 arbitror,
3128 1145 3268 1200 inter
3306 1159 3405 1201 nos
3445 1147 3830 1204 controversia:

2237 1231 2586 1301 relinquetur.
3277 1275 3280 1278 ~

2307 1324 2535 1383 CAPUT
2571 1327 2803 1384 XLVIII.
2827 1361 2899 1370 —
2922 1331 3009 1386 55.
3040 1330 3172 1388 lllud
3210 1342 3385 1389 autem
3429 1341 3645 1405 propter
3680 1333 3829 1407 quod

2237 1416 2315 1471 sic.
2338 1416 2569 1472 laudavit
2594 1431 2835 1474 sanctum
2863 1422 3222 1491 Ambrosium,
3250 1426 3369 1497 quia
3396 1425 3600 1495 scilicet
3618 1426 3669 1481 in
3693 1427 3828 1483 scri-

2238 1510 2341 1578 ptis
2370 1510 2487 1575 ejus
2526 1512 2722 1567 invenit
2763 1529 2827 1568 ex
2869 1515 3111 1570 laudibus
3140 1516 3411 1572 Zacharias
3442 1526 3497 1573 et
3526 1518 3839 1589 Elisabeth,

2239 1616 2395 1670 posse
2432 1603 2699 1659 hominem
2740 1606 2791 1660 in
2825 1606 2925 1662 hac
2952 1608 3056 1661 vita
3085 1623 3204 1663 esse
3231 1609 3346 1664 sine
3374 1622 3592 1680 peccato
3617 1629 3629 1667 :
3655 1627 3830 1683 quan-

2236 1708 2393 1762 quam
2421 1694 2719 1764 negandum
2745 1712 2850 1751 non
2873 1697 2963 1765 sit,
2986 1699 3029 1753 si
3056 1698 3154 1753 hoe
3177 1700 3301 1755 velit
3325 1701 3485 1771 Deus,
3506 1702 3644 1772 apud
3666 1717 3837 1773 quem.

2235 1792 2361 1836 sunt
2389 1785 2567 1839 omnia
2598 1787 2899 1855 possibilia,
2942 1789 3246 1846 consideret
3284 1799 3460 1848 tamen
3498 1793 3825 1866 diligentius,

2234 1877 2683 1945 quemadmodum
2705 1880 2905 1935 dictum
2934 1885 3018 1938 sit.
3049 1884 3254 1940 Dictum
3275 1886 3416 1942 enim
3442 1896 3543 1956 est,
3567 1898 3828 1958 quantum

2238 1969 2364 2024 mihi
2419 1970 2661 2040 videtur,
2714 1974 3005 2030 secundum
3054 1979 3337 2047 quamdam
3391 1980 3532 2035 inter
3580 1980 3830 2038 homines

2236 2072 2695 2119 conversationem
2726 2066 3051 2135 probabilem
3091 2078 3251 2137 atque
3279 2070 3593 2128 laudabilem
3614 2114 3630 2139 ,
3663 2089 3829 2144 quam

2238 2151 2413 2206 nullus
2444 2152 2716 2207 hominum
2748 2155 2892 2224 juste
2934 2167 3117 2227 posset
3154 2159 3208 2213 in
3243 2162 3594 2233 accusationis
3630 2174 3689 2218 et
3721 2166 3829 2219 cri-

2236 2242 2539 2298 minationis
2570 2247 2838 2315 querelam
2886 2263 3094 2303 vocare.
3126 2247 3294 2318 Quam
3327 2262 3605 2321 propterea
3644 2254 3703 2309 in
3738 2255 3829 2310 Dei

2236 2342 2523 2403 conspectu
2552 2334 2836 2394 Zacharias
2866 2345 2919 2392 et
2946 2340 3063 2408 ejus
3090 2357 3220 2394 uxor
3250 2340 3496 2399 h:.buisse
3524 2343 3831 2402 referuntur

2241 2421 2388 2494 (Luc.
2416 2440 2435 2479 ι
2454 2467 2468 2491 ,
2498 2425 2552 2498 6)
2578 2469 2593 2493 ,
2619 2430 2742 2498 quia
2771 2430 2820 2483 in
2849 2447 2910 2485 ea
2942 2431 3184 2488 homines
3225 2435 3365 2489 nulla
3405 2436 3831 2496 dissimulatione

2237 2513 2511 2583 fallebant,
2541 2517 2635 2571 sed
2662 2528 2717 2571 ut
2743 2523 3068 2589 apparebant
3091 2522 3415 2594 hominibus,
3442 2527 3509 2581 ita
3536 2531 3644 2584 noti
3673 2541 3832 2585 erant

2237 2607 2405 2661 oculis
2429 2608 2540 2663 Dei.
2566 2608 2687 2665 Non
2712 2621 2889 2667 autem
2914 2613 3112 2668 dictum
3140 2625 3221 2671 est
3247 2616 3347 2672 hoc
3368 2619 3655 2675 secundum
3680 2622 3827 2677 illam

2238 2696 2618 2767 perfectionem
2651 2700 2900 2772 justitize,
2931 2705 2982 2759 in
3010 2722 3112 2776 qua
3143 2723 3264 2762 vere
3290 2719 3449 2779 atque
3476 2713 3787 2770 omnimodo
3808 2715 3825 2747 ⁸

2238 2788 2559 2844 immaculati
2605 2795 2929 2865 perfectique
2971 2796 3229 2853 vivemus.
3272 2799 3403 2855 Nam
3453 2811 3507 2859 et
3551 2806 3828 2873 apostolus

2237 2879 2431 2934 Paulus
2458 2881 2609 2950 dixit,
2638 2884 2929 2940 secundum
2953 2886 3210 2957 justitiam
3239 2907 3359 2960 qua:
3387 2909 3452 2947 ex
3484 2893 3599 2964 lege
3624 2908 3740 2964 est,
3767 2912 3828 2953 se

2235 2968 2400 3026 fuisse
2425 2973 2540 3028 sine
2567 2977 2817 3046 querela;
2848 2977 2899 3030 in
2931 2994 3030 3048 qua
3063 2979 3177 3051 lege
3205 2981 3365 3039 etiam
3396 2984 3681 3044 Zacharias
3694 2990 3828 3045 sine

2236 3064 2451 3134 querela
2476 3067 2907 3145 .conversabatur
2933 3084 2947 3122 :
2976 3070 3070 3125 sed
3100 3070 3238 3128 hanc
3259 3074 3544 3144 Apostolus
3563 3080 3828 3148 justitiam

2237 3154 2291 3209 in
2318 3157 2643 3212 stercoribus
2672 3166 2726 3214 et
2752 3159 3088 3215 detrimentis
3127 3162 3426 3234 deputavit,
3458 3167 3509 3221 in
3548 3184 3831 3239 compara-

2238 3246 2382 3302 tione
2406 3248 2626 3318 justitiae
2651 3266 2808 3320 quam
2836 3266 3115 3323 speramus
3154 3253 3417 3327 (Philipp.
3446 3273 3501 3311 ιιι
3525 3300 3538 3321 ,
3566 3259 3618 3323 6,
3647 3260 3744 3330 8),
3776 3270 3831 3317 et

2236 3355 2394 3410 quam
2425 3356 2567 3397 nunc
2596 3344 2801 3398 esurire
2836 3359 2899 3399 ac
2936 3343 3088 3401 sitire
3121 3345 3383 3404 debemus
3419 3349 3632 3421 (Matth.
3657 3369 3714 3421 v,
3748 3355 3827 3426 ϐ),

2237 3440 2297 3486 ιιι
2322 3447 2384 3488 ea
2428 3431 2744 3504 quandoque
2784 3444 3086 3492 saturcmur
3116 3437 3166 3494 in
3195 3440 3404 3510 specie,
3434 3458 3551 3513 qtae
3576 3459 3722 3501 nunc
3747 3456 3831 3503 est

2237 3521 2292 3577 in
2324 3522 2446 3589 ﬁde,
2479 3525 2729 3593 quamdiu
2753 3526 2927 3596 justus
2956 3543 3020 3583 ex
3050 3526 3153 3584 ﬁde
3182 3530 3313 3585 vivit
3341 3530 3513 3603 (Rom.
3543 3548 3580 3599 ι,
3614 3536 3726 3606 l7).

2307 3615 2533 3672 CAPUT
2574 3615 2761 3672 XLIX.
2783 3648 2855 3657 —
2875 3618 2964 3674 54.
2994 3616 3189 3675 Audiat
3212 3620 3441 3692 denique
3467 3623 3639 3694 ipsum
3666 3642 3828 3684 vene-

2238 3708 2459 3765 rabilem
2491 3710 2819 3776 antistitem,
2863 3727 2984 3766 cum
3029 3723 3324 3784 exponeret
3368 3716 3554 3771 Isaiam
3595 3720 3827 3790 prophe-

2241 3811 2347 3857 tam
2374 3800 2452 3875 (a)
2472 3844 2485 3868 ,
2517 3803 2782 3859 dicentem
2805 3846 2821 3872 ,
2849 3806 3095 3860 neminem
3123 3807 3176 3860 in
3202 3808 3297 3863 hoc
3322 3809 3513 3863 mundo
3547 3827 3656 3866 esse
3682 3828 3829 3881 posse

2226 3894 2346 3960 sine
2373 3904 2596 3964 peccato.
2626 3893 2721 3950 Ubi
2755 3910 2913 3950 nemo
2941 3904 3117 3966 potest
3153 3898 3363 3966 dicere,
3400 3917 3420 3951 ι
3451 3900 3501 3955 in
3532 3899 3633 3956 hoc
3669 3918 3826 3957 mun-

2237 3984 2309 4040 do
2336 4003 2356 4037 ι
2387 4002 2507 4039 eum
2539 3986 2739 4043 dixisse
2767 3987 2911 4043 velut
2940 3988 2991 4042 in
3021 3989 3307 4045 dilectione
3334 3990 3493 4061 hujus
3518 3993 3723 4050 mundi.
3755 3994 3826 4048 De

2238 4077 2495 4147 Apostolo
2536 4079 2730 4133 etenim
2780 4079 3120 4150 loquebatur,
3167 4082 3257 4153 qui
3298 4082 3464 4152 dixit,
3505 4084 3825 4141 Conversatio

2238 4178 2409 4223 nostra
2435 4170 2487 4224 in
2512 4170 2648 4224 oculis
2671 4181 2741 4224 cst
2769 4169 3026 4244 (Philipp.
3050 4188 3128 4238 tu,
3150 4173 3264 4244 20).
3290 4175 3439 4232 lIunc
3463 4192 3589 4249 ergo
3609 4192 3825 4234 sensum

2237 4271 2563 4318 memoratus
2583 4262 2865 4333 episcopus
2885 4266 3190 4335 explicans:
3224 4285 3243 4319 ι
3273 4268 3565 4339 Pcrfecm's,
3592 4290 3611 4325 ι
3636 4273 3822 4345 inquit,

2243 4372 2262 4407 ι
2289 4368 2470 4409 secum
2513 4354 2710 4410 multos
2746 4356 2820 4410 ait
2855 4356 3143 4435 Apostolus
3180 4357 3232 4413 in
3275 4357 3376 4415 hoc
3417 4361 3591 4419 adhuc
3627 4362 3825 4420 mundo

2237 4445 2388 4509 sitos,
2415 4446 2504 4516 qui
2531 4447 2574 4502 si
2603 4446 2668 4501 ad
2698 4446 3073 4517 perfectionem
3102 4465 3279 4506 veram
3305 4454 3575 4522 respicias,
3604 4454 3823 4526 perfecti

2238 4554 2357 4595 esse
2385 4555 2488 4595 non
2522 4549 2784 4609 poterant.
2813 4541 2947 4608 Quia
2975 4543 3088 4610 ipse
3112 4542 3275 4611 dixit,
3313 4544 3549 4603 Videmus
3575 4545 3714 4605 nunc
3738 4565 3825 4622 per

2236 4630 2496 4701 speculum
2516 4630 2569 4685 in
2586 4631 2871 4703 tenigmate,
2894 4642 3010 4687 tunc
3030 4645 3195 4689 autem
3214 4635 3347 4707 facie
3363 4637 3433 4691 ad
3453 4638 3634 4711 faciem
3656 4657 3676 4697 :
3696 4656 3824 4696 nunc

2237 4738 2482 4793 cognosco
2506 4739 2569 4777 ex
2588 4732 2750 4791 parte,
2777 4733 2894 4778 tunc
2919 4733 3085 4778 autem
3111 4742 3411 4797 cognoscam
3432 4730 3560 4785 sicut
3587 4742 3633 4786 et
3657 4731 3825 4804 cogni-

2238 4824 2317 4868 tus
2339 4832 2451 4868 sunt
2478 4813 2524 4885 (ι
2546 4813 2664 4870 Cor.
2688 4830 2802 4881 xm,
2834 4814 2945 4887 l2).
2975 4814 3047 4869 lta
3074 4825 3128 4871 et
3155 4818 3476 4875 immaculati
3498 4832 3623 4876 sunt
3648 4822 3702 4878 in
3726 4821 3824 4877 hoc

2239 4906 2438 4960 llllllltIO
2478 4913 2532 4960 et
2571 4904 2892 4960 immaculati
2930 4914 3087 4961 erunt
3116 4905 3169 4961 in
3205 4923 3372 4979 regno
3400 4909 3496 4967 Dei
3525 4928 3539 4965 :
3569 4926 3691 4967 cum
3722 4910 3822 4966 uti.

2238 5013 2375 5068 que,
2407 4997 2452 5051 si
2497 4997 2746 5052 minutius
2785 4997 3058 5065 excutias,
3099 4998 3466 5058 immaculatus
3505 5016 3628 5059 esse
3669 5015 3823 5058 nemo

2241 5090 2439 5160 possit,
2471 5089 2593 5160 quia
2642 5104 2801 5144 nemo
2845 5090 2962 5146 sine
3003 5101 3239 5162 peccato.
3273 5111 3293 5147 ι
3327 5092 3460 5150 Illud
3496 5109 3625 5168 ergo
3659 5092 3820 5152 sancti

2240 5181 2504 5237 Ambrosii
2528 5182 2911 5249 testimonium,
2933 5198 3039 5254 quo
3065 5200 3159 5254 pro
3183 5200 3276 5240 sua
3297 5187 3557 5243 sententia
3581 5186 3823 5259 Pelagius

2241 5272 2436 5339 utitur,
2468 5281 2559 5328 aut
2586 5273 2877 5330 secundum
2919 5275 3201 5345 quemdam
3239 5277 3456 5334 modum
3494 5279 3694 5337 dictum
3721 5287 3819 5343 est.

2306 5382 2546 5461 taliaes!
2572 5383 3221 5461 ueremur-Jews”,
3245 5389 3390 5454 Paulo
3424 5390 3579 5455 intra»
3601 5406 3707 5458 αι»-
3731 5392 3819 5452 ιθι

2240 5460 2289 5497 η·
2306 5446 2389 5524 ἓν
2779 5446 3239 5524 Ρίίτίεςιφὶἓιδῖίιίφ·

2301 5508 2377 5584 (ιθ)
2408 5507 2691 5584 mare
2709 5507 2801 5584 ιιρὸ
2817 5507 2942 5584 eius
2964 5507 3215 5584 θάιυνρειὶθ
3246 5513 3373 5584 ςιυοά
3394 5518 3821 5584 mmmam-9-

2241 5568 2468 5632 gttStinus
2509 5571 2560 5618 in
2593 5568 2717 5620 libro
2738 5570 2803 5620 de
2825 5568 3026 5623 tieocato
3059 5568 3314 5635 originali,
3360 5588 3411 5625 ιι.
3454 5576 3542 5638 47ς
3584 5577 3669 5628 lib.
3714 5576 3819 5627 Ide

2244 5632 2494 5695 Nuptiiset
2514 5633 2908 5695 concupiscentia
2926 5667 2941 5692 ,
2985 5647 3037 5683 ιι.
3063 5633 3152 5695 40;
3198 5634 3283 5685 lib.
3314 5637 3331 5686 l
3370 5645 3537 5688 contra
3559 5639 3819 5695 lulianum.

2246 5667 3125 5772 ἓὲῗῖεἳῖξὲἷιῖξῒξξεὲζιὲἦὲίῖἔιῶὤ
3137 5667 3331 5772 ’25'339'
3344 5667 3820 5772 ιᾶῗῗρὸιῖἱίέῗῖῖὶἐέ

2246 5753 2872 5831 ξνίξιψὲίΡςιξξδίξῑιονιιιπι
2890 5791 2919 5831 ν.
2951 5770 3002 5807 η·
3031 5753 3122 5808 '50-
3169 5753 3381 5831 ιιέηιίηξι
3401 5761 3819 5831 classemve“

2248 5814 2523 5866 Ambrosius
2543 5814 2649 5879 ipse
2672 5814 2758 5867 lib.
2784 5817 2814 5867 2
2833 5814 3093 5880 inuicem,
3110 5833 3160 5868 ιι.
3179 5822 3269 5881 56,
3292 5822 3349 5872 ad
3372 5814 3477 5886 cap.
3506 5824 3584 5886 ll,
3615 5825 3682 5875 19.
