3996 6474
81 513 408 588 pmbahilem
435 515 684 588 quidem,
715 517 808 572 sed
837 531 942 572 non
971 515 1224 570 minutius
1249 529 1534 570 excussum
1561 529 1576 568 :
1600 523 1690 568 aut

81 621 212 664 certe
241 609 290 662 si
327 609 422 664 ille
461 610 548 664 vir
589 619 808 665 sanctus
851 617 1008 678 alque
1053 607 1267 662 humilis
1297 605 1608 660 Zachariam
1637 615 1692 660 et

83 701 348 758 illisabcth
383 717 618 756 summa:
647 711 804 772 atque
833 699 1144 756 omnimodo
1175 699 1422 770 perfectzn
1445 699 1686 767 jnstitim,

84 793 154 845 cui
181 791 314 844 nihil
349 791 478 844 addi
503 790 616 861 jam
648 799 830 862 posset
849 833 862 853 ,
895 791 1056 846 fuisse
1080 789 1422 854 existimavit,
1453 787 1690 858 profecto
1719 831 1732 836 -

85 883 408 936 saltemiam
441 897 596 936 suam
629 883 884 936 minutius
913 879 1230 936 excutienda
1259 881 1509 934 correxit.

143 973 384 1031 CAPUT
415 975 478 1030 [ι.
499 1005 572 1016 --
597 975 688 1032 55.
719 975 970 1030 Attcudat
997 989 1124 1028 sane
1151 973 1250 1028 iste
1279 974 1330 1026 in
1357 973 1546 1028 eodem
1575 973 1691 1042 ipso

91 1071 218 1130 luco,
263 1069 426 1122 nmle
465 1067 568 1122 hoc
597 1067 1010 1122 Ambrosianum
1043 1065 1400 1120 testimonium
1421 1107 1437 1131 ,
1467 1065 1606 1134 quod
1637 1065 1688 1120 ei

90 1157 348 1226 plarrlmt.
385 1157 716 1224 assumpsit,
749 1157 912 1210 etiam
953 1155 1080 1210 illud
1123 1171 1246 1210 eum
1289 1155 1520 1220 dixisse,
1547 1157 1688 1224 quod

96 1269 108 1298 I
135 1248 192 1301 ab
229 1247 402 1301 initio
421 1262 546 1302 esse
568 1248 964 1302 immaculatum
997 1247 1012 1278 ι
1033 1287 1048 1312 ,
1077 1245 1322 1300 humana:
1363 1246 1690 1316 impossibile

91 1341 142 1394 iit
173 1349 392 1394 natura:
419 1357 436 1394 :
473 1357 492 1391 ι
531 1339 622 1394 ubi
653 1339 876 1394 numino
904 1339 1046 1394 illam
1087 1339 1380 1394 naturalem
1425 1337 1690 1408 possibili.

95 1443 252 1495 latent,
277 1447 460 1500 quam
487 1430 732 1502 Pelagius
755 1447 860 1484 non
891 1430 1002 1484 vult
1021 1429 1252 1486 lideliter
1277 1430 1546 1500 respicere
1567 1445 1692 1500 pec-

95 1531 190 1576 cato
209 1537 340 1578 esse
372 1523 640 1588 vitiatam,
671 1529 726 1578 et
755 1521 874 1577 ideo
895 1521 1162 1592 jactanler
1181 1521 1408 1586 extollit,
1437 1536 1690 1576 euervetn

99 1617 458 1683 inlimmnque
491 1621 720 1670 testatur
753 1613 1088 1670 venerandus
1117 1613 1430 1668 AmbrOsius
1459 1630 1475 1668 :
1505 1612 1690 1683 procul

99 1705 232 1756 duino
255 1713 462 1760 contra
503 1705 662 1760 istius
687 1704 1046 1768 voluntatem,
1073 1702 1166 1760 sed
1197 1718 1302 1758 non
1341 1711 1525 1758 contra
1562 1717 1690 1772 apo-

101 1797 314 1852 ttolicam
341 1798 655 1864 veritatem,
682 1797 768 1854 ubi
791 1797 1002 1868 legitur,
1031 1793 1248 1850 Fuimus
1273 1806 1322 1850 et
1347 1811 1440 1851 nos
1457 1795 1692 1866 aliquan-

189 2105 272 2116 "q
301 2105 750 2114 -—‘---—-‘_*—
1151 2107 1154 2110 ν
1179 2105 1238 2112 I-
1421 2103 1624 2112 —————
1641 2103 1972 2112 ψ-υ--ῇ
2021 2103 2270 2112 —-_—-——-—
2299 2105 2354 2112 ...-
2433 2105 2574 2112 ι-ι---ῌ-
2595 2105 2830 2112 -——----¢-——
2853 2105 2884 2112 4-
2911 2107 2928 2112 -
2945 2105 2964 2112 υ,
3043 2103 3172 2112 0—“

581 2105 750 2114 μνη-.-

567 2143 1072 2152 _-_--.—.-—-—..~o——-_.—
1095 2143 1106 2150 ι
1135 2143 1580 2152 _.__._—_~_——__..—
1609 2143 1693 2151 ..σε

1803 2143 2050 2151 .ηε-...ιονι-
2073 2143 2364 2150 ’ἠὴρ-*-
2401 2143 2700 2150 ————.—-—
2735 2143 2766 2150 ω

579 2215 738 2364 S.

785 403 842 462 S.
883 399 1244 460 AUGUSThil
1283 399 1578 456 El‘lSCOl’i
1623 397 1818 454 LIBER
1861 397 1948 454 DE
1989 397 2296 454 PECl'..\TO
2333 399 2696 456 οῖιςοιΝΑιι.

1421 2103 1624 2112 —————
1641 2103 1972 2112 η-σ-ηρ--η-η-α

3285 399 3390 460 586

1795 513 1860 568 do
1887 523 2066 568 natura
2093 513 2189 582 lilii
2217 515 2334 578 ἔγω,
2377 515 2504 569 sicut
2532 525 2578 570 et
2605 516 2770 570 cwleri
2795 513 3028 586 (Ephes.
3057 531 3092 570 tl
3113 555 3126 580 ,
3159 513 3236 588 3).
3267 514 3384 586 Ipsa

1795 615 1876 660 est
1903 605 2044 660 enim
2073 619 2170 674 per
2193 615 2466 674 peccatum
2495 605 2650 676 primi
2679 605 2930 672 hominis,
2959 605 3098 676 quod
3127 621 3192 660 ex
3217 605 3386 662 libero

1795 697 1910 768 ejus
1936 698 2076 751 venit
2101 697 2342 762 arbitrio,
2371 697 2552 754 vitiata
2573 707 2626 752 ct
2644 697 2892 752 damnata
2917 707 3136 762 natura;
3165 697 3250 752 cui
3269 698 3384 752 sola

1795 807 1890 862 per
1911 792 2252 847 Mediatorem
2277 793 2368 846 Dei
2393 801 2449 847 et
2469 790 2740 846 hominum
2761 803 2816 848 et
2835 793 3253 862 omnipotentem
3275 806 3384 846 me—

1794 883 1970 939 dicum
2011 883 2186 938 divina
2229 883 2478 940 subvenit
2515 883 2704 952 gratia.
2747 883 2820 938 De
2847 882 2998 951 cujus
3025 882 3288 952 adiutorio
3313 881 3384 936 ad

1790 973 2222 1044 justiti-:ationent
2269 983 2539 1040 nostram,
2569 989 2676 1044 quo
2703 974 2845 1028 Deus
2885 971 3222 1043 diligentibus
3261 989 3386 1028 eum
3483 1043 3490 1052 .

1794 1068 1970 1120 omnia
2011 1076 2330 1138 cooperatnr
2355 1067 2406 1120 in
2437 1066 2634 1120 bonum
2667 1067 2684 1097 ¹
2719 1065 2892 1139 (Rom.
2927 1081 3052 1132 vni,
3082 1065 3174 1136 28)
3196 1107 3211 1130 ,
3250 1080 3388 1135 quos

1795 1159 1940 1228 prior
1963 1157 2147 1212 dilexit
2173 1159 2214 1228 (Ι
2239 1157 2395 1212 Joan.
2421 1174 2498 1225 tv,
2523 1157 2636 1230 l9),
2665 1158 2872 1212 donans
2895 1158 2976 1212 eis
3001 1165 3058 1212 ut
3081 1157 3390 1226 diligeretur

1794 1247 1862 1302 ah
1889 1249 1994 1314 eis,
2025 1249 2148 1320 quia
2173 1249 2374 1316 jamdiu
2405 1258 2486 1302 est
2511 1257 2570 1304 ut
2599 1249 2910 1304 disserimus
2937 1267 2949 1302 :
2973 1247 3226 1318 deinceps
3254 1247 3390 1302 inci-

1795 1341 2034 1410 piamus,
2063 1351 2316 1411 quantum
2355 1341 2610 1396 Dominus
2641 1339 2938 1410 adjuverit,
2975 1340 3136 1395 etiam
3165 1339 3232 1395 de
3261 1352 3390 1408 pec-

1793 1441 1932 1498 cato,
1961 1433 2100 1503 quod
2132 1447 2228 1503 per
2255 1449 2416 1488 unum
2443 1432 2712 1487 hominem
2739 1447 2860 1488 cum
2893 1441 3064 1487 morte
3091 1432 3310 1488 intravit
3335 1432 3388 1486 iu

1795 1523 2084 1590 mundum,
2129 1531 2288 1593 atque
2335 1524 2408 1578 ita
2461 1525 2513 1578 in
2555 1537 2746 1578 omnes
2791 1523 3032 1578 homines
3083 1523 3391 1594 pertransiit

1798 1615 1972 1687 (llam.
1995 1631 2050 1681 v,
2079 1615 2192 1688 12),
2213 1615 2472 1671 adversus
2499 1616 2630 1670 istos
2653 1617 2742 1686 qui
2771 1617 2826 1670 in
2849 1631 3086 1672 errorem
3115 1615 3240 1672 huic
3259 1631 3390 1672 con-

1797 1705 2014 1760 trarium
2059 1707 2266 1760 veritati
2311 1707 2546 1776 apertius
2591 1715 2910 1776 eruperunt,
2942 1723 3061 1777 qua:
3099 1707 3228 1762 satis
3263 1721 3388 1764 esse

1795 1799 2114 1854 videbuntur
2136 1799 2458 1869 exprimi-re.

1859 1929 1876 1961 ι
1904 1937 2002 1977 Am.
2020 1935 2176 1994 βμετ.
2196 1964 2210 1986 ,
2243 1943 2337 1990 quo
2367 1939 2512 1994 Deum
2533 1927 2836 1994 diligentibus
2871 1943 2980 1980 cum
3013 1929 3173 1981 omnia
3215 1941 3386 1981 coooc-

1796 1997 1984 2052 rantur,
2011 1991 2062 2042 in
2085 1991 2274 2042 bonum.
2301 1991 2437 2052 Male,
2461 2005 2518 2042 ac
2537 1991 2940 2042 dissentientibus
2961 2001 3068 2042 uss.

2021 2103 2174 2112 *—

2177 2105 2270 2112 ——-—
2299 2105 2354 2112 ...-
2433 2105 2574 2112 ι--ῂ-
2595 2105 2830 2112 --κ--α-σ-
2853 2105 2884 2112 ς.
2911 2107 2928 2112 -
2945 2105 2964 2112 .-
3043 2103 3172 2112 οη-η--α-

107 2469 498 2688 DE
705 2458 1893 2687 GBATIA
2106 2460 3384 2686 CHRISTI

505 2825 740 2952 ET
811 2824 1056 2954 DE
1130 2821 1960 2954 PECCATO
2025 2821 2978 2955 ORIGINALI

643 3017 1120 3104 CONTRA
1193 3017 1808 3104 PELAGIUM
1881 3019 2031 3102 ET
2105 3017 2842 3106 COELESTIUM

1468 3171 1738 3266 sum
1776 3181 2010 3267 aeuo.

1449 3351 1714 3405 τεςθςνκῡ
1725 3350 2030 3404 βεκκερ-«μθ

1034 3467 1505 3578 LIBER
1564 3465 2446 3574 SECUNDUS.

1257 3635 1360 3695 DE
1401 3629 1766 3694 PECCATO
1807 3629 2248 3692 ORIGINALI.

1567 3751 1942 3805 εεΜζῖἒβὲῖεζ)

161 3891 364 3954 Mum
381 3891 710 3954 Augustinus,
735 3887 976 3954 Pelagium
1002 3886 1048 3934 in
1073 3883 1342 3954 quastione
1360 3881 1424 3954 de
1449 3877 1669 3954 originali
1694 3885 1896 3954 peccato
1910 3890 1986 3954 ac.
1997 3877 2060 3954 die
2071 3876 2386 3954 parvulorum
2411 3881 2695 3954 raljitisinate
2717 3918 2729 3940 ,
2756 3881 2870 3954 nihil
2893 3885 3054 3954 reipsa
3075 3884 3334 3954 dissentire
3363 3899 3390 3936 a

113 3937 774 4018 Messeniis-insae.
801 3937 881 4018 (ιιῖί
909 3937 1160 4018 tremit"
1177 3943 1414 4018 originale
1437 3937 1656 4018 ορμῖεψςί
1668 3937 2566 4018 Iuleis;1'astrueret?Beier?
2590 3937 2767 4018 ἕέἓ¹ἓ¹¹έν

115 4002 258 4074 ιιοδιέει
279 4002 456 4075 unum,
476 4002 841 4076 erismpalibus
853 4002 1046 4074 iudiciis
1065 4002 1432 4076 damuat'usest:
1457 4005 1780 4076 (quaestionem
1806 4003 1934 4050 enim
1955 4002 2094 4051 istam
2109 4015 2215 4074 non
2247 4015 2414 4074 earum
2437 4002 2568 4076 esse,
2589 4011 2639 4076 ut
2655 4005 2880 4076 haeretici
2901 4002 3048 4076 iidem
3064 4002 3321 4076 volebant,
3343 4011 3390 4058 i.t

111 4049 264 4140 iiii;
279 4049 1362 4140 ῖξέίῖιῖῖξζῇπξιὶὶῖιῑξῑῑῑξῐὶῖζιιζζεξδὶῆῐιὶξίί
1369 4049 1392 4114 ῑ
1400 4049 2093 4140 ·ίιεῖςῖἢἧὶίεςιίείιδξίμειλίιςνειέέἀεί
2224 4049 2423 4138 omnia
2435 4049 2545 4140 iis
2557 4049 3048 4140 ’ρμὶξῖἐίἰείιξῶᾧέῐὸῖιξξ
3061 4049 3390 4120 inlidant—tenta:

593 4125 718 4210 Ἦ’ῖιιεὶ
741 4133 985 4210 originalis
999 4133 1100 4210 vitii
1116 4125 1342 4196 dogmaie
1361 4129 1635 4190 nuptiarum
1657 4125 1857 4174 bonitati
1879 4125 2096 4186 detrahi,
2113 4131 2312 4188 Deoque
2337 4126 2424 4190 ipsi
2441 4163 2456 4188 ,
2475 4125 2682 4176 hominis
2697 4130 2780 4190 qui
2806 4125 2894 4190 ιώ·
2913 4131 3102 4192 nuptias
3125 4143 3391 4194 generatur

113 4201 320 4250 (milim
347 4196 573 4264 iniuriam
597 4196 704 4248 ﬁeri
727 4196 1104 4248 contendebant.

165 4305 390 4364 CAPUT
429 4303 716 4360 PRIMUM.
745 4331 818 4342 ——
843 4303 896 4358 l.
935 4301 1052 4356 iam
1087 4313 1228 4354 nunc
1265 4297 1546 4368 diligenter
1589 4293 1688 4348 ad-

111 4399 318 4466 vertite,
353 4399 422 4452 de
463 4397 790 4468 Baptismate
835 4392 1174 4464 parvulorum
1221 4405 1380 4460 quam
1410 4395 1565 4442 caute
1591 4384 1690 4440 (Ια-

112 4487 258 4546 batis
299 4489 496 4545 audire
541 4489 786 4543 homines
825 4485 1127 4557 ejusmodi,
1177 4483 1268 4553 qui
1311 4495 1480 4551 neque
1507 4489 1692 4548 aperte

113 4581 172 4636 illi
191 4583 340 4638 atati
379 4582 652 4636 lavacrum
691 4577 1109 4649 regenerationis
1147 4583 1202 4630 et
1231 4581 1566 4643 peccatorum
1603 4585 1690 4624 re-

113 4673 370 4730 missionis
411 4671 611 4726 audent
665 4683 894 4740 negare,
949 4683 1018 4722 ue
1065 4665 1167 4721 hoc
1206 4663 1508 4720 christiana:
1535 4675 1692 4716 aures

111 4763 228 4820 ferre
271 4781 388 4819 non
439 4764 676 4833 possint;
707 4772 762 4816 et
791 4771 966 4816 tamen
1007 4757 1312 4829 opinionem
1355 4769 1539 4816 suam,
1587 4767 1691 4824 qua

109 4863 276 4922 putant
305 4863 536 4926 peccato
561 4851 716 4922 primi
741 4851 970 4906 hominis
996 4847 1262 4904 carnalem
1293 4846 1689 4918 generationem

108 4948 388 5004 obnoxiam
417 4961 524 5001 non
555 4945 721 5000 teneri
743 4987 758 5008 .
791 4943 923 4998 tueri
963 4951 1018 4998 et
1050 4939 1326 4996 defensare
1358 4937 1644 5008 persistunt
1672 4977 1686 5002 ,

105 5043 342 5106 quamvis
365 5037 451 5094 eis
476 5037 804 5107 Baptismum
837 5035 1118 5090 videantur
1147 5033 1199 5086 in
1229 5039 1566 5102 peccatorum
1607 5045 1692 5084 reo
1729 5025 1734 5030 ’

105 5133 412 5190 missionem
443 5129 760 5186 concedere.
789 5127 990 5198 Nempe
1020 5125 1118 5196 ipsi
1147 5141 1176 5178 a
1211 5123 1419 5194 Pelagio
1439 5137 1534 5176 vos
1559 5135 1692 5190 pra:-

105 5235 242 5282 sente
291 5221 595 5294 scripsistis
646 5219 860 5276 audisse
885 5261 900 5284 ,
941 5219 1200 5274 recitante
1231 5215 1380 5270 vobis
1407 5213 1478 5270 de
1513 5212 1694 5268 libello

105 5331 210 5382 mo,
241 5330 412 5388 quem
441 5313 606 5370 etiam
643 5311 866 5366 Romam
891 5326 950 5366 se
979 5309 1189 5366 nﬁsisse
1216 5305 1488 5362 asserebat
1506 5346 1522 5372 ,
1549 5303 1692 5375 quod

107 5425 124 5458 t
147 5409 340 5466 iisdem
371 5403 708 5464 Sacratneuti
727 5403 905 5459 verbis
927 5421 948 5456 ι
969 5401 1148 5458 dicant
1167 5417 1186 5452 ι
1215 5399 1412 5455 debere
1439 5395 1692 5467 baptizari

105 5499 332 5556 infantes
355 5542 372 5566 ,
413 5497 610 5570 quibus
639 5505 692 5551 et
723 5493 973 5564 majores.
1017 5512 1038 5546 ι
1083 5492 1212 5562 Quis
1246 5499 1366 5562 post
1405 5489 1496 5546 illa
1532 5489 1692 5544 verba

107 5601 328 5660 putaret,
359 5591 440 5645 eis
463 5589 533 5644 de
561 5588 660 5642 hac
687 5601 745 5642 re
777 5585 934 5640 ullam
962 5583 1274 5639 movendam
1293 5597 1416 5638 esse
1440 5580 1696 5652 qurestio-

105 5683 257 5738 nem?
303 5691 402 5738 aut
445 5695 566 5736 cum
619 5677 851 5740 faceret,
901 5675 986 5730 cui
1037 5691 1140 5730 non
1184 5669 1694 5730 calumniosissimus

107 5775 388 5836 videretur,
420 5773 466 5828 si
495 5785 604 5826 non
635 5783 820 5824 eorum
857 5765 1134 5821 manifesta
1161 5765 1320 5820 verba
1352 5765 1654 5834 legerentur
1676 5803 1693 5828 ,

106 5869 182 5920 ubi
245 5875 442 5938 negant
490 5861 743 5936 parvulus
797 5857 1004 5914 trahere
1073 5857 1326 5928 originale
1381 5865 1692 5926 peccatum,

1797 4307 2092 4360 omnesque
2137 4291 2254 4346 sine
2295 4293 2402 4346 nllu
2431 4293 2561 4346 vitio
2587 4304 2740 4348 natos
2771 4309 2890 4350 esse
2919 4297 3295 4352 contendunt"

1867 4381 2092 4437 CAPUT
2113 4381 2176 4436 ll.
2202 4414 2270 4422 —
2289 4382 2342 4437 2.
2373 4383 2436 4438 Et
2457 4383 2738 4439 Caelestius
2765 4385 2978 4456 quidem
3003 4387 3054 4442 in
3088 4389 3186 4443 hoc
3217 4391 3382 4443 exsti-

1799 4475 1862 4528 tit
1891 4491 2074 4528 errore
2099 4473 2334 4540 liberior,
2367 4491 2533 4546 usque
2553 4475 2710 4542 adeo,
2737 4486 2794 4531 ut
2819 4493 2990 4550 neque
3017 4479 3066 4533 in
3091 4481 3384 4550 episcop.-li

1791 4568 1994 4638 judicio
2023 4567 2162 4638 apud
2207 4567 2580 4640 Carthaginem
2622 4569 2878 4626 damnare
2907 4573 3138 4627 voluerit
3175 4589 3269 4629 eos
3295 4575 3388 4642 qui

1797 4657 1997 4722 dicunt,
2037 4678 2053 4710 ι
2089 4659 2240 4728 Quod
2269 4669 2544 4729 peccatum
2586 4660 2714 4716 Adi!)
2743 4661 2915 4732 ipsum
2946 4663 3117 4718 solum
3147 4664 3344 4720 laeserit
3369 4707 3386 4732 ,

1797 4759 1850 4804 et
1875 4769 1976 4803 non
1998 4766 2166 4820 genus
2194 4749 2516 4816 lnnnanum;
2550 4761 2604 4806 et
2631 4753 2772 4822 quod
2801 4753 3030 4810 infantes
3045 4755 3132 4825 qui
3157 4771 3388 4812 nascun-

1797 4852 1903 4908 tur,
1929 4845 1978 4896 iu
2003 4859 2066 4898 eo
2087 4851 2226 4896 statu
2251 4847 2377 4908 sint,
2408 4843 2459 4897 in
2487 4861 2590 4913 quo
2618 4845 2782 4898 Adam
2809 4845 2903 4900 fuit
2922 4855 3044 4901 ante
3067 4849 3384 4917 prtcvarica-

1798 4933 2018 4988 tionem.
2060 4953 2077 4985 ι
2111 4935 2174 4988 lit
2201 4933 2250 4986 in
2283 4935 2412 4990 urbe
2451 4935 2618 4989 Ruina
2649 4937 2700 4990 in
2727 4935 2907 4992 libello
2935 4953 3052 5002 suo,
3077 4955 3234 5010 quem
3257 4940 3384 4994 bea-

1799 5027 2004 5080 tissimo
2029 5041 2179 5096 paptt'
2207 5025 2421 5081 Zosimo
2441 5027 2605 5093 dedit,
2633 5029 2683 5082 id
2711 5033 3034 5084 asSevcravit
3061 5034 3384 5101 expressius,

1804 5137 1822 5169 ‹
1862 5118 2000 5188 quod
2051 5119 2394 5187 parvulorum
2455 5123 2721 5174 neminem
2781 5121 3076 5193 obstringat
3127 5125 3388 5195 originale

1799 5219 2093 5280 peccatum.
2133 5229 2151 5262 ι
2191 5211 2263 5264 De
2291 5209 2454 5280 gestis
2493 5211 2634 5265 enim
2681 5212 3056 5268 ecclesiasticis
3101 5215 3385 5288 Carthagi-

1799 5301 2053 5356 nensibus
2083 5301 2198 5358 lure
2223 5301 2336 5371 ejus
2367 5301 2524 5356 verba
2557 5302 2958 5374 descripsimus.

1869 5391 2096 5448 CAPUT
2135 5389 2219 5446 Ill.
2251 5423 2321 5431 —
2345 5393 2397 5446 5.
2432 5409 2451 5444 ‹
2491 5393 2736 5448 Aurelius
2767 5395 3050 5470 cpiscopus
3077 5395 3217 5452 dixit
3247 5415 3261 5452 :
3291 5396 3388 5452 Se-

1798 5484 2013 5556 quentia
2043 5484 2349 5540 recitenlur.
2389 5485 2452 5538 Et
2483 5485 2760 5540 recitatum
2787 5493 2890 5550 est,
2925 5486 3076 5554 Quod
3109 5497 3384 5557 peccatum

1799 5576 1930 5631 Atla:
1954 5576 2052 5646 ipsi
2079 5576 2176 5630 soli
2203 5575 2452 5641 obfuerit,
2483 5587 2536 5631 et
2561 5593 2664 5632 non
2686 5577 2863 5647 generi
2887 5578 3140 5633 humano.
3171 5579 3236 5633 Et
3261 5595 3382 5632 cum

1801 5667 2076 5722 recitatum
2128 5677 2306 5734 esset,
2355 5667 2637 5726 leestius
2679 5671 2812 5724 dixit
2845 5688 2858 5726 ς
2891 5669 3006 5724 Dixi
3050 5669 3118 5726 de
3170 5669 3390 5726 traduce

1803 5757 2266 5829 peceati.dubium
2314 5777 2400 5814 me
2445 5775 2597 5824 esse,
2645 5758 2716 5812 ita
2752 5769 2926 5814 tamen
2967 5769 3024 5814 ut
3059 5760 3141 5816 cui
3169 5759 3390 5818 donavit

1806 5853 1942 5907 licus
1969 5851 2193 5915 gratiam
2237 5853 2440 5918 peritizr
2496 5853 2858 5918 consentiam;
2910 5854 3030 5924 quia
3081 5855 3288 5912 diversa
3323 5869 3388 5912 an
