3996 6470
192 390 290 449 559

193 506 327 560 falsa:
352 501 613 559 doctrinm
646 512 848 560 ventus
886 503 1183 571 inliaverat,
1210 514 1348 558 utea
1369 520 1486 574 qua:
1514 504 1585 556 illi
1611 518 1641 556 a
1662 502 1779 556 dia-

191 610 319 651 cono
338 595 562 650 Paulino
586 593 805 650 fuerant
825 596 1030 666 objecta
1053 595 1350 660 damnaret,
1367 605 1526 666 atque
1549 603 1606 648 ut
1622 593 1781 649 Sedis

193 689 504 758 Apostolica:
530 688 748 754 litteris,
783 705 902 760 quae
928 704 958 742 a
987 698 1183 742 sancta:
1211 688 1482 742 memoriae
1511 701 1608 740 suo
1635 702 1776 757 pra:-

190 795 395 835 cessore
423 791 800 847 manaverant,
836 781 1094 851 prmberct
1130 796 1430 836 assensum.
1471 779 1656 834 Atille
1683 795 1779 832 no-

188 871 277 926 luit
298 871 517 942 quidem
540 871 757 926 diaconi
786 873 996 941 objecta
1025 871 1277 926 damnare
1305 870 1436 927 :scd
1459 871 1597 925 beati
1629 861 1778 939 papa:

190 961 474 1016 Innocentii
514 962 710 1017 litteris
741 978 848 1017 non
890 972 972 1017 est
1012 978 1172 1016 ausus
1201 961 1496 1027 obsistere;
1524 960 1632 1015 imo
1665 978 1685 1012 α
1719 975 1779 1016 se

187 1055 353 1106 omnia
383 1068 507 1122 qua:
547 1052 717 1108 Sedes
768 1053 852 1106 illa
897 1051 1212 1119 damnaret,
1256 1052 1628 1106 damnatorum
1658 1066 1777 1104 esse

186 1145 423 1216 promisit
455 1162 470 1199 :
510 1163 530 1196 ι
561 1153 721 1213 atque
749 1145 821 1198 ita
844 1145 985 1200 velut
1013 1143 1371 1214 phreneticus,
1395 1150 1453 1196 ut
1475 1143 1778 1212 requiesce-

187 1245 276 1299 ret,
303 1246 561 1306 tanquam
607 1236 799 1290 leniter
845 1235 1006 1303 fotus,
1037 1251 1064 1288 a
1095 1235 1316 1290 vinculis
1352 1242 1528 1288 tamen
1558 1248 1776 1288 excom-

187 1326 563 1381 municationis
603 1325 839 1381 nondum
876 1334 958 1382 est
1010 1327 1247 1380 creditus
1302 1339 1423 1380 esse
1465 1323 1774 1379 solvendus.

186 1415 279 1471 Sed
324 1417 652 1486 interposito
694 1417 920 1472 duorum
965 1418 1226 1472 mensium
1278 1424 1556 1486 tempore,
1605 1414 1778 1470 donec

186 1509 567 1563 rescriberetur
621 1523 687 1562 cx
742 1509 959 1574 Alrtca,
1014 1507 1360 1577 resipiseendi
1410 1507 1458 1560 ei
1499 1507 1647 1560 locus
1675 1505 1777 1560 sub

187 1601 409 1669 quadam
441 1599 750 1655 medicinali
795 1600 1073 1656 sententia:
1115 1600 1331 1655 lenitate
1355 1613 1644 1655 concessus
1671 1608 1774 1654 est.

186 1692 440 1758 Quoniam
498 1706 727 1758 revera,
785 1693 829 1746 si
879 1691 1116 1760 deposita
1160 1691 1468 1760 pervicacia:
1495 1691 1730 1744 vanitate
1759 1728 1774 1754 ,

191 1783 318 1854 quod
355 1783 684 1852 promiserat
711 1784 872 1838 vellet
898 1782 1196 1849 attendere,
1224 1792 1279 1837 et
1303 1783 1516 1839 easdem
1549 1783 1775 1847 litteras,

184 1875 369 1944 quibus
400 1889 462 1928 se
493 1889 885 1930 consensurum
933 1889 1054 1930 esse
1094 1874 1468 1944 responderat,
1495 1874 1779 1944 diligenter

187 1965 395 2034 legeret,
433 1974 747 2019 sanaretur.
777 1965 883 2020 Sed
911 1975 1255 2036 posteaquam
1283 1981 1347 2020 ex
1380 1964 1631 2020 Africano
1658 1965 1777 2035 epi-

185 2069 465 2124 scaporum
511 2057 741 2110 concilio
781 2058 1036 2127 rescripta
1065 2057 1268 2112 directa
1297 2066 1440 2118 sunt,
1465 2057 1590 2127 quid
1619 2057 1775 2112 fuerit

185 2159 554 2212 consecutum,
594 2159 647 2202 ut
669 2149 967 2218 justissime
995 2151 1048 2204 in
1076 2165 1196 2203 eum
1227 2149 1487 2204 sententia
1511 2150 1779 2219 proferre-

183 2250 273 2305 tur,
301 2252 502 2296 CIIIICIa
533 2241 713 2310 legite,
745 2243 868 2312 quia
903 2250 1093 2297 cuncta
1123 2241 1543 2297 transmisimus.

239 2331 469 2387 CAPUT
519 2332 652 2386 Vlll.
699 2362 773 2374 —
807 2332 862 2389 9.
910 2333 1063 2388 Unde
1103 2334 1265 2388 etiam
1315 2333 1580 2404 Pelagius,
1626 2333 1669 2388 si
1717 2348 1776 2388 sc

180 2424 338 2492 ipsum
386 2433 444 2478 et
492 2439 590 2478 sua
639 2425 836 2494 scripta
889 2425 1006 2481 sine
1037 2425 1164 2481 dolo
1193 2426 1429 2497 cogitat,
1484 2442 1588 2480 non
1630 2437 1776 2483 recte

181 2515 313 2580 dicit,
346 2515 545 2570 eadem
573 2518 838 2571 sententia
864 2532 924 2573 se
947 2533 1048 2572 non
1077 2518 1324 2574 debuisse
1349 2519 1538 2573 teneri.
1563 2519 1776 2575 Fefellit

179 2607 308 2662 enim
326 2607 600 2678 judicium
620 2607 996 2672 Palaestinum;
1025 2618 1305 2678 propterea
1334 2608 1402 2664 ibi
1427 2609 1636 2664 videtur
1655 2624 1776 2665 esse

180 2709 427 2770 purgatus
457 2717 473 2752 :
509 2698 805 2752 Romanam
849 2714 977 2754 vero
1024 2699 1340 2763 Ecclesiam,
1382 2699 1469 2754 ubi
1501 2713 1622 2754 eum
1650 2715 1776 2756 esse

176 2792 516 2846 notissimum
565 2790 737 2854 scitis,
785 2789 967 2845 fallere
1007 2806 1388 2860 usquequaque
1429 2807 1533 2846 non
1567 2792 1771 2863 potuit;

176 2885 416 2954 quamvis
455 2892 515 2937 et
551 2878 656 2936 huc
693 2880 851 2936 fuerit
894 2891 1180 2952 utcumque
1217 2883 1233 2914 ί
1261 2891 1485 2936 conatus
1515 2900 1528 2937 :
1559 2882 1686 2948 sed,
1719 2891 1777 2938 ut

179 2975 307 3041 dixi,
337 2975 568 3029 minime
609 2973 794 3030 valuit.
826 2972 1070 3028 Recoluit
1098 2973 1240 3028 enim
1272 2973 1612 3029 beatissimus
1639 2988 1774 3044 papa

177 3065 443 3131 tosimus,
476 3066 607 3136 quid
642 3065 930 3120 imitandus
961 3080 1256 3136 praecessor
1275 3065 1392 3135 ejus
1413 3065 1480 3121 de
1502 3067 1632 3137 ipsis
1652 3081 1774 3120 scn-

174 3160 300 3214 serit
320 3159 516 3230 gestis.
550 3157 794 3213 Attendit
820 3159 982 3213 etiam
1011 3158 1138 3229 quid
1165 3158 1234 3214 de
1263 3158 1355 3213 illo
1384 3159 1608 3213 sentiret
1634 3173 1774 3228 pra:-

175 3250 395 3305 dicanda
440 3250 497 3304 in
547 3249 780 3304 Domino
819 3249 1184 3304 Romanorum
1231 3248 1368 3305 ﬁdes
1405 3248 1578 3320 (Rom.
1605 3265 1643 3315 ι,
1673 3247 1772 3321 8),

175 3359 392 3412 quorum
438 3342 705 3398 adversus
748 3343 864 3412 ejus
901 3358 1141 3398 errorem
1179 3358 1278 3414 pro
1324 3343 1548 3399 veritate
1590 3343 1775 3398 catho-

174 3435 286 3502 lica,
304 3435 487 3489 studia
510 3434 861 3489 consonantia
886 3434 1227 3489 concorditer
1244 3433 1467 3504 ﬂagrare
1489 3434 1772 3490 cernebat:

175 3528 306 3582 inter
333 3543 479 3598 quos
497 3528 587 3582 illc
612 3526 701 3582 diu
721 3527 944 3594 vixerat,
962 3536 1016 3581 ct
1036 3542 1169 3594 quos
1190 3527 1306 3595 ejus
1335 3526 1582 3598 dogmata
1611 3528 1776 3583 latere

177 3634 273 3672 non
321 3627 588 3690 poterant
621 3637 632 3671 :
665 3619 754 3686 qui
784 3618 1093 3673 Caelestium
1135 3618 1252 3686 ejus
1290 3632 1411 3673 esse
1455 3618 1772 3688 discipulum

176 3711 246 3765 sic
269 3718 560 3772 noverant,
591 3719 648 3762 ut
676 3709 1042 3763 lidclissimum
1076 3717 1131 3762 et
1170 3709 1530 3763 firmissimum
1559 3719 1778 3778 possent

177 3800 237 3855 de
265 3801 368 3856 hac
391 3817 452 3856 re
477 3799 845 3854 testimonium
873 3798 1172 3868 perhibere.
1217 3799 1352 3865 Quid
1400 3815 1526 3868 ergo
1567 3799 1635 3853 de
1672 3800 1776 3854 Pa-

177 3892 395 3946 lmstina:
421 3889 619 3963 synodi
647 3890 833 3960 gestis,
867 3889 1063 3960 quibus
1103 3904 1162 3944 se
1193 3889 1439 3960 Pelagius
1465 3890 1770 3944 absolutum

177 4000 289 4040 esse
331 3986 622 4055 gloriatur,
664 3990 880 4038 Sanctus
922 3997 1053 4052 papa
1103 3982 1444 4036 Innocentius
1481 3981 1772 4050 judicarit,

178 4077 415 4146 quamvis
444 4084 504 4129 et
534 4075 586 4128 in
620 4073 812 4128 litteris
842 4072 958 4143 ejus
977 4113 991 4136 ,
1023 4086 1154 4142 quas
1185 4071 1338 4125 nobis
1369 4072 1666 4142 rescripsit,
1695 4073 1774 4127 le-

177 4181 294 4236 gere
339 4166 600 4235 possitis,
649 4174 702 4217 et
755 4171 1232 4218 commemoratum
1271 4176 1390 4216 cum
1423 4163 1444 4194 '
1488 4162 1776 4217 venerabili

180 4274 321 4328 lupa:
346 4258 570 4313 Zosimo
589 4255 826 4327 synodus
848 4253 1094 4308 Africana
1113 4253 1409 4322 respondit,
1428 4253 1566 4322 qttod
1586 4263 1776 4308 vestra:

178 4351 432 4406 Charitali
476 4365 603 4405 cum
641 4349 852 4403 caeteris
897 4345 1337 4402 instructionibus
1387 4345 1655 4411 misimus,
1691 4354 1775 4398 ta-

178 4459 292 4499 men
321 4459 424 4498 nec
457 4444 510 4496 in
543 4443 646 4494 hoc
675 4456 837 4511 opere
867 4438 1296 4510 praetereundum
1328 4436 1558 4492 videtur.

239 4537 472 4594 CAPUT
512 4534 604 4590 IX.
629 4565 702 4575 —-
724 4534 810 4588 i0.
827 4535 960 4588 Cum
981 4532 1124 4586 enim
1150 4545 1247 4585 nos
1270 4532 1320 4583 iu
1341 4529 1587 4598 epistola,
1617 4545 1774 4599 quam

176 4630 220 4684 ci
244 4632 487 4701 quinque
515 4617 753 4696 episeopi
783 4625 1096 4694 scripsimus
1122 4620 1218 4695 (α),
1251 4620 1560 4676 cornmdem
1599 4632 1776 4691 gesto-

175 4735 287 4774 rum
315 4719 753 4781 Palmstinorum,
782 4731 1006 4786 quorum
1035 4715 1100 4768 ad
1133 4728 1230 4768 nos
1267 4714 1374 4781 jam
1417 4713 1550 4766 fatua
1582 4728 1774 4782 perve-

173 4820 361 4876 nerat,
401 4808 968 4864 commemorationem
1017 4804 1359 4868 fecissemus,
1407 4803 1676 4868 dicentes,
1721 4805 1774 4858 in

170 4900 412 4967 Oriente,
441 4900 532 4955 ubi
562 4900 727 4968 degit,
759 4907 907 4969 gesta
935 4897 1293 4952 ecclesiastica
1325 4894 1458 4949 facta
1497 4910 1636 4960 esse,
1659 4895 1776 4964 qui-

172 4992 268 5048 bus
298 5002 522 5064 putatur
549 5006 670 5046 esse
696 5000 950 5061 purgatus
969 5031 984 5052 ,
1015 4997 1174 5058 atque
1197 4985 1265 5042 ad
1293 4987 1396 5040 hoc
1420 4993 1556 5040 mter
1579 4998 1773 5041 canora

170 5085 254 5138 ille
276 5083 640 5139 rescriberet:
669 5099 688 5133 ι
719 5079 854 5135 Cum
879 5079 1008 5145 sint,
1038 5097 1058 5130 ι
1091 5078 1281 5149 inquit,
1312 5095 1330 5129 ι
1359 5077 1531 5147 aliqua
1560 5077 1612 5130 in
1642 5076 1772 5147 ipsis

133 5177 340 5246 'posita
374 5175 563 5246 gestis,
595 5188 718 5243 qure
747 5171 976 5240 objecta,
1017 5171 1208 5241 partim
1251 5169 1340 5224 ille
1382 5166 1599 5224 vitando
1641 5184 1772 5239 sup-

169 5271 400 5339 pressit,
450 5267 642 5337 partim
689 5265 854 5319 multa
888 5265 938 5318 in
973 5280 1033 5319 se
1062 5263 1222 5318 verba
1264 5261 1624 5333 retorquendo
1663 5272 1770 5318 tota

168 5362 498 5416 obscuritate
525 5357 802 5421 confudit;
841 5357 1015 5427 aliqua
1056 5356 1222 5424 magis
1260 5353 1390 5410 falsa
1413 5397 1426 5421 ,
1457 5370 1614 5426 quam
1642 5369 1770 5410 vera

167 5455 394 5520 ratione,
429 5461 489 5506 ut
527 5449 597 5505 ad
643 5461 852 5519 tempus
877 5455 1084 5518 poterat
1112 5447 1310 5513 videri,
1346 5447 1616 5516 purgavit,
1671 5461 1770 5502 nc-

230 5587 248 5618 ι
264 5589 341 5636 sic
366 5593 473 5634 Mss.
491 5581 631 5641 Editi,
659 5585 930 5641 utrumque.

227 5649 249 5680 ³
276 5658 379 5696 Am.
407 5654 462 5696 et
484 5652 583 5702 En,
607 5653 738 5692 cum.
764 5643 933 5689 Melius
968 5646 1131 5702 autem
1169 5646 1285 5702 Lov.
1309 5645 1361 5686 et
1382 5644 1510 5697 Mss,
1536 5650 1645 5702 orm:
1675 5649 1691 5686 :
1714 5643 1770 5687 ut

164 5709 324 5770 ipsum
346 5697 634 5770 Innocentii
648 5704 896 5770 degestis
927 5700 1188 5770 t:a_l;estinis
1206 5700 1441 5770 judicium
1468 5697 1768 5770 intelligatur

165 5762 602 5822 dommemorattnn
623 5768 675 5816 in
700 5762 876 5814 litteris
900 5763 1126 5812 Africana:
1148 5763 1316 5826 synodi
1334 5762 1393 5810 ad
1417 5764 1666 5812 Zosimutn.
1687 5768 1767 5810 ttae

166 5831 345 5883 littera:
365 5836 610 5883 hactenus
634 5827 994 5874 desiderantur.

227 5904 297 5965 (a)
336 5896 545 5960 Epistula
577 5892 684 5952 177,
710 5892 838 5937 inter
863 5887 1247 5948 augustiniaaas,
1275 5900 1323 5934 n.
1346 5885 1390 5935 2.

1267 387 1466 449 LIBER
1510 389 1596 443 DE
1639 387 1953 444 PECCATO
1989 387 2355 449 ORIGINAIJ.

3358 402 3463 460 590

1881 501 2056 572 gaude
2082 505 2204 571 alia,
2253 506 2356 561 alia
2401 508 2524 561 falsa
2567 508 3004 580 interpretatione
3059 512 3331 569 vertendo.
3362 516 3469 574 Sed

1881 596 2105 659 utinam,
2133 598 2275 666 quod
2304 599 2590 679 optandum
2621 602 2788 673 magis
2814 613 2914 670 est,
2942 605 3053 674 jam
3079 619 3138 661 se
3168 604 3256 662 ille
3283 607 3348 663 ad
3374 624 3472 666 ve-

1881 701 1993 740 ram
2025 690 2300 744 catholica:
2328 690 2450 745 ﬁdei
2479 693 2616 747 viam
2641 694 2708 747 ab
2735 694 2824 748 illo
2849 712 2946 750 suo
2966 713 3151 753 errore
3170 710 3468 770 convertat,

1880 786 1935 830 et
1979 779 2157 848 cupiat
2203 779 2436 850 velitque
2467 788 2678 853 purgari
2699 825 2714 850 ,
2742 787 3088 844 considerans
3109 789 3467 859 quotidianam

1884 867 1976 922 Dei
2005 871 2228 940 gratiam
2251 913 2266 937 ,
2298 871 2724 945 adjutoriumque
2753 883 3109 946 cognoscens,
3143 889 3202 935 ut
3231 882 3470 938 videatur

1880 973 2026 1024 vere,
2071 970 2126 1015 et
2165 963 2489 1032 approbetur
2523 964 2592 1018 ab
2624 967 2892 1034 omnibus,
2933 971 3209 1026 manifesta
3261 974 3468 1030 ratione

1880 1059 2182 1115 correctus;
2217 1067 2320 1106 non
2343 1062 2616 1122 gestorum
2642 1055 2872 1124 judicio,
2905 1059 2998 1114 sed
3043 1060 3111 1115 ad
3151 1062 3464 1119 catholicam

1880 1139 2037 1194 ﬁdem
2075 1142 2238 1196 corde
2265 1159 2542 1200 converso.
2577 1145 2731 1202 Unde
2773 1164 2878 1202 non
2927 1165 3209 1220 possumus
3257 1154 3466 1210 illorum

1877 1247 1980 1287 nec
2004 1235 2300 1304 approbare
2328 1252 2429 1292 nec
2455 1239 2672 1308 culpare
2691 1241 2971 1311 judicium,
3003 1259 3127 1301 cum
3170 1248 3468 1304 nesciamus

1879 1330 2055 1377 utrum
2082 1341 2204 1380 vera
2234 1327 2339 1381 sint
2362 1337 2543 1398 gesta;
2570 1340 2662 1385 aut
2686 1333 2730 1386 si
2759 1348 2880 1388 vera
2910 1335 3038 1403 sint,
3066 1347 3274 1394 constet
3298 1342 3475 1409 magis

1877 1413 2294 1486 subterfugisse,
2339 1435 2494 1490 quam
2522 1435 2580 1475 se
2614 1431 2721 1478 tota
2765 1427 2993 1482 veritate
3026 1445 3279 1498 purgasse
3309 1431 3408 1503 (a).
3446 1451 3465 1484 ι

1883 1504 2082 1562 Videtis
2097 1520 2242 1564 certe
2265 1511 2314 1563 in
2336 1511 2416 1566 his
2433 1513 2630 1580 verbis,
2645 1517 3088 1585 quemadmodum
3111 1536 3242 1591 papa
3268 1522 3469 1578 beatis-

1878 1597 2046 1654 simus
2080 1597 2417 1658 lnnocentius
2455 1619 2560 1660 non
2607 1615 2853 1677 tanquam
2903 1611 2972 1665 de
3019 1613 3284 1683 incognito
3323 1615 3468 1685 loqui

1879 1687 2140 1745 videatur.
2167 1692 2368 1748 Videtis
2397 1697 2610 1765 qualem
2658 1698 2838 1754 tulerit
2875 1700 2943 1756 de
2977 1703 3117 1758 illius
3158 1707 3470 1776 purgatione

1878 1783 2218 1838 sententiam.
2257 1785 2458 1842 Videtis
2483 1788 2610 1858 quid
2640 1805 2920 1846 successor
2940 1794 3056 1863 ejus
3093 1805 3308 1851 sanctus
3329 1813 3466 1870 papa

1877 1871 2120 1928 Zosimus
2167 1876 2406 1932 recolere
2453 1877 2740 1946 debuerit,
2802 1881 2940 1936 sicut
2990 1885 3260 1952 recoluit,
3315 1898 3371 1941 ut
3414 1889 3469 1942 in

1877 1978 1945 2019 eo
1975 1966 2055 2020 sui
2098 1971 2438 2037 prmcessoris
2459 1971 2718 2041 judicium
2761 1986 2964 2030 remma
3001 1981 3337 2036 cunctatione
3373 1983 3469 2036 tir-

1879 2067 2069 2111 maret.
2123 2071 2134 2077 ’

1949 2147 2177 2203 CAPUT
2217 2150 2285 2204 Χ.
2317 2181 2388 2192 -
2427 2153 2513 2207 11.
2553 2152 2670 2208 Jam
2700 2170 2840 2210 nunc
2871 2155 3152 2228 diligenter
3175 2161 3464 2228 attendite,

1878 2237 2020 2292 unde
2069 2250 2394 2296 monstretur
2419 2244 2561 2312 quod
2603 2244 2916 2302 Palmstinos
2943 2248 3188 2320 Pelagius
3225 2250 3472 2307 fefellerit

1872 2329 2108 2399 judices,
2145 2342 2202 2388 ut
2242 2336 2342 2390 alia
2389 2345 2613 2405 taceam,
2661 2339 2714 2394 in
2767 2339 2868 2395 hac
2915 2342 3028 2411 ipsa
3070 2345 3364 2414 quaestione
3401 2345 3471 2401 de

1879 2420 2204 2491 Baptismate
2259 2428 2597 2494 parvulorum
2641 2447 2656 2483 :
2702 2446 2771 2485 ne
2820 2429 2960 2487 forte
3001 2435 3271 2504 cuipiam,
3311 2436 3362 2490 iu
3401 2452 3471 2491 eo

1876 2513 2016 2581 quod
2043 2513 2296 2582 diximus,
2320 2532 2442 2572 eum
2463 2533 2699 2586 sensum,
2730 2520 2782 2574 in
2809 2538 2915 2592 quo
2940 2523 3157 2579 liberior
3180 2526 3468 2582 Caelestius

1877 2604 1990 2668 fuit,
2022 2606 2171 2661 vobis
2200 2609 2500 2666 occultasse
2525 2610 2816 2681 Pelagium,
2840 2629 2960 2668 cum
2983 2623 3037 2669 et
3055 2617 3167 2685 ipse
3184 2633 3288 2671 non
3311 2617 3467 2671 aliter

1876 2697 2090 2762 sentiat,
2113 2698 2427 2755 calumniari
2463 2703 2636 2770 potius
2661 2704 2744 2758 vel
2771 2706 3050 2775 suspicari,
3076 2722 3234 2776 quam
3257 2718 3468 2766 certum

1876 2788 2074 2858 aliquid
2101 2790 2572 2860 comprehendisse
2597 2794 2895 2850 videamur.
2926 2795 3127 2867 Nempe
3162 2798 3272 2867 jam
3309 2814 3468 2870 supe-

1877 2881 1988 2936 rius
2013 2883 2143 2938 satis
2172 2885 2355 2939 claruit
2383 2927 2397 2951 ,
2432 2895 2710 2956 propterea
2743 2888 3053 2944 leestium
3097 2891 3331 2947 noluisse
3373 2893 3470 2946 da-

1877 2988 2062 3029 mnare
2077 2974 2217 3044 quod
2239 2975 2456 3042 dicitur,
2479 2995 2497 3028 ι
2523 2977 2654 3032 Ada:
2677 2987 2950 3047 peccatum
2969 2979 3069 3050 ipsi
3092 2981 3188 3035 soli
3211 2982 3468 3049 obfuisse,

1877 3079 1982 3118 non
2008 3067 2188 3136 generi
2219 3066 2484 3134 humano;
2515 3077 2570 3124 et
2598 3068 2830 3125 infantes
2853 3071 2944 3141 qui
2981 3082 3289 3138 nascuntur,
3322 3073 3374 3128 in
3401 3089 3469 3129 eo

1876 3165 2014 3211 statu
2040 3173 2181 3225 esse,
2206 3159 2260 3213 in
2285 3175 2390 3229 quo
2417 3160 2586 3216 Adam
2614 3159 2713 3215 fuit
2733 3171 2858 3217 ante
2883 3164 3371 3232 prmt'aricationem
3401 3182 3413 3217 :
3442 3183 3460 3217 ι

1875 3247 1998 3317 quia
2026 3249 2258 3315 videbat,
2285 3251 2328 3304 si
2362 3251 2459 3305 ista
2501 3250 2816 3317 damnaret,
2859 3251 3176 3308 confirmare
3213 3269 3273 3310 se
3301 3255 3354 3309 in
3383 3254 3468 3310 in-

1878 3337 2107 3394 fantibus
2157 3343 2359 3412 peccati
2413 3358 2484 3397 ex
2534 3343 2703 3398 Adam
2755 3344 3057 3399 transitum.
3109 3346 3235 3404 llazc
3286 3358 3466 3404 autem

1876 3445 1998 3485 cum
2026 3429 2249 3487 fuissent
2275 3431 2483 3502 objecta
2511 3432 2747 3504 Pelagio,
2779 3433 2921 3504 quod
2952 3449 3015 3488 ea
3044 3449 3166 3490 cum
3211 3437 3467 3493 leestio

1876 3526 2036 3581 etiam
2076 3527 2190 3596 ipse
2215 3529 2460 3594 sentiret,
2488 3528 2604 3584 sine
2634 3528 2736 3582 ulla
2766 3529 3140 3585 retractatione
3169 3529 3468 3586 damnavit.

1876 3619 2028 3687 Quod
2067 3620 2195 3676 licet
2217 3636 2311 3675 vos
2343 3621 2533 3691 legisse
2562 3623 2766 3687 sciam;
2801 3631 2978 3677 tamen
3023 3623 3144 3692 quia
3184 3638 3289 3677 non
3333 3624 3465 3679 solis

1877 3711 2028 3765 vobis
2070 3710 2172 3766 hoc
2197 3711 2445 3766 scribitur
2464 3754 2480 3780 ,
2510 3728 2576 3767 ne
2604 3713 2777 3783 pigeat
2804 3714 3059 3769 lectorem
3086 3713 3152 3769 ad
3181 3715 3292 3785 ipsa
3317 3725 3466 3784 gesta

1877 3815 2174 3864 recurrere,
2207 3801 2289 3855 vel
2327 3801 2370 3854 si
2415 3816 2477 3856 ea
2523 3817 2626 3858 non
2678 3803 2881 3870 habet,
2927 3804 3087 3859 etiam
3132 3819 3253 3860 cum
3284 3805 3468 3861 labore

1877 3894 2207 3964 perquirere,
2237 3894 2348 3964 ipsa
2380 3894 2502 3991 ipde
2530 3895 2694 3952 verba
2725 3897 3152 3963 transcribimus,
3184 3914 3302 3968 qua:
3328 3897 3467 3955 infra

1876 3987 2070 4056 scripta
2099 3996 2241 4041 sunt.

1947 4078 2174 4135 CAPUT
2211 4077 2304 4134 XI.
2333 4078 2518 4132 -12.
2567 4097 2585 4130 ι
2632 4078 2880 4150 Synodus
2908 4079 3040 4135 dixit
3081 4097 3096 4135 :
3147 4079 3298 4136 Nune
3335 4096 3470 4152 quo-

1878 4170 2020 4224 niam
2052 4170 2575 4240 anathematizaverit
2608 4171 2624 4201 ¹
2659 4170 2903 4240 Pelagius
2935 4171 3196 4226 incertum
3235 4173 3468 4226 stultilo.

1878 4265 2056 4333 quium
2084 4305 2098 4329 ,
2153 4273 2300 4319 recte
2343 4263 2696 4333 reSpondcns,
2731 4262 3000 4318 hominem
3036 4279 3156 4318 cum
3203 4263 3467 4333 adjutorio

1880 4355 1971 4409 Dei
1998 4365 2052 4409 et
2078 4355 2244 4424 gratia
2273 4369 2428 4423 posse
2449 4370 2568 4410 esse
2595 4358 2950 4426 ἀναμάρτητον,
2991 4354 3039 4408 id
3066 4364 3166 4419 est,
3196 4355 3310 4408 sine
3334 4371 3460 4424 pec-

1876 4455 2019 4514 cato,
2043 4447 2362 4516 respondeat
2386 4456 2439 4501 et
2465 4447 2529 4500 ad
2559 4447 2661 4500 alia
2702 4447 2952 4514 capitula.
2993 4447 3147 4501 Aliud
3173 4448 3461 4516 capitulum

1877 4538 1929 4592 in
1960 4538 2197 4592 doctrina
2219 4537 2453 4593 Coelestii
2484 4537 2729 4607 discipuli
2756 4537 2974 4607 Pelagii,
3001 4553 3066 4592 ex
3094 4537 3173 4592 eis
3199 4553 3316 4608 qum
3338 4538 3465 4593 Car-

1877 4629 2091 4700 tltagine
2116 4645 2144 4684 a
2170 4640 2356 4686 sancto
2388 4629 2600 4684 Aurelio
2625 4627 3030 4698 Carthaginensi
3062 4628 3312 4698 episcopo
3339 4642 3464 4684 cmn

1875 4721 1992 4775 aliis
2028 4721 2292 4790 episcopis
2333 4719 2510 4774 audita
2555 4730 2680 4774 sunt
2709 4730 2760 4775 et
2799 4727 3210 4775 commemorata
3247 4734 3260 4770 :
3293 4721 3462 4774 Adam

1877 4814 2154 4867 mortalem
2183 4811 2376 4866 factum
2398 4853 2412 4878 ,
2446 4811 2532 4882 qui
2563 4812 2674 4865 sive
2703 4823 2965 4881 peccaret,
2995 4815 3108 4866 sive
3138 4828 3241 4866 non
3273 4828 3465 4881 pecca-

1876 4915 1977 4968 ret.
2006 4907 2296 4961 moriturus
2322 4912 2484 4960 esset.
2531 4905 2790 4973 Quoniam
2834 4915 3105 4975 peccatum
3137 4904 3263 4959 Adre
3291 4905 3464 4976 ipsum

1875 4999 2046 5053 solum
2076 4997 2292 5064 laeserit,
2325 5007 2378 5052 et
2405 5013 2510 5052 non
2539 5012 2705 5067 genus
2734 4997 3046 5051 humanum.
3076 4997 3338 5063 Quoniam
3381 4997 3464 5053 lex

1876 5092 1954 5146 sic
1979 5090 2148 5144 mittat
2169 5090 2234 5142 ad
2259 5104 2501 5159 regnum,
2529 5089 2976 5158 quemadmodum
3009 5101 3062 5145 et
3090 5090 3461 5162 Evangelium.

1875 5183 2135 5252 Quoniam
2164 5192 2288 5238 ante
2317 5181 2600 5236 adventum
2628 5182 2822 5237 Christi
2852 5184 3043 5238 fuerint
3075 5184 3316 5238 homines
3347 5186 3463 5240 sine

1875 5287 2114 5346 peccato.
2138 5273 2398 5344 Quoniam
2425 5273 2653 5329 infantes
2678 5291 2846 5345 nuper
2866 5276 2972 5330 nati
3003 5277 3052 5330 in
3081 5291 3146 5330 eo
3173 5286 3309 5329 statu
3335 5277 3461 5340 sint,

1876 5367 1928 5422 iu
1967 5382 2072 5437 quo
2122 5365 2290 5420 Adam
2335 5365 2429 5420 fuit
2479 5374 2603 5421 ante
2645 5367 3154 5436 prznvaricationem.
3201 5367 3461 5435 Quoniam

1875 5475 2048 5529 neque
2093 5472 2186 5527 per
2228 5467 2454 5512 mortem
2501 5457 2584 5512 vel
2622 5459 3111 5527 przevaricationem
3143 5447 3270 5513 Ᾱάω
3300 5474 3460 5512 omne

1872 5565 2039 5620 genus
2068 5550 2340 5604 hominum
2371 5549 2647 5611 moriatur,
2679 5563 2852 5618 neque
2883 5566 2977 5619 per
3005 5550 3455 5604 resurrectionem

1871 5640 2066 5698 Christi
2113 5655 2273 5696 omne
2323 5655 2492 5710 genus
2551 5640 2823 5694 hominum
2877 5651 3138 5710 resurgat.
3195 5641 3457 5709 Quoniam

1934 5754 1950 5784 ι
1979 5758 2025 5799 tn
2047 5749 2171 5800 libro
2193 5749 2257 5799 de
2293 5751 2449 5800 Gestis
2483 5749 2680 5812 Pelagii,
2705 5763 2754 5797 n.
2784 5749 2859 5810 l6,
2887 5749 3318 5802 anatltcmalizarit.
3357 5759 3466 5802 t-‘or-

1872 5825 1922 5866 te
1945 5812 2228 5874 legendum,
2253 5825 2363 5861 cum
2383 5811 2873 5861 anathematisuverit.
3512 5839 3515 5842 ‹

1935 5878 2006 5938 (ε)
2027 5873 2227 5938 Epistula
2251 5877 2506 5923 Innocentii
2533 5875 2660 5922 inter
2678 5875 3042 5936 .tugustinianas
3067 5874 3167 5936 185,
3184 5889 3263 5927 nn.
3286 5876 3317 5925 3
3341 5885 3392 5926 et
3416 5877 3463 5925 4.
