  <div class='ocr_page' id='page_1' title='image "/cluster/home/n/w/nwhite01/storage/ocr_20150623/44/hvd.32044015706336/201.png"; bbox 0 0 4012 6476; ppageno 0'>
   <div class='ocr_carea' id='block_1_1' title="bbox 534 397 636 455">
    <p class='ocr_par' dir='ltr' id='par_1_1' title="bbox 534 397 636 455">
     <span class='ocr_line' id='line_1_1' title="bbox 534 397 636 455; baseline -0.01 0"><span class='ocrx_word' id='word_1_1' title='bbox 534 397 636 455; x_wconf 75' lang='lat'><strong>391</strong></span> 
     </span>
    </p>
   </div>
   <div class='ocr_carea' id='block_1_2' title="bbox 533 496 2114 580">
    <p class='ocr_par' dir='ltr' id='par_1_2' title="bbox 533 496 2114 580">
     <span class='ocr_line' id='line_1_2' title="bbox 533 496 2114 580; baseline -0.011 -13"><span class='ocrx_word' id='word_1_2' title='bbox 533 517 754 567; x_wconf 87' lang='lat' dir='ltr'><strong>sanctus</strong></span> <span class='ocrx_word' id='word_1_3' title='bbox 806 508 1090 580; x_wconf 74' lang='lat' dir='ltr'><strong>episeOpus</strong></span> <span class='ocrx_word' id='word_1_4' title='bbox 1142 502 1469 575; x_wconf 75' lang='lat' dir='ltr'><strong>Augustinus</strong></span> <span class='ocrx_word' id='word_1_5' title='bbox 1517 499 1772 556; x_wconf 80' lang='lat' dir='ltr'><strong>adversus</strong></span> <span class='ocrx_word' id='word_1_6' title='bbox 1820 496 2114 567; x_wconf 80' lang='lat' dir='ltr'><strong>discipulos</strong></span> 
     </span>
    </p>
   </div>
   <div class='ocr_carea' id='block_1_3' title="bbox 535 588 2113 678">
    <p class='ocr_par' dir='ltr' id='par_1_3' title="bbox 535 588 2113 678">
     <span class='ocr_line' id='line_1_3' title="bbox 535 588 2113 678; baseline -0.013 -15"><span class='ocrx_word' id='word_1_7' title='bbox 535 606 652 678; x_wconf 85' lang='lat' dir='ltr'><strong>ejus</strong></span> <span class='ocrx_word' id='word_1_8' title='bbox 680 606 735 661; x_wconf 90' lang='lat' dir='ltr'><strong>in</strong></span> <span class='ocrx_word' id='word_1_9' title='bbox 757 603 933 660; x_wconf 83' lang='lat' dir='ltr'><strong>Sicilia</strong></span> <span class='ocrx_word' id='word_1_10' title='bbox 962 597 1235 671; x_wconf 70' lang='lat' dir='ltr'><strong>respondit</strong></span> <span class='ocrx_word' id='word_1_11' title='bbox 1260 596 1459 654; x_wconf 86' lang='lat' dir='ltr'><strong>llilario</strong></span> <span class='ocrx_word' id='word_1_12' title='bbox 1483 594 1549 650; x_wconf 93' lang='lat' dir='ltr'><strong>ad</strong></span> <span class='ocrx_word' id='word_1_13' title='bbox 1577 592 1813 664; x_wconf 78' lang='lat' dir='ltr'><strong>subjecta</strong></span> <span class='ocrx_word' id='word_1_14' title='bbox 1837 588 2065 660; x_wconf 88' lang='lat' dir='ltr'><strong>capitula</strong></span> <span class='ocrx_word' id='word_1_15' title='bbox 2096 628 2113 656; x_wconf 95' lang='lat'><strong>,</strong></span> 
     </span>
    </p>
   </div>
   <div class='ocr_carea' id='block_1_4' title="bbox 535 679 2118 761">
    <p class='ocr_par' dir='ltr' id='par_1_4' title="bbox 535 679 2118 761">
     <span class='ocr_line' id='line_1_4' title="bbox 535 679 2118 761; baseline -0.013 -9"><span class='ocrx_word' id='word_1_16' title='bbox 535 695 777 752; x_wconf 87' lang='lat' dir='ltr'><strong>scribens</strong></span> <span class='ocrx_word' id='word_1_17' title='bbox 820 693 1013 747; x_wconf 90' lang='lat' dir='ltr'><strong>librum</strong></span> <span class='ocrx_word' id='word_1_18' title='bbox 1048 687 1124 761; x_wconf 79' lang='grc' dir='ltr'><strong>(α)</strong></span> <span class='ocrx_word' id='word_1_19' title='bbox 1156 689 1208 743; x_wconf 91' lang='lat' dir='ltr'><strong>in</strong></span> <span class='ocrx_word' id='word_1_20' title='bbox 1239 702 1348 759; x_wconf 91' lang='lat' dir='ltr'><strong>quo</strong></span> <span class='ocrx_word' id='word_1_21' title='bbox 1397 687 1494 741; x_wconf 89' lang='lat' dir='ltr'><strong>ista</strong></span> <span class='ocrx_word' id='word_1_22' title='bbox 1535 682 1875 740; x_wconf 65' lang='lat' dir='ltr'><strong>continuentur</strong></span> <span class='ocrx_word' id='word_1_23' title='bbox 1907 697 1921 735; x_wconf 91' lang='lat'><strong>:</strong></span> <span class='ocrx_word' id='word_1_24' title='bbox 1953 679 2118 734; x_wconf 84' lang='lat' dir='ltr'><strong>Posse</strong></span> 
     </span>
    </p>
   </div>
   <div class='ocr_carea' id='block_1_5' title="bbox 532 768 2116 851">
    <p class='ocr_par' dir='ltr' id='par_1_5' title="bbox 532 768 2116 851">
     <span class='ocr_line' id='line_1_5' title="bbox 532 768 2116 851; baseline -0.013 -9"><span class='ocrx_word' id='word_1_25' title='bbox 532 786 805 843; x_wconf 84' lang='lat' dir='ltr'><strong>hominem</strong></span> <span class='ocrx_word' id='word_1_26' title='bbox 832 783 948 838; x_wconf 90' lang='lat' dir='ltr'><strong>sine</strong></span> <span class='ocrx_word' id='word_1_27' title='bbox 974 789 1192 851; x_wconf 89' lang='lat' dir='ltr'><strong>peccato</strong></span> <span class='ocrx_word' id='word_1_28' title='bbox 1236 793 1355 834; x_wconf 89' lang='lat' dir='ltr'><strong>esse</strong></span> <span class='ocrx_word' id='word_1_29' title='bbox 1377 818 1393 845; x_wconf 88' lang='lat'><strong>,</strong></span> <span class='ocrx_word' id='word_1_30' title='bbox 1441 777 1485 830; x_wconf 89' lang='lat' dir='ltr'><strong>si</strong></span> <span class='ocrx_word' id='word_1_31' title='bbox 1534 774 1658 831; x_wconf 87' lang='lat' dir='ltr'><strong>velit</strong></span> <span class='ocrx_word' id='word_1_32' title='bbox 1689 792 1702 828; x_wconf 90' lang='lat'><strong>:</strong></span> <span class='ocrx_word' id='word_1_33' title='bbox 1735 771 1983 835; x_wconf 90' lang='lat' dir='ltr'><strong>Infantes,</strong></span> <span class='ocrx_word' id='word_1_34' title='bbox 2015 768 2116 824; x_wconf 82' lang='lat' dir='ltr'><strong>etsi</strong></span> 
     </span>
    </p>
   </div>
   <div class='ocr_carea' id='block_1_6' title="bbox 534 860 2113 946">
    <p class='ocr_par' dir='ltr' id='par_1_6' title="bbox 534 860 2113 946">
     <span class='ocr_line' id='line_1_6' title="bbox 534 860 2113 946; baseline -0.013 -12"><span class='ocrx_word' id='word_1_35' title='bbox 534 893 640 934; x_wconf 91' lang='lat' dir='ltr'><strong>non</strong></span> <span class='ocrx_word' id='word_1_36' title='bbox 680 875 1032 946; x_wconf 79' lang='lat' dir='ltr'><strong>baptizentur,</strong></span> <span class='ocrx_word' id='word_1_37' title='bbox 1063 870 1260 926; x_wconf 86' lang='lat' dir='ltr'><strong>habere</strong></span> <span class='ocrx_word' id='word_1_38' title='bbox 1285 869 1443 923; x_wconf 82' lang='lat' dir='ltr'><strong>vitam</strong></span> <span class='ocrx_word' id='word_1_39' title='bbox 1470 877 1722 922; x_wconf 79' lang='lat' dir='ltr'><strong>aeternam</strong></span> <span class='ocrx_word' id='word_1_40' title='bbox 1753 882 1769 921; x_wconf 90' lang='lat'><strong>:</strong></span> <span class='ocrx_word' id='word_1_41' title='bbox 1802 863 2000 918; x_wconf 88' lang='lat' dir='ltr'><strong>Divites</strong></span> <span class='ocrx_word' id='word_1_42' title='bbox 2022 860 2113 914; x_wconf 88' lang='lat' dir='ltr'><strong>ha-</strong></span> 
     </span>
    </p>
   </div>
   <div class='ocr_carea' id='block_1_7' title="bbox 533 951 2114 1042">
    <p class='ocr_par' dir='ltr' id='par_1_7' title="bbox 533 951 2114 1042">
     <span class='ocr_line' id='line_1_7' title="bbox 533 951 2114 1042; baseline -0.013 -17"><span class='ocrx_word' id='word_1_43' title='bbox 533 971 779 1042; x_wconf 84' lang='lat' dir='ltr'><strong>ptizatos,</strong></span> <span class='ocrx_word' id='word_1_44' title='bbox 807 966 905 1021; x_wconf 82' lang='lat' dir='ltr'><strong>nisi</strong></span> <span class='ocrx_word' id='word_1_45' title='bbox 928 963 1176 1020; x_wconf 88' lang='lat' dir='ltr'><strong>omnibus</strong></span> <span class='ocrx_word' id='word_1_46' title='bbox 1204 960 1597 1024; x_wconf 89' lang='lat' dir='ltr'><strong>abrenuntient,</strong></span> <span class='ocrx_word' id='word_1_47' title='bbox 1634 956 1681 1012; x_wconf 89' lang='lat' dir='ltr'><strong>si</strong></span> <span class='ocrx_word' id='word_1_48' title='bbox 1717 954 1842 1028; x_wconf 89' lang='lat' dir='ltr'><strong>quid</strong></span> <span class='ocrx_word' id='word_1_49' title='bbox 1867 953 1991 1009; x_wconf 86' lang='lat' dir='ltr'><strong>boni</strong></span> <span class='ocrx_word' id='word_1_50' title='bbox 2018 951 2114 1006; x_wconf 69' lang='lat' dir='ltr'><strong>visi</strong></span> 
     </span>
    </p>
   </div>
   <div class='ocr_carea' id='block_1_8' title="bbox 532 1044 2115 1125">
    <p class='ocr_par' dir='ltr' id='par_1_8' title="bbox 532 1044 2115 1125">
     <span class='ocr_line' id='line_1_8' title="bbox 532 1044 2115 1125; baseline -0.012 -8"><span class='ocrx_word' id='word_1_51' title='bbox 532 1061 733 1118; x_wconf 79' lang='lat' dir='ltr'><strong>fuerint</strong></span> <span class='ocrx_word' id='word_1_52' title='bbox 767 1060 963 1125; x_wconf 89' lang='lat' dir='ltr'><strong>facere,</strong></span> <span class='ocrx_word' id='word_1_53' title='bbox 996 1071 1101 1111; x_wconf 91' lang='lat' dir='ltr'><strong>non</strong></span> <span class='ocrx_word' id='word_1_54' title='bbox 1133 1054 1364 1125; x_wconf 78' lang='lat' dir='ltr'><strong>reputari</strong></span> <span class='ocrx_word' id='word_1_55' title='bbox 1395 1052 1522 1116; x_wconf 91' lang='lat' dir='ltr'><strong>illis,</strong></span> <span class='ocrx_word' id='word_1_56' title='bbox 1555 1065 1729 1121; x_wconf 90' lang='lat' dir='ltr'><strong>neque</strong></span> <span class='ocrx_word' id='word_1_57' title='bbox 1767 1061 1990 1119; x_wconf 80' lang='lat' dir='ltr'><strong>regnum</strong></span> <span class='ocrx_word' id='word_1_58' title='bbox 2024 1044 2115 1099; x_wconf 91' lang='lat' dir='ltr'><strong>Dei</strong></span> 
     </span>
    </p>
   </div>
   <div class='ocr_carea' id='block_1_9' title="bbox 534 1137 2114 1226">
    <p class='ocr_par' dir='ltr' id='par_1_9' title="bbox 534 1137 2114 1226">
     <span class='ocr_line' id='line_1_9' title="bbox 534 1137 2114 1226; baseline -0.012 -16"><span class='ocrx_word' id='word_1_59' title='bbox 534 1169 696 1226; x_wconf 89' lang='lat' dir='ltr'><strong>posse</strong></span> <span class='ocrx_word' id='word_1_60' title='bbox 721 1168 816 1209; x_wconf 93' lang='lat' dir='ltr'><strong>eos</strong></span> <span class='ocrx_word' id='word_1_61' title='bbox 845 1150 1060 1206; x_wconf 87' lang='lat' dir='ltr'><strong>habere.</strong></span> <span class='ocrx_word' id='word_1_62' title='bbox 1104 1148 1350 1217; x_wconf 78' lang='lat' dir='ltr'><strong>Pelagius</strong></span> <span class='ocrx_word' id='word_1_63' title='bbox 1387 1145 1521 1200; x_wconf 76' lang='lat' dir='ltr'><strong>dixit</strong></span> <span class='ocrx_word' id='word_1_64' title='bbox 1549 1160 1565 1198; x_wconf 89' lang='lat'><strong>:</strong></span> <span class='ocrx_word' id='word_1_65' title='bbox 1600 1144 1674 1199; x_wconf 90' lang='lat' dir='ltr'><strong>De</strong></span> <span class='ocrx_word' id='word_1_66' title='bbox 1716 1154 1871 1212; x_wconf 84' lang='lat' dir='ltr'><strong>posse</strong></span> <span class='ocrx_word' id='word_1_67' title='bbox 1900 1137 2114 1211; x_wconf 81' lang='lat' dir='ltr'><strong>quidem</strong></span> 
     </span>
    </p>
   </div>
   <div class='ocr_carea' id='block_1_10' title="bbox 535 1229 2118 1312">
    <p class='ocr_par' dir='ltr' id='par_1_10' title="bbox 535 1229 2118 1312">
     <span class='ocr_line' id='line_1_10' title="bbox 535 1229 2118 1312; baseline -0.011 -11"><span class='ocrx_word' id='word_1_68' title='bbox 535 1247 808 1302; x_wconf 82' lang='lat' dir='ltr'><strong>hominem</strong></span> <span class='ocrx_word' id='word_1_69' title='bbox 833 1241 951 1297; x_wconf 85' lang='lat' dir='ltr'><strong>sine</strong></span> <span class='ocrx_word' id='word_1_70' title='bbox 980 1249 1196 1312; x_wconf 87' lang='lat' dir='ltr'><strong>peccato</strong></span> <span class='ocrx_word' id='word_1_71' title='bbox 1222 1252 1363 1303; x_wconf 88' lang='lat' dir='ltr'><strong>esse,</strong></span> <span class='ocrx_word' id='word_1_72' title='bbox 1391 1236 1593 1292; x_wconf 90' lang='lat' dir='ltr'><strong>dictum</strong></span> <span class='ocrx_word' id='word_1_73' title='bbox 1632 1241 1714 1289; x_wconf 88' lang='lat' dir='ltr'><strong>est</strong></span> <span class='ocrx_word' id='word_1_74' title='bbox 1741 1229 2004 1301; x_wconf 90' lang='lat' dir='ltr'><strong>superius.</strong></span> <span class='ocrx_word' id='word_1_75' title='bbox 2043 1229 2118 1284; x_wconf 85' lang='lat' dir='ltr'><strong>De</strong></span> 
     </span>
    </p>
   </div>
   <div class='ocr_carea' id='block_1_11' title="bbox 534 1319 2115 1404">
    <p class='ocr_par' dir='ltr' id='par_1_11' title="bbox 534 1319 2115 1404">
     <span class='ocr_line' id='line_1_11' title="bbox 534 1319 2115 1404; baseline -0.013 -11"><span class='ocrx_word' id='word_1_76' title='bbox 534 1350 603 1392; x_wconf 85' lang='lat' dir='ltr'><strong>eo</strong></span> <span class='ocrx_word' id='word_1_77' title='bbox 629 1344 809 1391; x_wconf 81' lang='lat' dir='ltr'><strong>autem</strong></span> <span class='ocrx_word' id='word_1_78' title='bbox 838 1330 979 1404; x_wconf 88' lang='lat' dir='ltr'><strong>quod</strong></span> <span class='ocrx_word' id='word_1_79' title='bbox 1020 1329 1218 1386; x_wconf 83' lang='lat' dir='ltr'><strong>fuerint</strong></span> <span class='ocrx_word' id='word_1_80' title='bbox 1259 1326 1503 1382; x_wconf 89' lang='lat' dir='ltr'><strong>homines</strong></span> <span class='ocrx_word' id='word_1_81' title='bbox 1530 1332 1656 1378; x_wconf 91' lang='lat' dir='ltr'><strong>ante</strong></span> <span class='ocrx_word' id='word_1_82' title='bbox 1681 1321 1965 1377; x_wconf 87' lang='lat' dir='ltr'><strong>adventum</strong></span> <span class='ocrx_word' id='word_1_83' title='bbox 2006 1319 2115 1373; x_wconf 87' lang='lat' dir='ltr'><strong>Do-</strong></span> 
     </span>
    </p>
   </div>
   <div class='ocr_carea' id='block_1_12' title="bbox 534 1408 2116 1495">
    <p class='ocr_par' dir='ltr' id='par_1_12' title="bbox 534 1408 2116 1495">
     <span class='ocr_line' id='line_1_12' title="bbox 534 1408 2116 1495; baseline -0.013 -13"><span class='ocrx_word' id='word_1_84' title='bbox 534 1427 666 1483; x_wconf 84' lang='lat' dir='ltr'><strong>mini</strong></span> <span class='ocrx_word' id='word_1_85' title='bbox 691 1426 807 1481; x_wconf 85' lang='lat' dir='ltr'><strong>sine</strong></span> <span class='ocrx_word' id='word_1_86' title='bbox 832 1430 1079 1495; x_wconf 83' lang='lat' dir='ltr'><strong>peccato,</strong></span> <span class='ocrx_word' id='word_1_87' title='bbox 1110 1419 1337 1475; x_wconf 91' lang='lat' dir='ltr'><strong>dicimus</strong></span> <span class='ocrx_word' id='word_1_88' title='bbox 1367 1427 1423 1471; x_wconf 88' lang='lat' dir='ltr'><strong>et</strong></span> <span class='ocrx_word' id='word_1_89' title='bbox 1466 1429 1565 1470; x_wconf 89' lang='lat' dir='ltr'><strong>nos</strong></span> <span class='ocrx_word' id='word_1_90' title='bbox 1587 1412 1837 1485; x_wconf 88' lang='lat' dir='ltr'><strong>quoniam</strong></span> <span class='ocrx_word' id='word_1_91' title='bbox 1865 1419 1991 1465; x_wconf 86' lang='lat' dir='ltr'><strong>ante</strong></span> <span class='ocrx_word' id='word_1_92' title='bbox 2019 1408 2116 1462; x_wconf 88' lang='lat' dir='ltr'><strong>ad—</strong></span> 
     </span>
    </p>
   </div>
   <div class='ocr_carea' id='block_1_13' title="bbox 535 1500 2114 1577">
    <p class='ocr_par' dir='ltr' id='par_1_13' title="bbox 535 1500 2114 1577">
     <span class='ocr_line' id='line_1_13' title="bbox 535 1500 2114 1577; baseline -0.014 -3"><span class='ocrx_word' id='word_1_93' title='bbox 535 1527 752 1574; x_wconf 78' lang='lat' dir='ltr'><strong>ventum</strong></span> <span class='ocrx_word' id='word_1_94' title='bbox 818 1513 1015 1571; x_wconf 87' lang='lat' dir='ltr'><strong>Christi</strong></span> <span class='ocrx_word' id='word_1_95' title='bbox 1078 1512 1326 1566; x_wconf 83' lang='lat' dir='ltr'><strong>vixerunt</strong></span> <span class='ocrx_word' id='word_1_96' title='bbox 1367 1505 1581 1577; x_wconf 91' lang='lat' dir='ltr'><strong>quidam</strong></span> <span class='ocrx_word' id='word_1_97' title='bbox 1626 1510 1811 1559; x_wconf 85' lang='lat' dir='ltr'><strong>sancte</strong></span> <span class='ocrx_word' id='word_1_98' title='bbox 1844 1500 2114 1571; x_wconf 88' lang='lat' dir='ltr'><strong>acjuste,</strong></span> 
     </span>
    </p>
   </div>
   <div class='ocr_carea' id='block_1_14' title="bbox 534 1592 2120 1673">
    <p class='ocr_par' dir='ltr' id='par_1_14' title="bbox 534 1592 2120 1673">
     <span class='ocr_line' id='line_1_14' title="bbox 534 1592 2120 1673; baseline -0.012 -8"><span class='ocrx_word' id='word_1_99' title='bbox 534 1606 828 1667; x_wconf 84' lang='lat' dir='ltr'><strong>secundum</strong></span> <span class='ocrx_word' id='word_1_100' title='bbox 868 1605 1263 1673; x_wconf 86' lang='lat' dir='ltr'><strong>Scripturarum</strong></span> <span class='ocrx_word' id='word_1_101' title='bbox 1290 1606 1589 1655; x_wconf 89' lang='lat' dir='ltr'><strong>sanctarum</strong></span> <span class='ocrx_word' id='word_1_102' title='bbox 1620 1592 1956 1650; x_wconf 84' lang='lat' dir='ltr'><strong>traditionem</strong></span> <span class='ocrx_word' id='word_1_103' title='bbox 1989 1611 2005 1647; x_wconf 87' lang='lat'><strong>:</strong></span> <span class='ocrx_word' id='word_1_104' title='bbox 2033 1606 2120 1646; x_wconf 86' lang='lat' dir='ltr'><strong>re—</strong></span> 
     </span>
    </p>
   </div>
   <div class='ocr_carea' id='block_1_15' title="bbox 534 1680 2117 1771">
    <p class='ocr_par' dir='ltr' id='par_1_15' title="bbox 534 1680 2117 1771">
     <span class='ocr_line' id='line_1_15' title="bbox 534 1680 2117 1771; baseline -0.014 -14"><span class='ocrx_word' id='word_1_105' title='bbox 534 1700 678 1771; x_wconf 83' lang='lat' dir='ltr'><strong>liqua</strong></span> <span class='ocrx_word' id='word_1_106' title='bbox 716 1712 844 1754; x_wconf 89' lang='lat' dir='ltr'><strong>vero</strong></span> <span class='ocrx_word' id='word_1_107' title='bbox 870 1680 933 1752; x_wconf 31' lang='lat' dir='ltr'><strong>et,</strong></span> <span class='ocrx_word' id='word_1_108' title='bbox 950 1692 1240 1749; x_wconf 86' lang='lat' dir='ltr'><strong>secundum</strong></span> <span class='ocrx_word' id='word_1_109' title='bbox 1272 1690 1509 1759; x_wconf 87' lang='lat' dir='ltr'><strong>ipsorum</strong></span> <span class='ocrx_word' id='word_1_110' title='bbox 1554 1685 1947 1747; x_wconf 87' lang='lat' dir='ltr'><strong>testimonium,</strong></span> <span class='ocrx_word' id='word_1_111' title='bbox 1992 1681 2117 1751; x_wconf 86' lang='lat' dir='ltr'><strong>quia</strong></span> 
     </span>
    </p>
   </div>
   <div class='ocr_carea' id='block_1_16' title="bbox 535 1773 2116 1854">
    <p class='ocr_par' dir='ltr' id='par_1_16' title="bbox 535 1773 2116 1854">
     <span class='ocr_line' id='line_1_16' title="bbox 535 1773 2116 1854; baseline -0.016 -5"><span class='ocrx_word' id='word_1_112' title='bbox 535 1791 638 1849; x_wconf 80' lang='lat' dir='ltr'><strong>ista</strong></span> <span class='ocrx_word' id='word_1_113' title='bbox 681 1802 787 1846; x_wconf 90' lang='lat' dir='ltr'><strong>non</strong></span> <span class='ocrx_word' id='word_1_114' title='bbox 827 1795 951 1843; x_wconf 89' lang='lat' dir='ltr'><strong>sunt</strong></span> <span class='ocrx_word' id='word_1_115' title='bbox 991 1798 1087 1854; x_wconf 90' lang='lat' dir='ltr'><strong>pro</strong></span> <span class='ocrx_word' id='word_1_116' title='bbox 1129 1782 1324 1853; x_wconf 82' lang='lat' dir='ltr'><strong>quibus</strong></span> <span class='ocrx_word' id='word_1_117' title='bbox 1361 1793 1458 1849; x_wconf 92' lang='lat' dir='ltr'><strong>ego</strong></span> <span class='ocrx_word' id='word_1_118' title='bbox 1486 1776 1790 1832; x_wconf 84' lang='lat' dir='ltr'><strong>satisfacere</strong></span> <span class='ocrx_word' id='word_1_119' title='bbox 1826 1773 2049 1829; x_wconf 85' lang='lat' dir='ltr'><strong>debeam</strong></span> <span class='ocrx_word' id='word_1_120' title='bbox 2074 1773 2116 1838; x_wconf 79' lang='grc' dir='ltr'><strong>ί,</strong></span> 
     </span>
    </p>
   </div>
   <div class='ocr_carea' id='block_1_17' title="bbox 538 1863 2122 1940">
    <p class='ocr_par' dir='ltr' id='par_1_17' title="bbox 538 1863 2122 1940">
     <span class='ocr_line' id='line_1_17' title="bbox 538 1863 2122 1940; baseline -0.016 0"><span class='ocrx_word' id='word_1_121' title='bbox 538 1882 636 1940; x_wconf 76' lang='lat' dir='ltr'><strong>sed</strong></span> <span class='ocrx_word' id='word_1_122' title='bbox 687 1891 864 1937; x_wconf 87' lang='lat' dir='ltr'><strong>tamen</strong></span> <span class='ocrx_word' id='word_1_123' title='bbox 908 1877 974 1932; x_wconf 89' lang='lat' dir='ltr'><strong>ad</strong></span> <span class='ocrx_word' id='word_1_124' title='bbox 1008 1871 1423 1929; x_wconf 83' lang='lat' dir='ltr'><strong>satisfactionem</strong></span> <span class='ocrx_word' id='word_1_125' title='bbox 1469 1876 1666 1923; x_wconf 69' lang='lat' dir='ltr'><strong>sancta:</strong></span> <span class='ocrx_word' id='word_1_126' title='bbox 1713 1863 1947 1938; x_wconf 82' lang='lat' dir='ltr'><strong>Synodi,</strong></span> <span class='ocrx_word' id='word_1_127' title='bbox 1990 1877 2122 1917; x_wconf 87' lang='lat' dir='ltr'><strong>ana-</strong></span> 
     </span>
    </p>
   </div>
   <div class='ocr_carea' id='block_1_18' title="bbox 541 1955 2119 2039">
    <p class='ocr_par' dir='ltr' id='par_1_18' title="bbox 541 1955 2119 2039">
     <span class='ocr_line' id='line_1_18' title="bbox 541 1955 2119 2039; baseline -0.013 -9"><span class='ocrx_word' id='word_1_128' title='bbox 541 1972 829 2032; x_wconf 83' lang='lat' dir='ltr'><strong>thematizo</strong></span> <span class='ocrx_word' id='word_1_129' title='bbox 863 1984 959 2025; x_wconf 85' lang='lat' dir='ltr'><strong>eos</strong></span> <span class='ocrx_word' id='word_1_130' title='bbox 992 1967 1081 2039; x_wconf 86' lang='lat' dir='ltr'><strong>qui</strong></span> <span class='ocrx_word' id='word_1_131' title='bbox 1127 1966 1208 2022; x_wconf 90' lang='lat' dir='ltr'><strong>sic</strong></span> <span class='ocrx_word' id='word_1_132' title='bbox 1239 1970 1457 2030; x_wconf 91' lang='lat' dir='ltr'><strong>tenent,</strong></span> <span class='ocrx_word' id='word_1_133' title='bbox 1496 1970 1588 2015; x_wconf 90' lang='lat' dir='ltr'><strong>aut</strong></span> <span class='ocrx_word' id='word_1_134' title='bbox 1623 1955 1907 2028; x_wconf 75' lang='lat' dir='ltr'><strong>aliquando</strong></span> <span class='ocrx_word' id='word_1_135' title='bbox 1935 1965 2119 2011; x_wconf 89' lang='lat' dir='ltr'><strong>tenue-</strong></span> 
     </span>
    </p>
   </div>
   <div class='ocr_carea' id='block_1_19' title="bbox 537 2068 743 2121">
    <p class='ocr_par' dir='ltr' id='par_1_19' title="bbox 537 2068 743 2121">
     <span class='ocr_line' id='line_1_19' title="bbox 537 2068 743 2121; baseline -0.024 0"><span class='ocrx_word' id='word_1_136' title='bbox 537 2068 682 2121; x_wconf 85' lang='lat' dir='ltr'><strong>runt.</strong></span> <span class='ocrx_word' id='word_1_137' title='bbox 722 2082 743 2116; x_wconf 76' lang='grc' dir='ltr'><strong>ι</strong></span> 
     </span>
    </p>
   </div>
   <div class='ocr_carea' id='block_1_20' title="bbox 609 2135 2118 2212">
    <p class='ocr_par' dir='ltr' id='par_1_20' title="bbox 609 2135 2118 2212">
     <span class='ocr_line' id='line_1_20' title="bbox 609 2135 2118 2212; baseline -0.013 -2"><span class='ocrx_word' id='word_1_138' title='bbox 609 2152 836 2212; x_wconf 79' lang='lat' dir='ltr'><strong>CAPUT</strong></span> <span class='ocrx_word' id='word_1_139' title='bbox 874 2150 990 2209; x_wconf 75' lang='lat' dir='ltr'><strong>XII.</strong></span> <span class='ocrx_word' id='word_1_140' title='bbox 1021 2179 1097 2193; x_wconf 90' lang='lat'>—</span> <span class='ocrx_word' id='word_1_141' title='bbox 1127 2149 1213 2205; x_wconf 77' lang='lat' dir='ltr'><strong>l3.</strong></span> <span class='ocrx_word' id='word_1_142' title='bbox 1244 2147 1402 2211; x_wconf 85' lang='lat' dir='ltr'><strong>Ecce,</strong></span> <span class='ocrx_word' id='word_1_143' title='bbox 1438 2153 1494 2200; x_wconf 93' lang='lat' dir='ltr'><strong>ut</strong></span> <span class='ocrx_word' id='word_1_144' title='bbox 1522 2143 1623 2198; x_wconf 88' lang='lat' dir='ltr'><strong>alia</strong></span> <span class='ocrx_word' id='word_1_145' title='bbox 1642 2140 1906 2202; x_wconf 87' lang='lat' dir='ltr'><strong>omittam,</strong></span> <span class='ocrx_word' id='word_1_146' title='bbox 1928 2135 2118 2192; x_wconf 86' lang='lat' dir='ltr'><strong>videtis</strong></span> 
     </span>
    </p>
   </div>
   <div class='ocr_carea' id='block_1_21' title="bbox 535 2226 2118 2310">
    <p class='ocr_par' dir='ltr' id='par_1_21' title="bbox 535 2226 2118 2310">
     <span class='ocr_line' id='line_1_21' title="bbox 535 2226 2118 2310; baseline -0.016 -7"><span class='ocrx_word' id='word_1_147' title='bbox 535 2243 1011 2303; x_wconf 81' lang='lat' dir='ltr'><strong>anathematizassc</strong></span> <span class='ocrx_word' id='word_1_148' title='bbox 1033 2239 1299 2310; x_wconf 83' lang='lat' dir='ltr'><strong>Pelagium</strong></span> <span class='ocrx_word' id='word_1_149' title='bbox 1320 2251 1413 2292; x_wconf 88' lang='lat' dir='ltr'><strong>eos</strong></span> <span class='ocrx_word' id='word_1_150' title='bbox 1438 2235 1527 2307; x_wconf 92' lang='lat' dir='ltr'><strong>qui</strong></span> <span class='ocrx_word' id='word_1_151' title='bbox 1549 2240 1751 2298; x_wconf 88' lang='lat' dir='ltr'><strong>tenent,</strong></span> <span class='ocrx_word' id='word_1_152' title='bbox 1780 2249 1800 2283; x_wconf 77' lang='grc' dir='ltr'><strong>ι</strong></span> <span class='ocrx_word' id='word_1_153' title='bbox 1827 2228 1967 2300; x_wconf 89' lang='lat' dir='ltr'><strong>quod</strong></span> <span class='ocrx_word' id='word_1_154' title='bbox 1989 2226 2118 2282; x_wconf 67' lang='lat' dir='ltr'><strong>Adse</strong></span> 
     </span>
    </p>
   </div>
   <div class='ocr_carea' id='block_1_22' title="bbox 538 2320 2122 2412">
    <p class='ocr_par' dir='ltr' id='par_1_22' title="bbox 538 2320 2122 2412">
     <span class='ocr_line' id='line_1_22' title="bbox 538 2320 2122 2412; baseline -0.016 -15"><span class='ocrx_word' id='word_1_155' title='bbox 538 2348 815 2412; x_wconf 87' lang='lat' dir='ltr'><strong>peccatum</strong></span> <span class='ocrx_word' id='word_1_156' title='bbox 844 2337 1014 2407; x_wconf 85' lang='lat' dir='ltr'><strong>ipsum</strong></span> <span class='ocrx_word' id='word_1_157' title='bbox 1042 2333 1213 2388; x_wconf 90' lang='lat' dir='ltr'><strong>solum</strong></span> <span class='ocrx_word' id='word_1_158' title='bbox 1242 2329 1458 2390; x_wconf 73' lang='lat' dir='ltr'><strong>lzescrit.</strong></span> <span class='ocrx_word' id='word_1_159' title='bbox 1487 2337 1542 2383; x_wconf 90' lang='lat' dir='ltr'><strong>et</strong></span> <span class='ocrx_word' id='word_1_160' title='bbox 1579 2340 1685 2380; x_wconf 90' lang='lat' dir='ltr'><strong>non</strong></span> <span class='ocrx_word' id='word_1_161' title='bbox 1722 2336 1890 2395; x_wconf 87' lang='lat' dir='ltr'><strong>genus</strong></span> <span class='ocrx_word' id='word_1_162' title='bbox 1932 2320 2122 2375; x_wconf 89' lang='lat' dir='ltr'><strong>huma-</strong></span> 
     </span>
    </p>
   </div>
   <div class='ocr_carea' id='block_1_23' title="bbox 539 2416 2117 2501">
    <p class='ocr_par' dir='ltr' id='par_1_23' title="bbox 539 2416 2117 2501">
     <span class='ocr_line' id='line_1_23' title="bbox 539 2416 2117 2501; baseline -0.016 -11"><span class='ocrx_word' id='word_1_163' title='bbox 539 2439 778 2499; x_wconf 87' lang='lat' dir='ltr'><strong>num;et</strong></span> <span class='ocrx_word' id='word_1_164' title='bbox 807 2428 947 2501; x_wconf 88' lang='lat' dir='ltr'><strong>quod</strong></span> <span class='ocrx_word' id='word_1_165' title='bbox 995 2424 1221 2481; x_wconf 85' lang='lat' dir='ltr'><strong>infantes</strong></span> <span class='ocrx_word' id='word_1_166' title='bbox 1264 2422 1355 2494; x_wconf 88' lang='lat' dir='ltr'><strong>qui</strong></span> <span class='ocrx_word' id='word_1_167' title='bbox 1400 2427 1706 2481; x_wconf 89' lang='lat' dir='ltr'><strong>nascuntur,</strong></span> <span class='ocrx_word' id='word_1_168' title='bbox 1761 2416 1814 2469; x_wconf 92' lang='lat' dir='ltr'><strong>in</strong></span> <span class='ocrx_word' id='word_1_169' title='bbox 1860 2429 1926 2469; x_wconf 90' lang='lat' dir='ltr'><strong>eo</strong></span> <span class='ocrx_word' id='word_1_170' title='bbox 1976 2420 2117 2467; x_wconf 86' lang='lat' dir='ltr'><strong>statu</strong></span> 
     </span>
    </p>
   </div>
   <div class='ocr_carea' id='block_1_24' title="bbox 537 2502 2118 2594">
    <p class='ocr_par' dir='ltr' id='par_1_24' title="bbox 537 2502 2118 2594">
     <span class='ocr_line' id='line_1_24' title="bbox 537 2502 2118 2594; baseline -0.017 -11"><span class='ocrx_word' id='word_1_171' title='bbox 537 2528 666 2591; x_wconf 86' lang='lat' dir='ltr'><strong>sint,</strong></span> <span class='ocrx_word' id='word_1_172' title='bbox 694 2524 748 2579; x_wconf 84' lang='lat' dir='ltr'><strong>iit</strong></span> <span class='ocrx_word' id='word_1_173' title='bbox 773 2536 881 2594; x_wconf 85' lang='lat' dir='ltr'><strong>quo</strong></span> <span class='ocrx_word' id='word_1_174' title='bbox 906 2520 1072 2575; x_wconf 82' lang='lat' dir='ltr'><strong>Adam</strong></span> <span class='ocrx_word' id='word_1_175' title='bbox 1102 2517 1199 2572; x_wconf 92' lang='lat' dir='ltr'><strong>fuit</strong></span> <span class='ocrx_word' id='word_1_176' title='bbox 1228 2524 1352 2570; x_wconf 87' lang='lat' dir='ltr'><strong>ante</strong></span> <span class='ocrx_word' id='word_1_177' title='bbox 1381 2509 1888 2583; x_wconf 68' lang='lat' dir='ltr'><strong>praevaricationem.</strong></span> <span class='ocrx_word' id='word_1_178' title='bbox 1928 2524 1948 2558; x_wconf 76' lang='grc' dir='ltr'><strong>ι</strong></span> <span class='ocrx_word' id='word_1_179' title='bbox 1982 2502 2118 2571; x_wconf 84' lang='lat' dir='ltr'><strong>Quid</strong></span> 
     </span>
    </p>
   </div>
   <div class='ocr_carea' id='block_1_25' title="bbox 540 2601 2115 2689">
    <p class='ocr_par' dir='ltr' id='par_1_25' title="bbox 540 2601 2115 2689">
     <span class='ocr_line' id='line_1_25' title="bbox 540 2601 2115 2689; baseline -0.017 -15"><span class='ocrx_word' id='word_1_180' title='bbox 540 2631 670 2689; x_wconf 84' lang='lat' dir='ltr'><strong>ergo</strong></span> <span class='ocrx_word' id='word_1_181' title='bbox 695 2613 780 2670; x_wconf 92' lang='lat' dir='ltr'><strong>hic</strong></span> <span class='ocrx_word' id='word_1_182' title='bbox 802 2611 947 2667; x_wconf 91' lang='lat' dir='ltr'><strong>aliud</strong></span> <span class='ocrx_word' id='word_1_183' title='bbox 971 2608 1205 2681; x_wconf 87' lang='lat' dir='ltr'><strong>episcopi</strong></span> <span class='ocrx_word' id='word_1_184' title='bbox 1228 2604 1441 2675; x_wconf 90' lang='lat' dir='ltr'><strong>judices</strong></span> <span class='ocrx_word' id='word_1_185' title='bbox 1469 2602 1766 2671; x_wconf 82' lang='lat' dir='ltr'><strong>intelligere</strong></span> <span class='ocrx_word' id='word_1_186' title='bbox 1792 2601 2115 2689; x_wconf 84' lang='lat' dir='ltr'><strong>potuerunt,</strong></span> 
     </span>
    </p>
   </div>
   <div class='ocr_carea' id='block_1_26' title="bbox 540 2687 2123 2770">
    <p class='ocr_par' dir='ltr' id='par_1_26' title="bbox 540 2687 2123 2770">
     <span class='ocr_line' id='line_1_26' title="bbox 540 2687 2123 2770; baseline -0.016 -7"><span class='ocrx_word' id='word_1_187' title='bbox 540 2687 645 2763; x_wconf 82' lang='lat' dir='ltr'><strong>nisi</strong></span> <span class='ocrx_word' id='word_1_188' title='bbox 666 2721 789 2761; x_wconf 85' lang='lat' dir='ltr'><strong>eum</strong></span> <span class='ocrx_word' id='word_1_189' title='bbox 813 2700 1076 2766; x_wconf 84' lang='lat' dir='ltr'><strong>confiteri,</strong></span> <span class='ocrx_word' id='word_1_190' title='bbox 1115 2696 1255 2770; x_wconf 87' lang='lat' dir='ltr'><strong>quod</strong></span> <span class='ocrx_word' id='word_1_191' title='bbox 1290 2703 1562 2767; x_wconf 87' lang='lat' dir='ltr'><strong>peccatum</strong></span> <span class='ocrx_word' id='word_1_192' title='bbox 1603 2708 1669 2746; x_wconf 73' lang='lat' dir='ltr'><strong>ex</strong></span> <span class='ocrx_word' id='word_1_193' title='bbox 1714 2690 1884 2745; x_wconf 80' lang='lat' dir='ltr'><strong>Adam</strong></span> <span class='ocrx_word' id='word_1_194' title='bbox 1920 2687 1975 2742; x_wconf 91' lang='lat' dir='ltr'><strong>in</strong></span> <span class='ocrx_word' id='word_1_195' title='bbox 2001 2702 2123 2770; x_wconf 89' lang='lat' dir='ltr'><strong>par-</strong></span> 
     </span>
    </p>
   </div>
   <div class='ocr_carea' id='block_1_27' title="bbox 540 2769 2122 2861">
    <p class='ocr_par' dir='ltr' id='par_1_27' title="bbox 540 2769 2122 2861">
     <span class='ocr_line' id='line_1_27' title="bbox 540 2769 2122 2861; baseline -0.013 -8"><span class='ocrx_word' id='word_1_196' title='bbox 540 2800 694 2853; x_wconf 87' lang='lat' dir='ltr'><strong>vulos</strong></span> <span class='ocrx_word' id='word_1_197' title='bbox 720 2793 987 2852; x_wconf 75' lang='lat' dir='ltr'><strong>transeat?</strong></span> <span class='ocrx_word' id='word_1_198' title='bbox 1010 2769 1162 2861; x_wconf 84' lang='lat' dir='ltr'><strong>Quod</strong></span> <span class='ocrx_word' id='word_1_199' title='bbox 1189 2804 1257 2844; x_wconf 88' lang='lat' dir='ltr'><strong>ne</strong></span> <span class='ocrx_word' id='word_1_200' title='bbox 1283 2786 1629 2842; x_wconf 88' lang='lat' dir='ltr'><strong>confiteretur</strong></span> <span class='ocrx_word' id='word_1_201' title='bbox 1656 2780 1962 2844; x_wconf 64' lang='lat' dir='ltr'><strong>Celestius,</strong></span> <span class='ocrx_word' id='word_1_202' title='bbox 2004 2769 2122 2832; x_wconf 64' lang='lat' dir='ltr'><strong>hinc</strong></span> 
     </span>
    </p>
   </div>
   <div class='ocr_carea' id='block_1_28' title="bbox 540 2871 2122 2950">
    <p class='ocr_par' dir='ltr' id='par_1_28' title="bbox 540 2871 2122 2950">
     <span class='ocr_line' id='line_1_28' title="bbox 540 2871 2122 2950; baseline -0.015 -6"><span class='ocrx_word' id='word_1_203' title='bbox 540 2889 795 2945; x_wconf 83' lang='lat' dir='ltr'><strong>damnare</strong></span> <span class='ocrx_word' id='word_1_204' title='bbox 818 2884 1006 2950; x_wconf 87' lang='lat' dir='ltr'><strong>noluit,</strong></span> <span class='ocrx_word' id='word_1_205' title='bbox 1028 2896 1148 2950; x_wconf 87' lang='lat' dir='ltr'><strong>quae</strong></span> <span class='ocrx_word' id='word_1_206' title='bbox 1171 2880 1274 2935; x_wconf 91' lang='lat' dir='ltr'><strong>iste</strong></span> <span class='ocrx_word' id='word_1_207' title='bbox 1298 2875 1587 2933; x_wconf 82' lang='lat' dir='ltr'><strong>damnavit.</strong></span> <span class='ocrx_word' id='word_1_208' title='bbox 1619 2871 1845 2929; x_wconf 87' lang='lat' dir='ltr'><strong>Proinde</strong></span> <span class='ocrx_word' id='word_1_209' title='bbox 1871 2871 1915 2925; x_wconf 90' lang='lat' dir='ltr'><strong>si</strong></span> <span class='ocrx_word' id='word_1_210' title='bbox 1940 2878 2122 2924; x_wconf 87' lang='lat' dir='ltr'><strong>osten-</strong></span> 
     </span>
    </p>
   </div>
   <div class='ocr_carea' id='block_1_29' title="bbox 541 2961 2121 3047">
    <p class='ocr_par' dir='ltr' id='par_1_29' title="bbox 541 2961 2121 3047">
     <span class='ocr_line' id='line_1_29' title="bbox 541 2961 2121 3047; baseline -0.016 -8"><span class='ocrx_word' id='word_1_211' title='bbox 541 2983 705 3047; x_wconf 91' lang='lat' dir='ltr'><strong>dero,</strong></span> <span class='ocrx_word' id='word_1_212' title='bbox 733 2981 893 3037; x_wconf 88' lang='lat' dir='ltr'><strong>etiam</strong></span> <span class='ocrx_word' id='word_1_213' title='bbox 920 2978 1094 3047; x_wconf 86' lang='lat' dir='ltr'><strong>ipsum</strong></span> <span class='ocrx_word' id='word_1_214' title='bbox 1122 2972 1251 3028; x_wconf 89' lang='lat' dir='ltr'><strong>nihil</strong></span> <span class='ocrx_word' id='word_1_215' title='bbox 1273 2969 1416 3026; x_wconf 86' lang='lat' dir='ltr'><strong>aliud</strong></span> <span class='ocrx_word' id='word_1_216' title='bbox 1435 2969 1633 3025; x_wconf 89' lang='lat' dir='ltr'><strong>sentire</strong></span> <span class='ocrx_word' id='word_1_217' title='bbox 1652 2967 1719 3021; x_wconf 89' lang='lat' dir='ltr'><strong>de</strong></span> <span class='ocrx_word' id='word_1_218' title='bbox 1743 2964 1995 3035; x_wconf 83' lang='lat' dir='ltr'><strong>parvulis,</strong></span> <span class='ocrx_word' id='word_1_219' title='bbox 2020 2961 2121 3016; x_wconf 86' lang='lat' dir='ltr'><strong>nisi</strong></span> 
     </span>
    </p>
   </div>
   <div class='ocr_carea' id='block_1_30' title="bbox 543 3058 2118 3147">
    <p class='ocr_par' dir='ltr' id='par_1_30' title="bbox 543 3058 2118 3147">
     <span class='ocr_line' id='line_1_30' title="bbox 543 3058 2118 3147; baseline -0.015 -16"><span class='ocrx_word' id='word_1_220' title='bbox 543 3072 684 3147; x_wconf 88' lang='lat' dir='ltr'><strong>quod</strong></span> <span class='ocrx_word' id='word_1_221' title='bbox 709 3073 826 3128; x_wconf 87' lang='lat' dir='ltr'><strong>sine</strong></span> <span class='ocrx_word' id='word_1_222' title='bbox 853 3070 957 3125; x_wconf 89' lang='lat' dir='ltr'><strong>ulla</strong></span> <span class='ocrx_word' id='word_1_223' title='bbox 980 3070 1291 3138; x_wconf 80' lang='lat' dir='ltr'><strong>cujusquam</strong></span> <span class='ocrx_word' id='word_1_224' title='bbox 1316 3062 1428 3118; x_wconf 88' lang='lat' dir='ltr'><strong>vitii</strong></span> <span class='ocrx_word' id='word_1_225' title='bbox 1455 3058 1771 3129; x_wconf 78' lang='lat' dir='ltr'><strong>contagione</strong></span> <span class='ocrx_word' id='word_1_226' title='bbox 1791 3066 2080 3147; x_wconf 81' lang='lat' dir='ltr'><strong>nascuntur</strong></span> <span class='ocrx_word' id='word_1_227' title='bbox 2104 3072 2118 3119; x_wconf 91' lang='lat'><strong>;</strong></span> 
     </span>
    </p>
   </div>
   <div class='ocr_carea' id='block_1_31' title="bbox 540 3145 2123 3238">
    <p class='ocr_par' dir='ltr' id='par_1_31' title="bbox 540 3145 2123 3238">
     <span class='ocr_line' id='line_1_31' title="bbox 540 3145 2123 3238; baseline -0.015 -17"><span class='ocrx_word' id='word_1_228' title='bbox 540 3145 668 3238; x_wconf 78' lang='lat' dir='ltr'><strong>quid</strong></span> <span class='ocrx_word' id='word_1_229' title='bbox 695 3165 833 3220; x_wconf 87' lang='lat' dir='ltr'><strong>inter</strong></span> <span class='ocrx_word' id='word_1_230' title='bbox 856 3161 1015 3216; x_wconf 85' lang='lat' dir='ltr'><strong>istum</strong></span> <span class='ocrx_word' id='word_1_231' title='bbox 1035 3168 1092 3221; x_wconf 78' lang='lat' dir='ltr'><strong>et</strong></span> <span class='ocrx_word' id='word_1_232' title='bbox 1107 3155 1417 3214; x_wconf 74' lang='lat' dir='ltr'><strong>leestium</strong></span> <span class='ocrx_word' id='word_1_233' title='bbox 1443 3155 1495 3207; x_wconf 89' lang='lat' dir='ltr'><strong>in</strong></span> <span class='ocrx_word' id='word_1_234' title='bbox 1517 3151 1615 3206; x_wconf 86' lang='lat' dir='ltr'><strong>hac</strong></span> <span class='ocrx_word' id='word_1_235' title='bbox 1636 3149 1929 3238; x_wconf 63' lang='lat' dir='ltr'><strong>quaestione</strong></span> <span class='ocrx_word' id='word_1_236' title='bbox 1952 3145 2123 3238; x_wconf 78' lang='lat' dir='ltr'><strong>dista-</strong></span> 
     </span>
    </p>
   </div>
   <div class='ocr_carea' id='block_1_32' title="bbox 542 3236 2124 3325">
    <p class='ocr_par' dir='ltr' id='par_1_32' title="bbox 542 3236 2124 3325">
     <span class='ocr_line' id='line_1_32' title="bbox 542 3236 2124 3325; baseline -0.016 -10"><span class='ocrx_word' id='word_1_237' title='bbox 542 3236 642 3324; x_wconf 78' lang='lat' dir='ltr'><strong>bit,</strong></span> <span class='ocrx_word' id='word_1_238' title='bbox 674 3256 775 3311; x_wconf 89' lang='lat' dir='ltr'><strong>nisi</strong></span> <span class='ocrx_word' id='word_1_239' title='bbox 814 3253 954 3325; x_wconf 91' lang='lat' dir='ltr'><strong>quod</strong></span> <span class='ocrx_word' id='word_1_240' title='bbox 998 3251 1086 3306; x_wconf 93' lang='lat' dir='ltr'><strong>ille</strong></span> <span class='ocrx_word' id='word_1_241' title='bbox 1123 3247 1377 3319; x_wconf 87' lang='lat' dir='ltr'><strong>apertior,</strong></span> <span class='ocrx_word' id='word_1_242' title='bbox 1426 3245 1526 3300; x_wconf 87' lang='lat' dir='ltr'><strong>iste</strong></span> <span class='ocrx_word' id='word_1_243' title='bbox 1570 3241 1829 3297; x_wconf 81' lang='lat' dir='ltr'><strong>necttltinr</strong></span> <span class='ocrx_word' id='word_1_244' title='bbox 1867 3236 2000 3300; x_wconf 88' lang='lat' dir='ltr'><strong>fuit;</strong></span> <span class='ocrx_word' id='word_1_245' title='bbox 2036 3236 2124 3290; x_wconf 88' lang='lat' dir='ltr'><strong>ille</strong></span> 
     </span>
    </p>
   </div>
   <div class='ocr_carea' id='block_1_33' title="bbox 543 3326 2119 3421">
    <p class='ocr_par' dir='ltr' id='par_1_33' title="bbox 543 3326 2119 3421">
     <span class='ocr_line' id='line_1_33' title="bbox 543 3326 2119 3421; baseline -0.018 -15"><span class='ocrx_word' id='word_1_246' title='bbox 543 3348 897 3421; x_wconf 83' lang='lat' dir='ltr'><strong>pertinacior,</strong></span> <span class='ocrx_word' id='word_1_247' title='bbox 941 3343 1041 3398; x_wconf 83' lang='lat' dir='ltr'><strong>iste</strong></span> <span class='ocrx_word' id='word_1_248' title='bbox 1081 3338 1423 3403; x_wconf 85' lang='lat' dir='ltr'><strong>mendacior;</strong></span> <span class='ocrx_word' id='word_1_249' title='bbox 1453 3335 1534 3389; x_wconf 90' lang='lat' dir='ltr'><strong>vel</strong></span> <span class='ocrx_word' id='word_1_250' title='bbox 1561 3341 1709 3388; x_wconf 88' lang='lat' dir='ltr'><strong>certe</strong></span> <span class='ocrx_word' id='word_1_251' title='bbox 1738 3331 1829 3385; x_wconf 89' lang='lat' dir='ltr'><strong>ille</strong></span> <span class='ocrx_word' id='word_1_252' title='bbox 1864 3326 2119 3421; x_wconf 70' lang='lat' dir='ltr'><strong>liberior,</strong></span> 
     </span>
    </p>
   </div>
   <div class='ocr_carea' id='block_1_34' title="bbox 542 3418 2123 3501">
    <p class='ocr_par' dir='ltr' id='par_1_34' title="bbox 542 3418 2123 3501">
     <span class='ocr_line' id='line_1_34' title="bbox 542 3418 2123 3501; baseline -0.02 0"><span class='ocrx_word' id='word_1_253' title='bbox 542 3418 631 3501; x_wconf 82' lang='lat' dir='ltr'><strong>hic</strong></span> <span class='ocrx_word' id='word_1_254' title='bbox 657 3441 915 3501; x_wconf 81' lang='lat' dir='ltr'><strong>astutior&#39;f</strong></span> <span class='ocrx_word' id='word_1_255' title='bbox 938 3438 1030 3495; x_wconf 88' lang='lat' dir='ltr'><strong>ille</strong></span> <span class='ocrx_word' id='word_1_256' title='bbox 1055 3436 1198 3491; x_wconf 83' lang='lat' dir='ltr'><strong>enim</strong></span> <span class='ocrx_word' id='word_1_257' title='bbox 1228 3447 1329 3488; x_wconf 87' lang='lat' dir='ltr'><strong>nec</strong></span> <span class='ocrx_word' id='word_1_258' title='bbox 1363 3431 1418 3486; x_wconf 93' lang='lat' dir='ltr'><strong>in</strong></span> <span class='ocrx_word' id='word_1_259' title='bbox 1455 3427 1690 3484; x_wconf 86' lang='lat' dir='ltr'><strong>Ecclesia</strong></span> <span class='ocrx_word' id='word_1_260' title='bbox 1716 3418 2123 3491; x_wconf 87' lang='lat' dir='ltr'><strong>Carthagineusi</strong></span> 
     </span>
    </p>
   </div>
   <div class='ocr_carea' id='block_1_35' title="bbox 543 3514 2125 3601">
    <p class='ocr_par' dir='ltr' id='par_1_35' title="bbox 543 3514 2125 3601">
     <span class='ocr_line' id='line_1_35' title="bbox 543 3514 2125 3601; baseline -0.019 -6"><span class='ocrx_word' id='word_1_261' title='bbox 543 3514 798 3595; x_wconf 56' lang='lat' dir='ltr'><strong>damnaui</strong></span> <span class='ocrx_word' id='word_1_262' title='bbox 838 3532 1026 3600; x_wconf 88' lang='lat' dir='ltr'><strong>voluit,</strong></span> <span class='ocrx_word' id='word_1_263' title='bbox 1065 3527 1208 3601; x_wconf 92' lang='lat' dir='ltr'><strong>quod</strong></span> <span class='ocrx_word' id='word_1_264' title='bbox 1248 3528 1300 3581; x_wconf 92' lang='lat' dir='ltr'><strong>in</strong></span> <span class='ocrx_word' id='word_1_265' title='bbox 1337 3523 1577 3579; x_wconf 82' lang='lat' dir='ltr'><strong>Romana</strong></span> <span class='ocrx_word' id='word_1_266' title='bbox 1619 3526 1800 3589; x_wconf 88' lang='lat' dir='ltr'><strong>postea</strong></span> <span class='ocrx_word' id='word_1_267' title='bbox 1838 3530 1900 3570; x_wconf 87' lang='lat' dir='ltr'><strong>se</strong></span> <span class='ocrx_word' id='word_1_268' title='bbox 1940 3522 2125 3568; x_wconf 86' lang='lat' dir='ltr'><strong>tenere</strong></span> 
     </span>
    </p>
   </div>
   <div class='ocr_carea' id='block_1_36' title="bbox 542 3607 2119 3691">
    <p class='ocr_par' dir='ltr' id='par_1_36' title="bbox 542 3607 2119 3691">
     <span class='ocr_line' id='line_1_36' title="bbox 542 3607 2119 3691; baseline -0.02 -2"><span class='ocrx_word' id='word_1_269' title='bbox 542 3630 822 3688; x_wconf 77' lang='lat' dir='ltr'><strong>confessus</strong></span> <span class='ocrx_word' id='word_1_270' title='bbox 847 3634 948 3691; x_wconf 77' lang='lat' dir='ltr'><strong>est;</strong></span> <span class='ocrx_word' id='word_1_271' title='bbox 976 3632 1031 3679; x_wconf 88' lang='lat' dir='ltr'><strong>et</strong></span> <span class='ocrx_word' id='word_1_272' title='bbox 1051 3620 1240 3691; x_wconf 72' lang='lat' dir='ltr'><strong>corrigi</strong></span> <span class='ocrx_word' id='word_1_273' title='bbox 1265 3625 1499 3689; x_wconf 81' lang='lat' dir='ltr'><strong>paratum</strong></span> <span class='ocrx_word' id='word_1_274' title='bbox 1515 3629 1570 3669; x_wconf 79' lang='lat' dir='ltr'><strong>se</strong></span> <span class='ocrx_word' id='word_1_275' title='bbox 1593 3626 1700 3667; x_wconf 75' lang='lat' dir='ltr'><strong>esse</strong></span> <span class='ocrx_word' id='word_1_276' title='bbox 1727 3607 1997 3681; x_wconf 88' lang='lat' dir='ltr'><strong>professus</strong></span> <span class='ocrx_word' id='word_1_277' title='bbox 2012 3612 2119 3673; x_wconf 87' lang='lat' dir='ltr'><strong>est,</strong></span> 
     </span>
    </p>
   </div>
   <div class='ocr_carea' id='block_1_37' title="bbox 543 3696 2123 3790">
    <p class='ocr_par' dir='ltr' id='par_1_37' title="bbox 543 3696 2123 3790">
     <span class='ocr_line' id='line_1_37' title="bbox 543 3696 2123 3790; baseline -0.018 -11"><span class='ocrx_word' id='word_1_278' title='bbox 543 3723 589 3778; x_wconf 74' lang='lat' dir='ltr'><strong>si</strong></span> <span class='ocrx_word' id='word_1_279' title='bbox 612 3722 658 3777; x_wconf 78' lang='lat' dir='ltr'><strong>ei</strong></span> <span class='ocrx_word' id='word_1_280' title='bbox 683 3730 923 3790; x_wconf 81' lang='lat' dir='ltr'><strong>tanquam</strong></span> <span class='ocrx_word' id='word_1_281' title='bbox 950 3714 1140 3769; x_wconf 78' lang='lat' dir='ltr'><strong>homini</strong></span> <span class='ocrx_word' id='word_1_282' title='bbox 1162 3727 1301 3766; x_wconf 82' lang='lat' dir='ltr'><strong>error</strong></span> <span class='ocrx_word' id='word_1_283' title='bbox 1325 3706 1563 3776; x_wconf 77' lang='lat' dir='ltr'><strong>obrepsit.</strong></span> <span class='ocrx_word' id='word_1_284' title='bbox 1587 3706 1693 3760; x_wconf 81' lang='lat' dir='ltr'><strong>Iste</strong></span> <span class='ocrx_word' id='word_1_285' title='bbox 1712 3709 1889 3757; x_wconf 85' lang='lat' dir='ltr'><strong>autem</strong></span> <span class='ocrx_word' id='word_1_286' title='bbox 1916 3709 1970 3755; x_wconf 88' lang='lat' dir='ltr'><strong>et</strong></span> <span class='ocrx_word' id='word_1_287' title='bbox 1994 3696 2123 3753; x_wconf 89' lang='lat' dir='ltr'><strong>illttd</strong></span> 
     </span>
    </p>
   </div>
   <div class='ocr_carea' id='block_1_38' title="bbox 543 3791 2126 3882">
    <p class='ocr_par' dir='ltr' id='par_1_38' title="bbox 543 3791 2126 3882">
     <span class='ocr_line' id='line_1_38' title="bbox 543 3791 2126 3882; baseline -0.016 -12"><span class='ocrx_word' id='word_1_288' title='bbox 543 3814 735 3882; x_wconf 85' lang='lat' dir='ltr'><strong>dogma</strong></span> <span class='ocrx_word' id='word_1_289' title='bbox 756 3806 1027 3866; x_wconf 77' lang='lat' dir='ltr'><strong>damnavit</strong></span> <span class='ocrx_word' id='word_1_290' title='bbox 1047 3815 1294 3875; x_wconf 88' lang='lat' dir='ltr'><strong>tanquam</strong></span> <span class='ocrx_word' id='word_1_291' title='bbox 1315 3798 1638 3857; x_wconf 85' lang='lat' dir='ltr'><strong>contrarium</strong></span> <span class='ocrx_word' id='word_1_292' title='bbox 1662 3794 1889 3856; x_wconf 83' lang='lat' dir='ltr'><strong>veritati.</strong></span> <span class='ocrx_word' id='word_1_293' title='bbox 1915 3807 1985 3847; x_wconf 89' lang='lat' dir='ltr'><strong>ne</strong></span> <span class='ocrx_word' id='word_1_294' title='bbox 2012 3791 2126 3860; x_wconf 87' lang='lat' dir='ltr'><strong>ipse</strong></span> 
     </span>
    </p>
   </div>
   <div class='ocr_carea' id='block_1_39' title="bbox 543 3882 2125 3970">
    <p class='ocr_par' dir='ltr' id='par_1_39' title="bbox 543 3882 2125 3970">
     <span class='ocr_line' id='line_1_39' title="bbox 543 3882 2125 3970; baseline -0.016 -9"><span class='ocrx_word' id='word_1_295' title='bbox 543 3920 574 3961; x_wconf 91' lang='lat' dir='ltr'><strong>a</strong></span> <span class='ocrx_word' id='word_1_296' title='bbox 601 3901 877 3960; x_wconf 83' lang='lat' dir='ltr'><strong>catholicis</strong></span> <span class='ocrx_word' id='word_1_297' title='bbox 900 3896 1168 3970; x_wconf 87' lang='lat' dir='ltr'><strong>jndicibus</strong></span> <span class='ocrx_word' id='word_1_298' title='bbox 1193 3893 1569 3953; x_wconf 88' lang='lat' dir='ltr'><strong>damnaretur;</strong></span> <span class='ocrx_word' id='word_1_299' title='bbox 1608 3896 1663 3944; x_wconf 92' lang='lat' dir='ltr'><strong>et</strong></span> <span class='ocrx_word' id='word_1_300' title='bbox 1704 3885 1756 3942; x_wconf 90' lang='lat' dir='ltr'><strong>id</strong></span> <span class='ocrx_word' id='word_1_301' title='bbox 1799 3884 1901 3942; x_wconf 80' lang='lat' dir='ltr'><strong>sibi</strong></span> <span class='ocrx_word' id='word_1_302' title='bbox 1940 3882 2125 3938; x_wconf 83' lang='lat' dir='ltr'><strong>defen—</strong></span> 
     </span>
    </p>
   </div>
   <div class='ocr_carea' id='block_1_40' title="bbox 542 3977 2122 4064">
    <p class='ocr_par' dir='ltr' id='par_1_40' title="bbox 542 3977 2122 4064">
     <span class='ocr_line' id='line_1_40' title="bbox 542 3977 2122 4064; baseline -0.015 -11"><span class='ocrx_word' id='word_1_303' title='bbox 542 3994 776 4053; x_wconf 89' lang='lat' dir='ltr'><strong>dendum</strong></span> <span class='ocrx_word' id='word_1_304' title='bbox 808 4000 989 4064; x_wconf 91' lang='lat' dir='ltr'><strong>postea</strong></span> <span class='ocrx_word' id='word_1_305' title='bbox 1026 3986 1338 4053; x_wconf 83' lang='lat' dir='ltr'><strong>reservavit,</strong></span> <span class='ocrx_word' id='word_1_306' title='bbox 1364 3991 1454 4040; x_wconf 89' lang='lat' dir='ltr'><strong>aut</strong></span> <span class='ocrx_word' id='word_1_307' title='bbox 1479 3980 1807 4038; x_wconf 89' lang='lat' dir='ltr'><strong>mendaciter</strong></span> <span class='ocrx_word' id='word_1_308' title='bbox 1827 3977 2122 4042; x_wconf 85' lang='lat' dir='ltr'><strong>damnans,</strong></span> 
     </span>
    </p>
   </div>
   <div class='ocr_carea' id='block_1_41' title="bbox 541 4085 1251 4155">
    <p class='ocr_par' dir='ltr' id='par_1_41' title="bbox 541 4085 1251 4155">
     <span class='ocr_line' id='line_1_41' title="bbox 541 4085 1251 4155; baseline -0.017 -9"><span class='ocrx_word' id='word_1_309' title='bbox 541 4097 636 4146; x_wconf 86' lang='lat' dir='ltr'><strong>aut</strong></span> <span class='ocrx_word' id='word_1_310' title='bbox 660 4085 850 4144; x_wconf 83' lang='lat' dir='ltr'><strong>callide</strong></span> <span class='ocrx_word' id='word_1_311' title='bbox 875 4086 1251 4155; x_wconf 86' lang='lat' dir='ltr'><strong>interpretans.</strong></span> 
     </span>
    </p>
   </div>
   <div class='ocr_carea' id='block_1_42' title="bbox 612 4182 2129 4257">
    <p class='ocr_par' dir='ltr' id='par_1_42' title="bbox 612 4182 2129 4257">
     <span class='ocr_line' id='line_1_42' title="bbox 612 4182 2129 4257; baseline -0.015 0"><span class='ocrx_word' id='word_1_312' title='bbox 612 4197 838 4257; x_wconf 71' lang='lat' dir='ltr'><strong>CAPUT</strong></span> <span class='ocrx_word' id='word_1_313' title='bbox 864 4195 1003 4253; x_wconf 77' lang='lat' dir='ltr'><strong>Xlll.</strong></span> <span class='ocrx_word' id='word_1_314' title='bbox 1031 4225 1103 4236; x_wconf 89' lang='grc'><strong><em>--</em></strong></span> <span class='ocrx_word' id='word_1_315' title='bbox 1132 4194 1219 4249; x_wconf 69' lang='grc' dir='ltr'><strong>Η.</strong></span> <span class='ocrx_word' id='word_1_316' title='bbox 1264 4190 1369 4247; x_wconf 87' lang='lat' dir='ltr'><strong>Sed</strong></span> <span class='ocrx_word' id='word_1_317' title='bbox 1409 4188 1564 4245; x_wconf 85' lang='lat' dir='ltr'><strong>video</strong></span> <span class='ocrx_word' id='word_1_318' title='bbox 1590 4186 1656 4243; x_wconf 86' lang='lat' dir='ltr'><strong>de</strong></span> <span class='ocrx_word' id='word_1_319' title='bbox 1682 4201 1769 4243; x_wconf 88' lang='lat' dir='ltr'><strong>me</strong></span> <span class='ocrx_word' id='word_1_320' title='bbox 1800 4185 1908 4255; x_wconf 89' lang='lat' dir='ltr'><strong>jam</strong></span> <span class='ocrx_word' id='word_1_321' title='bbox 1943 4182 2129 4254; x_wconf 81' lang='lat' dir='ltr'><strong>justis-</strong></span> 
     </span>
    </p>
   </div>
   <div class='ocr_carea' id='block_1_43' title="bbox 542 4273 2129 4361">
    <p class='ocr_par' dir='ltr' id='par_1_43' title="bbox 542 4273 2129 4361">
     <span class='ocr_line' id='line_1_43' title="bbox 542 4273 2129 4361; baseline -0.013 -11"><span class='ocrx_word' id='word_1_322' title='bbox 542 4291 678 4350; x_wconf 83' lang='lat' dir='ltr'><strong>sime</strong></span> <span class='ocrx_word' id='word_1_323' title='bbox 707 4288 986 4361; x_wconf 85' lang='lat' dir='ltr'><strong>postulari,</strong></span> <span class='ocrx_word' id='word_1_324' title='bbox 1017 4295 1072 4341; x_wconf 92' lang='lat' dir='ltr'><strong>ut</strong></span> <span class='ocrx_word' id='word_1_325' title='bbox 1110 4283 1251 4356; x_wconf 88' lang='lat' dir='ltr'><strong>quod</strong></span> <span class='ocrx_word' id='word_1_326' title='bbox 1282 4280 1530 4354; x_wconf 88' lang='lat' dir='ltr'><strong>promisi,</strong></span> <span class='ocrx_word' id='word_1_327' title='bbox 1575 4289 1749 4333; x_wconf 90' lang='lat' dir='ltr'><strong>utrum</strong></span> <span class='ocrx_word' id='word_1_328' title='bbox 1777 4286 1831 4333; x_wconf 91' lang='lat' dir='ltr'><strong>et</strong></span> <span class='ocrx_word' id='word_1_329' title='bbox 1872 4276 1985 4347; x_wconf 85' lang='lat' dir='ltr'><strong>ipse</strong></span> <span class='ocrx_word' id='word_1_330' title='bbox 2026 4273 2129 4330; x_wconf 88' lang='lat' dir='ltr'><strong>hoc</strong></span> 
     </span>
    </p>
   </div>
   <div class='ocr_carea' id='block_1_44' title="bbox 542 4364 2123 4449">
    <p class='ocr_par' dir='ltr' id='par_1_44' title="bbox 542 4364 2123 4449">
     <span class='ocr_line' id='line_1_44' title="bbox 542 4364 2123 4449; baseline -0.013 -11"><span class='ocrx_word' id='word_1_331' title='bbox 542 4381 738 4439; x_wconf 91' lang='lat' dir='ltr'><strong>sentiat</strong></span> <span class='ocrx_word' id='word_1_332' title='bbox 773 4377 911 4449; x_wconf 91' lang='lat' dir='ltr'><strong>quod</strong></span> <span class='ocrx_word' id='word_1_333' title='bbox 948 4375 1261 4442; x_wconf 60' lang='lat' dir='ltr'><strong>Calestius,</strong></span> <span class='ocrx_word' id='word_1_334' title='bbox 1308 4372 1678 4427; x_wconf 88' lang='lat' dir='ltr'><strong>demonstrare</strong></span> <span class='ocrx_word' id='word_1_335' title='bbox 1717 4383 1821 4421; x_wconf 90' lang='lat' dir='ltr'><strong>non</strong></span> <span class='ocrx_word' id='word_1_336' title='bbox 1862 4364 2123 4421; x_wconf 80' lang='lat' dir='ltr'><strong>differant.</strong></span> 
     </span>
    </p>
   </div>
   <div class='ocr_carea' id='block_1_45' title="bbox 542 4456 2129 4544">
    <p class='ocr_par' dir='ltr' id='par_1_45' title="bbox 542 4456 2129 4544">
     <span class='ocr_line' id='line_1_45' title="bbox 542 4456 2129 4544; baseline -0.013 -14"><span class='ocrx_word' id='word_1_337' title='bbox 542 4474 601 4530; x_wconf 86' lang='lat' dir='ltr'><strong>In</strong></span> <span class='ocrx_word' id='word_1_338' title='bbox 631 4471 802 4544; x_wconf 87' lang='lat' dir='ltr'><strong>primo</strong></span> <span class='ocrx_word' id='word_1_339' title='bbox 839 4469 975 4525; x_wconf 90' lang='lat' dir='ltr'><strong>libro</strong></span> <span class='ocrx_word' id='word_1_340' title='bbox 1019 4464 1335 4522; x_wconf 87' lang='lat' dir='ltr'><strong>rccentioris</strong></span> <span class='ocrx_word' id='word_1_341' title='bbox 1376 4462 1553 4533; x_wconf 86' lang='lat' dir='ltr'><strong>operis</strong></span> <span class='ocrx_word' id='word_1_342' title='bbox 1581 4461 1694 4527; x_wconf 90' lang='lat' dir='ltr'><strong>sui,</strong></span> <span class='ocrx_word' id='word_1_343' title='bbox 1737 4456 1878 4530; x_wconf 90' lang='lat' dir='ltr'><strong>quod</strong></span> <span class='ocrx_word' id='word_1_344' title='bbox 1915 4456 2129 4526; x_wconf 84' lang='lat' dir='ltr'><strong>scripsit</strong></span> 
     </span>
    </p>
   </div>
   <div class='ocr_carea' id='block_1_46' title="bbox 543 4547 2130 4637">
    <p class='ocr_par' dir='ltr' id='par_1_46' title="bbox 543 4547 2130 4637">
     <span class='ocr_line' id='line_1_46' title="bbox 543 4547 2130 4637; baseline -0.013 -17"><span class='ocrx_word' id='word_1_345' title='bbox 543 4580 642 4637; x_wconf 87' lang='lat' dir='ltr'><strong>pro</strong></span> <span class='ocrx_word' id='word_1_346' title='bbox 680 4562 873 4619; x_wconf 85' lang='lat' dir='ltr'><strong>Libero</strong></span> <span class='ocrx_word' id='word_1_347' title='bbox 924 4558 1196 4624; x_wconf 83' lang='lat' dir='ltr'><strong>Arbitrio,</strong></span> <span class='ocrx_word' id='word_1_348' title='bbox 1228 4555 1382 4625; x_wconf 87' lang='lat' dir='ltr'><strong>cujus</strong></span> <span class='ocrx_word' id='word_1_349' title='bbox 1427 4552 1607 4623; x_wconf 77' lang='lat' dir='ltr'><strong>aperis</strong></span> <span class='ocrx_word' id='word_1_350' title='bbox 1656 4550 1708 4604; x_wconf 92' lang='lat' dir='ltr'><strong>in</strong></span> <span class='ocrx_word' id='word_1_351' title='bbox 1768 4547 1954 4603; x_wconf 84' lang='lat' dir='ltr'><strong>litteris</strong></span> <span class='ocrx_word' id='word_1_352' title='bbox 1997 4560 2130 4616; x_wconf 87' lang='lat' dir='ltr'><strong>quas</strong></span> 
     </span>
    </p>
   </div>
   <div class='ocr_carea' id='block_1_47' title="bbox 542 4640 2123 4722">
    <p class='ocr_par' dir='ltr' id='par_1_47' title="bbox 542 4640 2123 4722">
     <span class='ocr_line' id='line_1_47' title="bbox 542 4640 2123 4722; baseline -0.013 -8"><span class='ocrx_word' id='word_1_353' title='bbox 542 4659 769 4716; x_wconf 81' lang='lat' dir='ltr'><strong>Romam</strong></span> <span class='ocrx_word' id='word_1_354' title='bbox 810 4653 987 4722; x_wconf 90' lang='lat' dir='ltr'><strong>misit,</strong></span> <span class='ocrx_word' id='word_1_355' title='bbox 1015 4647 1575 4708; x_wconf 88' lang='lat' dir='ltr'><strong>commemorationem</strong></span> <span class='ocrx_word' id='word_1_356' title='bbox 1611 4643 1735 4699; x_wconf 83' lang='lat' dir='ltr'><strong>fecit</strong></span> <span class='ocrx_word' id='word_1_357' title='bbox 1763 4661 1777 4697; x_wconf 92' lang='lat'><strong>:</strong></span> <span class='ocrx_word' id='word_1_358' title='bbox 1830 4660 1851 4695; x_wconf 81' lang='grc' dir='ltr'><strong>ι</strong></span> <span class='ocrx_word' id='word_1_359' title='bbox 1883 4640 2073 4705; x_wconf 87' lang='lat' dir='ltr'><strong>Omne,</strong></span> <span class='ocrx_word' id='word_1_360' title='bbox 2104 4657 2123 4693; x_wconf 82' lang='grc' dir='ltr'><strong>ι</strong></span> 
     </span>
    </p>
   </div>
   <div class='ocr_carea' id='block_1_48' title="bbox 544 4729 2129 4820">
    <p class='ocr_par' dir='ltr' id='par_1_48' title="bbox 544 4729 2129 4820">
     <span class='ocr_line' id='line_1_48' title="bbox 544 4729 2129 4820; baseline -0.012 -16"><span class='ocrx_word' id='word_1_361' title='bbox 544 4748 748 4820; x_wconf 88' lang='lat' dir='ltr'><strong>inquit,</strong></span> <span class='ocrx_word' id='word_1_362' title='bbox 800 4763 819 4798; x_wconf 80' lang='grc' dir='ltr'><strong>ι</strong></span> <span class='ocrx_word' id='word_1_363' title='bbox 855 4745 1052 4801; x_wconf 90' lang='lat' dir='ltr'><strong>bonum</strong></span> <span class='ocrx_word' id='word_1_364' title='bbox 1078 4756 1142 4796; x_wconf 90' lang='lat' dir='ltr'><strong>ac</strong></span> <span class='ocrx_word' id='word_1_365' title='bbox 1192 4738 1426 4803; x_wconf 87' lang='lat' dir='ltr'><strong>malum,</strong></span> <span class='ocrx_word' id='word_1_366' title='bbox 1462 4750 1569 4806; x_wconf 89' lang='lat' dir='ltr'><strong>quo</strong></span> <span class='ocrx_word' id='word_1_367' title='bbox 1597 4734 1680 4789; x_wconf 89' lang='lat' dir='ltr'><strong>vel</strong></span> <span class='ocrx_word' id='word_1_368' title='bbox 1710 4731 2002 4787; x_wconf 81' lang='lat' dir='ltr'><strong>laudabiles</strong></span> <span class='ocrx_word' id='word_1_369' title='bbox 2045 4729 2129 4785; x_wconf 89' lang='lat' dir='ltr'><strong>vel</strong></span> 
     </span>
    </p>
   </div>
   <div class='ocr_carea' id='block_1_49' title="bbox 543 4822 2132 4912">
    <p class='ocr_par' dir='ltr' id='par_1_49' title="bbox 543 4822 2132 4912">
     <span class='ocr_line' id='line_1_49' title="bbox 543 4822 2132 4912; baseline -0.011 -16"><span class='ocrx_word' id='word_1_370' title='bbox 543 4836 920 4912; x_wconf 88' lang='lat' dir='ltr'><strong>vituperabiles</strong></span> <span class='ocrx_word' id='word_1_371' title='bbox 944 4847 1148 4900; x_wconf 87' lang='lat' dir='ltr'><strong>sumus,</strong></span> <span class='ocrx_word' id='word_1_372' title='bbox 1177 4847 1282 4887; x_wconf 92' lang='lat' dir='ltr'><strong>non</strong></span> <span class='ocrx_word' id='word_1_373' title='bbox 1313 4830 1585 4884; x_wconf 89' lang='lat' dir='ltr'><strong>nobiscum</strong></span> <span class='ocrx_word' id='word_1_374' title='bbox 1616 4825 1804 4891; x_wconf 92' lang='lat' dir='ltr'><strong>oritur,</strong></span> <span class='ocrx_word' id='word_1_375' title='bbox 1834 4822 1927 4878; x_wconf 88' lang='lat' dir='ltr'><strong>sed</strong></span> <span class='ocrx_word' id='word_1_376' title='bbox 1959 4823 2132 4894; x_wconf 83' lang='lat' dir='ltr'><strong>agitur</strong></span> 
     </span>
    </p>
   </div>
   <div class='ocr_carea' id='block_1_50' title="bbox 545 4916 2130 4998">
    <p class='ocr_par' dir='ltr' id='par_1_50' title="bbox 545 4916 2130 4998">
     <span class='ocr_line' id='line_1_50' title="bbox 545 4916 2130 4998; baseline -0.014 -11"><span class='ocrx_word' id='word_1_377' title='bbox 545 4947 576 4987; x_wconf 89' lang='lat' dir='ltr'><strong>a</strong></span> <span class='ocrx_word' id='word_1_378' title='bbox 606 4930 759 4989; x_wconf 82' lang='lat' dir='ltr'><strong>nobis</strong></span> <span class='ocrx_word' id='word_1_379' title='bbox 785 4946 800 4982; x_wconf 88' lang='lat'><strong>:</strong></span> <span class='ocrx_word' id='word_1_380' title='bbox 830 4940 1051 4998; x_wconf 88' lang='lat' dir='ltr'><strong>capaces</strong></span> <span class='ocrx_word' id='word_1_381' title='bbox 1090 4922 1232 4979; x_wconf 90' lang='lat' dir='ltr'><strong>enim</strong></span> <span class='ocrx_word' id='word_1_382' title='bbox 1264 4921 1538 4990; x_wconf 89' lang='lat' dir='ltr'><strong>utriusque</strong></span> <span class='ocrx_word' id='word_1_383' title='bbox 1573 4917 1685 4983; x_wconf 91' lang='lat' dir='ltr'><strong>rei,</strong></span> <span class='ocrx_word' id='word_1_384' title='bbox 1715 4931 1818 4970; x_wconf 91' lang='lat' dir='ltr'><strong>non</strong></span> <span class='ocrx_word' id='word_1_385' title='bbox 1857 4916 1997 4984; x_wconf 85' lang='lat' dir='ltr'><strong>pleni</strong></span> <span class='ocrx_word' id='word_1_386' title='bbox 2034 4929 2130 4970; x_wconf 85' lang='lat' dir='ltr'><strong>na-</strong></span> 
     </span>
    </p>
   </div>
   <div class='ocr_carea' id='block_1_51' title="bbox 543 5011 2126 5093">
    <p class='ocr_par' dir='ltr' id='par_1_51' title="bbox 543 5011 2126 5093">
     <span class='ocr_line' id='line_1_51' title="bbox 543 5011 2126 5093; baseline -0.016 -7"><span class='ocrx_word' id='word_1_387' title='bbox 543 5030 764 5093; x_wconf 79' lang='lat' dir='ltr'><strong>scimur,</strong></span> <span class='ocrx_word' id='word_1_388' title='bbox 777 5031 832 5080; x_wconf 90' lang='lat' dir='ltr'><strong>et</strong></span> <span class='ocrx_word' id='word_1_389' title='bbox 856 5033 912 5079; x_wconf 94' lang='lat' dir='ltr'><strong>ut</strong></span> <span class='ocrx_word' id='word_1_390' title='bbox 934 5021 1050 5077; x_wconf 89' lang='lat' dir='ltr'><strong>sine</strong></span> <span class='ocrx_word' id='word_1_391' title='bbox 1074 5018 1287 5083; x_wconf 82' lang='lat' dir='ltr'><strong>virtute,</strong></span> <span class='ocrx_word' id='word_1_392' title='bbox 1306 5016 1375 5071; x_wconf 87' lang='lat' dir='ltr'><strong>ita</strong></span> <span class='ocrx_word' id='word_1_393' title='bbox 1396 5023 1450 5070; x_wconf 91' lang='lat' dir='ltr'><strong>et</strong></span> <span class='ocrx_word' id='word_1_394' title='bbox 1473 5013 1588 5068; x_wconf 89' lang='lat' dir='ltr'><strong>sine</strong></span> <span class='ocrx_word' id='word_1_395' title='bbox 1612 5011 1739 5066; x_wconf 89' lang='lat' dir='ltr'><strong>vitio</strong></span> <span class='ocrx_word' id='word_1_396' title='bbox 1759 5024 2126 5082; x_wconf 79' lang='lat' dir='ltr'><strong>procreamnr:</strong></span> 
     </span>
    </p>
   </div>
   <div class='ocr_carea' id='block_1_52' title="bbox 543 5102 2132 5191">
    <p class='ocr_par' dir='ltr' id='par_1_52' title="bbox 543 5102 2132 5191">
     <span class='ocr_line' id='line_1_52' title="bbox 543 5102 2132 5191; baseline -0.014 -13"><span class='ocrx_word' id='word_1_397' title='bbox 543 5130 705 5191; x_wconf 80' lang='lat' dir='ltr'><strong>atque</strong></span> <span class='ocrx_word' id='word_1_398' title='bbox 744 5126 869 5173; x_wconf 84' lang='lat' dir='ltr'><strong>ante</strong></span> <span class='ocrx_word' id='word_1_399' title='bbox 899 5114 1164 5170; x_wconf 88' lang='lat' dir='ltr'><strong>actionem</strong></span> <span class='ocrx_word' id='word_1_400' title='bbox 1193 5109 1421 5183; x_wconf 63' lang='lat' dir='ltr'><strong>propriae</strong></span> <span class='ocrx_word' id='word_1_401' title='bbox 1449 5106 1759 5173; x_wconf 87' lang='lat' dir='ltr'><strong>voluntatis,</strong></span> <span class='ocrx_word' id='word_1_402' title='bbox 1802 5104 1851 5160; x_wconf 88' lang='lat' dir='ltr'><strong>id</strong></span> <span class='ocrx_word' id='word_1_403' title='bbox 1880 5104 2049 5159; x_wconf 89' lang='lat' dir='ltr'><strong>solum</strong></span> <span class='ocrx_word' id='word_1_404' title='bbox 2078 5102 2132 5156; x_wconf 94' lang='lat' dir='ltr'><strong>in</strong></span> 
     </span>
    </p>
   </div>
   <div class='ocr_carea' id='block_1_53' title="bbox 544 5194 2130 5280">
    <p class='ocr_par' dir='ltr' id='par_1_53' title="bbox 544 5194 2130 5280">
     <span class='ocr_line' id='line_1_53' title="bbox 544 5194 2130 5280; baseline -0.013 -10"><span class='ocrx_word' id='word_1_405' title='bbox 544 5211 762 5270; x_wconf 86' lang='lat' dir='ltr'><strong>homine</strong></span> <span class='ocrx_word' id='word_1_406' title='bbox 786 5220 889 5274; x_wconf 84' lang='lat' dir='ltr'><strong>est,</strong></span> <span class='ocrx_word' id='word_1_407' title='bbox 919 5205 1061 5280; x_wconf 87' lang='lat' dir='ltr'><strong>quod</strong></span> <span class='ocrx_word' id='word_1_408' title='bbox 1094 5206 1231 5260; x_wconf 89' lang='lat' dir='ltr'><strong>Deus</strong></span> <span class='ocrx_word' id='word_1_409' title='bbox 1255 5200 1543 5259; x_wconf 65' lang='lat' dir='ltr'><strong>condidit.»</strong></span> <span class='ocrx_word' id='word_1_410' title='bbox 1591 5198 1794 5270; x_wconf 86' lang='lat' dir='ltr'><strong>Nempe</strong></span> <span class='ocrx_word' id='word_1_411' title='bbox 1824 5197 2043 5253; x_wconf 84' lang='lat' dir='ltr'><strong>cernitis</strong></span> <span class='ocrx_word' id='word_1_412' title='bbox 2078 5194 2130 5251; x_wconf 92' lang='lat' dir='ltr'><strong>in</strong></span> 
     </span>
    </p>
   </div>
   <div class='ocr_carea' id='block_1_54' title="bbox 546 5289 2131 5372">
    <p class='ocr_par' dir='ltr' id='par_1_54' title="bbox 546 5289 2131 5372">
     <span class='ocr_line' id='line_1_54' title="bbox 546 5289 2131 5372; baseline -0.013 -11"><span class='ocrx_word' id='word_1_413' title='bbox 546 5304 634 5361; x_wconf 86' lang='lat' dir='ltr'><strong>his</strong></span> <span class='ocrx_word' id='word_1_414' title='bbox 659 5301 857 5372; x_wconf 77' lang='lat' dir='ltr'><strong>Pelagii</strong></span> <span class='ocrx_word' id='word_1_415' title='bbox 875 5297 1074 5365; x_wconf 85' lang='lat' dir='ltr'><strong>verbis,</strong></span> <span class='ocrx_word' id='word_1_416' title='bbox 1095 5295 1238 5368; x_wconf 92' lang='lat' dir='ltr'><strong>quod</strong></span> <span class='ocrx_word' id='word_1_417' title='bbox 1260 5293 1449 5365; x_wconf 85' lang='lat' dir='ltr'><strong>dogma</strong></span> <span class='ocrx_word' id='word_1_418' title='bbox 1475 5292 1812 5348; x_wconf 90' lang='lat' dir='ltr'><strong>contineatur</strong></span> <span class='ocrx_word' id='word_1_419' title='bbox 1830 5289 2131 5355; x_wconf 87' lang='lat' dir='ltr'><strong>amborum,</strong></span> 
     </span>
    </p>
   </div>
   <div class='ocr_carea' id='block_1_55' title="bbox 544 5379 2136 5467">
    <p class='ocr_par' dir='ltr' id='par_1_55' title="bbox 544 5379 2136 5467">
     <span class='ocr_line' id='line_1_55' title="bbox 544 5379 2136 5467; baseline -0.011 -15"><span class='ocrx_word' id='word_1_420' title='bbox 544 5394 614 5452; x_wconf 89' lang='lat' dir='ltr'><strong>de</strong></span> <span class='ocrx_word' id='word_1_421' title='bbox 665 5392 900 5467; x_wconf 87' lang='lat' dir='ltr'><strong>parvulis</strong></span> <span class='ocrx_word' id='word_1_422' title='bbox 941 5389 1059 5446; x_wconf 88' lang='lat' dir='ltr'><strong>sine</strong></span> <span class='ocrx_word' id='word_1_423' title='bbox 1116 5386 1273 5443; x_wconf 88' lang='lat' dir='ltr'><strong>ullius</strong></span> <span class='ocrx_word' id='word_1_424' title='bbox 1314 5384 1426 5440; x_wconf 89' lang='lat' dir='ltr'><strong>vitii</strong></span> <span class='ocrx_word' id='word_1_425' title='bbox 1482 5399 1547 5438; x_wconf 79' lang='lat' dir='ltr'><strong>ex</strong></span> <span class='ocrx_word' id='word_1_426' title='bbox 1601 5382 1790 5437; x_wconf 83' lang='lat' dir='ltr'><strong>Adam</strong></span> <span class='ocrx_word' id='word_1_427' title='bbox 1821 5379 2136 5450; x_wconf 86' lang='lat' dir='ltr'><strong>contagione</strong></span> 
     </span>
    </p>
   </div>
   <div class='ocr_carea' id='block_1_56' title="bbox 546 5468 2132 5547">
    <p class='ocr_par' dir='ltr' id='par_1_56' title="bbox 546 5468 2132 5547">
     <span class='ocr_line' id='line_1_56' title="bbox 546 5468 2132 5547; baseline -0.012 -4"><span class='ocrx_word' id='word_1_428' title='bbox 546 5483 908 5542; x_wconf 82' lang='lat' dir='ltr'><strong>nascentibus.</strong></span> <span class='ocrx_word' id='word_1_429' title='bbox 962 5479 1078 5536; x_wconf 85' lang='lat' dir='ltr'><strong>Non</strong></span> <span class='ocrx_word' id='word_1_430' title='bbox 1123 5478 1301 5547; x_wconf 91' lang='lat' dir='ltr'><strong>itaque</strong></span> <span class='ocrx_word' id='word_1_431' title='bbox 1344 5474 1536 5531; x_wconf 89' lang='lat' dir='ltr'><strong>mirum</strong></span> <span class='ocrx_word' id='word_1_432' title='bbox 1575 5480 1687 5539; x_wconf 79' lang='lat' dir='ltr'><strong>est,</strong></span> <span class='ocrx_word' id='word_1_433' title='bbox 1732 5469 1874 5542; x_wconf 89' lang='lat' dir='ltr'><strong>quod</strong></span> <span class='ocrx_word' id='word_1_434' title='bbox 1921 5484 2015 5525; x_wconf 92' lang='lat' dir='ltr'><strong>eos</strong></span> <span class='ocrx_word' id='word_1_435' title='bbox 2043 5468 2132 5540; x_wconf 92' lang='lat' dir='ltr'><strong>qni</strong></span> 
     </span>
    </p>
   </div>
   <div class='ocr_carea' id='block_1_57' title="bbox 608 5599 2136 5670">
    <p class='ocr_par' dir='ltr' id='par_1_57' title="bbox 608 5599 2136 5670">
     <span class='ocr_line' id='line_1_57' title="bbox 608 5599 2136 5670; baseline -0.01 -3"><span class='ocrx_word' id='word_1_436' title='bbox 608 5617 629 5651; x_wconf 75' lang='grc' dir='ltr'><strong>ι</strong></span> <span class='ocrx_word' id='word_1_437' title='bbox 652 5621 705 5666; x_wconf 86' lang='grc' dir='ltr'><strong>ιιι</strong></span> <span class='ocrx_word' id='word_1_438' title='bbox 727 5612 905 5665; x_wconf 85' lang='lat' dir='ltr'><strong>eodem</strong></span> <span class='ocrx_word' id='word_1_439' title='bbox 938 5610 1081 5670; x_wconf 88' lang='lat' dir='ltr'><strong>libro,</strong></span> <span class='ocrx_word' id='word_1_440' title='bbox 1106 5622 1155 5659; x_wconf 89' lang='grc' dir='ltr'>ιι.</span> <span class='ocrx_word' id='word_1_441' title='bbox 1176 5607 1258 5670; x_wconf 75' lang='lat' dir='ltr'><strong>2t,</strong></span> <span class='ocrx_word' id='word_1_442' title='bbox 1292 5603 1480 5669; x_wconf 82' lang='lat' dir='ltr'><strong>reliqua</strong></span> <span class='ocrx_word' id='word_1_443' title='bbox 1506 5616 1620 5655; x_wconf 80' lang='lat' dir='ltr'><strong>vero</strong></span> <span class='ocrx_word' id='word_1_444' title='bbox 1655 5608 1702 5654; x_wconf 87' lang='lat' dir='ltr'><strong>et</strong></span> <span class='ocrx_word' id='word_1_445' title='bbox 1723 5600 1987 5670; x_wconf 70' lang='lat' dir='ltr'><strong>sectmdum</strong></span> <span class='ocrx_word' id='word_1_446' title='bbox 2011 5599 2136 5664; x_wconf 83' lang='lat' dir='ltr'><strong>ipso-</strong></span> 
     </span>
    </p>
   </div>
   <div class='ocr_carea' id='block_1_58' title="bbox 545 5664 2136 5736">
    <p class='ocr_par' dir='ltr' id='par_1_58' title="bbox 545 5664 2136 5736">
     <span class='ocr_line' id='line_1_58' title="bbox 545 5664 2136 5736; baseline -0.01 -7"><span class='ocrx_word' id='word_1_447' title='bbox 1019 5685 1051 5736; x_wconf 79' lang='grc' dir='ltr'><em>ᾳ</em></span> <span class='ocrx_word' id='word_1_448' title='bbox 1069 5664 1149 5721; x_wconf 72' lang='lat' dir='ltr'><strong>&#39;me</strong></span> <span class='ocrx_word' id='word_1_449' title='bbox 1171 5664 1305 5736; x_wconf 70' lang='lat' dir='ltr'><strong>dicta</strong></span> <span class='ocrx_word' id='word_1_450' title='bbox 1325 5664 1427 5717; x_wconf 73' lang='lat' dir='ltr'><strong>non</strong></span> <span class='ocrx_word' id='word_1_451' title='bbox 1459 5672 1587 5736; x_wconf 68' lang='lat' dir='ltr'><strong>sinit,</strong></span> <span class='ocrx_word' id='word_1_452' title='bbox 1610 5676 1701 5730; x_wconf 88' lang='lat' dir='ltr'><strong>pro</strong></span> <span class='ocrx_word' id='word_1_453' title='bbox 1723 5664 1892 5736; x_wconf 76' lang='lat' dir='ltr'><strong>quibus</strong></span> <span class='ocrx_word' id='word_1_454' title='bbox 1918 5675 2020 5736; x_wconf 49' lang='lat' dir='ltr'><strong>ego</strong></span> <span class='ocrx_word' id='word_1_455' title='bbox 2057 5677 2136 5714; x_wconf 80' lang='lat' dir='ltr'><strong>sa-</strong></span> 
     </span>
    </p>
   </div>
   <div class='ocr_carea' id='block_1_59' title="bbox 546 5726 2134 5805">
    <p class='ocr_par' dir='ltr' id='par_1_59' title="bbox 546 5726 2134 5805">
     <span class='ocr_line' id='line_1_59' title="bbox 546 5726 2134 5805; baseline 0.006 -41"><span class='ocrx_word' id='word_1_456' title='bbox 810 5748 907 5787; x_wconf 77' lang='grc' dir='ltr'><strong>ηοη</strong></span> <span class='ocrx_word' id='word_1_457' title='bbox 950 5731 1117 5785; x_wconf 71' lang='lat' dir='ltr'><strong>debeo.</strong></span> <span class='ocrx_word' id='word_1_458' title='bbox 1160 5730 1338 5781; x_wconf 74' lang='lat' dir='ltr'><strong>Eadem</strong></span> <span class='ocrx_word' id='word_1_459' title='bbox 1377 5729 1530 5778; x_wconf 82' lang='lat' dir='ltr'><strong>verba</strong></span> <span class='ocrx_word' id='word_1_460' title='bbox 1576 5726 1867 5790; x_wconf 76' lang='lat' dir='ltr'><strong>repetuntur</strong></span> <span class='ocrx_word' id='word_1_461' title='bbox 1918 5726 2096 5775; x_wconf 66' lang='lat' dir='ltr'><strong>ibidem</strong></span> <span class='ocrx_word' id='word_1_462' title='bbox 2118 5758 2134 5784; x_wconf 84' lang='lat'><strong>,</strong></span> 
     </span>
    </p>
   </div>
   <div class='ocr_carea' id='block_1_60' title="bbox 549 5803 1423 5926">
    <p class='ocr_par' dir='ltr' id='par_1_60' title="bbox 549 5803 1423 5926">
     <span class='ocr_line' id='line_1_60' title="bbox 549 5803 1423 5926; baseline -0.019 -10"><span class='ocrx_word' id='word_1_463' title='bbox 549 5803 699 5926; x_wconf 46' lang='lat'><strong>“.370.</strong></span> <span class='ocrx_word' id='word_1_464' title='bbox 716 5858 920 5923; x_wconf 71' lang='lat' dir='ltr'><strong>Epistola</strong></span> <span class='ocrx_word' id='word_1_465' title='bbox 966 5859 1070 5917; x_wconf 69' lang='lat'><strong>157,</strong></span> <span class='ocrx_word' id='word_1_466' title='bbox 1095 5854 1152 5906; x_wconf 90' lang='lat' dir='ltr'><strong>ad</strong></span> <span class='ocrx_word' id='word_1_467' title='bbox 1176 5851 1423 5903; x_wconf 87' lang='lat' dir='ltr'><strong>ttilarium.</strong></span> 
     </span>
    </p>
   </div>
   <div class='ocr_carea' id='block_1_61' title="bbox 1802 379 2613 439">
    <p class='ocr_par' dir='ltr' id='par_1_61' title="bbox 1802 379 2613 439">
     <span class='ocr_line' id='line_1_61' title="bbox 1802 379 2613 439; baseline -0.005 -1"><span class='ocrx_word' id='word_1_468' title='bbox 1802 382 1860 439; x_wconf 91' lang='lat' dir='ltr'><strong>S.</strong></span> <span class='ocrx_word' id='word_1_469' title='bbox 1902 380 2267 438; x_wconf 73' lang='lat' dir='ltr'><strong>AUCUSTINI</strong></span> <span class='ocrx_word' id='word_1_470' title='bbox 2307 379 2613 436; x_wconf 79' lang='lat' dir='ltr'><strong>EPISCOPI</strong></span> 
     </span>
    </p>
   </div>
   <div class='ocr_carea' id='block_1_62' title="bbox 3711 382 3811 438">
    <p class='ocr_par' dir='ltr' id='par_1_62' title="bbox 3711 382 3811 438">
     <span class='ocr_line' id='line_1_62' title="bbox 3711 382 3811 438; baseline 0.01 -1"><span class='ocrx_word' id='word_1_471' title='bbox 3711 382 3811 438; x_wconf 66' lang='lat'><strong>3‘12</strong></span> 
     </span>
    </p>
   </div>
   <div class='ocr_carea' id='block_1_63' title="bbox 2228 493 3809 566">
    <p class='ocr_par' dir='ltr' id='par_1_63' title="bbox 2228 493 3809 566">
     <span class='ocr_line' id='line_1_63' title="bbox 2228 493 3809 566; baseline 0.003 -17"><span class='ocrx_word' id='word_1_472' title='bbox 2228 494 2414 550; x_wconf 89' lang='lat' dir='ltr'><strong>dicunt</strong></span> <span class='ocrx_word' id='word_1_473' title='bbox 2437 536 2452 557; x_wconf 87' lang='lat'><strong>,</strong></span> <span class='ocrx_word' id='word_1_474' title='bbox 2488 512 2506 547; x_wconf 79' lang='grc' dir='ltr'><strong>ι</strong></span> <span class='ocrx_word' id='word_1_475' title='bbox 2541 493 2671 550; x_wconf 71' lang='lat' dir='ltr'><strong>Adze</strong></span> <span class='ocrx_word' id='word_1_476' title='bbox 2703 502 2974 566; x_wconf 83' lang='lat' dir='ltr'><strong>peccatum</strong></span> <span class='ocrx_word' id='word_1_477' title='bbox 3021 493 3119 564; x_wconf 88' lang='lat' dir='ltr'><strong>ipsi</strong></span> <span class='ocrx_word' id='word_1_478' title='bbox 3162 493 3262 549; x_wconf 89' lang='lat' dir='ltr'><strong>soli</strong></span> <span class='ocrx_word' id='word_1_479' title='bbox 3304 493 3576 560; x_wconf 87' lang='lat' dir='ltr'><strong>obfuisse,</strong></span> <span class='ocrx_word' id='word_1_480' title='bbox 3605 504 3662 552; x_wconf 87' lang='lat' dir='ltr'><strong>et</strong></span> <span class='ocrx_word' id='word_1_481' title='bbox 3704 512 3809 554; x_wconf 87' lang='lat' dir='ltr'><strong>non</strong></span> 
     </span>
    </p>
   </div>
   <div class='ocr_carea' id='block_1_64' title="bbox 2221 584 3813 656">
    <p class='ocr_par' dir='ltr' id='par_1_64' title="bbox 2221 584 3813 656">
     <span class='ocr_line' id='line_1_64' title="bbox 2221 584 3813 656; baseline 0.003 -17"><span class='ocrx_word' id='word_1_482' title='bbox 2221 584 2411 655; x_wconf 81' lang='lat' dir='ltr'><strong>generi</strong></span> <span class='ocrx_word' id='word_1_483' title='bbox 2462 585 2731 649; x_wconf 83' lang='lat' dir='ltr'><strong>humano;</strong></span> <span class='ocrx_word' id='word_1_484' title='bbox 2777 593 2831 640; x_wconf 94' lang='lat' dir='ltr'><strong>et</strong></span> <span class='ocrx_word' id='word_1_485' title='bbox 2876 584 3105 642; x_wconf 86' lang='lat' dir='ltr'><strong>infantes</strong></span> <span class='ocrx_word' id='word_1_486' title='bbox 3140 585 3229 656; x_wconf 93' lang='lat' dir='ltr'><strong>qui</strong></span> <span class='ocrx_word' id='word_1_487' title='bbox 3274 595 3602 653; x_wconf 86' lang='lat' dir='ltr'><strong>nascuntur,</strong></span> <span class='ocrx_word' id='word_1_488' title='bbox 3647 585 3700 642; x_wconf 90' lang='lat' dir='ltr'><strong>in</strong></span> <span class='ocrx_word' id='word_1_489' title='bbox 3746 601 3813 643; x_wconf 79' lang='lat' dir='ltr'><strong>eo</strong></span> 
     </span>
    </p>
   </div>
   <div class='ocr_carea' id='block_1_65' title="bbox 2221 674 3804 746">
    <p class='ocr_par' dir='ltr' id='par_1_65' title="bbox 2221 674 3804 746">
     <span class='ocr_line' id='line_1_65' title="bbox 2221 674 3804 746; baseline 0.002 -18"><span class='ocrx_word' id='word_1_490' title='bbox 2221 683 2358 729; x_wconf 82' lang='lat' dir='ltr'><strong>statu</strong></span> <span class='ocrx_word' id='word_1_491' title='bbox 2387 689 2509 730; x_wconf 89' lang='lat' dir='ltr'><strong>esse</strong></span> <span class='ocrx_word' id='word_1_492' title='bbox 2535 715 2549 740; x_wconf 94' lang='lat'><strong>,</strong></span> <span class='ocrx_word' id='word_1_493' title='bbox 2581 675 2633 729; x_wconf 91' lang='lat' dir='ltr'><strong>in</strong></span> <span class='ocrx_word' id='word_1_494' title='bbox 2659 690 2765 744; x_wconf 83' lang='lat' dir='ltr'><strong>quo</strong></span> <span class='ocrx_word' id='word_1_495' title='bbox 2794 674 2891 729; x_wconf 88' lang='lat' dir='ltr'><strong>fuit</strong></span> <span class='ocrx_word' id='word_1_496' title='bbox 2917 675 3084 730; x_wconf 80' lang='lat' dir='ltr'><strong>Adam</strong></span> <span class='ocrx_word' id='word_1_497' title='bbox 3113 685 3237 730; x_wconf 89' lang='lat' dir='ltr'><strong>ante</strong></span> <span class='ocrx_word' id='word_1_498' title='bbox 3263 676 3804 746; x_wconf 41' lang='lat' dir='ltr'><strong>praevaricationem»</strong></span> 
     </span>
    </p>
   </div>
   <div class='ocr_carea' id='block_1_66' title="bbox 2220 766 3808 833">
    <p class='ocr_par' dir='ltr' id='par_1_66' title="bbox 2220 766 3808 833">
     <span class='ocr_line' id='line_1_66' title="bbox 2220 766 3808 833; baseline 0.002 -12"><span class='ocrx_word' id='word_1_499' title='bbox 2220 766 2504 822; x_wconf 73' lang='lat' dir='ltr'><strong>leestius</strong></span> <span class='ocrx_word' id='word_1_500' title='bbox 2545 766 2800 822; x_wconf 87' lang='lat' dir='ltr'><strong>damnare</strong></span> <span class='ocrx_word' id='word_1_501' title='bbox 2841 767 3010 822; x_wconf 90' lang='lat' dir='ltr'><strong>noluit</strong></span> <span class='ocrx_word' id='word_1_502' title='bbox 3040 784 3054 821; x_wconf 88' lang='lat'><strong>:</strong></span> <span class='ocrx_word' id='word_1_503' title='bbox 3083 768 3178 822; x_wconf 88' lang='lat' dir='ltr'><strong>sed</strong></span> <span class='ocrx_word' id='word_1_504' title='bbox 3220 767 3445 822; x_wconf 89' lang='lat' dir='ltr'><strong>multum</strong></span> <span class='ocrx_word' id='word_1_505' title='bbox 3474 768 3668 823; x_wconf 88' lang='lat' dir='ltr'><strong>mirum</strong></span> <span class='ocrx_word' id='word_1_506' title='bbox 3708 778 3808 833; x_wconf 88' lang='lat' dir='ltr'><strong>est,</strong></span> 
     </span>
    </p>
   </div>
   <div class='ocr_carea' id='block_1_67' title="bbox 2220 858 3811 930">
    <p class='ocr_par' dir='ltr' id='par_1_67' title="bbox 2220 858 3811 930">
     <span class='ocr_line' id='line_1_67' title="bbox 2220 858 3811 930; baseline 0.002 -16"><span class='ocrx_word' id='word_1_507' title='bbox 2220 875 2324 929; x_wconf 83' lang='lat' dir='ltr'><strong>qua</strong></span> <span class='ocrx_word' id='word_1_508' title='bbox 2350 859 2523 915; x_wconf 91' lang='lat' dir='ltr'><strong>fronte</strong></span> <span class='ocrx_word' id='word_1_509' title='bbox 2553 859 2798 930; x_wconf 81' lang='lat' dir='ltr'><strong>Pelagius</strong></span> <span class='ocrx_word' id='word_1_510' title='bbox 2843 861 2940 913; x_wconf 90' lang='lat' dir='ltr'><strong>ista</strong></span> <span class='ocrx_word' id='word_1_511' title='bbox 2981 858 3332 914; x_wconf 88' lang='lat' dir='ltr'><strong>damnaverit.</strong></span> <span class='ocrx_word' id='word_1_512' title='bbox 3377 859 3432 916; x_wconf 88' lang='lat' dir='ltr'><strong>Si</strong></span> <span class='ocrx_word' id='word_1_513' title='bbox 3459 860 3603 914; x_wconf 89' lang='lat' dir='ltr'><strong>enim</strong></span> <span class='ocrx_word' id='word_1_514' title='bbox 3628 899 3645 925; x_wconf 86' lang='lat'><strong>,</strong></span> <span class='ocrx_word' id='word_1_515' title='bbox 3675 862 3811 917; x_wconf 86' lang='lat' dir='ltr'><strong>sicut</strong></span> 
     </span>
    </p>
   </div>
   <div class='ocr_carea' id='block_1_68' title="bbox 2220 949 3813 1017">
    <p class='ocr_par' dir='ltr' id='par_1_68' title="bbox 2220 949 3813 1017">
     <span class='ocr_line' id='line_1_68' title="bbox 2220 949 3813 1017; baseline 0.001 -12"><span class='ocrx_word' id='word_1_516' title='bbox 2220 951 2380 1015; x_wconf 87' lang='lat' dir='ltr'><strong>dicit,</strong></span> <span class='ocrx_word' id='word_1_517' title='bbox 2435 968 2455 1002; x_wconf 80' lang='grc' dir='ltr'><strong>ι</strong></span> <span class='ocrx_word' id='word_1_518' title='bbox 2487 949 2685 1005; x_wconf 90' lang='lat' dir='ltr'><strong>malum</strong></span> <span class='ocrx_word' id='word_1_519' title='bbox 2717 966 2822 1004; x_wconf 89' lang='lat' dir='ltr'><strong>non</strong></span> <span class='ocrx_word' id='word_1_520' title='bbox 2871 950 3145 1005; x_wconf 90' lang='lat' dir='ltr'><strong>nobiscum</strong></span> <span class='ocrx_word' id='word_1_521' title='bbox 3191 950 3403 1017; x_wconf 88' lang='lat' dir='ltr'><strong>oritur,</strong></span> <span class='ocrx_word' id='word_1_522' title='bbox 3442 957 3496 1004; x_wconf 89' lang='lat' dir='ltr'><strong>et</strong></span> <span class='ocrx_word' id='word_1_523' title='bbox 3535 951 3652 1006; x_wconf 86' lang='lat' dir='ltr'><strong>sine</strong></span> <span class='ocrx_word' id='word_1_524' title='bbox 3686 951 3813 1006; x_wconf 90' lang='lat' dir='ltr'><strong>vitio</strong></span> 
     </span>
    </p>
   </div>
   <div class='ocr_carea' id='block_1_69' title="bbox 2222 1043 3811 1117">
    <p class='ocr_par' dir='ltr' id='par_1_69' title="bbox 2222 1043 3811 1117">
     <span class='ocr_line' id='line_1_69' title="bbox 2222 1043 3811 1117; baseline -0.002 -17"><span class='ocrx_word' id='word_1_525' title='bbox 2222 1060 2597 1117; x_wconf 89' lang='lat' dir='ltr'><strong>procreamur,</strong></span> <span class='ocrx_word' id='word_1_526' title='bbox 2627 1053 2786 1115; x_wconf 89' lang='lat' dir='ltr'><strong>atque</strong></span> <span class='ocrx_word' id='word_1_527' title='bbox 2820 1052 2946 1099; x_wconf 92' lang='lat' dir='ltr'><strong>ante</strong></span> <span class='ocrx_word' id='word_1_528' title='bbox 2970 1044 3233 1098; x_wconf 84' lang='lat' dir='ltr'><strong>actionem</strong></span> <span class='ocrx_word' id='word_1_529' title='bbox 3277 1044 3503 1113; x_wconf 86' lang='lat' dir='ltr'><strong>propriae</strong></span> <span class='ocrx_word' id='word_1_530' title='bbox 3528 1043 3811 1098; x_wconf 85' lang='lat' dir='ltr'><strong>voluntatis</strong></span> 
     </span>
    </p>
   </div>
   <div class='ocr_carea' id='block_1_70' title="bbox 2221 1134 3808 1204">
    <p class='ocr_par' dir='ltr' id='par_1_70' title="bbox 2221 1134 3808 1204">
     <span class='ocr_line' id='line_1_70' title="bbox 2221 1134 3808 1204; baseline -0.004 -11"><span class='ocrx_word' id='word_1_531' title='bbox 2221 1138 2273 1192; x_wconf 89' lang='lat' dir='ltr'><strong>id</strong></span> <span class='ocrx_word' id='word_1_532' title='bbox 2294 1139 2466 1193; x_wconf 88' lang='lat' dir='ltr'><strong>solum</strong></span> <span class='ocrx_word' id='word_1_533' title='bbox 2496 1140 2547 1191; x_wconf 94' lang='lat' dir='ltr'><strong>in</strong></span> <span class='ocrx_word' id='word_1_534' title='bbox 2579 1137 2793 1192; x_wconf 88' lang='lat' dir='ltr'><strong>homine</strong></span> <span class='ocrx_word' id='word_1_535' title='bbox 2820 1145 2936 1201; x_wconf 90' lang='lat' dir='ltr'><strong>est,</strong></span> <span class='ocrx_word' id='word_1_536' title='bbox 2965 1135 3106 1204; x_wconf 89' lang='lat' dir='ltr'><strong>quod</strong></span> <span class='ocrx_word' id='word_1_537' title='bbox 3132 1135 3273 1192; x_wconf 89' lang='lat' dir='ltr'><strong>Deus</strong></span> <span class='ocrx_word' id='word_1_538' title='bbox 3309 1134 3586 1200; x_wconf 86' lang='lat' dir='ltr'><strong>condidit;</strong></span> <span class='ocrx_word' id='word_1_539' title='bbox 3630 1154 3649 1188; x_wconf 81' lang='grc' dir='ltr'><strong>ι</strong></span> <span class='ocrx_word' id='word_1_540' title='bbox 3687 1152 3808 1204; x_wconf 79' lang='lat' dir='ltr'><strong>pm-</strong></span> 
     </span>
    </p>
   </div>
   <div class='ocr_carea' id='block_1_71' title="bbox 2220 1224 3808 1297">
    <p class='ocr_par' dir='ltr' id='par_1_71' title="bbox 2220 1224 3808 1297">
     <span class='ocr_line' id='line_1_71' title="bbox 2220 1224 3808 1297; baseline -0.002 -15"><span class='ocrx_word' id='word_1_541' title='bbox 2220 1225 2362 1283; x_wconf 90' lang='lat' dir='ltr'><strong>fecto</strong></span> <span class='ocrx_word' id='word_1_542' title='bbox 2403 1236 2675 1297; x_wconf 77' lang='lat' dir='ltr'><strong>peccaturo</strong></span> <span class='ocrx_word' id='word_1_543' title='bbox 2705 1225 2834 1282; x_wconf 69' lang='lat' dir='ltr'><strong>Adin</strong></span> <span class='ocrx_word' id='word_1_544' title='bbox 2860 1225 2960 1295; x_wconf 89' lang='lat' dir='ltr'><strong>ipsi</strong></span> <span class='ocrx_word' id='word_1_545' title='bbox 2999 1225 3098 1281; x_wconf 85' lang='lat' dir='ltr'><strong>soli</strong></span> <span class='ocrx_word' id='word_1_546' title='bbox 3125 1225 3325 1290; x_wconf 86' lang='lat' dir='ltr'><strong>obfuit,</strong></span> <span class='ocrx_word' id='word_1_547' title='bbox 3370 1226 3490 1295; x_wconf 85' lang='lat' dir='ltr'><strong>quia</strong></span> <span class='ocrx_word' id='word_1_548' title='bbox 3531 1225 3731 1280; x_wconf 84' lang='lat' dir='ltr'><strong>nullum</strong></span> <span class='ocrx_word' id='word_1_549' title='bbox 3759 1224 3808 1279; x_wconf 89' lang='lat' dir='ltr'><strong>in</strong></span> 
     </span>
    </p>
   </div>
   <div class='ocr_carea' id='block_1_72' title="bbox 2221 1315 3809 1389">
    <p class='ocr_par' dir='ltr' id='par_1_72' title="bbox 2221 1315 3809 1389">
     <span class='ocr_line' id='line_1_72' title="bbox 2221 1315 3809 1389; baseline 0 -18"><span class='ocrx_word' id='word_1_550' title='bbox 2221 1318 2422 1389; x_wconf 86' lang='lat' dir='ltr'><strong>prolem</strong></span> <span class='ocrx_word' id='word_1_551' title='bbox 2453 1319 2729 1373; x_wconf 89' lang='lat' dir='ltr'><strong>transitum</strong></span> <span class='ocrx_word' id='word_1_552' title='bbox 2757 1315 2900 1372; x_wconf 83' lang='lat' dir='ltr'><strong>fecit.</strong></span> <span class='ocrx_word' id='word_1_553' title='bbox 2948 1315 3065 1371; x_wconf 85' lang='lat' dir='ltr'><strong>Non</strong></span> <span class='ocrx_word' id='word_1_554' title='bbox 3094 1316 3238 1372; x_wconf 87' lang='lat' dir='ltr'><strong>enim</strong></span> <span class='ocrx_word' id='word_1_555' title='bbox 3267 1324 3545 1386; x_wconf 78' lang='lat' dir='ltr'><strong>peccaturo</strong></span> <span class='ocrx_word' id='word_1_556' title='bbox 3593 1331 3699 1369; x_wconf 90' lang='lat' dir='ltr'><strong>non</strong></span> <span class='ocrx_word' id='word_1_557' title='bbox 3729 1327 3809 1371; x_wconf 88' lang='lat' dir='ltr'><strong>est</strong></span> 
     </span>
    </p>
   </div>
   <div class='ocr_carea' id='block_1_73' title="bbox 2220 1407 3809 1478">
    <p class='ocr_par' dir='ltr' id='par_1_73' title="bbox 2220 1407 3809 1478">
     <span class='ocr_line' id='line_1_73' title="bbox 2220 1407 3809 1478; baseline -0.002 -15"><span class='ocrx_word' id='word_1_558' title='bbox 2220 1409 2420 1463; x_wconf 89' lang='lat' dir='ltr'><strong>malum</strong></span> <span class='ocrx_word' id='word_1_559' title='bbox 2444 1450 2458 1472; x_wconf 87' lang='lat'><strong>,</strong></span> <span class='ocrx_word' id='word_1_560' title='bbox 2490 1418 2580 1463; x_wconf 91' lang='lat' dir='ltr'><strong>aut</strong></span> <span class='ocrx_word' id='word_1_561' title='bbox 2612 1415 3016 1478; x_wconf 74' lang='lat' dir='ltr'><strong>peccauimnon</strong></span> <span class='ocrx_word' id='word_1_562' title='bbox 3046 1415 3129 1462; x_wconf 88' lang='lat' dir='ltr'><strong>est</strong></span> <span class='ocrx_word' id='word_1_563' title='bbox 3164 1407 3386 1473; x_wconf 91' lang='lat' dir='ltr'><strong>vitium,</strong></span> <span class='ocrx_word' id='word_1_564' title='bbox 3413 1414 3508 1461; x_wconf 91' lang='lat' dir='ltr'><strong>aut</strong></span> <span class='ocrx_word' id='word_1_565' title='bbox 3537 1416 3809 1476; x_wconf 89' lang='lat' dir='ltr'><strong>peccatum</strong></span> 
     </span>
    </p>
   </div>
   <div class='ocr_carea' id='block_1_74' title="bbox 2222 1496 3810 1563">
    <p class='ocr_par' dir='ltr' id='par_1_74' title="bbox 2222 1496 3810 1563">
     <span class='ocr_line' id='line_1_74' title="bbox 2222 1496 3810 1563; baseline -0.003 -10"><span class='ocrx_word' id='word_1_566' title='bbox 2222 1498 2365 1553; x_wconf 88' lang='lat' dir='ltr'><strong>Deus</strong></span> <span class='ocrx_word' id='word_1_567' title='bbox 2389 1497 2649 1553; x_wconf 89' lang='lat' dir='ltr'><strong>condidit.</strong></span> <span class='ocrx_word' id='word_1_568' title='bbox 2687 1497 2826 1553; x_wconf 88' lang='lat' dir='ltr'><strong>Dicit</strong></span> <span class='ocrx_word' id='word_1_569' title='bbox 2848 1506 3026 1551; x_wconf 90' lang='lat' dir='ltr'><strong>autem</strong></span> <span class='ocrx_word' id='word_1_570' title='bbox 3059 1497 3181 1563; x_wconf 91' lang='lat' dir='ltr'><strong>iste,</strong></span> <span class='ocrx_word' id='word_1_571' title='bbox 3213 1513 3233 1548; x_wconf 79' lang='grc' dir='ltr'><strong>ι</strong></span> <span class='ocrx_word' id='word_1_572' title='bbox 3269 1496 3465 1550; x_wconf 84' lang='lat' dir='ltr'><strong>Malum</strong></span> <span class='ocrx_word' id='word_1_573' title='bbox 3494 1510 3601 1551; x_wconf 86' lang='lat' dir='ltr'><strong>non</strong></span> <span class='ocrx_word' id='word_1_574' title='bbox 3625 1496 3810 1550; x_wconf 88' lang='lat' dir='ltr'><strong>nobis-</strong></span> 
     </span>
    </p>
   </div>
   <div class='ocr_carea' id='block_1_75' title="bbox 2220 1587 3811 1657">
    <p class='ocr_par' dir='ltr' id='par_1_75' title="bbox 2220 1587 3811 1657">
     <span class='ocr_line' id='line_1_75' title="bbox 2220 1587 3811 1657; baseline -0.003 -10"><span class='ocrx_word' id='word_1_575' title='bbox 2220 1605 2343 1647; x_wconf 87' lang='lat' dir='ltr'><strong>cum</strong></span> <span class='ocrx_word' id='word_1_576' title='bbox 2368 1590 2537 1644; x_wconf 87' lang='lat' dir='ltr'><strong>oritur</strong></span> <span class='ocrx_word' id='word_1_577' title='bbox 2559 1630 2574 1656; x_wconf 93' lang='lat'><strong>,</strong></span> <span class='ocrx_word' id='word_1_578' title='bbox 2611 1598 2668 1643; x_wconf 90' lang='lat' dir='ltr'><strong>et</strong></span> <span class='ocrx_word' id='word_1_579' title='bbox 2692 1588 2809 1643; x_wconf 88' lang='lat' dir='ltr'><strong>sine</strong></span> <span class='ocrx_word' id='word_1_580' title='bbox 2850 1587 2978 1642; x_wconf 89' lang='lat' dir='ltr'><strong>vitio</strong></span> <span class='ocrx_word' id='word_1_581' title='bbox 3010 1602 3356 1657; x_wconf 87' lang='lat' dir='ltr'><strong>procreamur</strong></span> <span class='ocrx_word' id='word_1_582' title='bbox 3377 1628 3393 1654; x_wconf 93' lang='lat'><strong>,</strong></span> <span class='ocrx_word' id='word_1_583' title='bbox 3423 1588 3479 1643; x_wconf 90' lang='lat' dir='ltr'><strong>et</strong></span> <span class='ocrx_word' id='word_1_584' title='bbox 3504 1587 3607 1642; x_wconf 91' lang='lat' dir='ltr'><strong>hoc</strong></span> <span class='ocrx_word' id='word_1_585' title='bbox 3636 1588 3811 1642; x_wconf 87' lang='lat' dir='ltr'><strong>solum</strong></span> 
     </span>
    </p>
   </div>
   <div class='ocr_carea' id='block_1_76' title="bbox 2222 1680 3813 1752">
    <p class='ocr_par' dir='ltr' id='par_1_76' title="bbox 2222 1680 3813 1752">
     <span class='ocr_line' id='line_1_76' title="bbox 2222 1680 3813 1752; baseline -0.001 -15"><span class='ocrx_word' id='word_1_586' title='bbox 2222 1682 2378 1737; x_wconf 88' lang='lat' dir='ltr'><strong>estin</strong></span> <span class='ocrx_word' id='word_1_587' title='bbox 2414 1682 2775 1748; x_wconf 87' lang='lat' dir='ltr'><strong>nascentibus,</strong></span> <span class='ocrx_word' id='word_1_588' title='bbox 2801 1680 2944 1752; x_wconf 90' lang='lat' dir='ltr'><strong>quod</strong></span> <span class='ocrx_word' id='word_1_589' title='bbox 2977 1681 3116 1736; x_wconf 86' lang='lat' dir='ltr'><strong>Deus</strong></span> <span class='ocrx_word' id='word_1_590' title='bbox 3159 1680 3449 1737; x_wconf 62' lang='lat' dir='ltr'><strong>cowlidit.»</strong></span> <span class='ocrx_word' id='word_1_591' title='bbox 3485 1683 3563 1736; x_wconf 86' lang='lat' dir='ltr'><strong>Ac</strong></span> <span class='ocrx_word' id='word_1_592' title='bbox 3592 1696 3687 1751; x_wconf 91' lang='lat' dir='ltr'><strong>per</strong></span> <span class='ocrx_word' id='word_1_593' title='bbox 3708 1681 3813 1736; x_wconf 84' lang='lat' dir='ltr'><strong>hoc</strong></span> 
     </span>
    </p>
   </div>
   <div class='ocr_carea' id='block_1_77' title="bbox 2221 1770 3813 1842">
    <p class='ocr_par' dir='ltr' id='par_1_77' title="bbox 2221 1770 3813 1842">
     <span class='ocr_line' id='line_1_77' title="bbox 2221 1770 3813 1842; baseline 0 -16"><span class='ocrx_word' id='word_1_594' title='bbox 2221 1786 2343 1827; x_wconf 90' lang='lat' dir='ltr'><strong>cum</strong></span> <span class='ocrx_word' id='word_1_595' title='bbox 2388 1789 2408 1823; x_wconf 81' lang='grc' dir='ltr'><strong>ι</strong></span> <span class='ocrx_word' id='word_1_596' title='bbox 2448 1779 2719 1842; x_wconf 88' lang='lat' dir='ltr'><strong>peccatum</strong></span> <span class='ocrx_word' id='word_1_597' title='bbox 2765 1771 2895 1826; x_wconf 67' lang='lat' dir='ltr'><strong>Adae</strong></span> <span class='ocrx_word' id='word_1_598' title='bbox 2925 1771 3025 1840; x_wconf 90' lang='lat' dir='ltr'><strong>ipsi</strong></span> <span class='ocrx_word' id='word_1_599' title='bbox 3051 1770 3150 1825; x_wconf 90' lang='lat' dir='ltr'><strong>soli</strong></span> <span class='ocrx_word' id='word_1_600' title='bbox 3176 1770 3448 1836; x_wconf 86' lang='lat' dir='ltr'><strong>obfuisse,</strong></span> <span class='ocrx_word' id='word_1_601' title='bbox 3482 1787 3587 1826; x_wconf 89' lang='lat' dir='ltr'><strong>non</strong></span> <span class='ocrx_word' id='word_1_602' title='bbox 3629 1771 3813 1842; x_wconf 86' lang='lat' dir='ltr'><strong>generi</strong></span> 
     </span>
    </p>
   </div>
   <div class='ocr_carea' id='block_1_78' title="bbox 2222 1861 3811 1928">
    <p class='ocr_par' dir='ltr' id='par_1_78' title="bbox 2222 1861 3811 1928">
     <span class='ocr_line' id='line_1_78' title="bbox 2222 1861 3811 1928; baseline 0 -12"><span class='ocrx_word' id='word_1_603' title='bbox 2222 1861 2510 1928; x_wconf 67' lang='lat' dir='ltr'><strong>humano,»</strong></span> <span class='ocrx_word' id='word_1_604' title='bbox 2540 1861 2830 1919; x_wconf 88' lang='lat' dir='ltr'><strong>secundum</strong></span> <span class='ocrx_word' id='word_1_605' title='bbox 2856 1863 3011 1917; x_wconf 86' lang='lat' dir='ltr'><strong>istam</strong></span> <span class='ocrx_word' id='word_1_606' title='bbox 3043 1876 3193 1917; x_wconf 90' lang='lat' dir='ltr'><strong>suam</strong></span> <span class='ocrx_word' id='word_1_607' title='bbox 3217 1864 3534 1918; x_wconf 86' lang='lat' dir='ltr'><strong>sententiam</strong></span> <span class='ocrx_word' id='word_1_608' title='bbox 3553 1905 3567 1925; x_wconf 96' lang='lat'><strong>,</strong></span> <span class='ocrx_word' id='word_1_609' title='bbox 3594 1864 3811 1919; x_wconf 82' lang='lat' dir='ltr'><strong>verissi-</strong></span> 
     </span>
    </p>
   </div>
   <div class='ocr_carea' id='block_1_79' title="bbox 2222 1951 3814 2023">
    <p class='ocr_par' dir='ltr' id='par_1_79' title="bbox 2222 1951 3814 2023">
     <span class='ocr_line' id='line_1_79' title="bbox 2222 1951 3814 2023; baseline 0.001 -17"><span class='ocrx_word' id='word_1_610' title='bbox 2222 1967 2367 2007; x_wconf 88' lang='lat' dir='ltr'><strong>mum</strong></span> <span class='ocrx_word' id='word_1_611' title='bbox 2392 1961 2557 2023; x_wconf 92' lang='lat' dir='ltr'><strong>putet,</strong></span> <span class='ocrx_word' id='word_1_612' title='bbox 2579 1967 2674 2008; x_wconf 91' lang='lat' dir='ltr'><strong>cur</strong></span> <span class='ocrx_word' id='word_1_613' title='bbox 2697 1951 2801 2008; x_wconf 92' lang='lat' dir='ltr'><strong>hoc</strong></span> <span class='ocrx_word' id='word_1_614' title='bbox 2823 1952 3092 2006; x_wconf 83' lang='lat' dir='ltr'><strong>damnavit</strong></span> <span class='ocrx_word' id='word_1_615' title='bbox 3116 1951 3383 2022; x_wconf 83' lang='lat' dir='ltr'><strong>Pelagius,</strong></span> <span class='ocrx_word' id='word_1_616' title='bbox 3415 1954 3513 2008; x_wconf 86' lang='lat' dir='ltr'><strong>nisi</strong></span> <span class='ocrx_word' id='word_1_617' title='bbox 3536 1962 3593 2008; x_wconf 93' lang='lat' dir='ltr'><strong>ut</strong></span> <span class='ocrx_word' id='word_1_618' title='bbox 3609 1953 3814 2022; x_wconf 87' lang='lat' dir='ltr'><strong>judiccs</strong></span> 
     </span>
    </p>
   </div>
   <div class='ocr_carea' id='block_1_80' title="bbox 2222 2043 3815 2114">
    <p class='ocr_par' dir='ltr' id='par_1_80' title="bbox 2222 2043 3815 2114">
     <span class='ocr_line' id='line_1_80' title="bbox 2222 2043 3815 2114; baseline -0.001 -14"><span class='ocrx_word' id='word_1_619' title='bbox 2222 2045 2468 2100; x_wconf 85' lang='lat' dir='ltr'><strong>catholici</strong></span> <span class='ocrx_word' id='word_1_620' title='bbox 2501 2044 2852 2099; x_wconf 76' lang='lat' dir='ltr'><strong>fallerentur?</strong></span> <span class='ocrx_word' id='word_1_621' title='bbox 2899 2043 3158 2100; x_wconf 78' lang='lat' dir='ltr'><strong>Similiter</strong></span> <span class='ocrx_word' id='word_1_622' title='bbox 3195 2044 3357 2099; x_wconf 88' lang='lat' dir='ltr'><strong>etiam</strong></span> <span class='ocrx_word' id='word_1_623' title='bbox 3397 2045 3524 2100; x_wconf 91' lang='lat' dir='ltr'><strong>illud</strong></span> <span class='ocrx_word' id='word_1_624' title='bbox 3568 2045 3681 2100; x_wconf 90' lang='lat' dir='ltr'><strong>dici</strong></span> <span class='ocrx_word' id='word_1_625' title='bbox 3718 2061 3815 2114; x_wconf 81' lang='lat' dir='ltr'><strong>po-</strong></span> 
     </span>
    </p>
   </div>
   <div class='ocr_carea' id='block_1_81' title="bbox 2224 2134 3816 2201">
    <p class='ocr_par' dir='ltr' id='par_1_81' title="bbox 2224 2134 3816 2201">
     <span class='ocr_line' id='line_1_81' title="bbox 2224 2134 3816 2201; baseline -0.001 -10"><span class='ocrx_word' id='word_1_626' title='bbox 2224 2144 2327 2191; x_wconf 85' lang='lat' dir='ltr'><strong>test</strong></span> <span class='ocrx_word' id='word_1_627' title='bbox 2357 2153 2372 2191; x_wconf 90' lang='lat'><strong>:</strong></span> <span class='ocrx_word' id='word_1_628' title='bbox 2396 2153 2429 2188; x_wconf 76' lang='grc' dir='ltr'><strong>ι</strong></span> <span class='ocrx_word' id='word_1_629' title='bbox 2458 2134 2513 2191; x_wconf 87' lang='lat' dir='ltr'><strong>Si</strong></span> <span class='ocrx_word' id='word_1_630' title='bbox 2542 2137 2738 2190; x_wconf 86' lang='lat' dir='ltr'><strong>malum</strong></span> <span class='ocrx_word' id='word_1_631' title='bbox 2770 2149 2872 2190; x_wconf 89' lang='lat' dir='ltr'><strong>non</strong></span> <span class='ocrx_word' id='word_1_632' title='bbox 2904 2136 3180 2191; x_wconf 79' lang='lat' dir='ltr'><strong>nobiscum</strong></span> <span class='ocrx_word' id='word_1_633' title='bbox 3211 2137 3384 2191; x_wconf 88' lang='lat' dir='ltr'><strong>oritur</strong></span> <span class='ocrx_word' id='word_1_634' title='bbox 3405 2176 3421 2201; x_wconf 90' lang='lat'><strong>,</strong></span> <span class='ocrx_word' id='word_1_635' title='bbox 3464 2146 3519 2191; x_wconf 91' lang='lat' dir='ltr'><strong>et</strong></span> <span class='ocrx_word' id='word_1_636' title='bbox 3542 2137 3661 2192; x_wconf 88' lang='lat' dir='ltr'><strong>sine</strong></span> <span class='ocrx_word' id='word_1_637' title='bbox 3688 2136 3816 2190; x_wconf 84' lang='lat' dir='ltr'><strong>vitio</strong></span> 
     </span>
    </p>
   </div>
   <div class='ocr_carea' id='block_1_82' title="bbox 2224 2226 3813 2298">
    <p class='ocr_par' dir='ltr' id='par_1_82' title="bbox 2224 2226 3813 2298">
     <span class='ocr_line' id='line_1_82' title="bbox 2224 2226 3813 2298; baseline -0.001 -16"><span class='ocrx_word' id='word_1_638' title='bbox 2224 2243 2605 2298; x_wconf 87' lang='lat' dir='ltr'><strong>procreamur,</strong></span> <span class='ocrx_word' id='word_1_639' title='bbox 2654 2227 2812 2297; x_wconf 87' lang='lat' dir='ltr'><strong>idque</strong></span> <span class='ocrx_word' id='word_1_640' title='bbox 2853 2226 3029 2282; x_wconf 87' lang='lat' dir='ltr'><strong>solum</strong></span> <span class='ocrx_word' id='word_1_641' title='bbox 3067 2239 3150 2283; x_wconf 78' lang='lat' dir='ltr'><strong>eSt</strong></span> <span class='ocrx_word' id='word_1_642' title='bbox 3197 2228 3248 2282; x_wconf 94' lang='lat' dir='ltr'><strong>in</strong></span> <span class='ocrx_word' id='word_1_643' title='bbox 3281 2228 3497 2284; x_wconf 90' lang='lat' dir='ltr'><strong>homine</strong></span> <span class='ocrx_word' id='word_1_644' title='bbox 3539 2237 3813 2292; x_wconf 86' lang='lat' dir='ltr'><strong>nascente,</strong></span> 
     </span>
    </p>
   </div>
   <div class='ocr_carea' id='block_1_83' title="bbox 2221 2317 3821 2389">
    <p class='ocr_par' dir='ltr' id='par_1_83' title="bbox 2221 2317 3821 2389">
     <span class='ocr_line' id='line_1_83' title="bbox 2221 2317 3821 2389; baseline -0.002 -15"><span class='ocrx_word' id='word_1_645' title='bbox 2221 2317 2362 2389; x_wconf 90' lang='lat' dir='ltr'><strong>quod</strong></span> <span class='ocrx_word' id='word_1_646' title='bbox 2394 2319 2531 2373; x_wconf 87' lang='lat' dir='ltr'><strong>Deus</strong></span> <span class='ocrx_word' id='word_1_647' title='bbox 2548 2318 2820 2384; x_wconf 89' lang='lat' dir='ltr'><strong>condidit;</strong></span> <span class='ocrx_word' id='word_1_648' title='bbox 2869 2335 2888 2369; x_wconf 79' lang='grc' dir='ltr'><strong>ι</strong></span> <span class='ocrx_word' id='word_1_649' title='bbox 2922 2317 3107 2387; x_wconf 87' lang='lat' dir='ltr'><strong>procul</strong></span> <span class='ocrx_word' id='word_1_650' title='bbox 3134 2318 3317 2385; x_wconf 92' lang='lat' dir='ltr'><strong>dubio,</strong></span> <span class='ocrx_word' id='word_1_651' title='bbox 3350 2336 3372 2371; x_wconf 76' lang='grc' dir='ltr'><strong>ι</strong></span> <span class='ocrx_word' id='word_1_652' title='bbox 3406 2319 3494 2389; x_wconf 90' lang='lat' dir='ltr'><strong>qui</strong></span> <span class='ocrx_word' id='word_1_653' title='bbox 3530 2329 3821 2375; x_wconf 55' lang='lat' dir='ltr'><strong>nascuntur</strong></span> 
     </span>
    </p>
   </div>
   <div class='ocr_carea' id='block_1_84' title="bbox 2222 2409 3822 2482">
    <p class='ocr_par' dir='ltr' id='par_1_84' title="bbox 2222 2409 3822 2482">
     <span class='ocr_line' id='line_1_84' title="bbox 2222 2409 3822 2482; baseline 0.001 -17"><span class='ocrx_word' id='word_1_654' title='bbox 2222 2409 2472 2475; x_wconf 86' lang='lat' dir='ltr'><strong>infantes,</strong></span> <span class='ocrx_word' id='word_1_655' title='bbox 2501 2409 2555 2464; x_wconf 89' lang='lat' dir='ltr'><strong>in</strong></span> <span class='ocrx_word' id='word_1_656' title='bbox 2581 2425 2646 2465; x_wconf 88' lang='lat' dir='ltr'><strong>eo</strong></span> <span class='ocrx_word' id='word_1_657' title='bbox 2672 2418 2811 2463; x_wconf 87' lang='lat' dir='ltr'><strong>statu</strong></span> <span class='ocrx_word' id='word_1_658' title='bbox 2839 2418 2982 2475; x_wconf 84' lang='lat' dir='ltr'><strong>sunt,</strong></span> <span class='ocrx_word' id='word_1_659' title='bbox 3007 2409 3058 2464; x_wconf 93' lang='lat' dir='ltr'><strong>in</strong></span> <span class='ocrx_word' id='word_1_660' title='bbox 3080 2425 3187 2480; x_wconf 88' lang='lat' dir='ltr'><strong>quo</strong></span> <span class='ocrx_word' id='word_1_661' title='bbox 3211 2410 3382 2465; x_wconf 82' lang='lat' dir='ltr'><strong>Adam</strong></span> <span class='ocrx_word' id='word_1_662' title='bbox 3410 2410 3508 2465; x_wconf 92' lang='lat' dir='ltr'><strong>fuit</strong></span> <span class='ocrx_word' id='word_1_663' title='bbox 3528 2421 3652 2466; x_wconf 88' lang='lat' dir='ltr'><strong>ante</strong></span> <span class='ocrx_word' id='word_1_664' title='bbox 3681 2427 3822 2482; x_wconf 63' lang='lat' dir='ltr'><strong>prmo</strong></span> 
     </span>
    </p>
   </div>
   <div class='ocr_carea' id='block_1_85' title="bbox 2221 2500 3813 2571">
    <p class='ocr_par' dir='ltr' id='par_1_85' title="bbox 2221 2500 3813 2571">
     <span class='ocr_line' id='line_1_85' title="bbox 2221 2500 3813 2571; baseline -0.001 -14"><span class='ocrx_word' id='word_1_665' title='bbox 2221 2501 2620 2567; x_wconf 88' lang='lat' dir='ltr'><strong>varicationem,</strong></span> <span class='ocrx_word' id='word_1_666' title='bbox 2650 2520 2669 2554; x_wconf 79' lang='grc' dir='ltr'><strong>ι</strong></span> <span class='ocrx_word' id='word_1_667' title='bbox 2699 2502 2783 2556; x_wconf 88' lang='lat' dir='ltr'><strong>cui</strong></span> <span class='ocrx_word' id='word_1_668' title='bbox 2819 2502 3020 2556; x_wconf 90' lang='lat' dir='ltr'><strong>nullum</strong></span> <span class='ocrx_word' id='word_1_669' title='bbox 3064 2500 3260 2557; x_wconf 80' lang='lat' dir='ltr'><strong>ma’lnm</strong></span> <span class='ocrx_word' id='word_1_670' title='bbox 3287 2502 3576 2571; x_wconf 79' lang='lat' dir='ltr'><strong>vitiumque</strong></span> <span class='ocrx_word' id='word_1_671' title='bbox 3610 2503 3813 2567; x_wconf 91' lang='lat' dir='ltr'><strong>inerat,</strong></span> 
     </span>
    </p>
   </div>
   <div class='ocr_carea' id='block_1_86' title="bbox 2222 2592 3821 2665">
    <p class='ocr_par' dir='ltr' id='par_1_86' title="bbox 2222 2592 3821 2665">
     <span class='ocr_line' id='line_1_86' title="bbox 2222 2592 3821 2665; baseline -0.001 -17"><span class='ocrx_word' id='word_1_672' title='bbox 2222 2603 2382 2665; x_wconf 89' lang='lat' dir='ltr'><strong>atque</strong></span> <span class='ocrx_word' id='word_1_673' title='bbox 2411 2593 2462 2648; x_wconf 90' lang='lat' dir='ltr'><strong>id</strong></span> <span class='ocrx_word' id='word_1_674' title='bbox 2491 2593 2665 2648; x_wconf 89' lang='lat' dir='ltr'><strong>solum</strong></span> <span class='ocrx_word' id='word_1_675' title='bbox 2704 2593 2757 2648; x_wconf 91' lang='lat' dir='ltr'><strong>in</strong></span> <span class='ocrx_word' id='word_1_676' title='bbox 2796 2593 2890 2648; x_wconf 90' lang='lat' dir='ltr'><strong>illo</strong></span> <span class='ocrx_word' id='word_1_677' title='bbox 2935 2601 3081 2652; x_wconf 84' lang='lat' dir='ltr'><strong>erat.</strong></span> <span class='ocrx_word' id='word_1_678' title='bbox 3132 2593 3275 2664; x_wconf 86' lang='lat' dir='ltr'><strong>quod</strong></span> <span class='ocrx_word' id='word_1_679' title='bbox 3310 2593 3450 2649; x_wconf 88' lang='lat' dir='ltr'><strong>Deus</strong></span> <span class='ocrx_word' id='word_1_680' title='bbox 3477 2592 3821 2649; x_wconf 88' lang='lat' dir='ltr'><strong>condiderat.</strong></span> 
     </span>
    </p>
   </div>
   <div class='ocr_carea' id='block_1_87' title="bbox 2224 2685 3823 2756">
    <p class='ocr_par' dir='ltr' id='par_1_87' title="bbox 2224 2685 3823 2756">
     <span class='ocr_line' id='line_1_87' title="bbox 2224 2685 3823 2756; baseline 0 -15"><span class='ocrx_word' id='word_1_681' title='bbox 2224 2687 2290 2741; x_wconf 85' lang='lat' dir='ltr'><strong>Et</strong></span> <span class='ocrx_word' id='word_1_682' title='bbox 2320 2696 2495 2740; x_wconf 88' lang='lat' dir='ltr'><strong>tamen</strong></span> <span class='ocrx_word' id='word_1_683' title='bbox 2528 2685 2999 2740; x_wconf 86' lang='lat' dir='ltr'><strong>anathematizavit</strong></span> <span class='ocrx_word' id='word_1_684' title='bbox 3041 2685 3317 2755; x_wconf 84' lang='lat' dir='ltr'><strong>Pelagius,</strong></span> <span class='ocrx_word' id='word_1_685' title='bbox 3351 2704 3371 2738; x_wconf 80' lang='grc' dir='ltr'><strong>ι</strong></span> <span class='ocrx_word' id='word_1_686' title='bbox 3401 2685 3493 2756; x_wconf 89' lang='lat' dir='ltr'><strong>qui</strong></span> <span class='ocrx_word' id='word_1_687' title='bbox 3522 2695 3706 2741; x_wconf 88' lang='lat' dir='ltr'><strong>tenent</strong></span> <span class='ocrx_word' id='word_1_688' title='bbox 3734 2698 3823 2742; x_wconf 89' lang='lat' dir='ltr'><strong>aut</strong></span> 
     </span>
    </p>
   </div>
   <div class='ocr_carea' id='block_1_88' title="bbox 2223 2775 3823 2846">
    <p class='ocr_par' dir='ltr' id='par_1_88' title="bbox 2223 2775 3823 2846">
     <span class='ocr_line' id='line_1_88' title="bbox 2223 2775 3823 2846; baseline 0.001 -16"><span class='ocrx_word' id='word_1_689' title='bbox 2223 2775 2512 2846; x_wconf 88' lang='lat' dir='ltr'><strong>aliquando</strong></span> <span class='ocrx_word' id='word_1_690' title='bbox 2562 2784 2875 2839; x_wconf 90' lang='lat' dir='ltr'><strong>tenuerunt,</strong></span> <span class='ocrx_word' id='word_1_691' title='bbox 2924 2776 2976 2830; x_wconf 88' lang='lat' dir='ltr'><strong>in</strong></span> <span class='ocrx_word' id='word_1_692' title='bbox 3017 2789 3083 2831; x_wconf 93' lang='lat' dir='ltr'><strong>eo</strong></span> <span class='ocrx_word' id='word_1_693' title='bbox 3111 2784 3254 2831; x_wconf 90' lang='lat' dir='ltr'><strong>statu</strong></span> <span class='ocrx_word' id='word_1_694' title='bbox 3296 2790 3420 2832; x_wconf 88' lang='lat' dir='ltr'><strong>esse</strong></span> <span class='ocrx_word' id='word_1_695' title='bbox 3464 2787 3715 2832; x_wconf 90' lang='lat' dir='ltr'><strong>recentes</strong></span> <span class='ocrx_word' id='word_1_696' title='bbox 3755 2778 3823 2837; x_wconf 86' lang='lat' dir='ltr'><strong>ab</strong></span> 
     </span>
    </p>
   </div>
   <div class='ocr_carea' id='block_1_89' title="bbox 2225 2867 3821 2941">
    <p class='ocr_par' dir='ltr' id='par_1_89' title="bbox 2225 2867 3821 2941">
     <span class='ocr_line' id='line_1_89' title="bbox 2225 2867 3821 2941; baseline 0.001 -19"><span class='ocrx_word' id='word_1_697' title='bbox 2225 2878 2345 2922; x_wconf 89' lang='lat' dir='ltr'><strong>ortu</strong></span> <span class='ocrx_word' id='word_1_698' title='bbox 2389 2867 2667 2937; x_wconf 86' lang='lat' dir='ltr'><strong>parvulos,</strong></span> <span class='ocrx_word' id='word_1_699' title='bbox 2696 2867 2748 2921; x_wconf 89' lang='lat' dir='ltr'><strong>in</strong></span> <span class='ocrx_word' id='word_1_700' title='bbox 2790 2883 2898 2937; x_wconf 90' lang='lat' dir='ltr'><strong>quo</strong></span> <span class='ocrx_word' id='word_1_701' title='bbox 2921 2867 3088 2921; x_wconf 87' lang='lat' dir='ltr'><strong>Adam</strong></span> <span class='ocrx_word' id='word_1_702' title='bbox 3128 2867 3226 2922; x_wconf 90' lang='lat' dir='ltr'><strong>fuit</strong></span> <span class='ocrx_word' id='word_1_703' title='bbox 3266 2878 3390 2923; x_wconf 89' lang='lat' dir='ltr'><strong>ante</strong></span> <span class='ocrx_word' id='word_1_704' title='bbox 3424 2870 3821 2941; x_wconf 61' lang='lat' dir='ltr'><strong>praivarieatioo</strong></span> 
     </span>
    </p>
   </div>
   <div class='ocr_carea' id='block_1_90' title="bbox 2225 2957 3820 3026">
    <p class='ocr_par' dir='ltr' id='par_1_90' title="bbox 2225 2957 3820 3026">
     <span class='ocr_line' id='line_1_90' title="bbox 2225 2957 3820 3026; baseline 0 -12"><span class='ocrx_word' id='word_1_705' title='bbox 2225 2974 2368 3025; x_wconf 83' lang='lat' dir='ltr'><strong>nem,</strong></span> <span class='ocrx_word' id='word_1_706' title='bbox 2401 2977 2420 3011; x_wconf 79' lang='grc' dir='ltr'><strong>ι</strong></span> <span class='ocrx_word' id='word_1_707' title='bbox 2456 2958 2508 3013; x_wconf 89' lang='lat' dir='ltr'><strong>id</strong></span> <span class='ocrx_word' id='word_1_708' title='bbox 2534 2967 2638 3024; x_wconf 85' lang='lat' dir='ltr'><strong>est,</strong></span> <span class='ocrx_word' id='word_1_709' title='bbox 2664 2958 2783 3013; x_wconf 88' lang='lat' dir='ltr'><strong>sine</strong></span> <span class='ocrx_word' id='word_1_710' title='bbox 2799 2958 2905 3013; x_wconf 85' lang='lat' dir='ltr'><strong>ullo</strong></span> <span class='ocrx_word' id='word_1_711' title='bbox 2932 2958 3092 3025; x_wconf 86' lang='lat' dir='ltr'><strong>malo,</strong></span> <span class='ocrx_word' id='word_1_712' title='bbox 3117 2957 3234 3014; x_wconf 84' lang='lat' dir='ltr'><strong>sine</strong></span> <span class='ocrx_word' id='word_1_713' title='bbox 3262 2958 3372 3013; x_wconf 87' lang='lat' dir='ltr'><strong>ullo</strong></span> <span class='ocrx_word' id='word_1_714' title='bbox 3397 2959 3546 3026; x_wconf 85' lang='lat' dir='ltr'><strong>vitio,</strong></span> <span class='ocrx_word' id='word_1_715' title='bbox 3577 2959 3629 3014; x_wconf 90' lang='lat' dir='ltr'><strong>id</strong></span> <span class='ocrx_word' id='word_1_716' title='bbox 3651 2962 3820 3014; x_wconf 84' lang='lat' dir='ltr'><strong>solum</strong></span> 
     </span>
    </p>
   </div>
   <div class='ocr_carea' id='block_1_91' title="bbox 2227 3048 3823 3121">
    <p class='ocr_par' dir='ltr' id='par_1_91' title="bbox 2227 3048 3823 3121">
     <span class='ocr_line' id='line_1_91' title="bbox 2227 3048 3823 3121; baseline 0.004 -18"><span class='ocrx_word' id='word_1_717' title='bbox 2227 3049 2517 3113; x_wconf 83' lang='lat' dir='ltr'><strong>habentes,</strong></span> <span class='ocrx_word' id='word_1_718' title='bbox 2564 3049 2705 3119; x_wconf 91' lang='lat' dir='ltr'><strong>quod</strong></span> <span class='ocrx_word' id='word_1_719' title='bbox 2752 3049 2893 3104; x_wconf 88' lang='lat' dir='ltr'><strong>Deus</strong></span> <span class='ocrx_word' id='word_1_720' title='bbox 2933 3048 3191 3104; x_wconf 86' lang='lat' dir='ltr'><strong>condidit.</strong></span> <span class='ocrx_word' id='word_1_721' title='bbox 3247 3048 3443 3120; x_wconf 84' lang='lat' dir='ltr'><strong>thuid</strong></span> <span class='ocrx_word' id='word_1_722' title='bbox 3480 3067 3611 3121; x_wconf 87' lang='lat' dir='ltr'><strong>ergo</strong></span> <span class='ocrx_word' id='word_1_723' title='bbox 3637 3053 3823 3109; x_wconf 77' lang='lat' dir='ltr'><strong>ethoc</strong></span> 
     </span>
    </p>
   </div>
   <div class='ocr_carea' id='block_1_92' title="bbox 2225 3140 3825 3213">
    <p class='ocr_par' dir='ltr' id='par_1_92' title="bbox 2225 3140 3825 3213">
     <span class='ocr_line' id='line_1_92' title="bbox 2225 3140 3825 3213; baseline 0.002 -18"><span class='ocrx_word' id='word_1_724' title='bbox 2225 3142 2496 3195; x_wconf 89' lang='lat' dir='ltr'><strong>damnavit</strong></span> <span class='ocrx_word' id='word_1_725' title='bbox 2537 3140 2809 3211; x_wconf 81' lang='lat' dir='ltr'><strong>Pelagius,</strong></span> <span class='ocrx_word' id='word_1_726' title='bbox 2851 3141 2951 3195; x_wconf 87' lang='lat' dir='ltr'><strong>nisi</strong></span> <span class='ocrx_word' id='word_1_727' title='bbox 2980 3150 3041 3195; x_wconf 81' lang='grc' dir='ltr'><strong>ιιι</strong></span> <span class='ocrx_word' id='word_1_728' title='bbox 3081 3140 3344 3195; x_wconf 81' lang='lat' dir='ltr'><strong>catholica</strong></span> <span class='ocrx_word' id='word_1_729' title='bbox 3381 3140 3622 3213; x_wconf 87' lang='lat' dir='ltr'><strong>synodus</strong></span> <span class='ocrx_word' id='word_1_730' title='bbox 3671 3142 3825 3198; x_wconf 89' lang='lat' dir='ltr'><strong>falle-</strong></span> 
     </span>
    </p>
   </div>
   <div class='ocr_carea' id='block_1_93' title="bbox 2226 3230 3421 3298">
    <p class='ocr_par' dir='ltr' id='par_1_93' title="bbox 2226 3230 3421 3298">
     <span class='ocr_line' id='line_1_93' title="bbox 2226 3230 3421 3298; baseline -0.002 -11"><span class='ocrx_word' id='word_1_731' title='bbox 2226 3242 2397 3298; x_wconf 86' lang='lat' dir='ltr'><strong>retur,</strong></span> <span class='ocrx_word' id='word_1_732' title='bbox 2427 3248 2493 3287; x_wconf 86' lang='lat' dir='ltr'><strong>ne</strong></span> <span class='ocrx_word' id='word_1_733' title='bbox 2520 3246 2687 3285; x_wconf 89' lang='lat' dir='ltr'><strong>novus</strong></span> <span class='ocrx_word' id='word_1_734' title='bbox 2714 3230 2998 3286; x_wconf 70' lang='lat' dir='ltr'><strong>haereticus</strong></span> <span class='ocrx_word' id='word_1_735' title='bbox 3027 3230 3421 3286; x_wconf 76' lang='lat' dir='ltr'><strong>damnaretur?</strong></span> 
     </span>
    </p>
   </div>
   <div class='ocr_carea' id='block_1_94' title="bbox 2297 3322 3821 3394">
    <p class='ocr_par' dir='ltr' id='par_1_94' title="bbox 2297 3322 3821 3394">
     <span class='ocr_line' id='line_1_94' title="bbox 2297 3322 3821 3394; baseline -0.001 -16"><span class='ocrx_word' id='word_1_736' title='bbox 2297 3322 2523 3379; x_wconf 81' lang='lat' dir='ltr'><strong>CAPUT</strong></span> <span class='ocrx_word' id='word_1_737' title='bbox 2554 3322 2693 3378; x_wconf 77' lang='lat' dir='ltr'><strong>XIV.</strong></span> <span class='ocrx_word' id='word_1_738' title='bbox 2716 3351 2786 3363; x_wconf 90' lang='lat'><strong><em>—</em></strong></span> <span class='ocrx_word' id='word_1_739' title='bbox 2812 3323 2900 3378; x_wconf 77' lang='grc'><strong>15.</strong></span> <span class='ocrx_word' id='word_1_740' title='bbox 2928 3323 3079 3389; x_wconf 77' lang='lat' dir='ltr'><strong>Quod</strong></span> <span class='ocrx_word' id='word_1_741' title='bbox 3109 3334 3287 3378; x_wconf 88' lang='lat' dir='ltr'><strong>autem</strong></span> <span class='ocrx_word' id='word_1_742' title='bbox 3313 3323 3485 3388; x_wconf 85' lang='lat' dir='ltr'><strong>scitis,</strong></span> <span class='ocrx_word' id='word_1_743' title='bbox 3516 3331 3571 3378; x_wconf 92' lang='lat' dir='ltr'><strong>et</strong></span> <span class='ocrx_word' id='word_1_744' title='bbox 3600 3323 3744 3394; x_wconf 87' lang='lat' dir='ltr'><strong>quod</strong></span> <span class='ocrx_word' id='word_1_745' title='bbox 3770 3323 3821 3377; x_wconf 84' lang='lat' dir='ltr'><strong>iu</strong></span> 
     </span>
    </p>
   </div>
   <div class='ocr_carea' id='block_1_95' title="bbox 2225 3414 3819 3486">
    <p class='ocr_par' dir='ltr' id='par_1_95' title="bbox 2225 3414 3819 3486">
     <span class='ocr_line' id='line_1_95' title="bbox 2225 3414 3819 3486; baseline -0.002 -15"><span class='ocrx_word' id='word_1_746' title='bbox 2225 3430 2293 3471; x_wconf 89' lang='lat' dir='ltr'><strong>eo</strong></span> <span class='ocrx_word' id='word_1_747' title='bbox 2320 3416 2477 3473; x_wconf 89' lang='lat' dir='ltr'><strong>etiam</strong></span> <span class='ocrx_word' id='word_1_748' title='bbox 2510 3415 2647 3470; x_wconf 90' lang='lat' dir='ltr'><strong>libro</strong></span> <span class='ocrx_word' id='word_1_749' title='bbox 2676 3416 2862 3485; x_wconf 86' lang='lat' dir='ltr'><strong>posui,</strong></span> <span class='ocrx_word' id='word_1_750' title='bbox 2893 3430 3050 3485; x_wconf 87' lang='lat' dir='ltr'><strong>quem</strong></span> <span class='ocrx_word' id='word_1_751' title='bbox 3098 3414 3166 3471; x_wconf 90' lang='lat' dir='ltr'><strong>de</strong></span> <span class='ocrx_word' id='word_1_752' title='bbox 3192 3416 3358 3486; x_wconf 88' lang='lat' dir='ltr'><strong>gestis</strong></span> <span class='ocrx_word' id='word_1_753' title='bbox 3405 3414 3712 3470; x_wconf 76' lang='lat' dir='ltr'><strong>Pahestinis</strong></span> <span class='ocrx_word' id='word_1_754' title='bbox 3755 3415 3819 3469; x_wconf 92' lang='lat' dir='ltr'><strong>ad</strong></span> 
     </span>
    </p>
   </div>
   <div class='ocr_carea' id='block_1_96' title="bbox 2227 3503 3822 3575">
    <p class='ocr_par' dir='ltr' id='par_1_96' title="bbox 2227 3503 3822 3575">
     <span class='ocr_line' id='line_1_96' title="bbox 2227 3503 3822 3575; baseline -0.001 -15"><span class='ocrx_word' id='word_1_755' title='bbox 2227 3503 2585 3562; x_wconf 84' lang='lat' dir='ltr'><strong>venerabilem</strong></span> <span class='ocrx_word' id='word_1_756' title='bbox 2628 3517 2814 3561; x_wconf 81' lang='lat' dir='ltr'><strong>senem</strong></span> <span class='ocrx_word' id='word_1_757' title='bbox 2858 3515 3103 3561; x_wconf 89' lang='lat' dir='ltr'><strong>nostrum</strong></span> <span class='ocrx_word' id='word_1_758' title='bbox 3130 3506 3407 3561; x_wconf 83' lang='lat' dir='ltr'><strong>Aurelium</strong></span> <span class='ocrx_word' id='word_1_759' title='bbox 3453 3506 3677 3575; x_wconf 88' lang='lat' dir='ltr'><strong>scripsi.</strong></span> <span class='ocrx_word' id='word_1_760' title='bbox 3734 3505 3822 3560; x_wconf 85' lang='lat' dir='ltr'><strong>illa</strong></span> 
     </span>
    </p>
   </div>
   <div class='ocr_carea' id='block_1_97' title="bbox 2228 3596 3821 3669">
    <p class='ocr_par' dir='ltr' id='par_1_97' title="bbox 2228 3596 3821 3669">
     <span class='ocr_line' id='line_1_97' title="bbox 2228 3596 3821 3669; baseline -0.003 -16"><span class='ocrx_word' id='word_1_761' title='bbox 2228 3612 2328 3668; x_wconf 82' lang='lat' dir='ltr'><strong>ego</strong></span> <span class='ocrx_word' id='word_1_762' title='bbox 2358 3598 2374 3629; x_wconf 80' lang='grc'>⁸</span> <span class='ocrx_word' id='word_1_763' title='bbox 2404 3597 2754 3669; x_wconf 90' lang='lat' dir='ltr'><strong>responsione</strong></span> <span class='ocrx_word' id='word_1_764' title='bbox 2794 3596 3025 3668; x_wconf 86' lang='lat' dir='ltr'><strong>Pelagii,</strong></span> <span class='ocrx_word' id='word_1_765' title='bbox 3072 3604 3234 3652; x_wconf 90' lang='lat' dir='ltr'><strong>totam</strong></span> <span class='ocrx_word' id='word_1_766' title='bbox 3282 3597 3437 3651; x_wconf 87' lang='lat' dir='ltr'><strong>istam</strong></span> <span class='ocrx_word' id='word_1_767' title='bbox 3475 3598 3821 3667; x_wconf 83' lang='lat' dir='ltr'><strong>qua-stionem</strong></span> 
     </span>
    </p>
   </div>
   <div class='ocr_carea' id='block_1_98' title="bbox 2227 3686 3824 3758">
    <p class='ocr_par' dir='ltr' id='par_1_98' title="bbox 2227 3686 3824 3758">
     <span class='ocr_line' id='line_1_98' title="bbox 2227 3686 3824 3758; baseline 0 -16"><span class='ocrx_word' id='word_1_768' title='bbox 2227 3696 2596 3756; x_wconf 85' lang='lat' dir='ltr'><strong>consumptam</strong></span> <span class='ocrx_word' id='word_1_769' title='bbox 2619 3702 2738 3742; x_wconf 86' lang='lat' dir='ltr'><strong>esse</strong></span> <span class='ocrx_word' id='word_1_770' title='bbox 2763 3686 3079 3757; x_wconf 87' lang='lat' dir='ltr'><strong>gaudebam,</strong></span> <span class='ocrx_word' id='word_1_771' title='bbox 3108 3686 3495 3757; x_wconf 89' lang='lat' dir='ltr'><strong>confessusque</strong></span> <span class='ocrx_word' id='word_1_772' title='bbox 3515 3687 3649 3742; x_wconf 91' lang='lat' dir='ltr'><strong>mihi</strong></span> <span class='ocrx_word' id='word_1_773' title='bbox 3670 3703 3824 3758; x_wconf 86' lang='lat' dir='ltr'><strong>aper-</strong></span> 
     </span>
    </p>
   </div>
   <div class='ocr_carea' id='block_1_99' title="bbox 2231 3776 3816 3847">
    <p class='ocr_par' dir='ltr' id='par_1_99' title="bbox 2231 3776 3816 3847">
     <span class='ocr_line' id='line_1_99' title="bbox 2231 3776 3816 3847; baseline -0.001 -15"><span class='ocrx_word' id='word_1_774' title='bbox 2231 3779 2434 3833; x_wconf 90' lang='lat' dir='ltr'><strong>tissime</strong></span> <span class='ocrx_word' id='word_1_775' title='bbox 2455 3777 2749 3843; x_wconf 89' lang='lat' dir='ltr'><strong>videbatur,</strong></span> <span class='ocrx_word' id='word_1_776' title='bbox 2773 3792 2893 3832; x_wconf 85' lang='lat' dir='ltr'><strong>esse</strong></span> <span class='ocrx_word' id='word_1_777' title='bbox 2915 3776 2966 3831; x_wconf 92' lang='lat' dir='ltr'><strong>in</strong></span> <span class='ocrx_word' id='word_1_778' title='bbox 2991 3778 3223 3847; x_wconf 88' lang='lat' dir='ltr'><strong>parvulis</strong></span> <span class='ocrx_word' id='word_1_779' title='bbox 3237 3778 3495 3847; x_wconf 85' lang='lat' dir='ltr'><strong>originale</strong></span> <span class='ocrx_word' id='word_1_780' title='bbox 3517 3788 3816 3847; x_wconf 82' lang='lat' dir='ltr'><strong>peccatum,</strong></span> 
     </span>
    </p>
   </div>
   <div class='ocr_carea' id='block_1_100' title="bbox 2228 3866 3820 3939">
    <p class='ocr_par' dir='ltr' id='par_1_100' title="bbox 2228 3866 3820 3939">
     <span class='ocr_line' id='line_1_100' title="bbox 2228 3866 3820 3939; baseline -0.001 -16"><span class='ocrx_word' id='word_1_781' title='bbox 2228 3870 2510 3937; x_wconf 87' lang='lat' dir='ltr'><strong>anathema</strong></span> <span class='ocrx_word' id='word_1_782' title='bbox 2533 3866 2760 3923; x_wconf 88' lang='lat' dir='ltr'><strong>dicendo</strong></span> <span class='ocrx_word' id='word_1_783' title='bbox 2785 3869 2865 3924; x_wconf 91' lang='lat' dir='ltr'><strong>eis</strong></span> <span class='ocrx_word' id='word_1_784' title='bbox 2892 3870 2981 3939; x_wconf 89' lang='lat' dir='ltr'><strong>qui</strong></span> <span class='ocrx_word' id='word_1_785' title='bbox 3014 3878 3233 3938; x_wconf 89' lang='lat' dir='ltr'><strong>peccato</strong></span> <span class='ocrx_word' id='word_1_786' title='bbox 3255 3869 3384 3923; x_wconf 66' lang='lat' dir='ltr'><strong>Adae</strong></span> <span class='ocrx_word' id='word_1_787' title='bbox 3414 3868 3584 3939; x_wconf 85' lang='lat' dir='ltr'><strong>ipsum</strong></span> <span class='ocrx_word' id='word_1_788' title='bbox 3620 3869 3820 3934; x_wconf 89' lang='lat' dir='ltr'><strong>solum,</strong></span> 
     </span>
    </p>
   </div>
   <div class='ocr_carea' id='block_1_101' title="bbox 2230 3959 3821 4029">
    <p class='ocr_par' dir='ltr' id='par_1_101' title="bbox 2230 3959 3821 4029">
     <span class='ocr_line' id='line_1_101' title="bbox 2230 3959 3821 4029; baseline -0.001 -15"><span class='ocrx_word' id='word_1_789' title='bbox 2230 3960 2517 4015; x_wconf 86' lang='lat' dir='ltr'><strong>nonetiam</strong></span> <span class='ocrx_word' id='word_1_790' title='bbox 2538 3974 2709 4029; x_wconf 87' lang='lat' dir='ltr'><strong>genus</strong></span> <span class='ocrx_word' id='word_1_791' title='bbox 2736 3959 3023 4014; x_wconf 89' lang='lat' dir='ltr'><strong>ltumanum</strong></span> <span class='ocrx_word' id='word_1_792' title='bbox 3050 3959 3333 4023; x_wconf 84' lang='lat' dir='ltr'><strong>crederent</strong></span> <span class='ocrx_word' id='word_1_793' title='bbox 3361 3961 3566 4026; x_wconf 62' lang='lat' dir='ltr'><strong>laisum,</strong></span> <span class='ocrx_word' id='word_1_794' title='bbox 3595 3970 3653 4016; x_wconf 86' lang='lat' dir='ltr'><strong>ct</strong></span> <span class='ocrx_word' id='word_1_795' title='bbox 3680 3962 3730 4016; x_wconf 87' lang='lat' dir='ltr'><strong>itt</strong></span> <span class='ocrx_word' id='word_1_796' title='bbox 3757 3976 3821 4015; x_wconf 90' lang='lat' dir='ltr'><strong>e0</strong></span> 
     </span>
    </p>
   </div>
   <div class='ocr_carea' id='block_1_102' title="bbox 2229 4050 3821 4121">
    <p class='ocr_par' dir='ltr' id='par_1_102' title="bbox 2229 4050 3821 4121">
     <span class='ocr_line' id='line_1_102' title="bbox 2229 4050 3821 4121; baseline -0.001 -15"><span class='ocrx_word' id='word_1_797' title='bbox 2229 4062 2371 4106; x_wconf 89' lang='lat' dir='ltr'><strong>statu</strong></span> <span class='ocrx_word' id='word_1_798' title='bbox 2406 4050 2753 4120; x_wconf 89' lang='lat' dir='ltr'><strong>opinarentur</strong></span> <span class='ocrx_word' id='word_1_799' title='bbox 2791 4064 2915 4105; x_wconf 84' lang='lat' dir='ltr'><strong>esse</strong></span> <span class='ocrx_word' id='word_1_800' title='bbox 2955 4051 3239 4121; x_wconf 79' lang='lat' dir='ltr'><strong>parvulos,</strong></span> <span class='ocrx_word' id='word_1_801' title='bbox 3284 4051 3337 4105; x_wconf 88' lang='lat' dir='ltr'><strong>in</strong></span> <span class='ocrx_word' id='word_1_802' title='bbox 3385 4067 3492 4121; x_wconf 90' lang='lat' dir='ltr'><strong>quo</strong></span> <span class='ocrx_word' id='word_1_803' title='bbox 3535 4052 3631 4107; x_wconf 90' lang='lat' dir='ltr'><strong>ille</strong></span> <span class='ocrx_word' id='word_1_804' title='bbox 3664 4052 3821 4109; x_wconf 82' lang='grc' dir='ltr'>Ιιοιιιο</span> 
     </span>
    </p>
   </div>
   <div class='ocr_carea' id='block_1_103' title="bbox 2233 4140 3819 4212">
    <p class='ocr_par' dir='ltr' id='par_1_103' title="bbox 2233 4140 3819 4212">
     <span class='ocr_line' id='line_1_103' title="bbox 2233 4140 3819 4212; baseline -0.001 -18"><span class='ocrx_word' id='word_1_805' title='bbox 2233 4141 2434 4212; x_wconf 83' lang='lat' dir='ltr'><strong>primus</strong></span> <span class='ocrx_word' id='word_1_806' title='bbox 2467 4150 2592 4195; x_wconf 87' lang='lat' dir='ltr'><strong>ante</strong></span> <span class='ocrx_word' id='word_1_807' title='bbox 2631 4141 3122 4210; x_wconf 66' lang='lat' dir='ltr'><strong>praavarieationem</strong></span> <span class='ocrx_word' id='word_1_808' title='bbox 3173 4140 3289 4196; x_wconf 89' lang='lat' dir='ltr'><strong>fuit.</strong></span> <span class='ocrx_word' id='word_1_809' title='bbox 3340 4140 3445 4197; x_wconf 85' lang='lat' dir='ltr'><strong>Sed</strong></span> <span class='ocrx_word' id='word_1_810' title='bbox 3491 4153 3675 4212; x_wconf 71' lang='lat' dir='ltr'><strong>posma</strong></span> <span class='ocrx_word' id='word_1_811' title='bbox 3704 4158 3819 4198; x_wconf 90' lang='lat' dir='ltr'><strong>cum</strong></span> 
     </span>
    </p>
   </div>
   <div class='ocr_carea' id='block_1_104' title="bbox 2233 4231 3821 4304">
    <p class='ocr_par' dir='ltr' id='par_1_104' title="bbox 2233 4231 3821 4304">
     <span class='ocr_line' id='line_1_104' title="bbox 2233 4231 3821 4304; baseline -0.001 -16"><span class='ocrx_word' id='word_1_812' title='bbox 2233 4232 2476 4304; x_wconf 81' lang='lat' dir='ltr'><strong>legissem</strong></span> <span class='ocrx_word' id='word_1_813' title='bbox 2503 4243 2729 4303; x_wconf 89' lang='lat' dir='ltr'><strong>quatuor</strong></span> <span class='ocrx_word' id='word_1_814' title='bbox 2751 4232 2867 4301; x_wconf 85' lang='lat' dir='ltr'><strong>ejus</strong></span> <span class='ocrx_word' id='word_1_815' title='bbox 2892 4233 3076 4298; x_wconf 83' lang='lat' dir='ltr'><strong>libros,</strong></span> <span class='ocrx_word' id='word_1_816' title='bbox 3109 4231 3178 4288; x_wconf 89' lang='lat' dir='ltr'><strong>de</strong></span> <span class='ocrx_word' id='word_1_817' title='bbox 3211 4248 3440 4302; x_wconf 87' lang='lat' dir='ltr'><strong>quorum</strong></span> <span class='ocrx_word' id='word_1_818' title='bbox 3478 4236 3654 4304; x_wconf 89' lang='lat' dir='ltr'><strong>primo</strong></span> <span class='ocrx_word' id='word_1_819' title='bbox 3685 4235 3821 4289; x_wconf 87' lang='lat' dir='ltr'><strong>libro</strong></span> 
     </span>
    </p>
   </div>
   <div class='ocr_carea' id='block_1_105' title="bbox 2232 4322 3824 4395">
    <p class='ocr_par' dir='ltr' id='par_1_105' title="bbox 2232 4322 3824 4395">
     <span class='ocr_line' id='line_1_105' title="bbox 2232 4322 3824 4395; baseline 0.001 -17"><span class='ocrx_word' id='word_1_820' title='bbox 2232 4325 2389 4395; x_wconf 88' lang='lat' dir='ltr'><strong>paulo</strong></span> <span class='ocrx_word' id='word_1_821' title='bbox 2424 4332 2549 4378; x_wconf 85' lang='lat' dir='ltr'><strong>ante</strong></span> <span class='ocrx_word' id='word_1_822' title='bbox 2583 4331 3000 4378; x_wconf 85' lang='lat' dir='ltr'><strong>commemorata</strong></span> <span class='ocrx_word' id='word_1_823' title='bbox 3044 4323 3206 4378; x_wconf 89' lang='lat' dir='ltr'><strong>verba</strong></span> <span class='ocrx_word' id='word_1_824' title='bbox 3255 4322 3543 4394; x_wconf 85' lang='lat' dir='ltr'><strong>descripsi,</strong></span> <span class='ocrx_word' id='word_1_825' title='bbox 3585 4334 3644 4380; x_wconf 90' lang='lat' dir='ltr'><strong>et</strong></span> <span class='ocrx_word' id='word_1_826' title='bbox 3682 4326 3824 4380; x_wconf 81' lang='lat' dir='ltr'><strong>inve-</strong></span> 
     </span>
    </p>
   </div>
   <div class='ocr_carea' id='block_1_106' title="bbox 2233 4411 3822 4470">
    <p class='ocr_par' dir='ltr' id='par_1_106' title="bbox 2233 4411 3822 4470">
     <span class='ocr_line' id='line_1_106' title="bbox 2233 4411 3822 4470; baseline 0.001 -2"><span class='ocrx_word' id='word_1_827' title='bbox 2233 4415 2430 4468; x_wconf 84' lang='lat' dir='ltr'><strong>nissem</strong></span> <span class='ocrx_word' id='word_1_828' title='bbox 2467 4412 2738 4468; x_wconf 90' lang='lat' dir='ltr'><strong>hominem</strong></span> <span class='ocrx_word' id='word_1_829' title='bbox 2774 4411 2951 4468; x_wconf 86' lang='lat' dir='ltr'><strong>adhuc</strong></span> <span class='ocrx_word' id='word_1_830' title='bbox 2990 4423 3177 4467; x_wconf 88' lang='lat' dir='ltr'><strong>contra</strong></span> <span class='ocrx_word' id='word_1_831' title='bbox 3217 4413 3536 4469; x_wconf 86' lang='lat' dir='ltr'><strong>catholicam</strong></span> <span class='ocrx_word' id='word_1_832' title='bbox 3567 4414 3727 4470; x_wconf 84' lang='lat' dir='ltr'><strong>fidem</strong></span> <span class='ocrx_word' id='word_1_833' title='bbox 3755 4415 3822 4470; x_wconf 85' lang='lat' dir='ltr'><strong>de</strong></span> 
     </span>
    </p>
   </div>
   <div class='ocr_carea' id='block_1_107' title="bbox 2231 4504 3821 4578">
    <p class='ocr_par' dir='ltr' id='par_1_107' title="bbox 2231 4504 3821 4578">
     <span class='ocr_line' id='line_1_107' title="bbox 2231 4504 3821 4578; baseline 0.002 -20"><span class='ocrx_word' id='word_1_834' title='bbox 2231 4505 2464 4577; x_wconf 87' lang='lat' dir='ltr'><strong>parvulis</strong></span> <span class='ocrx_word' id='word_1_835' title='bbox 2491 4505 2848 4571; x_wconf 87' lang='lat' dir='ltr'><strong>sentientem;</strong></span> <span class='ocrx_word' id='word_1_836' title='bbox 2897 4504 3015 4574; x_wconf 90' lang='lat' dir='ltr'><strong>plus</strong></span> <span class='ocrx_word' id='word_1_837' title='bbox 3038 4505 3060 4536; x_wconf 82' lang='grc'>¹</span> <span class='ocrx_word' id='word_1_838' title='bbox 3090 4506 3271 4560; x_wconf 89' lang='lat' dir='ltr'><strong>mirari</strong></span> <span class='ocrx_word' id='word_1_839' title='bbox 3297 4507 3464 4577; x_wconf 73' lang='lat' dir='ltr'><strong>ccepi,</strong></span> <span class='ocrx_word' id='word_1_840' title='bbox 3500 4518 3607 4562; x_wconf 89' lang='lat' dir='ltr'><strong>tam</strong></span> <span class='ocrx_word' id='word_1_841' title='bbox 3649 4509 3821 4578; x_wconf 90' lang='lat' dir='ltr'><strong>impn-</strong></span> 
     </span>
    </p>
   </div>
   <div class='ocr_carea' id='block_1_108' title="bbox 2189 4595 3823 4670">
    <p class='ocr_par' dir='ltr' id='par_1_108' title="bbox 2189 4595 3823 4670">
     <span class='ocr_line' id='line_1_108' title="bbox 2189 4595 3823 4670; baseline -0.001 -14"><span class='ocrx_word' id='word_1_842' title='bbox 2189 4649 2197 4657; x_wconf 92' lang='lat'><strong>.</strong></span> <span class='ocrx_word' id='word_1_843' title='bbox 2232 4597 2366 4652; x_wconf 85' lang='lat' dir='ltr'><strong>deus</strong></span> <span class='ocrx_word' id='word_1_844' title='bbox 2395 4596 2450 4651; x_wconf 90' lang='lat' dir='ltr'><strong>in</strong></span> <span class='ocrx_word' id='word_1_845' title='bbox 2493 4596 2855 4651; x_wconf 85' lang='lat' dir='ltr'><strong>ecclesiastico</strong></span> <span class='ocrx_word' id='word_1_846' title='bbox 2894 4595 3097 4667; x_wconf 88' lang='lat' dir='ltr'><strong>judicio</strong></span> <span class='ocrx_word' id='word_1_847' title='bbox 3137 4607 3192 4652; x_wconf 91' lang='lat' dir='ltr'><strong>et</strong></span> <span class='ocrx_word' id='word_1_848' title='bbox 3226 4598 3294 4653; x_wconf 91' lang='lat' dir='ltr'><strong>de</strong></span> <span class='ocrx_word' id='word_1_849' title='bbox 3339 4607 3482 4654; x_wconf 86' lang='lat' dir='ltr'><strong>tanta</strong></span> <span class='ocrx_word' id='word_1_850' title='bbox 3531 4600 3823 4670; x_wconf 72' lang='lat' dir='ltr'><strong>qnmstione</strong></span> 
     </span>
    </p>
   </div>
   <div class='ocr_carea' id='block_1_109' title="bbox 2234 4688 3821 4762">
    <p class='ocr_par' dir='ltr' id='par_1_109' title="bbox 2234 4688 3821 4762">
     <span class='ocr_line' id='line_1_109' title="bbox 2234 4688 3821 4762; baseline 0.001 -18"><span class='ocrx_word' id='word_1_851' title='bbox 2234 4688 2589 4744; x_wconf 87' lang='lat' dir='ltr'><strong>mendacium.</strong></span> <span class='ocrx_word' id='word_1_852' title='bbox 2646 4689 2704 4743; x_wconf 88' lang='lat' dir='ltr'><strong>Si</strong></span> <span class='ocrx_word' id='word_1_853' title='bbox 2738 4689 2880 4743; x_wconf 90' lang='lat' dir='ltr'><strong>enim</strong></span> <span class='ocrx_word' id='word_1_854' title='bbox 2911 4690 3126 4745; x_wconf 86' lang='lat' dir='ltr'><strong>eosdem</strong></span> <span class='ocrx_word' id='word_1_855' title='bbox 3156 4691 3320 4746; x_wconf 89' lang='lat' dir='ltr'><strong>libros</strong></span> <span class='ocrx_word' id='word_1_856' title='bbox 3360 4699 3485 4747; x_wconf 91' lang='lat' dir='ltr'><strong>ante</strong></span> <span class='ocrx_word' id='word_1_857' title='bbox 3527 4697 3639 4762; x_wconf 87' lang='lat' dir='ltr'><strong>jam</strong></span> <span class='ocrx_word' id='word_1_858' title='bbox 3691 4692 3821 4747; x_wconf 85' lang='lat' dir='ltr'><strong>scri-</strong></span> 
     </span>
    </p>
   </div>
   <div class='ocr_carea' id='block_1_110' title="bbox 2234 4780 3823 4855">
    <p class='ocr_par' dir='ltr' id='par_1_110' title="bbox 2234 4780 3823 4855">
     <span class='ocr_line' id='line_1_110' title="bbox 2234 4780 3823 4855; baseline 0.002 -20"><span class='ocrx_word' id='word_1_859' title='bbox 2234 4789 2414 4852; x_wconf 86' lang='lat' dir='ltr'><strong>pserat</strong></span> <span class='ocrx_word' id='word_1_860' title='bbox 2430 4822 2446 4847; x_wconf 94' lang='lat'><strong>,</strong></span> <span class='ocrx_word' id='word_1_861' title='bbox 2470 4780 2739 4850; x_wconf 89' lang='lat' dir='ltr'><strong>quomodo</strong></span> <span class='ocrx_word' id='word_1_862' title='bbox 2762 4794 2822 4835; x_wconf 87' lang='lat' dir='ltr'><strong>se</strong></span> <span class='ocrx_word' id='word_1_863' title='bbox 2842 4781 2976 4836; x_wconf 78' lang='lat' dir='ltr'><strong>dixit</strong></span> <span class='ocrx_word' id='word_1_864' title='bbox 2998 4797 3093 4837; x_wconf 90' lang='lat' dir='ltr'><strong>eos</strong></span> <span class='ocrx_word' id='word_1_865' title='bbox 3116 4783 3599 4853; x_wconf 82' lang='lat' dir='ltr'><strong>anathematizare,</strong></span> <span class='ocrx_word' id='word_1_866' title='bbox 3632 4787 3720 4855; x_wconf 90' lang='lat' dir='ltr'><strong>qui</strong></span> <span class='ocrx_word' id='word_1_867' title='bbox 3749 4785 3823 4840; x_wconf 90' lang='lat' dir='ltr'><strong>sic</strong></span> 
     </span>
    </p>
   </div>
   <div class='ocr_carea' id='block_1_111' title="bbox 2234 4871 3825 4947">
    <p class='ocr_par' dir='ltr' id='par_1_111' title="bbox 2234 4871 3825 4947">
     <span class='ocr_line' id='line_1_111' title="bbox 2234 4871 3825 4947; baseline 0.002 -20"><span class='ocrx_word' id='word_1_868' title='bbox 2234 4871 2519 4943; x_wconf 87' lang='lat' dir='ltr'><strong>aliquando</strong></span> <span class='ocrx_word' id='word_1_869' title='bbox 2571 4871 2906 4929; x_wconf 84' lang='lat' dir='ltr'><strong>tenuerunt?</strong></span> <span class='ocrx_word' id='word_1_870' title='bbox 2946 4873 3001 4929; x_wconf 92' lang='lat' dir='ltr'><strong>Si</strong></span> <span class='ocrx_word' id='word_1_871' title='bbox 3050 4882 3227 4929; x_wconf 88' lang='lat' dir='ltr'><strong>autem</strong></span> <span class='ocrx_word' id='word_1_872' title='bbox 3275 4888 3457 4945; x_wconf 89' lang='lat' dir='ltr'><strong>postea</strong></span> <span class='ocrx_word' id='word_1_873' title='bbox 3510 4876 3638 4932; x_wconf 87' lang='lat' dir='ltr'><strong>illud</strong></span> <span class='ocrx_word' id='word_1_874' title='bbox 3693 4891 3825 4947; x_wconf 87' lang='lat' dir='ltr'><strong>opus</strong></span> 
     </span>
    </p>
   </div>
   <div class='ocr_carea' id='block_1_112' title="bbox 2236 4964 3824 5041">
    <p class='ocr_par' dir='ltr' id='par_1_112' title="bbox 2236 4964 3824 5041">
     <span class='ocr_line' id='line_1_112' title="bbox 2236 4964 3824 5041; baseline 0.002 -22"><span class='ocrx_word' id='word_1_875' title='bbox 2236 4966 2502 5035; x_wconf 85' lang='lat' dir='ltr'><strong>pollicitus</strong></span> <span class='ocrx_word' id='word_1_876' title='bbox 2542 4964 2563 4997; x_wconf 86' lang='grc'><em>³</em></span> <span class='ocrx_word' id='word_1_877' title='bbox 2603 4975 2721 5029; x_wconf 86' lang='lat' dir='ltr'><strong>est.</strong></span> <span class='ocrx_word' id='word_1_878' title='bbox 2766 4967 3035 5036; x_wconf 89' lang='lat' dir='ltr'><strong>quomodo</strong></span> <span class='ocrx_word' id='word_1_879' title='bbox 3090 4968 3557 5024; x_wconf 78' lang='lat' dir='ltr'><strong>anathematizavit</strong></span> <span class='ocrx_word' id='word_1_880' title='bbox 3603 4971 3694 5041; x_wconf 86' lang='lat' dir='ltr'><strong>qui</strong></span> <span class='ocrx_word' id='word_1_881' title='bbox 3750 4968 3824 5023; x_wconf 76' lang='lat' dir='ltr'><strong>sic</strong></span> 
     </span>
    </p>
   </div>
   <div class='ocr_carea' id='block_1_113' title="bbox 2239 5054 3822 5127">
    <p class='ocr_par' dir='ltr' id='par_1_113' title="bbox 2239 5054 3822 5127">
     <span class='ocr_line' id='line_1_113' title="bbox 2239 5054 3822 5127; baseline 0.001 -14"><span class='ocrx_word' id='word_1_882' title='bbox 2239 5054 2469 5114; x_wconf 76' lang='lat' dir='ltr'><strong>tenent?</strong></span> <span class='ocrx_word' id='word_1_883' title='bbox 2503 5057 2614 5112; x_wconf 86' lang='lat' dir='ltr'><strong>Nisi</strong></span> <span class='ocrx_word' id='word_1_884' title='bbox 2660 5057 2882 5116; x_wconf 79' lang='lat' dir='ltr'><strong>ridicule</strong></span> <span class='ocrx_word' id='word_1_885' title='bbox 2910 5059 3045 5116; x_wconf 88' lang='lat' dir='ltr'><strong>forte</strong></span> <span class='ocrx_word' id='word_1_886' title='bbox 3073 5059 3312 5115; x_wconf 88' lang='lat' dir='ltr'><strong>dicturus</strong></span> <span class='ocrx_word' id='word_1_887' title='bbox 3337 5070 3451 5127; x_wconf 86' lang='lat' dir='ltr'><strong>est,</strong></span> <span class='ocrx_word' id='word_1_888' title='bbox 3492 5056 3589 5118; x_wconf 84' lang='lat' dir='ltr'><strong>eos</strong></span> <span class='ocrx_word' id='word_1_889' title='bbox 3627 5079 3689 5118; x_wconf 86' lang='lat' dir='ltr'><strong>se</strong></span> <span class='ocrx_word' id='word_1_890' title='bbox 3729 5062 3822 5116; x_wconf 84' lang='lat' dir='ltr'><strong>da-</strong></span> 
     </span>
    </p>
   </div>
   <div class='ocr_carea' id='block_1_114' title="bbox 2244 5149 3821 5225">
    <p class='ocr_par' dir='ltr' id='par_1_114' title="bbox 2244 5149 3821 5225">
     <span class='ocr_line' id='line_1_114' title="bbox 2244 5149 3821 5225; baseline 0.002 -20"><span class='ocrx_word' id='word_1_891' title='bbox 2244 5164 2460 5205; x_wconf 88' lang='lat' dir='ltr'><strong>mnasse</strong></span> <span class='ocrx_word' id='word_1_892' title='bbox 2481 5149 2573 5220; x_wconf 88' lang='lat' dir='ltr'><strong>qui</strong></span> <span class='ocrx_word' id='word_1_893' title='bbox 2596 5150 2676 5206; x_wconf 85' lang='lat' dir='ltr'><strong>sic</strong></span> <span class='ocrx_word' id='word_1_894' title='bbox 2695 5150 2981 5222; x_wconf 84' lang='lat' dir='ltr'><strong>aliquando</strong></span> <span class='ocrx_word' id='word_1_895' title='bbox 3004 5162 3309 5221; x_wconf 89' lang='lat' dir='ltr'><strong>tenuerunt,</strong></span> <span class='ocrx_word' id='word_1_896' title='bbox 3323 5164 3378 5210; x_wconf 89' lang='lat' dir='ltr'><strong>et</strong></span> <span class='ocrx_word' id='word_1_897' title='bbox 3391 5156 3480 5225; x_wconf 93' lang='lat' dir='ltr'><strong>qui</strong></span> <span class='ocrx_word' id='word_1_898' title='bbox 3496 5155 3574 5210; x_wconf 88' lang='lat' dir='ltr'><strong>sic</strong></span> <span class='ocrx_word' id='word_1_899' title='bbox 3603 5162 3821 5217; x_wconf 87' lang='lat' dir='ltr'><strong>tenent;</strong></span> 
     </span>
    </p>
   </div>
   <div class='ocr_carea' id='block_1_115' title="bbox 2237 5240 3825 5316">
    <p class='ocr_par' dir='ltr' id='par_1_115' title="bbox 2237 5240 3825 5316">
     <span class='ocr_line' id='line_1_115' title="bbox 2237 5240 3825 5316; baseline 0.001 -19"><span class='ocrx_word' id='word_1_900' title='bbox 2237 5240 2308 5297; x_wconf 86' lang='lat' dir='ltr'><strong>de</strong></span> <span class='ocrx_word' id='word_1_901' title='bbox 2333 5250 2574 5311; x_wconf 84' lang='lat' dir='ltr'><strong>tempore</strong></span> <span class='ocrx_word' id='word_1_902' title='bbox 2598 5251 2774 5296; x_wconf 87' lang='lat' dir='ltr'><strong>autem</strong></span> <span class='ocrx_word' id='word_1_903' title='bbox 2798 5240 2978 5298; x_wconf 89' lang='lat' dir='ltr'><strong>futuro</strong></span> <span class='ocrx_word' id='word_1_904' title='bbox 3002 5285 3019 5310; x_wconf 90' lang='lat'><strong>,</strong></span> <span class='ocrx_word' id='word_1_905' title='bbox 3062 5242 3113 5298; x_wconf 89' lang='lat' dir='ltr'><strong>id</strong></span> <span class='ocrx_word' id='word_1_906' title='bbox 3139 5252 3252 5310; x_wconf 86' lang='lat' dir='ltr'><strong>est,</strong></span> <span class='ocrx_word' id='word_1_907' title='bbox 3292 5245 3371 5299; x_wconf 91' lang='lat' dir='ltr'><strong>eis</strong></span> <span class='ocrx_word' id='word_1_908' title='bbox 3398 5245 3590 5316; x_wconf 91' lang='lat' dir='ltr'><strong>quisic</strong></span> <span class='ocrx_word' id='word_1_909' title='bbox 3617 5243 3825 5300; x_wconf 85' lang='lat' dir='ltr'><strong>fuerant</strong></span> 
     </span>
    </p>
   </div>
   <div class='ocr_carea' id='block_1_116' title="bbox 2238 5333 3825 5407">
    <p class='ocr_par' dir='ltr' id='par_1_116' title="bbox 2238 5333 3825 5407">
     <span class='ocr_line' id='line_1_116' title="bbox 2238 5333 3825 5407; baseline -0.001 -16"><span class='ocrx_word' id='word_1_910' title='bbox 2238 5333 2527 5401; x_wconf 81' lang='lat' dir='ltr'><strong>retenturi,</strong></span> <span class='ocrx_word' id='word_1_911' title='bbox 2553 5348 2655 5388; x_wconf 92' lang='lat' dir='ltr'><strong>nec</strong></span> <span class='ocrx_word' id='word_1_912' title='bbox 2681 5334 2804 5401; x_wconf 89' lang='lat' dir='ltr'><strong>sibi,</strong></span> <span class='ocrx_word' id='word_1_913' title='bbox 2831 5349 2931 5389; x_wconf 90' lang='lat' dir='ltr'><strong>nec</strong></span> <span class='ocrx_word' id='word_1_914' title='bbox 2957 5335 3075 5389; x_wconf 84' lang='lat' dir='ltr'><strong>aliis</strong></span> <span class='ocrx_word' id='word_1_915' title='bbox 3095 5335 3444 5405; x_wconf 73' lang='lat' dir='ltr'><strong>pncjudicare</strong></span> <span class='ocrx_word' id='word_1_916' title='bbox 3465 5336 3745 5407; x_wconf 87' lang='lat' dir='ltr'><strong>potuisse;</strong></span> <span class='ocrx_word' id='word_1_917' title='bbox 3771 5345 3825 5391; x_wconf 88' lang='lat' dir='ltr'><strong>et</strong></span> 
     </span>
    </p>
   </div>
   <div class='ocr_carea' id='block_1_117' title="bbox 2240 5427 3825 5501">
    <p class='ocr_par' dir='ltr' id='par_1_117' title="bbox 2240 5427 3825 5501">
     <span class='ocr_line' id='line_1_117' title="bbox 2240 5427 3825 5501; baseline 0.001 -17"><span class='ocrx_word' id='word_1_918' title='bbox 2240 5428 2361 5485; x_wconf 85' lang='lat' dir='ltr'><strong>ideo</strong></span> <span class='ocrx_word' id='word_1_919' title='bbox 2389 5443 2495 5484; x_wconf 90' lang='lat' dir='ltr'><strong>non</strong></span> <span class='ocrx_word' id='word_1_920' title='bbox 2524 5428 2688 5484; x_wconf 85' lang='lat' dir='ltr'><strong>fuisse</strong></span> <span class='ocrx_word' id='word_1_921' title='bbox 2717 5427 3001 5483; x_wconf 86' lang='lat' dir='ltr'><strong>mentitum</strong></span> <span class='ocrx_word' id='word_1_922' title='bbox 3021 5469 3038 5494; x_wconf 96' lang='lat'><strong>,</strong></span> <span class='ocrx_word' id='word_1_923' title='bbox 3068 5429 3192 5499; x_wconf 89' lang='lat' dir='ltr'><strong>quia</strong></span> <span class='ocrx_word' id='word_1_924' title='bbox 3233 5436 3415 5499; x_wconf 69' lang='lat' dir='ltr'><strong>pestea</strong></span> <span class='ocrx_word' id='word_1_925' title='bbox 3458 5428 3825 5501; x_wconf 78' lang='lat' dir='ltr'><strong>deprehensus</strong></span> 
     </span>
    </p>
   </div>
   <div class='ocr_carea' id='block_1_118' title="bbox 2238 5516 3824 5592">
    <p class='ocr_par' dir='ltr' id='par_1_118' title="bbox 2238 5516 3824 5592">
     <span class='ocr_line' id='line_1_118' title="bbox 2238 5516 3824 5592; baseline 0 -17"><span class='ocrx_word' id='word_1_926' title='bbox 2238 5519 2427 5575; x_wconf 90' lang='lat' dir='ltr'><strong>estsic</strong></span> <span class='ocrx_word' id='word_1_927' title='bbox 2476 5527 2680 5572; x_wconf 88' lang='lat' dir='ltr'><strong>tenere.</strong></span> <span class='ocrx_word' id='word_1_928' title='bbox 2732 5516 2839 5573; x_wconf 89' lang='lat' dir='ltr'><strong>Sed</strong></span> <span class='ocrx_word' id='word_1_929' title='bbox 2871 5532 2978 5572; x_wconf 89' lang='lat' dir='ltr'><strong>non</strong></span> <span class='ocrx_word' id='word_1_930' title='bbox 3023 5518 3124 5573; x_wconf 88' lang='lat' dir='ltr'><strong>hoc</strong></span> <span class='ocrx_word' id='word_1_931' title='bbox 3152 5518 3314 5588; x_wconf 91' lang='lat' dir='ltr'><strong>dicit,</strong></span> <span class='ocrx_word' id='word_1_932' title='bbox 3347 5535 3453 5576; x_wconf 88' lang='lat' dir='ltr'><strong>non</strong></span> <span class='ocrx_word' id='word_1_933' title='bbox 3492 5520 3663 5575; x_wconf 89' lang='lat' dir='ltr'><strong>solum</strong></span> <span class='ocrx_word' id='word_1_934' title='bbox 3703 5520 3824 5592; x_wconf 79' lang='lat' dir='ltr'><strong>quia</strong></span> 
     </span>
    </p>
   </div>
   <div class='ocr_carea' id='block_1_119' title="bbox 2240 5608 3825 5684">
    <p class='ocr_par' dir='ltr' id='par_1_119' title="bbox 2240 5608 3825 5684">
     <span class='ocr_line' id='line_1_119' title="bbox 2240 5608 3825 5684; baseline 0.001 -19"><span class='ocrx_word' id='word_1_935' title='bbox 2240 5610 2517 5666; x_wconf 86' lang='lat' dir='ltr'><strong>ridiculum</strong></span> <span class='ocrx_word' id='word_1_936' title='bbox 2552 5616 2668 5673; x_wconf 89' lang='lat' dir='ltr'><strong>est,</strong></span> <span class='ocrx_word' id='word_1_937' title='bbox 2707 5608 2803 5664; x_wconf 89' lang='lat' dir='ltr'><strong>sed</strong></span> <span class='ocrx_word' id='word_1_938' title='bbox 2841 5609 2963 5679; x_wconf 83' lang='lat' dir='ltr'><strong>quia</strong></span> <span class='ocrx_word' id='word_1_939' title='bbox 3003 5625 3185 5666; x_wconf 78' lang='lat' dir='ltr'><strong>verum</strong></span> <span class='ocrx_word' id='word_1_940' title='bbox 3216 5626 3336 5669; x_wconf 90' lang='lat' dir='ltr'><strong>esse</strong></span> <span class='ocrx_word' id='word_1_941' title='bbox 3375 5628 3479 5669; x_wconf 88' lang='lat' dir='ltr'><strong>non</strong></span> <span class='ocrx_word' id='word_1_942' title='bbox 3526 5621 3719 5684; x_wconf 89' lang='lat' dir='ltr'><strong>potest.</strong></span> <span class='ocrx_word' id='word_1_943' title='bbox 3767 5609 3825 5666; x_wconf 85' lang='lat' dir='ltr'><strong>la</strong></span> 
     </span>
    </p>
   </div>
   <div class='ocr_carea' id='block_1_120' title="bbox 2309 5718 2931 5794">
    <p class='ocr_par' dir='ltr' id='par_1_120' title="bbox 2309 5718 2931 5794">
     <span class='ocr_line' id='line_1_120' title="bbox 2309 5718 2931 5794; baseline 0.005 -26"><span class='ocrx_word' id='word_1_944' title='bbox 2309 5724 2326 5794; x_wconf 63' lang='grc' dir='ltr'><strong>ξ</strong></span> <span class='ocrx_word' id='word_1_945' title='bbox 2351 5723 2425 5794; x_wconf 71' lang='lat' dir='ltr'><strong>sic</strong></span> <span class='ocrx_word' id='word_1_946' title='bbox 2444 5729 2549 5794; x_wconf 69' lang='lat' dir='ltr'><strong>Mss.</strong></span> <span class='ocrx_word' id='word_1_947' title='bbox 2567 5726 2623 5794; x_wconf 77' lang='lat' dir='ltr'><strong>Iit</strong></span> <span class='ocrx_word' id='word_1_948' title='bbox 2645 5718 2782 5794; x_wconf 73' lang='lat' dir='ltr'><strong>editi,</strong></span> <span class='ocrx_word' id='word_1_949' title='bbox 2798 5733 2931 5794; x_wconf 75' lang='lat' dir='ltr'><strong>ergo.</strong></span> 
     </span>
    </p>
   </div>
   <div class='ocr_carea' id='block_1_121' title="bbox 2305 5786 2936 5846">
    <p class='ocr_par' dir='ltr' id='par_1_121' title="bbox 2305 5786 2936 5846">
     <span class='ocr_line' id='line_1_121' title="bbox 2305 5786 2936 5846; baseline 0.008 -17"><span class='ocrx_word' id='word_1_950' title='bbox 2305 5786 2327 5815; x_wconf 61' lang='grc' dir='ltr'>θ</span> <span class='ocrx_word' id='word_1_951' title='bbox 2358 5792 2452 5832; x_wconf 73' lang='grc' dir='ltr'>Αιιι.</span> <span class='ocrx_word' id='word_1_952' title='bbox 2479 5789 2551 5831; x_wconf 74' lang='lat' dir='ltr'><strong>t-lr.</strong></span> <span class='ocrx_word' id='word_1_953' title='bbox 2580 5788 2775 5846; x_wconf 70' lang='lat' dir='ltr'><strong>et__l|tss.,</strong></span> <span class='ocrx_word' id='word_1_954' title='bbox 2802 5786 2878 5846; x_wconf 71' lang='lat' dir='ltr'><strong>pii</strong></span> <span class='ocrx_word' id='word_1_955' title='bbox 2898 5799 2936 5834; x_wconf 74' lang='lat' dir='ltr'><strong>ts</strong></span> 
     </span>
    </p>
   </div>
   <div class='ocr_carea' id='block_1_122' title="bbox 2311 5842 2729 5905">
    <p class='ocr_par' dir='ltr' id='par_1_122' title="bbox 2311 5842 2729 5905">
     <span class='ocr_line' id='line_1_122' title="bbox 2311 5842 2729 5905; baseline 0 -11"><span class='ocrx_word' id='word_1_956' title='bbox 2311 5849 2330 5877; x_wconf 85' lang='grc'><strong><em>³</em></strong></span> <span class='ocrx_word' id='word_1_957' title='bbox 2359 5852 2513 5905; x_wconf 73' lang='lat' dir='ltr'><strong>Forte,</strong></span> <span class='ocrx_word' id='word_1_958' title='bbox 2540 5842 2729 5896; x_wconf 73' lang='lat' dir='ltr'><strong>molitus</strong></span> 
     </span>
    </p>
   </div>
  </div>
