4012 6468
198 359 294 417 593

197 475 386 532 eisdem
425 471 631 544 quippe
671 471 854 539 libris,
886 480 939 527 et
980 479 1162 526 contra
1188 470 1392 540 peccati
1437 485 1504 525 ex
1539 469 1704 524 Adam
1738 469 1787 522 in

196 567 437 639 parvulos
477 565 765 620 transitum
809 563 1074 635 loquitur,
1120 573 1174 619 et
1206 563 1273 618 de
1301 563 1466 634 gestis
1492 563 1791 618 Palaestina:

197 661 376 733 synodi
422 660 712 731 gloriatur,
755 658 842 712 ubi
892 672 985 713 eos
1024 657 1112 729 qui
1161 657 1240 711 sic
1274 665 1490 723 tenent,
1532 655 1791 710 veraciter

195 752 476 806 damnasse
505 759 720 820 putatus
747 757 848 815 est,
871 756 925 804 et
949 747 1342 804 absolutionem
1374 761 1524 802 suam
1557 745 1790 801 fallendo

197 842 392 896 furatus
419 850 523 894 est.

258 932 488 990 CAPUT
509 931 629 988 XV.
653 962 726 972 —
743 931 830 986 16.
854 930 991 998 Quid
1013 931 1154 985 enim
1172 929 1239 985 ad
1260 945 1397 994 rem,
1428 928 1495 984 de
1517 943 1618 1000 qua
1646 941 1788 984 nunc

197 1027 426 1095 agimus,
484 1023 755 1094 pertinet,
803 1021 944 1093 quod
994 1021 1272 1092 discipulis
1322 1020 1434 1075 suis
1474 1019 1826 1090 respondet,’

200 1134 216 1166 ι
249 1114 368 1168 ideo
399 1129 460 1168 se
499 1115 586 1168 illa
613 1113 818 1183 objecta
849 1113 1132 1167 damnasse
1159 1154 1174 1179 ,
1207 1112 1328 1182 quia
1369 1119 1424 1166 et
1473 1110 1589 1181 ipse
1635 1109 1784 1172 dicit,

198 1222 294 1260 non
325 1215 532 1260 tantum
561 1208 733 1276 primo
765 1204 1000 1268 homini,
1033 1204 1127 1259 sed
1155 1205 1314 1259 etiam
1343 1203 1575 1257 humano
1603 1203 1787 1274 generi

200 1298 421 1368 primum
456 1297 585 1352 illud
622 1295 854 1352 obfuisse
885 1303 1181 1365 peccatum,
1209 1309 1313 1349 non
1346 1294 1652 1364 propagine,
1687 1292 1783 1348 scd

199 1389 476 1459 exemplo;
511 1409 532 1442 ›
563 1388 615 1444 id
645 1397 746 1451 est,
773 1403 879 1442 non
907 1388 1048 1458 quod
1076 1405 1139 1442 ex
1169 1387 1259 1441 illo
1287 1387 1549 1441 traxerint
1572 1385 1785 1456 aliquod

199 1481 411 1543 ritium,
446 1479 536 1549 qui
579 1494 644 1534 ex
689 1479 782 1533 illo
827 1477 1099 1549 propagati
1139 1485 1297 1544 sunt,
1337 1475 1430 1531 sed
1478 1477 1619 1547 quod
1663 1491 1783 1530 eum

201 1570 420 1640 primum
466 1577 777 1638 peccantem
809 1569 997 1624 imitati
1044 1576 1170 1623 sunt
1214 1581 1434 1634 omnes,
1468 1567 1557 1637 qui
1601 1577 1786 1638 postea

202 1660 593 1729 peccaverunt?
638 1669 732 1714 aut
758 1660 878 1729 quia
909 1658 1064 1726 dicit,
1100 1677 1120 1710 ι
1157 1657 1276 1713 ideo
1320 1656 1546 1713 infantes
1585 1674 1690 1712 non
1729 1659 1782 1714 in

201 1765 258 1806 eo
295 1761 439 1806 statu
477 1765 633 1816 esse,
667 1751 718 1805 in
747 1765 852 1821 quo
894 1748 993 1805 fuit
1020 1749 1190 1805 Adam
1217 1758 1341 1805 ante
1386 1751 1784 1818 prmvaricatio-

203 1858 346 1909 nem,
375 1843 504 1915 quia
553 1843 637 1899 isti
686 1850 1008 1912 praeceptum
1040 1857 1232 1912 capere
1273 1841 1508 1897 nondum
1538 1851 1780 1912 possunt,

205 1936 280 1990 ille
337 1945 521 1991 autem
572 1934 783 2004 potuit;
839 1933 1184 2003 nondumque
1241 1941 1460 1986 utuntur
1511 1932 1784 1987 rationalis

206 2027 482 2082 voluntatis
528 2026 781 2093 arbitrio,
831 2040 938 2096 quo
985 2024 1076 2080 ille
1121 2023 1225 2078 nisi
1271 2031 1529 2090 uteretur,
1579 2039 1685 2078 non
1733 2020 1782 2078 ei

204 2129 518 2190 praeceptum
569 2118 828 2174 daretur?
875 2135 894 2170 ›
937 2115 1073 2185 Quid
1119 2115 1220 2170 hoc
1262 2114 1328 2170 ad
1374 2130 1488 2170 rem
1535 2115 1780 2186 pertinet,

206 2212 314 2280 quia
345 2209 515 2265 verba
543 2209 643 2264 sibi
671 2208 877 2279 objecta
908 2207 986 2263 sic
1012 2204 1350 2275 exponendo,
1377 2215 1523 2261 recte
1549 2220 1608 2260 se
1637 2214 1784 2277 putat

204 2303 474 2356 damnasse
521 2300 664 2371 quod
710 2300 941 2366 dicitur,
989 2317 1010 2352 ‹
1059 2307 1335 2369 peccatum
1366 2297 1494 2353 Adzr.
1538 2299 1638 2368 ipsi
1685 2298 1780 2353 soli

206 2392 463 2458 obfuisse,
509 2400 567 2446 et
606 2405 714 2446 non
761 2389 945 2460 generi
993 2388 1271 2452 humano;
1317 2395 1372 2443 et
1415 2387 1644 2442 infantes
1691 2387 1782 2458 qui

208 2492 519 2548 nascuntur,
549 2481 604 2536 in
647 2495 714 2537 eo
755 2488 896 2536 statu
933 2495 1087 2545 esse,
1119 2479 1172 2536 in
1203 2494 1309 2552 quo
1335 2479 1503 2534 Adam
1535 2479 1632 2534 fuit
1658 2489 1784 2536 ante

207 2587 469 2647 peccatum
499 2593 514 2629 :
553 2593 572 2627 ι
604 2582 659 2630 ct
683 2582 862 2630 tamen
893 2572 976 2628 his
1012 2572 1275 2628 damnatis
1314 2587 1418 2628 non
1460 2572 1786 2628 mendaciter

210 2680 398 2737 tenere,
429 2668 576 2740 quod
601 2669 652 2723 in
682 2667 798 2737 ejus
824 2676 1010 2738 postea
1044 2665 1360 2738 conscriptis
1401 2666 1669 2736 cpusculis
1701 2667 1783 2720 in-

206 2762 436 2827 venitur,
475 2777 496 2810 ι
536 2759 653 2814 sine
695 2757 802 2830 ullo
845 2758 984 2812 malo
1008 2799 1022 2824 ,
1065 2757 1182 2812 sine
1227 2756 1335 2810 ullo
1367 2755 1495 2810 vitio
1536 2757 1786 2825 parvulos

206 2855 353 2916 nasci,
379 2862 436 2906 et
461 2849 567 2905 hoc
591 2849 764 2904 solum
792 2848 843 2903 in
871 2848 951 2903 eis
978 2862 1118 2913 esse,
1147 2847 1288 2918 quod
1312 2847 1451 2902 Deus
1475 2846 1731 2914 condidit,
1757 2865 1778 2900 ι

205 2958 298 2998 non
319 2943 516 2997 vulnus
547 2939 688 3012 quod
715 2939 962 2996 inimicus
991 2939 1223 2996 inﬂixit?

265 3035 493 3090 CAPUT
531 3032 674 3088 XVI.
703 3063 776 3074 —
801 3034 889 3087 I7.
917 3031 1178 3103 Numquid
1211 3031 1324 3087 hmc
1352 3031 1594 3098 dicendo,
1624 3033 1784 3088 verba

208 3139 418 3200 propter
444 3125 588 3181 aliud
617 3125 825 3196 objecta
853 3125 1008 3181 aliter
1035 3123 1372 3194 exponendo,
1406 3124 1456 3178 id
1484 3125 1610 3195 agit,
1645 3134 1700 3179 ut
1727 3123 1786 3181 εδ

205 3220 394 3289 judices
441 3233 552 3272 non
599 3215 852 3272 fefellisse
893 3215 1269 3271 demonstret?
1316 3214 1544 3270 Prorsus
1587 3231 1690 3270 non
1734 3216 1785 3270 id

206 3312 352 3367 efficit
387 3330 404 3367 :
440 3320 591 3366 tanto
616 3309 758 3366 enim
796 3306 988 3364 fefellit
1011 3307 1292 3373 occultius,
1336 3317 1535 3378 quanto
1571 3309 1789 3378 exponit

205 3407 293 3461 ista
349 3407 643 3462 versutius.
701 3405 949 3476 Episcopi
1025 3403 1220 3474 quippe
1272 3401 1521 3458 catholici
1574 3401 1786 3472 quando

208 3497 482 3554 audiebant
501 3497 774 3552 hominem
798 3494 1332 3551 anathematizantem
1355 3510 1448 3550 eos
1469 3493 1556 3564 qui
1580 3494 1782 3561 dicunt,

212 3609 226 3641 ι
255 3591 379 3646 Ada:
425 3598 702 3662 peccatum
747 3589 846 3659 ipsi
878 3589 976 3644 soli
1018 3585 1287 3655 obfuisse,
1319 3602 1423 3642 non
1471 3587 1650 3657 generi
1682 3587 1784 3641 hu-

153 3736 164 3752 \
207 3697 390 3749 manu;
429 3699 450 3734 ι
484 3681 624 3736 nihil
651 3679 793 3734 aliud
824 3694 946 3734 eum
977 3692 1166 3748 sapere
1194 3677 1588 3744 existimabant,
1626 3692 1782 3746 quam

206 3773 252 3826 id
305 3773 447 3844 quod
503 3770 762 3826 catholica
831 3769 1068 3825 Ecclesia
1122 3769 1412 3839 praedicare
1463 3768 1781 3822 consuevit:

206 3865 335 3920 unde
364 3865 632 3920 veraciter
661 3862 912 3933 parvulos
955 3862 1008 3916 in
1046 3872 1384 3932 peccatorum
1414 3860 1780 3916 remissionem

203 3955 424 4026 baptizat
445 3998 461 4023 ,
491 3970 597 4009 non
625 3969 744 4025 qua:
775 3951 1033 4008 imitando
1060 3951 1336 4018 fecerunt,
1372 3960 1588 4021 propter
1628 3951 1782 4021 primi

203 4049 492 4118 peccatoris
519 4045 819 4117 exemplum
845 4062 860 4111 ;
906 4044 1002 4100 sed
1031 4059 1150 4114 quae
1184 4043 1455 4099 nascendo
1483 4050 1780 4108 traxerunt,

204 4151 412 4211 propter
449 4133 677 4210 originis
707 4138 914 4192 vitium.
964 4137 1033 4191 Et
1075 4135 1286 4207 quando
1328 4136 1614 4192 audiebant
1652 4151 1784 4190 ana-

205 4236 628 4290 thematizantcm
656 4245 751 4286 cos
790 4230 879 4301 qui
908 4229 1122 4293 dicunt;
1154 4227 1380 4283 infantes
1423 4229 1509 4298 qni
1553 4242 1782 4282 nascun-

205 4339 299 4393 tur,
335 4328 385 4382 in
427 4341 494 4382 eo
524 4333 663 4381 statu
692 4337 846 4390 esse,
879 4321 931 4376 in
963 4335 1070 4392 quo
1097 4319 1266 4375 Adam
1298 4319 1396 4374 fuit
1423 4328 1546 4374 ante
1575 4333 1781 4389 praeva-

202 4419 546 4482 ricationem;
580 4434 600 4467 ι
634 4413 767 4469 nihil
795 4429 917 4469 eum
949 4411 1093 4466 aliud
1123 4410 1300 4466 dicere
1328 4409 1646 4474 credebant,
1680 4408 1782 4464 nisi

200 4527 288 4567 eos
333 4510 419 4581 qui
468 4508 717 4580 parvulos
765 4514 952 4575 putant
997 4503 1200 4558 nullum
1247 4516 1312 4556 ex
1346 4501 1512 4555 Adam
1562 4500 1784 4556 traxisse

200 4611 489 4674 peccatum,
540 4608 593 4656 et
638 4596 932 4654 secundum
977 4595 1081 4650 hoc
1128 4595 1181 4649 in
1225 4608 1296 4648 eo
1347 4601 1490 4648 statu
1539 4608 1681 4660 esse,
1729 4594 1782 4649 in

199 4709 298 4762 quo
337 4693 430 4746 fuit
459 4691 548 4745 ille
585 4698 710 4744 ante
739 4695 1034 4759 peccatum.
1081 4685 1292 4740 Etenim
1323 4685 1426 4740 hoc
1464 4685 1540 4740 illi
1579 4685 1780 4754 olijice-

201 4785 403 4847 retur’,
435 4797 543 4837 non
572 4780 744 4845 aliud,
781 4779 921 4834 unde
947 4778 1170 4849 quaestio
1194 4778 1524 4833 versabatur.
1555 4777 1784 4834 Proinde

197 4892 316 4930 cum
350 4875 450 4930 hoc
477 4875 577 4928 iste
606 4872 682 4927 sic
711 4871 949 4940 exponit,
981 4878 1040 4924 ut
1079 4869 1238 4936 dicat,
1271 4868 1498 4924 infantes
1526 4868 1648 4924 ideo
1677 4885 1782 4924 non

199 4968 246 5019 in
294 4981 362 5022 eo
403 4973 544 5020 statu
585 4977 706 5018 esse
727 5004 742 5028 ,
771 4962 828 5015 in
857 4975 961 5030 quo
987 4958 1156 5014 Adam
1198 4958 1297 5013 fuit
1333 4969 1457 5015 ante
1485 4969 1780 5028 peccatum,

197 5060 317 5127 quia
365 5055 602 5111 nondum
651 5061 778 5109 sunt
827 5052 879 5106 in
924 5049 1112 5106 eadem
1159 5049 1409 5105 firmitate
1454 5049 1648 5104 mentis
1693 5059 1787 5104 aut

197 5151 462 5221 corporis,
492 5163 602 5203 non
629 5145 771 5217 quod
801 5145 853 5199 in
881 5157 976 5198 eos
1017 5141 1288 5197 transierit
1327 5141 1430 5196 ulla
1467 5134 1627 5211 culpa
1657 5156 1785 5211 pro-

199 5243 422 5312 paginis,
445 5236 836 5309 respondeatur
859 5234 909 5289 ei
935 5251 948 5287 :
971 5231 1197 5301 Quando
1221 5231 1313 5288 tibi
1339 5231 1426 5286 illa
1453 5231 1784 5286 damn’anda'

195 5333 589 5404 objiciebantur
609 5371 623 5396 ,
650 5345 759 5384 non
787 5343 848 5383 ea
879 5325 1124 5383 catholici
1154 5325 1386 5396 episcopi
1413 5325 1492 5380 sic
1517 5325 1783 5394 intellige-

194 5428 358 5486 bant:
411 5425 536 5480 ideo
581 5437 704 5477 cum
744 5421 831 5476 illa
880 5419 1163 5474 damnares
1205 5416 1526 5472 catholicum
1571 5425 1624 5470 te
1667 5429 1786 5470 esse

193 5518 505 5573 credebant.
537 5514 828 5583 Propterea
857 5525 1007 5580 ergo,
1039 5510 1177 5580 quod
1207 5518 1258 5565 te
1285 5510 1359 5564 illi
1391 5523 1578 5578 sapere
1606 5507 1787 5561 existi-

193 5610 434 5671 tnahant,
478 5603 860 5659 absolvendum
906 5601 1050 5656 fuit:
1091 5599 1231 5670 quod
1261 5615 1386 5655 vero
1432 5609 1485 5653 tu
1521 5599 1782 5668 sapiebas,

259 5736 274 5764 ι
308 5742 562 5780 Vaticanus
585 5728 762 5786 codex,
787 5725 873 5774 hoc
899 5725 967 5775 ibi
982 5724 1311 5787 objiciebalur.

254 5797 275 5825 ³
296 5802 397 5842 nuo
423 5800 550 5849 3155.,
589 5790 832 5838 danumta.
871 5795 989 5837 Item
1022 5788 1160 5850 [aulo
1185 5795 1309 5850 post,
1343 5787 1426 5851 qui
1458 5788 1682 5836 delimata
1725 5791 1790 5835 tc-

189 5856 356 5907 misti.

479 5938 709 6001 SANCT.
746 5937 1016 5996 Aususr.
1048 5935 1131 5994 Χ.

1295 353 1496 410 LIBER
1539 353 1623 409 DE
1664 351 1970 410 PIECCATO
2009 357 2380 413 ORIGINALI.

3377 371 3485 429 39L

1903 469 2258 528 damnandum
2310 473 2422 528 fuit.
2479 475 2593 531 Non
2636 491 2761 548 ergo
2824 487 2880 533 tu
2929 480 3202 538 absolutus
3249 498 3340 552 es,
3391 485 3486 558 qui

1900 561 2198 618 damnanda
2242 565 2500 621 tenuisti:
2532 567 2624 624 sed
2668 569 2795 624 illud
2841 570 3140 627 absolutum
3187 582 3288 639 est,
3336 574 3484 645 quod

1899 661 2084 708 tenere
2129 653 2377 710 debuisti.
2434 655 2504 714 Ut
2547 665 2722 713 autem
2773 668 2827 714 tu
2875 660 3150 717 absolutus
3195 664 3479 733 putareris,

1899 746 2135 802 creditus
2177 761 2236 802 es
2278 749 2476 804 sentire
2523 749 2803 818 laudanda,
2854 767 2974 808 cum
3028 763 3078 809 te
3120 754 3327 825 judices
3371 771 3481 811 non

1897 835 2257 906 intelligerent
2318 839 2585 894 occultare
2643 839 2959 896 damnanda.
3021 843 3186 899 Recte
3242 844 3486 901 Caelesti!

1896 927 2072 982 socius
2094 928 2360 999 judicatus
2399 945 2478 998 es,
2521 930 2672 1001 cujus
2714 932 3023 989 manifestas
3060 935 3114 990 t‘e
3152 950 3272 992 esse
3308 936 3479 1007 parti-

1896 1017 2088 1087 cipem.
2117 1017 2186 1072 Et
2213 1020 2257 1074 si
2286 1019 2336 1074 in
2360 1020 2561 1091 judicio
2586 1029 2706 1078 tuos
2733 1023 3052 1093 cooperuisti
3081 1024 3262 1093 libros,
3296 1035 3476 1082 tamen

1895 1118 2016 1178 post
2039 1108 2294 1179 judicium
2322 1126 2417 1168 eos
2444 1112 2678 1169 edidisti.

1964 1198 2190 1255 CAPUT
2229 1201 2390 1257 XVII.
2421 1233 2489 1243 —
2515 1204 2601 1260 I8.
2638 1204 2768 1271 Quae
2809 1220 2930 1260 cum
2972 1205 3045 1260 ita
3074 1206 3202 1274 sint,
3238 1207 3478 1278 profecto

1893 1291 2121 1360 sentitis,
2154 1292 2205 1347 in
2237 1302 2341 1348 tam
2379 1295 2593 1349 nefandi
2623 1296 2822 1351 erroris
2849 1304 3115 1364 auctores,
3156 1297 3477 1368 episcopalia

1892 1383 2116 1437 concilia
2136 1425 2151 1450 ,
2190 1393 2244 1438 et
2269 1386 2627 1454 Apostolicam
2668 1384 2859 1442 Sedem
2881 1427 2897 1454 ,
2936 1387 3343 1458 uuiversamque
3371 1387 3480 1442 Ro-

1892 1491 2100 1530 manam
2148 1476 2474 1545 Ecclesiam,
2521 1477 2926 1550 Romanumque
2977 1481 3291 1550 imperium,
3332 1481 3477 1552 quod

1892 1566 2001 1622 Deo
2029 1568 2254 1638 propitio
2279 1569 2626 1624 christianum
2653 1580 2764 1639 est,
2792 1572 3086 1628 rectissime
3124 1572 3288 1627 fuisse
3323 1587 3476 1628 com-

1891 1668 2092 1713 motum
2125 1658 2226 1732 (a)
2254 1701 2270 1728 ,
2315 1659 2487 1716 donec
2535 1661 2850 1732 resipiscam
2896 1663 2963 1718 de
3010 1663 3204 1718 diaboli
3247 1664 3475 1735 laqueis.

1889 1751 2019 1819 Quis
2047 1753 2189 1807 enim
2236 1753 2356 1818 scit,
2403 1769 2470 1809 ne
2513 1753 2649 1809 forte
2690 1754 2782 1810 det
2812 1755 2914 1809 illis
2946 1755 3086 1811 Deus
3109 1755 3476 1827 paenitentiam

1890 1844 1956 1899 ad
1995 1844 2441 1916 cognoscendam,
2482 1855 2536 1901 et
2573 1846 2951 1914 confitendam,
2993 1856 3049 1903 et
3088 1847 3478 1918 praedicandam

1889 1935 2050 1990 etiam
2087 1935 2364 1991 veritatem
2382 1978 2397 2004 ,
2430 1935 2892 2008 damnandamque
2915 1938 3178 1993 veraciter
3202 1937 3481 1994 damnabi-

1888 2027 1993 2082 lem
2035 2025 2356 2082 falsitatem?
2397 2027 2622 2098 Quoquo
2662 2029 2822 2083 modo
2861 2037 3037 2084 autem
3068 2043 3128 2084 se
3166 2027 3364 2086 habere
3391 2029 3478 2085 isti

1889 2116 2088 2185 velint,
2116 2117 2301 2172 multis
2339 2125 2517 2173 tamen
2559 2119 2922 2174 misericordia
2953 2120 3162 2176 Domini
3187 2135 3308 2176 esse
3343 2135 3480 2176 con-

1888 2207 2108 2276 sultum,
2135 2209 2224 2278 qui
2247 2223 2341 2264 eos
2365 2217 2645 2280 pr0pterea
2675 2210 3034 2277 sectabantur,
3057 2213 3178 2282 quia
3202 2212 3478 2268 catholica:

1887 2299 2250 2356 communioni
2265 2301 2517 2357 videbant
2540 2316 2660 2358 esse
2680 2303 2929 2373 sociatos,
2951 2303 3196 2360 dubitare
3219 2320 3324 2361 non
3349 2317 3444 2376 pos

1888 2408 2090 2448 sumus.

1959 2483 2047 2538 I9.
2088 2482 2368 2552 Quomodo
2396 2493 2571 2541 autem
2612 2485 2855 2558 Pelagius
2888 2487 3150 2558 obrepere
3194 2490 3478 2544 tentaverit

1889 2572 1954 2628 ad
1979 2572 2265 2628 fallendum
2292 2574 2454 2630 etiam
2480 2575 2800 2645 Apostolicte
2826 2575 2983 2632 Sedis
3010 2577 3314 2648 episcopale
3333 2577 3478 2648 judi-

1888 2663 2026 2718 cium
2065 2663 2117 2717 in
2154 2663 2253 2718 hac
2291 2665 2404 2735 ipsa
2441 2664 2735 2735 quaestione
2767 2665 2836 2721 de
2872 2666 3198 2737 Baptismate
3233 2669 3482 2738 parvulo-

1885 2764 2029 2822 rum,
2057 2754 2342 2826 diligenter
2385 2755 2661 2812 attendite.
2704 2757 2762 2812 In
2800 2756 2992 2814 litteris
3034 2760 3176 2815 enim
3211 2775 3343 2831 quas
3366 2759 3478 2816 Ro-

1891 2859 2032 2898 mam
2069 2845 2214 2900 misit
2254 2844 2321 2900 ad
2347 2845 2516 2901 beata:
2555 2841 2829 2901 memoria:
2860 2863 3050 2918 papam
3087 2847 3478 2918 Innocentium,

1891 2938 2141 3009 quoniam
2182 2938 2235 2992 in
2280 2953 2506 3009 corpore
2538 2953 2659 2994 eum
2701 2955 2807 2995 non
2845 2941 3181 3009 invenerunt,
3211 2953 3265 2999 et
3295 2955 3479 3000 sancto

1894 3046 2041 3101 papae
2067 3030 2284 3086 Zosimo
2309 3031 2444 3086 data:
2488 3040 2643 3100 sunt,
2675 3042 2832 3104 atque
2858 3033 2924 3089 ad
2967 3051 3066 3091 nos
3095 3036 3219 3092 inde
3242 3035 3478 3105 dircctm,

1890 3126 2019 3182 dicit
2041 3145 2061 3178 α
2094 3141 2153 3182 se
2176 3127 2244 3182 ab
2269 3126 2576 3182 hominibus
2600 3127 2867 3196 infamari,
2896 3129 3036 3200 quod
3064 3139 3222 3201 neget
3245 3133 3480 3201 parvulis

1891 3220 2146 3291 Baptismi
2176 3230 2593 3289 sacramentum,
2622 3230 2675 3278 et
2704 3222 2907 3294 absque
2933 3223 3304 3296 redemptione
3329 3225 3482 3282 Chri-

1891 3311 1956 3365 sti
1995 3312 2260 3382 aliquibus
2299 3312 2556 3367 ccelorum
2605 3328 2768 3384 regna
2813 3315 3109 3384 promittat.
3157 3335 3176 3370 ι
3225 3316 3333 3373 Sed
3371 3334 3478 3373 non

1891 3401 1968 3456 sic
2008 3402 2114 3456 illis
2148 3401 2263 3456 lucc
2301 3403 2642 3473 objiciuntur,
2668 3415 2725 3459 ut
2759 3406 2956 3475 posuit.
2999 3406 3131 3462 Nam
3157 3424 3328 3479 neque
3360 3425 3484 3479 par.

1891 3492 2029 3548 vulis
2085 3509 2280 3564 negant
2334 3493 2589 3565 Baptismi
2648 3505 3082 3567 sacramentum,
3129 3514 3228 3554 nec
3281 3501 3480 3570 absque

1891 3583 2256 3655 redemptione
2301 3585 2495 3641 Christi
2541 3586 2804 3657 aliquibus
2843 3589 3100 3643 caelorum
3145 3606 3306 3662 regna
3353 3607 3480 3662 pro-

1891 3675 2125 3730 mittunt.
2155 3676 2335 3747 Itaque
2365 3677 2504 3733 unde
2546 3693 2604 3733 se
2645 3679 2885 3748 queritur
2925 3681 3188 3748 infamari,
3219 3699 3285 3739 eo
3315 3685 3476 3740 modo

1891 3769 2187 3839 proposuit,
2217 3780 2273 3824 ut
2303 3769 2458 3826 facile
2485 3779 2667 3841 posset
2701 3773 2909 3827 crimini
2937 3774 3148 3846 objecto
3166 3819 3182 3845 ,
3210 3778 3356 3834 salvo
3382 3793 3480 3833 suo

1889 3860 2156 3930 dogmate,
2185 3861 2533 3930 respondere.

1959 3952 2184 4010 CAPUT
2222 3953 2411 4010 XVIII.
2437 3985 2510 3998 —-
2535 3956 2795 4028 Objicitur
2819 3968 2995 4014 autem
3030 3961 3133 4017 illis
3154 3963 3339 4033 ,‘quod
3371 3979 3476 4019 non

1890 4045 2186 4114 baptizatos
2213 4047 2462 4115 parvulos
2491 4049 2680 4103 nolunt
2707 4049 3034 4106 damnationi
3065 4055 3220 4122 primi
3249 4053 3480 4112 hominis

1889 4138 2150 4192 obnoxios
2182 4139 2448 4207 confiteri,
2476 4149 2531 4196 et
2564 4141 2616 4194 in
2653 4157 2748 4196 eos
2774 4145 3030 4199 transisse
3056 4147 3315 4217 originale
3350 4163 3476 4219 pec-

1887 4239 2064 4283 catum
2103 4229 2504 4298 regeneratione
2546 4232 2917 4301 purgandum;
2963 4238 3212 4304 quoniam
3257 4250 3475 4308 propter

1888 4321 2253 4391 accipiendum
2279 4337 2500 4391 regnum
2523 4323 2778 4378 calorum
2807 4327 3172 4382 tantummodo
3193 4343 3284 4383 eos
3306 4329 3478 4399 bapti-

1889 4413 2090 4468 zandus
2119 4427 2237 4468 esse
2261 4413 2592 4468 contendunt
2620 4433 2633 4468 :
2661 4415 2812 4484 quasi
2841 4425 3036 4484 praeter
3063 4433 3281 4487 regnum
3309 4420 3478 4475 cmlo-

1888 4519 2006 4558 rum
2050 4504 2247 4559 habere
2283 4504 2382 4559 nisi
2421 4512 2673 4559 aeternam
2714 4514 2938 4560 mortem
2967 4507 3205 4576 possint,
3235 4510 3323 4580 qui
3358 4510 3477 4567 sine

1890 4603 2291 4673 participatione
2332 4603 2573 4673 corporis
2598 4611 2652 4658 et
2675 4603 2947 4672 sanguinis
2977 4603 3184 4658 Domini
3219 4614 3475 4661 aeternam

1890 4695 2050 4748 vitam
2081 4694 2275 4750 habere
2301 4710 2405 4748 non
2435 4702 2676 4764 possunt.
2707 4692 2845 4748 Ecce
2870 4693 3011 4763 quod
3036 4695 3113 4749 eis
3138 4694 3385 4763 Objicitur
3409 4697 3476 4751 de

1891 4787 2162 4857 Baptismo
2203 4787 2540 4857 parvulorum
2572 4805 2585 4841 :
2613 4801 2718 4841 non
2747 4785 2884 4856 quod
2918 4786 3031 4857 ipse
3069 4787 3140 4841 ita
3179 4790 3475 4859 pr0posuit,

1889 4888 1946 4932 ut
1989 4878 2155 4949 possit
2197 4893 2306 4933 sua:
2343 4877 2715 4948 propositioni,
2763 4877 2914 4947 quasi
2955 4878 3289 4936 adversantis
3331 4880 3480 4952 obje-

1890 4971 2050 5026 ctioni
2071 5014 2086 5039 ,
2112 4971 2402 5026 secundum
2429 4985 2522 5026 sua
2550 4970 2792 5041 dogmata
2820 4971 3166 5041 respondere.

1961 5060 2052 5116 20.
2095 5061 2332 5132 Denique
2361 5061 2629 5131 quomodo
2653 5061 2973 5130 respondeat
3001 5061 3280 5127 advertite,
3308 5075 3362 5118 et
3390 5066 3474 5120 vi-

1890 5152 2014 5207 dete
2044 5151 2271 5206 latebras
2301 5151 2657 5222 ambiguitatis
2685 5150 2892 5206 falsitati
2927 5166 3229 5222 praeparare
3250 5153 3476 5225 refugia,

1891 5242 2210 5298 offundcndo
2247 5242 2525 5313 caliginem
2565 5241 2808 5308 veritati;
2841 5242 2911 5296 ita
2944 5254 3000 5297 ut
3040 5246 3198 5299 etiam
3231 5262 3328 5301 nos
3355 5263 3474 5301 eum

1895 5335 2118 5405 primum
2163 5349 2222 5389 ea
2265 5334 2515 5404 legimus,
2540 5344 2685 5389 recta
2712 5335 2793 5389 vel
2824 5345 3062 5392 correcta
3093 5338 3473 5407 propemodum

1892 5425 2260 5497 gauderemus.
2293 5425 2397 5480 Sed
2425 5425 2640 5479 latiores
2670 5424 3055 5494 disputationes
3088 5427 3203 5496 ejus
3229 5427 3474 5492 inlibris,

1955 5539 2026 5648 €31)
2062 5539 2314 5597 Possidius,
2340 5538 2388 5585 in
2403 5539 2505 5586 vita
2529 5537 2796 5599 Augustini,
2821 5551 2924 5600 cap.
2947 5538 3033 5586 18:
3063 5556 3083 5583 α
3102 5545 3156 5588 Et
3179 5539 3269 5587 hoc
3293 5538 3387 5589 tale
3413 5541 3479 5590 de

1955 5604 1959 5648 i
2002 5602 2041 5648 is
2063 5600 2284 5648 Ecclesiae
2308 5599 2391 5647 Dei
2416 5597 2654 5647 catholico
2679 5598 2916 5648 prolatum
2938 5600 3164 5648 iudiciuin
3197 5599 3403 5648 audiens
3425 5611 3479 5648 et

1901 5618 1922 5645 α
1945 5597 2041 5648 illis
2063 5600 2284 5649 Ecclesiae
2308 5599 2391 5647 Dei
2416 5597 2654 5647 catholico
2679 5597 2916 5660 prolatum
2933 5600 3164 5661 judicium
3197 5599 3403 5650 audiens
3425 5611 3480 5650 et

1903 5680 1924 5706 α
1947 5674 2166 5722 sequens
2202 5663 2348 5709 etiam
2383 5661 2624 5720 piissimus
2658 5661 3217 5722 imperator-Honorius,
3255 5662 3358 5710 suis
3394 5676 3481 5713 eos

1903 5741 1925 5768 α
1949 5720 2142 5778 legibus
2163 5722 2410 5770 damnatos
2434 5722 2561 5769 inter
2585 5720 2840 5768 haereticos
2871 5720 3037 5767 haberi
3075 5721 3264 5769 debere
3302 5729 3479 5773 consti-

1904 5801 1925 5828 α
1949 5783 2054 5831 tuit.
2134 5784 2432 5852 Itasltnnorii
2460 5781 2600 5843 leges
2640 5782 2791 5829 habes
2830 5781 2980 5840 inira,
3003 5783 3051 5829 in
3093 5791 3226 5844 parte
3268 5787 3480 5836 secunda

1904 5854 2078 5888 Almf’m
2101 5856 2198 5888 ICIS.

1901 5854 2198 5906 Αιιίεριισιιειδ.

2925 5922 2956 6004 ί
2963 5926 3016 5984 1⁷
3019 5925 3230 6004 rem.)
