4012 6478
491 419 494 422 ’
515 416 622 473 595

517 530 608 585 ubi
637 544 695 584 se
718 524 1100 600 quantumlibet
1127 521 1350 592 open-int,
1377 513 1692 592 plerumque
1719 523 1927 591 aperire
1954 535 2103 575 com-

515 623 748 694 pellitur,
780 620 1017 676 fecerunt
1041 617 1193 672 nobis
1217 625 1273 672 et
1295 615 1394 670 ista
1421 623 1674 684 suspecta
1700 656 1716 681 ,
1760 622 1818 668 ut
1854 615 2109 669 attentius

518 716 787 770 intuentes
830 709 1187 766 inveniremus
1215 705 1647 777 ambigua.‘Cum
1676 704 1817 760 enim
1845 704 2104 770 dixisset,

522 825 541 858 ο
581 817 852 874 nunquam
876 816 934 857 se
971 799 1058 856 vel
1083 799 1302 870 impium
1333 798 1562 869 aliquem
1588 796 1895 852 baereticum
1923 795 2106 850 audis-

515 917 594 964 se,
626 897 715 968 qui
745 895 850 950 hoc
878 913 897 948 ι
925 891 1068 966 quod
1096 891 1370 964 pr0posuit
1402 909 1421 944 ι
1447 888 1516 945 de
1543 888 1781 960 parvulis
1807 887 2043 950 diceret;
2081 906 2099 939 ι

514 988 708 1044 deinde
737 986 963 1058 subjecit
988 993 1146 1056 atque
1170 983 1243 1038 ait
1267 1001 1280 1037 :
1315 1002 1334 1036 ι
1368 981 1666 1050 Quisenim
1696 981 1765 1036 ita
1790 978 2108 1050 evangelica:

516 1079 760 1135 lectionis
781 1079 995 1150 ignarus
1020 1082 1124 1143 est,
1152 1075 1241 1146 qui
1264 1073 1368 1129 hoc
1399 1088 1503 1128 non
1530 1071 1688 1128 modo
1711 1070 1984 1127 affirmare
2012 1086 2106 1125 co-

517 1181 675 1228 netur
697 1211 712 1238 ,
739 1168 836 1226 sed
879 1168 970 1240 qui
1008 1167 1090 1224 vel
1121 1166 1306 1222 leviter
1349 1165 1558 1232 dicere,
1591 1175 1682 1220 aut
1723 1163 1882 1219 etiam
1908 1163 2108 1217 sentire

517 1261 723 1332 possit?
750 1260 950 1317 Deinde
977 1258 1094 1330 quis
1126 1268 1230 1313 tam
1260 1257 1487 1327 impius,
1517 1255 1608 1326 qui
1654 1254 1899 1326 parvulos
1925 1268 2107 1308 exsor-

472 1393 478 1426 ρ
523 1366 607 1410 tes
632 1354 780 1426 regni
809 1351 1068 1409 calorum
1095 1365 1215 1405 esse
1242 1349 1396 1415 velit,
1437 1347 1563 1403 dum
1583 1361 1677 1403 eos
1697 1345 1951 1418 baptizari
1973 1354 2026 1401 et
2054 1344 2107 1400 in

471 1421 477 1468 θ
521 1443 732 1500 Christo
762 1444 966 1499 renasci
999 1443 1197 1498 vetat‘.
1236 1461 1254 1494 ›

590 1533 816 1591 CAPUT
855 1534 995 1589 XIX.
1037 1563 1107 1576 -—-
1140 1532 1227 1588 2i.
1272 1531 1489 1586 Frustra
1517 1531 1614 1586 ista
1645 1528 1774 1586 dicit
1807 1546 1820 1582 :
1851 1543 1955 1584 non
1987 1527 2109 1582 inde

523 1641 582 1682 se
611 1634 816 1696 purgat.
848 1623 905 1679 In
931 1639 1152 1695 regnum
1178 1623 1435 1678 caelorum
1475 1622 1591 1676 sine
1609 1618 1889 1689 ‘Baptismo
1917 1633 2110 1690 parvu-

521 1720 604 1775 los
625 1719 826 1774 intrare
851 1733 956 1772 non
986 1732 1172 1788 posse,
1205 1731 1303 1772 nec
1330 1715 1426 1786 ipsi
1451 1714 1734 1786 aliquando
1763 1723 2105 1785 negaverunt.

522 1809 630 1865 Sed
668 1826 772 1864 non
817 1809 940 1864 inde
977 1809 1201 1880 quaestio
1243 1816 1326 1862 est
1353 1826 1367 1863 :
1398 1807 1464 1862 de
1506 1805 1813 1877 purgatione
1838 1804 2108 1876 originalis

523 1901 727 1972 peccati
770 1901 822 1954 in
865 1900 1096 1970 parvulis
1123 1899 1347 1970 quaestio
1375 1907 1476 1954 est.
1521 1897 1649 1954 Inde
1678 1912 1737 1954 se
1779 1907 1986 1968 purget,
2019 1897 2108 1968 qui

527 2007 632 2050 non
663 1993 772 2047 vult
802 1991 986 2058 fateri,
1032 1991 1299 2047 lavacrum
1339 1988 1756 2061 regenerationis
1798 1988 1849 2043 in
1879 1987 2110 2058 parvulis

529 2085 728 2142 habere
753 2085 893 2156 quod
929 2093 1135 2156 purget.
1168 2084 1236 2140 Et
1261 2083 1378 2139 ideo
1406 2091 1597 2139 caetera
1624 2094 1742 2154 qum
1766 2081 2004 2138 dicturus
2030 2089 2112 2136 est

527 2176 879 2232 attendamus.
908 2177 1037 2232 Post
1062 2175 1430 2246 interpositum
1462 2173 1604 2229 enim
1630 2187 1698 2229 ex
1727 2173 2012 2244 Evangelio
2035 2182 2111 2228 te-

528 2270 857 2335 stimonium,
882 2269 1023 2340 quod
1055 2269 1152 2324 nisi
1175 2275 1389 2323 renatus
1412 2282 1476 2322 ex
1498 2282 1632 2339 aqua
1653 2275 1707 2323 et
1731 2266 1933 2337 Spiritu
1953 2269 1996 2332 ’,
2029 2281 2112 2320 re-

529 2375 690 2429 gnum
730 2360 986 2416 cmlorum
1028 2360 1204 2416 nullus
1238 2366 1406 2430 possit
1446 2360 1645 2414 intrare
1672 2357 1861 2432 (Joan.
1892 2371 1967 2423 ut,
1999 2355 2068 2431 5)
2091 2401 2115 2423 ,,

532 2451 672 2507 unde
709 2451 832 2516 illis,
863 2458 921 2505 ut
944 2451 1195 2515 diximus,
1232 2451 1377 2506 nulla
1403 2450 1461 2505 fit
1487 2450 1744 2521 quzestio;
1775 2457 1992 2504 secutus
2018 2449 2112 2504 ad-

529 2544 720 2613 junxit,
743 2543 926 2600 dicens
955 2560 968 2596 :
1005 2561 1023 2594 ι
1051 2542 1179 2612 Quis
1209 2542 1298 2598 ille
1324 2551 1432 2598 tam
1458 2543 1652 2612 impius
1679 2549 1782 2610 est,
1813 2542 1902 2613 qui
1930 2541 2111 2612 cujus-

535 2638 665 2692 libet
683 2637 853 2694 :etatis
876 2636 1092 2707 parvqu
1118 2635 1398 2691 interdicat
1422 2649 1760 2692 communem
1787 2635 2001 2690 humani
2021 2651 2113 2706 ges

531 2730 674 2786 neris
701 2728 1157 2798 redemptionem?
1190 2746 1211 2780 ι
1253 2729 1322 2782 Ει
1360 2726 1462 2782 hoc
1503 2727 1806 2797 ambiguum
1837 2736 1948 2792 est,
1977 2742 2111 2797 qua-

533 2823 636 2877 lem
663 2820 802 2878 dicat
821 2817 1240 2888 redemptionem
1265 2833 1279 2870 :
1309 2825 1482 2871 utrum
1521 2832 1586 2871 ex
1617 2816 1756 2871 malo
1777 2816 1842 2872 ad
1875 2818 2068 2872 bonum
2096 2857 2110 2880 ,

531 2927 599 2966 an
621 2926 686 2966 ex
710 2910 852 2964 bono
876 2908 943 2962 ad
966 2907 1174 2962 melius.
1197 2905 1328 2962 Nam
1355 2914 1410 2962 et
1429 2904 1710 2962 Caelestius
1735 2906 1871 2975 apud
1894 2905 2113 2961 Cartha-

527 3004 705 3074 ginem
735 3003 787 3056 in
815 2999 992 3055 libello
1012 3012 1110 3053 suo
1139 2999 1416 3054 confessus
1437 3007 1517 3053 est
1540 2997 1963 3068 redemptionem
1995 3013 2113 3068 par-

529 3095 810 3159 vulorum,
841 3101 896 3147 et
938 3099 1114 3146 tamen
1155 3090 1324 3146 noluit
1351 3089 1594 3146 conﬁteri
1622 3105 1688 3146 ex
1727 3089 1896 3146 Adam
1928 3091 1978 3146 in
2021 3104 2115 3144 eos

530 3185 782 3241 transisse
811 3191 1108 3253 peceatum.

599 3274 824 3333 CAPUT
863 3272 982 3330 XX.
1013 3305 1087 3316 —
1118 3273 1208 3328 22.
1241 3272 1344 3330 Sed
1375 3271 1501 3344 quid
1534 3274 1727 3331 deinde
1757 3275 1856 3331 iste
1892 3274 2113 3346 subjun-

528 3377 638 3440 gat,
662 3366 919 3422 advertite
952 3383 966 3421 :
1001 3383 1022 3418 ‹
1051 3366 1116 3420 Et
1139 3365 1192 3420 in
1212 3377 1544 3437 perpetuam,
1576 3386 1595 3420 ι
1627 3367 1812 3438 inquit,
1844 3385 1864 3420 ι
1891 3377 2118 3421 certain-

528 3478 632 3534 que
671 3464 830 3519 vitam
856 3465 1065 3520 renasci
1090 3472 1233 3520 vetet
1264 3479 1387 3520 eum
1430 3465 1520 3536 qui
1560 3473 1716 3519 natus
1743 3465 1812 3519 sit
1841 3463 1906 3518 ad
1939 3463 2117 3519 incer-

530 3555 678 3610 tam?
705 3573 725 3608 ι
761 3555 811 3611 id
841 3562 943 3624 est,
974 3556 1106 3625 Quis
1143 3564 1248 3612 tam
1276 3556 1471 3627 impius
1496 3564 1612 3623 est,
1654 3565 1711 3611 ut
1737 3564 1878 3612 vetet
1910 3557 2118 3611 renasci

530 3647 594 3703 ad
625 3659 933 3719 perpetuam
960 3658 1269 3720 certamque
1307 3649 1470 3704 vitam
1499 3664 1621 3705 eum
1649 3649 1738 3720 qui
1778 3657 1930 3704 natus
1955 3648 2024 3703 sit
2051 3647 2118 3703 ad

529 3741 827 3799 incertam?
869 3741 996 3798 Haec
1019 3742 1180 3798 verba
1207 3741 1420 3814 quando
1445 3741 1690 3812 primitus
1717 3741 1958 3812 legimus,
1996 3755 2119 3796 cre-

530 3838 760 3894 didimus
804 3854 927 3894 eum
973 3841 1229 3894 incertam
1271 3837 1434 3893 vitam
1478 3839 1632 3892 istam
1671 3836 1904 3892 voluisse
1940 3835 2121 3892 dicere

531 3929 878 4000 temporalem
932 3947 945 3983 :
1001 3930 1244 4000 quamvis
1279 3928 1434 3985 nobis
1477 3927 1748 3984 videretur
1793 3929 1961 3998 magis
2001 3943 2119 3982 eam

532 4021 813 4078 mortalem
854 4021 1034 4078 dicere
1067 4020 1336 4090 debuisse,
1366 4036 1524 4093 quam
1565 4021 1858 4086 incertam,
1886 4035 1952 4076 eo
1979 4019 2119 4090 quod

532 4121 678 4168 certa
722 4122 895 4168 morte
934 4112 1166 4168 ﬁniatur.
1205 4113 1407 4170 Tamen
1434 4111 1688 4184 quamdiu
1721 4111 1952 4180 ducitur,
1983 4127 2120 4183 quo-

534 4206 675 4260 niam
702 4206 986 4262 momentis
1009 4206 1258 4262 omnibus
1293 4220 1418 4263 esse
1446 4222 1553 4262 non
1581 4205 1852 4262 dubitatur
1877 4206 2118 4271 incerta;

535 4297 666 4352 nihil
713 4297 854 4353 aliud
894 4313 1015 4353 eum
1057 4298 1394 4368 putavimus,
1439 4313 1598 4369 quam
1641 4298 1796 4354 istam
1840 4296 2120 4353 mortalem

534 4391 694 4445 vitam
717 4389 968 4446 maluisse
992 4389 1172 4446 dicere
1201 4389 1478 4445 incertam.
1509 4389 1586 4444 Ac
1607 4404 1702 4460 per
1730 4389 1851 4454 hoc,
1883 4387 2122 4458 quamvis

534 4488 789 4537 :eternam
818 4490 1045 4537 mortem
1075 4481 1414 4551 parvulorum
1442 4479 1559 4535 sine
1579 4479 1919 4549 Baptismatis
1945 4493 2124 4534 sacra-

537 4580 720 4628 mento
752 4587 821 4626 ex
851 4571 949 4626 hac
976 4571 1080 4626 vita
1107 4571 1446 4641 migrantium
1475 4578 1661 4640 aperte
1701 4569 1929 4625 noluerit
1952 4569 2123 4624 confl-

537 4662 673 4727 teri;
700 4671 873 4717 tamen
891 4660 958 4716 de
986 4661 1075 4715 illo
1101 4660 1514 4715 sollicitudinem
1536 4668 1774 4714 nostram
1799 4659 1948 4729 quasi
1975 4669 2123 4715 certa

539 4752 873 4808 ratiocinatio
897 4751 1190 4806 solabatur.
1226 4750 1545 4806 Dicebamus
1570 4749 1714 4805 enim
1741 4768 1756 4804 :
1785 4749 1840 4805 Si
1868 4758 2123 4820 perpetua

537 4845 667 4912 vita,
695 4845 835 4900 sicut
858 4843 1100 4900 confiteri
1131 4843 1359 4911 videtur,
1388 4844 1489 4899 nisi
1526 4859 1712 4901 eorum
1746 4845 1836 4916 qui
1875 4845 2125 4916 baptizati

541 4943 665 4991 sunt
689 4950 794 4990 non
828 4943 1004 5005 potest
1039 4949 1193 4998 esse;
1225 4934 1465 5006 profecto
1493 4950 1587 4992 eos
1615 4937 1704 5007 qui
1744 4951 1849 4992 non
1877 4936 2126 5007 baptizati

540 5026 860 5092 moriuntur,
903 5040 1050 5082 mors
1095 5035 1350 5096 perpetua
1393 5036 1769 5098 consequetur.
1799 5027 1954 5096 Quod
1983 5028 2126 5082 nulla

535 5116 738 5186 justitia
766 5124 942 5187 potest
963 5116 1206 5173 accidere
1235 5117 1345 5178 bis.
1382 5132 1414 5173 a
1439 5118 1629 5188 quibus
1658 5119 1710 5173 in
1735 5117 1838 5174 hae
1856 5120 1958 5174 vita
1984 5119 2127 5174 nulla

543 5217 760 5278 peccata
785 5209 1071 5264 commissa
1101 5218 1247 5275 sunt,
1275 5210 1376 5264 nisi
1404 5210 1662 5282 originale
1692 5219 1986 5281 peccatum.

613 5298 838 5357 CAPUT
884 5297 1027 5354 XXI.
1072 5329 1146 5342 —
1182 5300 1274 5356 25.
1315 5299 1422 5358 Sed
1467 5310 1651 5372 postea
1699 5316 1804 5356 non
1849 5301 2130 5357 defuerunt

543 5391 751 5459 fratres,
770 5393 858 5463 qui
881 5407 979 5448 nos
1002 5392 1372 5460 admonerent,
1402 5393 1505 5449 hoc
1520 5393 1642 5450 ideo
1659 5394 1840 5450 dicere
1855 5394 2126 5466 Pelagium

542 5487 801 5555 potuisse,
827 5486 950 5558 quia
978 5485 1046 5542 de
1073 5486 1174 5542 ista
1195 5487 1490 5558 qutestione
1509 5488 1580 5542 ita
1607 5486 1919 5558 perhibetur
1940 5487 2130 5542 solitus

543 5579 870 5649 respondere
895 5579 1278 5650 quazrentibus,
1302 5589 1362 5635 ut
1387 5579 1618 5645 diceret,
1656 5598 1676 5632 ι
1703 5577 1831 5635 Sine
1855 5578 2130 5650 Baptismo

544 5671 744 5739 parvuli
773 5670 1091 5738 morientes,
1123 5685 1229 5742 quo
1253 5685 1360 5726 non
1391 5677 1536 5738 eant,
1565 5671 1707 5737 scio;
1739 5686 1844 5742 quo
1859 5680 2003 5740 eant,
2033 5687 2130 5728 ne-

611 5804 625 5834 ⁸
654 5802 790 5866 mliti,
814 5807 964 5866 putat.
987 5803 1310 5866 Emendantur
1335 5816 1397 5853 ex
1422 5809 1530 5854 Mss.

611 5867 630 5894 ι
656 5865 792 5918 aditi.
813 5864 876 5915 ex
899 5879 1024 5918 arma
1046 5872 1090 5915 et
1116 5864 1294 5916 Spiritu
1315 5872 1494 5916 sancto.
1523 5868 1685 5923 Abest.
1710 5871 1890 5924 sancto,
1911 5879 1936 5916 a
1956 5873 2062 5916 Mss.

1755 406 1811 462 S.
1856 409 1891 460 Α
1905 403 2219 462 UGUSTINI
2271 402 2568 460 EI’ISCOPI

2218 517 2330 572 seio
2358 535 2371 572 :
2412 536 2431 569 ι
2468 517 2518 572 id
2548 525 2650 586 est,
2677 532 2780 573 non
2806 517 2882 574 ire
2911 519 2961 574 in
2994 533 3212 591 regnum
3241 519 3498 576 oculorum
3529 522 3668 590 scio;
3692 541 3795 596 quo

2215 624 2342 663 vero
2367 617 2511 676 eant,
2541 609 2660 664 ideo
2677 625 2735 666 se
2758 611 2964 667 nescire
2984 612 3214 679 dicebat,
3243 621 3334 668 aut
3357 611 3486 668 dicit
3511 615 3548 680 ί,
3571 616 3691 685 quia
3713 617 3790 671 di~

2215 715 2338 756 cere
2366 717 2468 756 non
2495 703 2724 758 audebat
2749 703 2802 760 in
2824 715 3048 760 mortem
3071 705 3188 759 illos
3215 705 3293 760 ire
3313 715 3642 776 perpetuam,
3667 725 3793 779 quos

2215 802 2269 847 et
2297 792 2384 848 hic
2421 794 2551 848 nihil
2589 796 2712 850 mall
2750 795 3082 853 commisisse
3121 797 3416 866 sentiebat,
3453 807 3509 854 et
3545 801 3792 870 originan

2216 888 2440 939 traxisse
2460 896 2732 955 peccatum
2752 903 2857 944 non
2874 889 3259 946 consentiebat.
3283 889 3465 962 Itaque
3491 900 3546 947 et
3565 892 3662 948 ista
3684 893 3794 962 ejus

2216 977 2374 1035 verba
2394 977 2615 1034 Romam
2647 995 2744 1051 pro
2769 997 2958 1052 magna
2989 981 3103 1056 ejus
3136 983 3446 1054 purgatione
3466 985 3789 1052 transmissa,

2217 1077 2322 1124 tam
2347 1078 2473 1125 sunt
2490 1071 2758 1143 ambigua,
2775 1081 2834 1128 ut
2859 1073 3063 1143 possint
3092 1088 3279 1130 eorum
3306 1074 3538 1146 dogmati
3562 1077 3793 1147 praebere

2217 1161 2467 1230 latibula,
2508 1164 2651 1219 unde
2699 1165 2766 1220 ad
2816 1166 3174 1222 insidiandum
3231 1168 3472 1238 prosiliat
3519 1167 3794 1226 haereticus

2215 1267 2424 1315 sensus,
2448 1255 2660 1324 quando
2686 1257 2832 1312 nullo
2852 1258 3112 1315 existente
3137 1259 3228 1330 qui
3252 1258 3428 1316 valeat
3452 1261 3793 1331 respondere,

2217 1350 2465 1414 tanquam
2494 1345 2545 1400 in
2575 1347 2860 1404 solitudine
2891 1349 3084 1420 aliquis
3111 1349 3374 1406 invenitur
3397 1351 3657 1408 inﬁrmus.

2284 1434 2374 1490 24.
2403 1435 2520 1490 Jam
2545 1452 2672 1492 vero
2701 1438 2756 1492 in
2785 1438 2920 1494 libro
2952 1439 3101 1495 Fidei
3131 1456 3242 1496 sua:
3263 1439 3363 1513 (a),
3391 1457 3548 1512 quem
3577 1443 3796 1498 Romam

2215 1543 2334 1584 cum
2363 1531 2489 1601 ipsis
2520 1531 2712 1587 litteris
2739 1533 2883 1588 misit
2925 1533 2992 1588 ad
3033 1535 3282 1590 eumdem
3320 1551 3508 1606 papam
3538 1536 3793 1593 Innocen-

2216 1623 2366 1688 tium,
2392 1623 2458 1677 ad
2486 1639 2642 1694 quem
2670 1625 2828 1680 etiam
2858 1626 3136 1697 epistolam
3165 1627 3472 1698 scripserat,
3503 1629 3672 1684 multo
3691 1629 3797 1686 evi-

2214 1711 2427 1769 dentius
2475 1729 2535 1770 se
2565 1715 2737 1786 ipsum
2769 1717 2997 1787 tegendo
3031 1717 3280 1782 nudavit,
3311 1719 3494 1774 dicens
3521 1738 3536 1775 :
3571 1739 3591 1773 ι
3618 1720 3794 1790 Bapti-

2214 1818 2327 1859 sma
2356 1821 2518 1861 unum
2551 1817 2791 1863 tenemus
2812 1849 2828 1873 ,
2855 1809 2997 1880 quod
3039 1809 3227 1866 iisdem
3267 1811 3599 1868 Sacramenti
3626 1813 3797 1868 verbis

2215 1895 2267 1948 in
2292 1895 2601 1965 infantibus,
2625 1899 2817 1968 quibus
2838 1901 2999 1956 etiam
3025 1901 3079 1956 in
3100 1901 3409 1971 majoribus,
3435 1903 3661 1960 dicimus
3681 1920 3796 1961 esse

2215 1988 2612 2044 celebrandum.
2651 2009 2671 2043 ι
2704 1991 2819 2046 Νοη
2844 1993 3034 2048 saltem
3061 1993 3214 2062 dixit,
3246 1995 3449 2051 Eodem
3481 1996 3796 2053 Sacramen-

2216 2089 2310 2148 to;
2342 2082 2482 2154 quod
2507 2082 2720 2154 quidem
2749 2086 2794 2138 si
2815 2085 3056 2152 dixisset,
3084 2085 3260 2142 adhuc
3283 2096 3429 2144 esset
3452 2089 3754 2161 ambiguum
3779 2107 3793 2143 :

2215 2174 2330 2240 sed,
2365 2193 2383 2228 ι
2413 2175 2602 2230 iisdem
2623 2217 2639 2244 ,
2670 2194 2690 2228 ι
2723 2177 2921 2247 inquit,
2971 2196 2990 2232 ι
3017 2177 3352 2235 Sacramenti
3391 2182 3602 2249 verbis;
3631 2200 3651 2234 ›
3689 2191 3799 2238 tan-

2215 2282 2372 2336 quam
2399 2266 2688 2323 infantibus
2723 2268 2971 2324 remissio
3007 2280 3352 2340 peccatorum
3392 2274 3678 2328 verborum
3709 2287 3798 2328 so-

2217 2358 2328 2413 nitu
2358 2359 2650 2428 diceretur,
2678 2376 2786 2416 non
2815 2377 2993 2417 rerum
3017 2372 3264 2434 ageretur
3291 2364 3501 2430 effectu.
3535 2366 3694 2422 Visus
3721 2374 3802 2422 est

2216 2458 2393 2506 tamen
2421 2452 2487 2507 ad
2516 2462 2744 2524 tempus,
2769 2453 2968 2525 aliquid
2995 2455 3176 2512 dicere
3203 2457 3344 2528 quod
3376 2457 3497 2513 ﬁdei
3521 2459 3801 2514 catholica:

2215 2544 2526 2600 conveniret
2562 2563 2575 2600 :
2609 2544 2702 2600 sed
2732 2544 2874 2600 illam
2913 2547 3096 2602 sedem
3129 2562 3296 2618 usque
3325 2548 3378 2603 in
3410 2549 3571 2604 ﬁnem
3616 2548 3804 2604 fallere

2217 2649 2322 2687 non
2344 2634 2640 2705 praevaluit.
2669 2635 2798 2691 Post
2819 2637 3079 2706 rescripta
3094 2638 3289 2708 quippe
3312 2637 3546 2694 Africani
3565 2641 3800 2704 concilii,

2217 2726 2270 2781 in
2311 2742 2466 2798 quam
2514 2727 2841 2798 provinciam
2883 2729 3098 2801 quidem
3141 2729 3383 2786 doctrina
3426 2729 3516 2786 illa
3549 2732 3803 2802 pestifera

2217 2821 2483 2890 serpendo
2516 2830 2852 2892 pervenerat,
2882 2821 2976 2878 sed
3015 2837 3134 2877 eam
3165 2837 3271 2877 non
3303 2831 3410 2878 tam
3439 2822 3547 2880 late
3571 2838 3800 2894 occupa-

2218 2921 2366 2966 verat
2389 2913 2599 2983 alteque
2635 2923 2976 2983 pervaserat;
3016 2913 3118 2968 alia
3147 2928 3360 2984 quoque
3384 2914 3551 2984 ipsius
3591 2914 3644 2969 in
3676 2915 3802 2969 urbe

2219 3002 2408 3070 Roma,
2429 3003 2522 3058 ubi
2542 3002 2844 3060 diutissime
2863 3004 3086 3071 vixerat,
3107 3013 3266 3076 atque
3287 3005 3339 3060 in
3357 3005 3442 3061 his
3466 3005 3641 3062 fuerat
3661 3007 3802 3077 prius

2219 3096 2557 3152 sermonibus
2575 3097 3114 3168 contentionibusque
3135 3107 3398 3166 versatus,
3421 3114 3549 3154 cura
3575 3099 3802 3154 ﬁdelium

2222 3185 2442 3241 fratrum
2467 3186 2670 3257 prolata
2697 3195 2999 3257 patuerunt,
3021 3203 3139 3257 qua:
3161 3187 3353 3244 litteris
3372 3189 3506 3257 suis,
3525 3204 3660 3260 quas
3680 3204 3804 3244 con-

2222 3277 2435 3347 scripsit
2461 3293 2556 3346 per
2583 3277 2768 3334 orbem
2799 3277 3118 3333 catholicum
3150 3278 3512 3350 perferendas,
3548 3295 3682 3352 papa
3709 3279 3806 3334 Zo-

2220 3367 2389 3422 simus
2416 3368 2764 3436 exsecranda,
2791 3369 2929 3424 sicut
2957 3370 3135 3440 legere
3163 3371 3406 3440 potestis,
3437 3372 3685 3427 attexuit.
3709 3370 3806 3428 Ubi

2221 3457 2465 3528 Pelagius
2494 3458 2785 3528 Epistolam
2813 3459 2964 3514 Pauli
2993 3461 3226 3530 apostoli
3263 3461 3329 3516 ad
3362 3461 3639 3519 Romanos
3671 3461 3808 3517 velut

2222 3566 2514 3622 exponens,
2538 3561 2936 3623 argumentatur
2961 3562 3016 3610 et
3038 3553 3170 3610 dicit
3196 3571 3209 3608 :
3243 3573 3262 3606 ς
3293 3554 3348 3610 Si
3377 3555 3504 3611 Adae
3534 3563 3804 3628 peccatum

2222 3643 2382 3698 etiam
2414 3658 2518 3698 non
2547 3644 2888 3714 peccantibus
2916 3647 3116 3711 nocuit,
3147 3661 3276 3718 ergo
3302 3655 3356 3703 et
3385 3647 3587 3703 Christi
3612 3646 3808 3718 justiti:

2223 3734 2383 3790 etiam
2413 3750 2518 3789 non
2541 3735 2882 3792 credentibus
2905 3738 3140 3808 prodest.
3178 3757 3195 3790 ι
3230 3739 3296 3805 Et
3323 3749 3518 3795 uetera
3543 3741 3810 3812 huiusmo-

2225 3825 2301 3892 di,
2329 3842 2447 3896 qure
2477 3827 2651 3880 omnia
2674 3827 2899 3882 Domino
2923 3827 3209 3898 adjuvante
3241 3829 3291 3884 in
3319 3829 3492 3897 libris,
3526 3846 3663 3903 quos
3688 3828 3814 3885 scri-

2225 3919 2427 3987 psimus
2446 3959 2461 3985 ,
2492 3918 2559 3973 de
2587 3917 2855 3989 Baptismo
2884 3921 3220 3990 parvulorum
3239 3961 3255 3987 ,
3291 3920 3519 3976 refutata
3563 3931 3619 3978 et
3645 3921 3812 3976 disso-

2226 4010 2333 4066 luta
2361 4020 2486 4066 sunt
2519 4009 2655 4081 (Lib.
2686 4011 2740 4075 5,
2788 4027 2878 4065 nn.
2909 4011 2942 4066 5
2966 4053 2979 4076 ,
3013 4009 3090 4083 6).
3119 4011 3187 4065 Et
3229 4026 3288 4066 ea
3334 4011 3554 4082 quidem
3601 4012 3654 4066 in
3693 4009 3812 4080 ipsis

2225 4103 2375 4173 quasi
2404 4103 2830 4172 expositionibus
2873 4118 2978 4157 non
3022 4118 3088 4157 ex
3133 4118 3228 4158 sua
3278 4118 3508 4173 persona
3550 4112 3634 4160 est
3661 4117 3813 4158 ausus

2227 4193 2489 4260 objiccre;
2516 4193 2609 4248 sed
2649 4193 2720 4248 ibi
2749 4192 2849 4248 hoc
2877 4192 3123 4259 dicebat,
3174 4194 3262 4248 ubi
3291 4195 3473 4250 multis
3504 4195 3814 4250 notissimus

2227 4298 2342 4342 erat
2361 4329 2375 4354 ,
2403 4295 2458 4343 et
2481 4286 2608 4357 quid
2638 4288 2862 4342 sentiret
2891 4301 2953 4342 ac
2983 4287 3208 4354 diceret,
3234 4286 3400 4343 latere
3424 4302 3533 4342 non
3573 4294 3812 4358 poterat:

2226 4379 2368 4450 quod
2400 4379 2453 4434 in
2482 4378 2630 4432 libris
2657 4378 2759 4433 illis
2778 4420 2793 4444 ,
2822 4377 2890 4434 de
2923 4394 3148 4448 quorum
3176 4379 3350 4450 primo
3377 4378 3633 4450 quiddam
3661 4391 3814 4447 supra

2227 4471 2643 4527 commemoravi
2670 4471 2887 4542 (Supra,
2915 4488 2967 4525 η.
3004 4472 3116 4541 lli),
3147 4487 3252 4527 non
3274 4470 3696 4537 dissimulanter,
3727 4467 3816 4525 scd

2228 4564 2560 4636 apertissime
2586 4563 2796 4634 quantis
2824 4571 2998 4633 potest
3023 4562 3326 4632 disputandi
3363 4563 3568 4619 viribus
3593 4563 3734 4634 agit,
3764 4567 3818 4615 ut

2231 4665 2418 4710 natura
2451 4654 2677 4707 humana
2717 4655 2769 4708 in
2805 4653 3036 4724 parvulis
3063 4654 3207 4709 nullo
3237 4653 3396 4709 modo
3421 4669 3486 4709 ex
3536 4653 3818 4726 prepagine

2230 4746 2413 4801 vitiata
2437 4745 2716 4812 credatur;
2754 4746 2839 4801 cui
2869 4746 3168 4817 arrogando
3195 4746 3443 4812 salutem,
3477 4746 3682 4803 invidet
3716 4743 3817 4801 sal-

2233 4846 2469 4893 vatorem
2482 4838 2525 4890 ².

2304 4928 2528 4986 CAPUT
2568 4926 2736 4984 XXII.
2763 4958 2835 4969 -
2863 4927 2953 4984 25.
2984 4928 3109 4985 Haec
3139 4944 3258 4985 cum
3301 4928 3372 4984 ita
3414 4929 3554 4995 sint,
3595 4939 3818 4998 cumque

2229 5021 2339 5093 jam
2369 5029 2578 5077 constet
2596 5019 2789 5090 dogma
2806 5020 3075 5075 exstitisse
3102 5020 3411 5090 pestiferum
3432 5028 3488 5075 et
3509 5019 3816 5075 hiereticnin

2233 5131 2494 5181 errorem,
2517 5130 2674 5184 quem
2704 5114 2930 5170 Domino
2957 5113 3240 5185 adjuvante
3268 5115 3504 5184 apertius
3523 5113 3640 5184 jam
3676 5109 3819 5166 devi-

2237 5218 2312 5266 tat
2338 5208 2596 5274 Ecclesia,
2617 5207 2826 5264 duobus
2849 5208 2986 5274 istis,
3009 5207 3226 5278 Pelagio
3246 5207 3452 5262 scilicet
3471 5215 3527 5261 et
3547 5203 3817 5265 leestio,

2235 5301 2401 5356 autin
2431 5300 2604 5355 locum
2635 5299 2963 5369 paenitentiae
2995 5297 3247 5364 redactis,
3276 5305 3368 5352 aut
3397 5297 3439 5352 si
3463 5297 3514 5352 id
3542 5309 3822 5352 recusave-

2236 5393 2343 5449 rint
2369 5390 2588 5448 omnino
2613 5389 2880 5446 damnatis
2900 5429 2914 5454 ,
2943 5388 3032 5459 qui
3060 5387 3217 5458 hujus
3245 5388 3610 5458 perversitatis
3639 5394 3820 5440 aucto-

2237 5500 2326 5542 res
2347 5484 2429 5540 vel
2462 5481 2830 5554 perbibentur,
2855 5481 2939 5537 vel
2965 5481 3125 5537 etiam
3152 5481 3476 5552 probantur;
3501 5481 3586 5536 vel
3616 5489 3759 5535 certe
3780 5477 3821 5530 si

2302 5623 2318 5653 ¹
2345 5627 2443 5669 Non
2465 5617 2714 5680 superﬂuo
2734 5615 2967 5680 additum,
3011 5622 3094 5666 aut
3117 5614 3252 5680 dicit,
3293 5615 3421 5678 quod
3446 5611 3824 5680 expungendum

2238 5688 2467 5744 putarunt
2486 5677 2840 5744 mvamenses:
2865 5679 2956 5728 sed
2986 5692 3053 5744 eo
3074 5677 3388 5741 signiﬁcatur,
3416 5677 3663 5739 Pelagium
3683 5689 3712 5724 a
3740 5685 3826 5722 suo

2241 5740 2411 5792 errore
2435 5740 2644 5791 nondum
2669 5740 2796 5790 forte
2813 5741 3099 5790 recessisse.

2304 5807 2323 5836 ²
2351 5811 2444 5862 ιεῖιι.,
2468 5801 2693 5852 salvatori
2724 5813 2741 5851 :
2766 5803 2925 5850 minus
2954 5810 3112 5852 recte.

2305 5869 2375 5925 ((ι)
2412 5860 2673 5914 Exliibetur
2699 5863 2838 5925 infra,
2866 5866 2911 5912 in
2936 5872 3072 5926 parte
3106 5863 3317 5913 secunda
3340 5860 3641 5924 Appendicis.
