4012 6470
225 427 318 484 397
1326 418 1524 475 LIBER
1565 417 1652 472 DE
1693 417 2003 474 PECCATO
2041 418 2413 476 ORIGINALI.

227 550 465 598 auctores
494 555 605 594 non
636 546 776 605 sunt,
809 537 903 594 sed
931 536 1032 592 hoc
1059 536 1128 591 ab
1153 535 1271 589 aliis
1293 533 1613 601 didicerunt,
1635 547 1814 589 asser-

227 646 364 688 tores
390 642 572 686 tamen
605 639 764 702 atque
787 630 1055 694 doctores,
1088 643 1184 698 per
1208 641 1344 698 quos
1371 626 1424 682 id
1452 626 1609 682 latius
1639 635 1818 696 repta-

226 738 303 782 ret
331 736 383 781 et
405 733 712 790 cresceret,
738 729 795 778 et
826 721 1001 778 verbis
1030 729 1086 777 et
1112 719 1303 776 litteris
1331 720 1441 774 suis
1461 759 1477 785 ,
1517 726 1574 774 et
1601 731 1817 788 compe-

228 819 453 874 tentibus
485 816 720 880 indiciis,
743 825 798 872 et
822 815 961 870 fama
989 829 1056 870 ex
1099 813 1182 869 his
1212 813 1460 869 omnibus
1484 819 1737 883 surgente
1761 819 1818 866 et

227 912 597 966 crebrescente
637 909 905 978 jactantur
937 925 950 961 :
982 906 1110 978 quid
1135 913 1332 968 restat,
1364 904 1466 960 nisi
1497 913 1553 960 ut
1589 903 1817 980 quisque

227 1003 514 1058 catholicus
540 1017 642 1072 pro
670 1001 894 1066 viribus,
936 1015 1069 1071 quas
1093 999 1254 1054 sumit
1281 1011 1310 1055 a
1341 997 1599 1067 Domino,
1630 996 1818 1053 redar-

228 1106 345 1166 guat
373 1096 532 1149 istam
566 1102 770 1164 pestem
791 1134 805 1158 ,
832 1093 991 1164 eique
1015 1091 1297 1164 vigilanter
1324 1091 1580 1156 obsistat;
1608 1097 1669 1144 ut
1695 1102 1816 1145 cum

229 1185 586 1257 reSpondendi
608 1185 946 1251 necessitate,
968 1184 1085 1238 sine
1111 1181 1288 1238 studio
1310 1181 1688 1246 contentionis,
1721 1193 1818 1250 pro

229 1282 446 1337 veritate
471 1288 730 1345 certatur,
753 1277 1084 1333 instruantur
1111 1275 1329 1340 indocti,
1357 1283 1516 1344 atque
1544 1273 1614 1328 ita
1636 1273 1689 1327 in
1716 1272 1818 1327 Ec-

229 1372 396 1427 clesiae
415 1378 763 1426 convertatur
778 1369 1077 1433 utilitatem,
1097 1366 1237 1438 quod
1263 1375 1346 1422 est
1362 1364 1606 1419 inimicus
1627 1363 1683 1418 in
1703 1377 1819 1433 per-

231 1463 416 1516 niciem
433 1460 790 1526 machinatus,
810 1459 960 1530 juxta
980 1457 1106 1512 illud
1134 1456 1394 1527 Apostoli,
1421 1454 1628 1524 Oportet
1654 1463 1700 1509 et
1719 1455 1819 1510 lia:-

230 1571 353 1607 rese;
368 1569 493 1616 esse,
509 1561 564 1606 ut
583 1551 777 1620 probati
791 1550 1040 1620 manifesti
1059 1549 1182 1619 ﬁant
1201 1548 1332 1602 inter
1341 1563 1426 1602 vos
1439 1545 1483 1619 (ι
1495 1543 1611 1602 Cor.
1621 1563 1670 1600 xt
1679 1546 1724 1612 ,1
1733 1545 1816 1617 9)?

296 1644 524 1702 CAPUT
561 1643 750 1700 XXIII.
778 1675 849 1684 -—
871 1643 961 1698 26.
1008 1641 1340 1711 Quapropter
1365 1647 1486 1710 post
1508 1640 1672 1695 multa
1697 1653 1818 1710 quae

233 1740 481 1794 adversus
525 1740 684 1792 istum
715 1752 952 1794 errorem
983 1737 1256 1790 inimicum
1284 1736 1467 1806 gratia:
1499 1735 1624 1803 Dci,
1655 1750 1814 1806 quam

235 1847 320 1901 per
342 1830 531 1886 Iesum
560 1829 829 1885 Christum
873 1827 1156 1883 Dominum
1185 1835 1428 1882 nostrum
1455 1825 1664 1897 pusillis
1703 1841 1818 1880 ma-

232 1923 449 1992 gnisque
472 1921 714 1991 largitur,
743 1919 1026 1975 scribendo
1051 1917 1323 1988 disputare
1349 1917 1649 1986 potuimus;
1677 1932 1819 1973 nunc

235 2013 352 2066 illud
378 2021 596 2081 oportet
624 2020 896 2078 excutere,
926 2010 1087 2081 quod,
1121 2010 1359 2066 volentes
1388 2009 1652 2065 haereseos
1673 2019 1818 2065 astu-

235 2115 281 2159 te
304 2104 561 2158 invidiam
589 2103 879 2166 dcclinarc,
924 2109 1200 2169 asserunt,
1238 2120 1257 2155 ι
1290 2101 1442 2157 istam
1475 2112 1667 2171 prteter
1696 2101 1815 2158 ﬁdei

235 2195 524 2264 periculum
565 2209 684 2249 esse
722 2195 1069 2265 quaestionem
1099 2211 1114 2249 :
1154 2208 1174 2246 ›
1211 2202 1268 2248 ut
1305 2193 1551 2249 videlicet
1588 2193 1633 2248 si
1662 2193 1717 2248 in
1754 2206 1816 2248 ea

236 2287 425 2342 fuerint
466 2287 800 2342 exorbitasse
845 2287 1107 2353 convicti,
1153 2301 1259 2342 non
1306 2286 1674 2351 criminaliter,
1722 2286 1816 2342 sed

237 2380 378 2450 quasi
405 2379 638 2435 civiliter
662 2393 874 2435 errasse
903 2379 1199 2435 videantur.
1227 2379 1314 2435 Sic
1351 2380 1495 2434 enim
1533 2379 1818 2436 Caelestius

236 2475 362 2542 apud
409 2472 786 2543 Carthaginem
830 2465 996 2543 gestis
1033 2472 1411 2528 ecclesiasticis
1444 2481 1528 2528 est
1562 2472 1813 2528 locutus:

241 2585 258 2617 ι
280 2567 417 2632 Iam,
444 2584 464 2618 ι
493 2567 684 2636 inquit,
719 2583 738 2618 t
765 2565 832 2621 de
861 2565 1079 2621 traduce
1117 2565 1322 2635 peccati
1351 2565 1490 2632 dixi,
1517 2565 1637 2636 quia
1677 2565 1814 2620 intra

235 2658 556 2713 Catholicam
582 2658 904 2712 constitutos
937 2657 1120 2728 plures
1161 2657 1340 2712 audivi
1366 2656 1666 2724 destruere,
1689 2671 1815 2713 nec-

237 2768 330 2804 non
352 2761 406 2804 et
431 2751 570 2805 alios
590 2758 865 2816 astruere;
894 2749 1016 2803 licet
1039 2748 1348 2818 qutestionis
1368 2763 1454 2803 res
1475 2748 1544 2803 sit
1565 2748 1683 2812 ista,
1709 2763 1814 2803 non

183 2847 190 2856 ‘
237 2840 467 2896 haeresis.
502 2839 739 2896 Infantes
762 2854 974 2909 semper
997 2839 1108 2895 dixi
1146 2854 1306 2909 egere
1328 2839 1618 2909 Baptismo,
1639 2854 1704 2896 ac
1723 2840 1817 2896 de-

236 2932 350 2988 bere
388 2932 691 3002 baptizari:
733 2931 859 3002 quid
887 2931 1081 3002 quaerit
1109 2930 1293 2986 aliud?
1321 2949 1340 2983 ι
1385 2929 1464 2987 Ita
1504 2930 1607 2986 hoc
1645 2930 1812 2996 dixit,

236 3036 474 3094 utinquam
507 3022 810 3094 signiﬁcare
838 3022 1084 3086 voluerit,
1111 3031 1236 3077 tunc
1265 3021 1428 3077 fuisse
1460 3022 1705 3078 Interesim
1730 3023 1816 3093 ju-

235 3114 527 3178 dicandam,
556 3115 602 3168 si
633 3114 884 3184 baptizari
909 3114 1105 3169 debere
1131 3121 1350 3183 negaret
1379 3113 1606 3170 infantes
1633 3132 1645 3168 :
1677 3131 1816 3171 nunc

233 3222 348 3262 vero
387 3207 644 3277 quoniam
688 3206 1035 3276 baptizandos
1076 3204 1290 3270 fatetur,
1337 3206 1546 3260 etiamsi
1591 3220 1808 3261 causam

238 3298 572 3368 Baptismatis
593 3312 780 3352 eorum
810 3313 913 3352 non
952 3311 1069 3352 eam
1101 3297 1261 3365 dicat,
1294 3312 1452 3369 quam
1493 3297 1690 3354 veritas
1718 3298 1814 3354 ha-

238 3391 330 3455 bet,
358 3389 456 3445 sed
477 3403 598 3458 qua:
627 3387 694 3442 ad
725 3387 883 3443 fidem
901 3403 1006 3442 non
1031 3390 1279 3459 pertinet;
1313 3406 1416 3444 non
1445 3404 1503 3445 se
1527 3390 1815 3445 arbitratur

235 3497 403 3537 errare
420 3482 520 3552 (α),
537 3488 592 3536 et
611 3481 731 3535 ideo
758 3495 862 3534 non
888 3495 1006 3536 esse
1024 3480 1709 3551 hznreticumjudicandum.
1735 3483 1810 3556 (b)

237 3575 353 3631 Item
399 3575 454 3629 in
494 3575 679 3630 libello
717 3590 873 3644 quem
905 3575 1087 3630 Roma:
1111 3575 1290 3642 dedit,
1323 3591 1442 3631 cum
1475 3576 1634 3632 ﬁdem
1660 3593 1809 3633 suam

232 3683 258 3720 a
289 3668 551 3722 Triuitatc
598 3667 756 3722 unius
792 3667 1006 3723 deitatis
1049 3683 1218 3738 usque
1259 3668 1326 3722 ad
1366 3669 1810 3727 resurrectionem

232 3761 394 3827 qualis
431 3759 607 3814 futura
647 3767 731 3813 est
757 3767 1087 3813 mortuorum
1110 3800 1124 3824 ,
1156 3758 1224 3814 de
1263 3759 1456 3829 quibus
1483 3775 1602 3816 cum
1634 3763 1812 3820 nullus

233 3851 675 3922 interrogaverat,
704 3859 759 3906 et
784 3851 924 3907 unde
953 3851 1027 3905 illi
1054 3851 1196 3905 nulla
1221 3853 1448 3922 qutcstio
1475 3854 1808 3922 movebatur,

231 3954 477 4013 quantum
523 3943 703 3998 dicere
740 3942 926 4009 libuit,
967 3943 1312 4012 explicasset;
1343 3943 1431 3997 ubi
1468 3944 1534 3998 ad
1573 3945 1622 3999 id
1668 3947 1812 4017 quod

233 4039 476 4108 agebatur
502 4036 621 4106 ejus
651 4049 828 4091 sermo
859 4035 1140 4106 pervenit:
1180 4053 1199 4087 ι
1239 4035 1293 4090 Si
1324 4052 1445 4106 quae
1484 4053 1639 4104 vero,
1677 4057 1697 4090 ι
1731 4040 1811 4094 in-

232 4130 353 4198 quit,
385 4148 404 4181 t
440 4135 638 4199 prater
664 4126 822 4182 ﬁdem
851 4126 1174 4197 quaestiones
1199 4137 1338 4182 nata}
1358 4137 1504 4194 sunt,
1529 4129 1598 4186 de
1617 4132 1810 4202 quibus

231 4230 365 4275 esset
387 4220 530 4274 inter
552 4219 836 4290 plerosque
859 4219 1132 4274 contentio
1156 4234 1171 4283 ;
1201 4233 1306 4273 non
1335 4235 1434 4290 ego
1455 4221 1605 4291 quasi
1627 4233 1812 4279 auctor

233 4311 447 4382 alicujus
482 4310 748 4382 dogmatis
778 4311 992 4366 deﬁnita
1022 4311 1122 4366 hoc
1155 4313 1470 4368 auctoritate
1509 4315 1686 4381 statui,
1715 4317 1808 4372 sed

229 4419 288 4458 ea
311 4420 427 4475 qua:
445 4404 513 4460 de
535 4403 920 4474 Prophetarum
943 4411 998 4460 et
1017 4404 1394 4475 Apostolorum
1412 4406 1555 4462 fonte
1576 4412 1806 4480 suscepi,

227 4497 386 4551 vestri
423 4498 767 4567 Apostolatus
794 4495 1066 4553 oﬁ‘erimus
1104 4497 1373 4568 probanda
1417 4513 1536 4554 esse
1574 4499 1808 4570 judicio;

230 4597 283 4642 ut
310 4589 355 4643 si
398 4588 536 4644 forte
578 4597 637 4643 ut
669 4587 974 4644 hominibus
1011 4588 1274 4658 quispiam
1315 4589 1628 4659 ignorantia:
1661 4607 1812 4650 error

225 4679 516 4748 obrepsit‘,
543 4688 719 4734 vestra
748 4679 1009 4735 sententia
1035 4680 1331 4750 corrigatur
1345 4681 1387 4734 ’.
1419 4699 1438 4733 ι
1463 4681 1665 4754 Nempe
1685 4700 1810 4755 per-

227 4770 426 4838 spicitis
449 4812 464 4838 ,
506 4770 558 4826 id
597 4786 720 4825 eum
753 4771 925 4841 egisse
953 4770 1055 4826 hac
1102 4772 1479 4842 prmlocutione
1511 4776 1805 4844 praemissa,

225 4873 282 4916 ut
321 4864 364 4918 si
397 4864 524 4935 quid
553 4865 608 4919 in
635 4865 727 4919 illo
753 4865 1085 4935 apparuisset
1110 4865 1331 4933 erroris,
1354 4881 1461 4921 non
1485 4867 1534 4921 in
1565 4868 1688 4932 fide,
1714 4871 1808 4926 sed

227 4954 276 5007 in
298 4955 682 5025 quaestionibus
707 4970 826 5026 quae
851 4964 975 5010 sunt
1000 4963 1192 5026 praeter
1219 4956 1401 5024 ﬁdem,
1427 4957 1697 5014 videretur
1723 4974 1810 5016 cr-

224 5059 373 5100 rasse
393 5089 407 5112 ,
438 5046 656 5100 ubi‘etsi
685 5045 1032 5115 corrigendus
1057 5056 1138 5102 est
1158 5061 1330 5112 error,
1359 5063 1464 5102 non
1487 5058 1661 5104 tamen
1689 5059 1804 5106 tan-

223 5155 380 5207 quam
427 5139 649 5194 hmrcsis
684 5139 997 5210 corrigatur,
1043 5148 1097 5195 et
1142 5140 1230 5210 qui
1271 5151 1543 5196 correctus
1587 5141 1743 5198 fuerit
1763 5143 1805 5211 ³,

223 5230 292 5283 ita
326 5231 531 5285 dicatur
556 5244 768 5296 errare,
800 5238 858 5284 ut
885 5245 990 5284 non
1019 5237 1198 5284 tamen
1220 5230 1500 5287 hteretieus
1519 5231 1805 5302 judicetur.

291 5324 383 5376 27.
424 5323 531 5378 Sed
555 5323 780 5378 multum
806 5337 926 5377 eum
953 5323 1049 5377 ista
1079 5321 1211 5377 fallit
1234 5322 1434 5392 opinio.
1459 5323 1638 5395 Longe
1657 5326 1810 5381 aliter

222 5431 279 5467 se
313 5415 509 5471 habent
538 5416 860 5484 qurcstiones
904 5416 1039 5479 istm,
1086 5431 1219 5484 quas
1251 5431 1372 5473 esse
1420 5425 1611 5487 printer
1650 5419 1806 5475 ﬁdem

285 5509 303 5538 ¹
331 5508 466 5566 Fditi,
487 5505 767 5569 obrepserit.
791 5513 918 5571 Mss,
945 5507 1170 5571 obrepsit.

285 5571 304 5598 ¹
330 5579 429 5636 Am.
447 5577 500 5636 et
517 5575 612 5636 tam,
624 5569 998 5636 nostragsciemiag
1008 5569 1305 5636 corrigatur.
1318 5571 1558 5636 mendose,
1575 5579 1628 5622 ut
1652 5571 1809 5636 liquet

223 5642 284 5677 ex
313 5645 359 5679 n.
378 5632 426 5688 7,
451 5631 536 5678 ubi
563 5630 750 5695 eaedem
773 5631 906 5695 ipsa
941 5630 1181 5681 editiones
1211 5646 1320 5682 cum
1343 5631 1450 5682 aliis
1479 5633 1662 5684 habent
1679 5630 1808 5695 ,‘ve-

231 5709 252 5735 ι
273 5700 372 5740 stra
396 5693 645 5754 sententia
661 5693 946 5754 corrigatur.
965 5709 989 5736 ι

265 5752 682 5820 3_atss.CasaIensis
695 5752 1182 5820 ethgirannenstset
1195 5753 1278 5820 qui
1291 5761 1531 5820 correctus
1540 5769 1630 5820 non
1643 5757 1803 5819 fuerit.

283 5817 355 5874 (ιι)
376 5822 536 5875 Forte,
556 5826 651 5863 non
672 5828 722 5865 se
740 5815 1050 5867 criminnlt'ter
1070 5815 1237 5868 errare
1265 5830 1282 5866 :
1301 5817 1467 5867 deleto
1481 5815 1765 5868 arbitratur.

281 5878 356 5938 (ὸ)
383 5879 462 5928 ttic
488 5878 654 5940 incipit
678 5892 814 5939 ca;ut
840 5885 900 5930 53
923 5881 1046 5942 πίω]
1073 5889 1169 5928 Am.
1195 5887 1243 5930 ct
1270 5886 1342 5927 Er.

3407 429 3514 487 598

1927 532 2234 598 arbitratur,
2265 546 2422 605 quam
2458 547 2581 591 sunt
2610 538 2714 593 illac
2752 537 2806 593 in
2835 539 3027 611 quibus
3061 541 3207 597 salva
3247 542 3382 609 ﬁde,
3407 560 3511 615 qua

1925 624 2196 680 christiani
2239 640 2458 695 sumus,
2496 639 2588 685 aut
2628 631 2902 702 ignoratur
2930 635 3056 706 quid
3095 651 3278 692 verum
3322 638 3428 706 sit,
3459 648 3512 694 et

1923 721 2188 776 sententia
2217 721 2484 777 deﬁnitiva
2513 726 2874 794 suspenditur,
2905 737 2994 782 aut
3015 728 3173 785 aliter
3197 745 3356 800 quam
3383 740 3467 786 est
3488 770 3507 799 ,

1925 809 2154 866 humana
2192 821 2246 868 et
2272 811 2479 868 inﬁrma
2515 816 2815 886 suspicione
2844 818 3141 889 conjicitur.
3182 820 3358 877 Veluti
3387 837 3511 879 cum

1923 903 2198 972 quaeritur,
2229 906 2400 976 qualis
2426 907 2510 964 vel
2544 908 2632 963 ubi
2676 910 2746 964 sit
2788 911 3067 980 paradisus
3110 915 3199 970 ubi
3232 916 3510 972 constituit

1924 993 2067 1050 Deus
2095 995 2366 1052 hominem
2409 1014 2567 1070 quem
2597 999 2846 1056 formavit
2883 1018 2946 1058 ex
2989 1004 3235 1074 pulvere;
3266 1021 3388 1062 cum
3427 1015 3511 1062 ta-

1923 1101 2046 1144 men
2073 1103 2194 1144 esse
2223 1090 2376 1147 illum
2405 1093 2712 1162 paradisum
2745 1094 2876 1150 ﬁdes
2919 1096 3208 1154 christiana
3234 1115 3336 1154 non
3361 1100 3514 1156 dubi-

1923 1186 2037 1234 tet:
2067 1179 2152 1236 vel
2174 1195 2296 1236 cum
2327 1183 2604 1254 quaeritur,
2633 1186 2724 1242 ubi
2753 1187 2823 1242 sit
2843 1202 2986 1244 nunc
3006 1188 3148 1246 Elias
3169 1191 3252 1245 vel
3282 1190 3468 1248 Enoch
3494 1233 3512 1258 .

1923 1285 1990 1324 an
2019 1270 2111 1335 ibi,
2137 1287 2206 1327 an
2235 1272 2430 1329 alicubi
2459 1275 2622 1342 alibi;
2666 1292 2802 1348 quos
2831 1286 3008 1336 tamen
3036 1295 3141 1336 non
3171 1280 3474 1338 dubitamus
3497 1324 3514 1349 ,

1923 1359 1979 1414 in
2006 1361 2197 1430 quibus
2218 1365 2328 1418 nati
2349 1375 2472 1420 sunt
2503 1367 2818 1438 corporibus
2851 1369 3067 1426 vivere:
3099 1372 3180 1428 vel
3214 1386 3336 1429 cum
3365 1389 3516 1444 qua:-

1923 1450 2078 1518 ritur,
2108 1461 2283 1508 utrum
2314 1455 2367 1510 in
2411 1470 2637 1527 corpore
2671 1473 2740 1512 an
2782 1466 2932 1515 extra
2975 1475 3172 1532 corpus
3199 1463 3254 1519 in
3303 1467 3516 1522 tertium

1923 1541 2116 1597 ctelum
2137 1545 2208 1599 sit
2234 1555 2419 1616 raptus
2443 1548 2765 1617 Apostolus;
2794 1566 3094 1622 quanquam
3118 1554 3188 1610 sit
3216 1555 3316 1611 ista
3342 1556 3520 1628 impu-

1922 1631 2056 1688 dens
2085 1635 2356 1705 inquisitio
2398 1638 2451 1692 id
2482 1640 2620 1696 scire
2657 1641 2980 1712 volentium,
3009 1645 3150 1715 quod
3193 1661 3253 1702 se
3297 1648 3387 1705 ille
3429 1649 3518 1705 cui

1924 1725 2026 1782 hoc
2055 1729 2358 1796 praestitum
2386 1740 2489 1797 est,
2525 1732 2670 1787 salva
2696 1735 2880 1805 utique
2908 1735 3030 1802 ﬁde,
3056 1739 3264 1795 nescire
3292 1748 3517 1798 testatur

1923 1817 1989 1887 (II
2019 1817 2135 1874 Cor.
2159 1835 2253 1886 xu,
2279 1819 2342 1893 2)
2372 1838 2385 1875 :
2411 1823 2498 1878 vel
2523 1832 2654 1894 quot
2679 1825 2784 1880 sint
2808 1827 2954 1894 omli,
2976 1827 3028 1880 in
3054 1843 3279 1898 quorum
3300 1832 3515 1888 tertium

1923 1923 1983 1965 se
2027 1921 2234 1980 raptum
2281 1927 2403 1970 esse
2445 1925 2836 1972 commemorat
2873 1935 2888 1971 :
2922 1917 3006 1973 vel
3049 1927 3224 1975 utrum
3251 1921 3518 1980 elementa

1923 2004 2104 2058 mundi
2154 2003 2310 2076 hujus
2349 2007 2767 2079 conspicabilis,
2799 2020 3026 2080 quatuor
3061 2027 3129 2066 an
3169 2013 3320 2083 plura
3363 2015 3515 2072 sint:

1921 2093 2045 2164 quid
2083 2093 2240 2149 faciat
2286 2097 2455 2152 solem
2501 2098 2750 2155 lunamve
2790 2098 3044 2169 deficere,
3093 2101 3176 2158 his
3221 2102 3517 2161 defectibus

1922 2198 2056 2253 quos
2086 2185 2376 2254 praedicere
2405 2188 2657 2260 astrologi
2695 2198 2843 2246 certa
2893 2201 3191 2264 temporum
3217 2194 3518 2253 dinumera.

1924 2275 2066 2331 tione
2090 2287 2453 2334 consuerunt:
2485 2295 2583 2336 cur
2604 2281 2806 2352 antiqui
2837 2281 3084 2340 homines
3112 2294 3216 2340 tam
3246 2286 3338 2342 diu
3365 2289 3516 2344 vixe-

1921 2369 2057 2435 rint,
2088 2385 2245 2442 quam
2275 2381 2460 2428 sancta
2504 2373 2775 2444 Scriptura
2804 2384 3068 2444 testatur;
3099 2387 3154 2434 et
3179 2388 3356 2436 utrum
3387 2397 3516 2452 pro-

1921 2463 2166 2534 portione
2197 2463 2449 2534 longioris
2477 2467 2650 2520 aztatis
2678 2465 2817 2522 ﬁlios
2841 2481 2962 2524 sera
2994 2470 3270 2540 pubertate
3291 2473 3516 2544 gignere

1919 2554 2215 2623 ceperint:
2245 2555 2332 2609 ubi
2360 2555 2594 2624 potuerit
2617 2556 2965 2614 Mathusalem
2987 2560 3187 2626 vivere,
3207 2562 3298 2631 qui
3318 2563 3370 2618 in
3389 2577 3513 2618 arca

1922 2660 2026 2699 non
2055 2644 2171 2713 fuit,
2199 2646 2308 2716 qui,
2337 2646 2477 2702 sicut
2499 2647 2551 2702 in
2584 2648 2854 2719 plerisque
2877 2650 3152 2726 codicibus
3173 2662 3228 2706 et
3246 2653 3436 2723 grazcis
3457 2658 3513 2710 et

1921 2735 2102 2790 latinis
2132 2747 2479 2792 numerantur
2506 2738 2654 2805 anni,
2681 2738 2948 2807 reperitur
2975 2741 3334 2809 supervixisse
3371 2742 3503 2798 diluv

1921 2826 2041 2894 vio;
2068 2827 2148 2882 vel
2172 2836 2347 2882 utrum
2371 2828 2726 2899 paucioribus,
2754 2830 2842 2899 qui
2865 2829 3124 2886 rarissimi
3144 2831 3510 2899 inveniuntur,

1920 2921 2099 2992 potius
2125 2921 2457 2976 credendum
2487 2921 2576 2986 sit,
2602 2921 2654 2975 in
2683 2921 2875 2992 quibus
2901 2921 2973 2977 ita
2999 2932 3081 2978 est
3104 2938 3360 2981 numerus
3384 2940 3514 2980 con-

1919 3011 2151 3081 scriptus
2181 3027 2440 3067 annorum
2461 3053 2477 3080 ,
2523 3022 2580 3067 ut
2603 3021 2729 3068 ante
2756 3013 3012 3069 diluvium
3041 3014 3322 3072 defunctus
3347 3015 3513 3074 fuisse

1919 3111 2263 3159 monstretur.
2291 3101 2422 3171 Quis
2444 3103 2588 3158 enim
2616 3118 2724 3159 non
2745 3104 2944 3160 sentiat
2964 3105 3016 3160 in
3045 3105 3128 3161 his
3146 3115 3307 3178 atque
3328 3107 3514 3179 hujus-

1918 3191 2062 3246 modi
2091 3193 2252 3248 variis
2279 3203 2334 3248 et
2372 3194 2848 3251 innumerabilibus
2872 3197 3274 3267 quaestionibus,
3305 3200 3419 3256 sive
3442 3200 3510 3256 ad

1917 3282 2296 3338 obscurissima
2315 3297 2477 3353 opera
2498 3284 2617 3352 Dei,
2641 3285 2755 3341 sive
2777 3286 2844 3341 ad
2865 3286 3259 3356 Scripturarum
3285 3290 3510 3347 abditis-

1917 3374 2081 3429 simas
2107 3374 2336 3430 latebras
2360 3376 2770 3446 pertinentibus,
2795 3393 2928 3448 quas
2952 3387 3101 3435 certo
3121 3380 3300 3451 aliquo
3312 3397 3510 3452 genere

1914 3466 2196 3536 complecti
2224 3482 2288 3522 ac
2315 3467 2538 3524 deﬁnire
2564 3468 2782 3525 difﬁcile
2821 3478 2940 3534 est,
2972 3479 3028 3526 et
3072 3472 3234 3527 multa
3277 3474 3508 3544 ignorari

1918 3557 2063 3612 salva
2092 3556 2385 3613 christiana
2415 3557 2539 3626 fide,
2568 3567 2622 3614 et
2649 3560 2843 3616 alicubi
2863 3560 3031 3617 errari
3059 3562 3175 3619 sine
3193 3563 3371 3635 aliquo
3396 3565 3509 3620 ha:-

1916 3650 2064 3705 retici
2090 3650 2352 3720 dogmatis
2371 3651 2596 3708 crimine
2615 3651 2638 3706 i

1985 3739 2210 3797 CAPUT
2247 3740 2437 3798 XXIV.
2463 3772 2536 3783 —
2555 3741 2646 3798 28.
2671 3741 2775 3799 Sed
2813 3744 2866 3799 in
2895 3759 3055 3801 causa
3075 3745 3300 3801 duorum
3330 3745 3505 3803 homi-

1918 3849 2042 3888 num
2062 3876 2077 3900 ,
2107 3849 2334 3904 quorum
2374 3850 2471 3906 per
2499 3851 2664 3890 unum
2703 3836 3010 3892 venumdati
3038 3852 3221 3894 sumus
3249 3839 3350 3896 sub
3377 3855 3505 3910 pec~

1915 3933 2067 3988 cato,
2093 3940 2190 3996 per
2214 3925 2443 3981 alterum
2482 3925 2796 3982 redimimur
2823 3943 2854 3982 a
2889 3929 3162 3997 peccatis;
3209 3944 3306 3999 per
3340 3945 3505 3987 unum

1916 4017 2224 4086 praecipitati
2253 4031 2438 4074 sumus
2463 4017 2516 4073 in
2542 4028 2768 4075 mortem
2788 4060 2804 4084 ,
2838 4034 2934 4091 per
2959 4020 3189 4077 alterum
3218 4021 3507 4078 liberamur

1913 4107 1982 4163 ad
2006 4107 2200 4175 vitam;
2228 4123 2452 4180 quorum
2490 4109 2581 4164 ille
2606 4110 2624 4142 ¹
2654 4126 2752 4165 nos
2777 4111 2828 4165 in
2871 4126 2928 4168 se
2969 4112 3228 4182 perdidit,
3262 4112 3506 4172 faciendo

1913 4200 2238 4256 voluntatem
2261 4215 2411 4256 suam
2433 4243 2447 4266 ,
2479 4216 2586 4256 non
2613 4199 2730 4270 ejus
2749 4219 2778 4258 a
2807 4219 2912 4274 quo
2941 4203 3111 4260 factus
3139 4215 3255 4272 est;
3280 4207 3380 4264 istc
3406 4225 3505 4264 nos

1915 4292 1966 4346 in
1994 4306 2054 4347 se
2077 4291 2253 4348 salvos
2278 4292 2427 4360 fecit,
2455 4307 2561 4348 non
2589 4293 2831 4349 faciendo
2857 4295 3182 4352 voluntatem
3203 4311 3377 4366 suam,
3405 4300 3499 4355 sed

1915 4382 2030 4453 ejus
2048 4398 2079 4437 a
2099 4398 2205 4453 quo
2220 4383 2413 4438 missus
2430 4392 2512 4438 est
2535 4381 2713 4454 (Joan.
2739 4399 2812 4451 tv,
2828 4385 2918 4451 54,
2939 4395 3058 4450 etv,
3080 4386 3173 4457 50)
3198 4402 3214 4442 :
3236 4387 3289 4442 in
3313 4389 3500 4445 horum

1913 4488 2040 4545 ergo
2063 4474 2290 4529 duorum
2323 4474 2595 4529 hominum
2625 4488 2786 4531 causa
2815 4477 3027 4546 proprie
3056 4476 3190 4532 ﬁdes
3208 4477 3498 4536 christiana

1913 4567 2175 4622 consistit.
2202 4567 2345 4624 Unus
2361 4575 2444 4624 est
2467 4567 2610 4624 enim
2639 4568 2800 4636 Deus,
2817 4577 2874 4625 et
2898 4583 3034 4624 unus
3054 4568 3313 4626 mediator
3337 4563 3502 4629 Deiet

1914 4657 2190 4714 hominum
2211 4659 2369 4716 homo
2391 4659 2639 4717 Christus
2661 4660 2818 4718 Iesus
2839 4661 2883 4734 (Ι
2902 4661 3037 4717 Tim.
3059 4679 3115 4731 ll,
3133 4662 3209 4734 5).
3238 4663 3500 4731 Quoniam

1912 4765 2018 4806 non
2036 4759 2113 4806 est
2130 4750 2272 4806 aliud
2289 4767 2482 4807 nomen
2500 4754 2598 4808 sub
2617 4753 2754 4810 cmlo
2773 4753 2952 4810 datum
2976 4754 3304 4824 hominibus,
3325 4758 3377 4813 in
3396 4775 3502 4830 quo

1913 4851 2154 4914 eporteat
2176 4858 2272 4899 nos
2291 4845 2466 4900 salvos
2493 4845 2606 4901 ﬁeri
2627 4847 2766 4918 (Act.
2789 4863 2862 4912 iv,
2882 4845 2972 4922 I2)
2999 4866 3012 4903 :
3035 4858 3090 4905 et
3119 4849 3170 4905 in
3199 4851 3289 4905 illo
3314 4851 3503 4908 deﬁni-

1913 4935 1989 4990 vit
2014 4935 2153 4990 Deus
2181 4934 2336 4990 ﬁdem
2353 4936 2622 5004 omnibus,
2640 4937 2904 4994 suscitans
2930 4939 3077 4994 illum
3095 4955 3125 4996 a
3143 4943 3368 4998 mortuis
3389 4941 3498 5016 (Id.

1912 5041 2054 5092 xvu,
2097 5025 2209 5096 51).
2260 5025 2439 5098 Itaque
2467 5028 2583 5083 sine
2626 5028 2726 5084 ista
2757 5030 2862 5084 ﬁde
2889 5071 2904 5095 ,
2938 5029 3041 5086 hoc
3070 5041 3186 5098 est,
3239 5033 3356 5090 sine
3396 5033 3502 5089 ﬁde

1913 5116 2068 5170 unius
2110 5116 2418 5173 mediatoris
2462 5118 2556 5172 Dei
2600 5127 2653 5174 et
2699 5119 2972 5174 hominum
3022 5120 3255 5178 hominis
3297 5123 3500 5179 Christi

1912 5209 2071 5274 Jesu;
2102 5209 2219 5264 sine
2257 5208 2358 5265 ﬁde
2381 5252 2398 5276 ,
2438 5210 2654 5282 inquam
2674 5252 2690 5278 ,
2725 5213 3129 5268 resurrectionis
3155 5215 3272 5284 ejus
3295 5257 3309 5282 ,
3339 5230 3498 5285 quam

1915 5302 2052 5356 Deus
2081 5300 2327 5356 omnibus
2355 5302 2376 5334 ²
2405 5301 2674 5368 deﬁnivit,
2706 5317 2824 5373 qua:
2867 5305 3050 5374 utique
3090 5305 3207 5361 sine
3252 5305 3499 5360 incarna-

1913 5395 2055 5448 tione
2080 5392 2195 5463 ejus
2237 5408 2300 5447 ac
2339 5402 2508 5449 morte
2535 5409 2639 5450 non
2665 5404 2842 5464 potest
2866 5397 3126 5453 veraciter
3143 5396 3289 5452 credi
3331 5413 3346 5451 :
3384 5396 3500 5456 sine

1912 5486 2017 5542 ﬁde
2054 5501 2182 5557 ergo
2229 5486 2609 5542 incarnationis
2645 5497 2700 5543 et
2752 5490 2941 5545 mortis
2989 5499 3038 5545 et
3090 5489 3499 5544 resurrectionis

1912 5577 2106 5633 Christi
2130 5619 2144 5641 ,
2176 5593 2274 5634 nec
2300 5579 2546 5649 antiquos
2565 5579 2762 5650 justos,
2793 5590 2850 5635 ut
2873 5581 3001 5652 justi
3029 5589 3226 5648 essent,
3253 5595 3281 5634 a
3310 5595 3498 5649 pecca-

1912 5668 1978 5722 tis
1999 5669 2232 5736 potuisse
2263 5669 2506 5724 mundari
2527 5711 2541 5735 ,
2574 5680 2626 5725 et
2655 5672 2748 5726 Dei
2771 5673 2938 5743 gratia
2960 5671 3267 5743 justilicari,
3300 5673 3495 5728 veritas

1977 5823 1989 5851 ι
2019 5830 2110 5885 am.
2131 5828 2204 5885 Er.
2235 5829 2439 5885 otia-tas,
2467 5822 2690 5885 quoniam
2713 5822 2812 5873 ille.

1976 5886 1994 5913 ¹
2021 5883 2154 5943 tiditi,
2180 5883 2460 5934 hominibus.
2481 5883 2785 5944 't’astiganttu'
2813 5900 2871 5935 ex
2901 5893 3006 5936 Illas.
