4012 6486
494 437 599 503 3J9
903 490 920 502 ,

493 548 782 606 christiana
810 559 914 601 non
946 543 1146 598 debitat
1185 558 1196 594 :
1225 541 1337 593 sive
1367 537 1418 592 in
1441 536 1691 607 eisjustis
1721 550 1857 605 quos
1887 543 2070 588 sancta

492 641 764 711 Scriptura
785 639 1191 697 commemorat,
1217 630 1329 684 sive
1350 628 1400 683 in
1425 628 1504 684 eis
1523 626 1682 698 justis
1701 641 1835 697 quos
1861 623 2076 695 quidem

494 732 580 787 illa
630 746 735 785 non
783 732 1200 789 commemorat,
1247 719 1342 776 sed
1389 728 1564 774 tamen
1617 717 1780 772 fuisse
1826 714 2078 771 credendi

493 830 651 888 sunt,
672 819 755 876 vel
781 827 904 872 ante
923 814 1177 871 diluvium
1200 854 1215 878 ,
1243 811 1328 866 vel
1356 808 1479 864 inde
1507 821 1673 878 usque
1701 806 1766 862 ad
1800 806 1969 876 legem
1995 802 2083 858 da-

493 922 640 980 tam,
680 909 764 966 vel
804 907 969 980 ipsius
997 904 1128 976 legis
1173 915 1446 972 tempore,
1493 913 1598 953 non
1644 897 1817 952 solum
1861 896 1914 950 in
1959 893 2081 948 ﬁliis

494 1003 659 1060 Israel
681 1045 695 1070 ,
725 1003 863 1058 sicut
889 999 1104 1056 fuerunt
1129 995 1433 1066 PrOphetaa,
1458 992 1553 1048 scd
1581 992 1738 1047 etiam
1763 998 1913 1045 extra
1938 1002 2080 1044 eum-

494 1097 617 1153 dem
645 1095 898 1166 populum
919 1135 934 1160 ,
965 1093 1102 1146 sicut
1125 1089 1218 1143 luit
1258 1087 1380 1142 Job.
1404 1085 1472 1140 Et
1492 1085 1725 1155 ipsorum
1751 1081 1893 1137 enim
1918 1078 2078 1135 corda

493 1189 683 1246 eadem
714 1186 1104 1244 mundabantur
1131 1179 1438 1238 mediatoris
1458 1178 1582 1243 ﬁde,
1609 1186 1664 1233 et
1687 1174 2082 1232 diffundebatur

494 1282 548 1337 in
574 1281 654 1336 eis
679 1279 910 1335 charitas
947 1291 1044 1346 per
1085 1273 1340 1345 Spiritum
1367 1278 1608 1327 sanctum
1653 1267 1828 1340 (Rom.
1871 1282 1936 1334 v,
1982 1264 2076 1337 5),

466 1354 586 1444 Iqui
611 1371 700 1426 ubi
725 1370 839 1425 vult
860 1368 1026 1438 spirat
1050 1365 1228 1440 (Joan.
1252 1379 1344 1430 ιιι,
1371 1361 1452 1433 8),
1481 1376 1590 1415 non
1611 1359 1796 1415 merita
1822 1371 2077 1428 sequens,

495 1463 592 1520 sed
616 1463 775 1520 etiam
806 1461 918 1531 ipsa
945 1458 1132 1514 merita
1171 1456 1388 1510 faciens.
1431 1452 1544 1508 Non
1589 1451 1730 1507 enim
1774 1450 1868 1505 Dei
1911 1447 2080 1518 gratia

497 1555 665 1626 gratia
703 1553 806 1609 erit
825 1551 932 1606 ullo
953 1549 1132 1615 modo,
1162 1547 1263 1602 nisi
1291 1545 1517 1619 gratuita
1540 1543 1701 1599 fuerit
1726 1541 1872 1598 omni
1898 1539 2078 1596 modo.

565 1645 656 1702 29.
684 1644 938 1715 Quamvis
965 1656 1092 1712 ergo
1120 1653 1266 1694 mors
1292 1635 1592 1709 regnaverit
1614 1635 1682 1690 ab
1716 1633 1888 1690 Adam
1915 1647 2082 1704 usque

495 1737 565 1794 ad
588 1735 802 1808 Moysen
829 1732 1004 1808 (Rom.
1033 1747 1086 1799 v,
1111 1727 1218 1802 14),
1248 1728 1370 1799 quia
1403 1742 1509 1783 non
1537 1741 1653 1782 eam
1676 1723 1849 1796 potuit
1865 1724 2082 1779 vincere

488 1828 698 1884 «neclcx
725 1826 846 1882 data
875 1837 972 1895 per
994 1821 1242 1894 Moysen;
1272 1833 1380 1874 non
1401 1817 1543 1873 enim
1567 1816 1690 1872 data
1711 1823 1792 1870 est
1818 1829 1936 1886 quae
1959 1827 2084 1885 pos-

491 1929 580 1976 set
602 1917 866 1975 viviﬁcare
887 1912 1079 1987 (Galat.
1103 1927 1159 1967 tu
1176 1954 1190 1978 ,
1217 1909 1309 1984 21)
1333 1951 1348 1978 ,
1377 1908 1473 1965 sed
1507 1923 1627 1980 quae
1647 1915 1889 1963 mortuos
1907 1948 1922 1974 ,
1964 1904 2083 1976 qui-

497 2011 598 2066 bus
622 2006 950 2064 viviﬁcandis
977 2013 1122 2062 esset
1162 2002 1332 2075 gratia
1368 1999 1671 2056 necessaria
1696 2039 1711 2064 ,
1759 2013 1867 2053 non
1906 1997 2078 2052 solum

495 2101 697 2174 peccati
731 2098 1107 2172 prepagatione
1131 2103 1188 2152 et
1222 2093 1585 2150 dominatione
1627 2098 1919 2161 prostratos
1941 2130 1956 2156 ,
1985 2104 2078 2145 ve-

494 2207 615 2249 rum
640 2193 799 2249 etiam
828 2191 994 2262 ipsius
1029 2187 1164 2259 legis
1201 2185 1378 2242 addita
1421 2183 1855 2255 praevaricatione
1893 2179 2078 2236 convi-

493 2295 631 2349 ctos,
658 2279 1217 2344 dcheretostcndcre;
1250 2292 1356 2332 non
1396 2285 1452 2331 ut
1489 2275 1687 2346 periret
1711 2273 1952 2344 quisquis
1977 2273 2080 2327 hoc

494 2380 549 2434 in
577 2377 669 2433 Dei
700 2371 1064 2432 misericordia
1083 2371 1248 2426 etiam
1276 2380 1402 2424 tunc
1426 2367 1768 2438 intelligeret,
1792 2365 1886 2421 sed
1909 2373 1964 2420 ut
1987 2379 2079 2434 per

493 2485 715 2541 regnum
742 2465 932 2522 mortis
957 2462 1023 2519 ad
1057 2461 1375 2532 supplicium
1407 2459 1702 2516 destinatus
1721 2459 1936 2524 ,ctiam
1976 2456 2077 2512 sibi

494 2564 594 2635 ipsi
635 2563 652 2594 ¹
696 2575 791 2632 per
827 2556 1316 2629 praevaricationem
1355 2552 1487 2623 legis
1534 2549 1940 2616 manilestatus,
1982 2549 2076 2604 Dei

491 2660 758 2725 quaereret
776 2649 1126 2721 adjutorium,
1149 2653 1208 2701 ut
1231 2645 1322 2700 ubi
1349 2641 1642 2701 abundavit
1661 2649 1934 2712 peccatum
1951 2682 1966 2707 ,
1997 2655 2079 2695 su-

491 2743 881 2816 perabundarct
903 2741 1070 2812 gratia
1092 2737 1268 2810 (Rom.
1291 2752 1352 2804 v,
1382 2735 1512 2806 20),
1534 2750 1654 2805 quae
1681 2734 1794 2790 sola
1819 2734 2007 2790 liberat
2043 2748 2076 2788 a

492 2851 718 2907 corpore
745 2834 932 2890 mortis
963 2830 1123 2902 hujus
1147 2827 1257 2903 (Id.
1288 2844 1395 2895 vn,
1417 2828 1519 2896 24,
1550 2827 1667 2899 25).

564 2926 790 2984 CAPUT
825 2923 994 2980 XXV.
1022 2951 1098 2964 —-
1124 2918 1374 2990 Quamvis
1400 2932 1526 2988 ergo
1568 2932 1665 2973 nec
1690 2917 1778 2972 lex
1811 2931 1906 2986 per
1931 2915 2078 2987 Moy-

492 3037 586 3078 sen
611 3019 733 3076 data
772 3015 1002 3088 potuerit
1044 3030 1072 3068 a
1100 3027 1365 3085 quoquam
1405 3009 1620 3064 homine
1641 3023 1862 3080 regnum
1891 3007 2078 3062 mortis

491 3113 736 3178 auferre;
761 3117 914 3165 erant
939 3117 1115 3161 tamen
1141 3111 1194 3158 et
1218 3101 1347 3173 legis
1369 3109 1616 3171 tempore
1661 3099 1905 3154 homines
1942 3098 2074 3162 Dei,

492 3220 600 3261 non
629 3202 733 3258 sub
758 3202 872 3272 lege
891 3203 1147 3264 terrente,
1166 3193 1538 3257 convincente,
1563 3191 1833 3262 puniente,
1863 3187 1958 3244 sed
1979 3187 2078 3242 sub

491 3296 656 3366 gratia
686 3292 1005 3355 delectante,
1026 3294 1280 3350 saltante,
1308 3285 1588 3340 liberante.
1619 3283 1785 3337 Erant
1815 3280 1905 3352 qui
1928 3280 2075 3336 dice-

491 3395 643 3454 rent,
669 3386 781 3458 Ego
801 3385 854 3438 in
882 3379 1222 3453 iniquitatibus
1247 3387 1514 3448 conceptus
1533 3392 1646 3432 sum
1662 3415 1676 3442 ,
1705 3385 1751 3430 et
1775 3375 1829 3428 in
1867 3373 2080 3443 peccatis

491 3488 651 3533 mater
675 3493 786 3531 mea
810 3491 889 3529 me
908 3474 960 3528 in
975 3483 1122 3527 utero
1144 3469 1306 3535 aluit;
1329 3476 1410 3533 et,
1440 3466 1560 3521 Non
1589 3474 1660 3520 est
1689 3480 1790 3537 pax
1812 3463 1863 3517 in
1884 3462 2078 3518 ossibus

491 3571 615 3626 meis
638 3585 669 3622 a
698 3567 828 3637 facie
856 3572 1176 3636 peccatorum
1200 3575 1426 3614 meorum
1454 3555 1624 3630 (Psal.
1655 3569 1839 3609 xxxvu
1859 3595 1874 3620 ,
1896 3553 1974 3624 4);
2001 3561 2075 3618 et,

493 3661 592 3717 Cor
619 3659 863 3714 mundum
887 3671 1000 3710 crea
1022 3655 1072 3708 in
1097 3669 1194 3718 me,
1225 3649 1386 3715 Deus,
1423 3658 1469 3702 et
1501 3647 1738 3718 spiritum
1774 3656 1963 3700 rectum
1999 3646 2080 3700 in-

490 3768 620 3808 nova
641 3753 691 3804 in
716 3747 981 3804 visceribus
1010 3746 1165 3809 meis;
1187 3752 1277 3810 et,
1308 3740 1509 3813 Spiritu
1537 3739 1808 3811 principali
1834 3740 2079 3809 conﬁrma

492 3859 605 3908 me;
625 3851 699 3906 et,
730 3839 979 3910 Spiritum
1005 3845 1233 3892 sanctum
1260 3842 1402 3888 tuum
1430 3849 1494 3888 ne
1515 3833 1716 3903 auferas
1741 3849 1773 3885 a
1797 3849 1876 3886 me
1905 3831 2076 3905 (Psal.

494 3952 545 4001 1.,
569 3937 622 4002 7,
651 3933 750 3999 12,
782 3933 870 3996 lt,
901 3928 1012 4003 15).
1038 3929 1204 3983 Erant
1231 3926 1321 3997 qui
1345 3925 1606 3992 dicerent,
1623 3923 1849 3992 Credidi,
1875 3933 2079 3995 propter

492 4028 626 4096 quod
641 4027 840 4080 locutus
864 4038 973 4077 sum
1004 4019 1176 4092 (Psal.
1205 4034 1331 4084 cxv,
1358 4019 1434 4089 1).
1459 4017 1659 4073 Eadem
1679 4017 1876 4088 quippe
1901 4028 1954 4073 et
1981 4017 2081 4087 ipsi

494 4115 888 4174 mundabantur
909 4113 1033 4182 ﬁde,
1062 4128 1163 4184 qua
1189 4121 1245 4168 ct
1275 4127 1392 4168 uos.
1423 4110 1577 4168 Unde
1607 4120 1662 4168 et
1685 4112 1968 4182 Apostolus
1991 4111 2078 4167 di-

494 4211 600 4274 cit,
633 4207 884 4262 Habentes
915 4215 1079 4260 autem
1101 4204 1329 4260 eumdem
1356 4204 1590 4274 spiritum
1627 4203 1776 4274 ﬁdei,
1801 4204 2080 4258 secundum
2117 4261 2119 4263 ,

495 4302 628 4375 quod
652 4301 896 4372 scriptum
912 4309 987 4354 est
1006 4339 1020 4363 ,
1049 4297 1286 4362 Credidi,
1321 4306 1526 4366 propter
1552 4295 1688 4367 quod
1711 4297 1908 4350 locutus
1933 4313 2080 4362 sum;

496 4405 540 4449 et
577 4409 670 4448 nos
695 4393 974 4456 credimus,
999 4399 1203 4461 propter
1227 4387 1361 4460 quod
1398 4397 1442 4442 et
1464 4388 1717 4460 loquimur
1741 4387 1803 4461 (Il
1841 4389 1957 4442 Cor.
1989 4404 2044 4442 ιν
2064 4432 2078 4454 ,

495 4485 608 4560 15).
633 4487 711 4541 Ex
751 4485 866 4556 ipsa
898 4483 1002 4539 ﬁde
1025 4483 1301 4538 dicebatur
1323 4523 1339 4548 ,
1374 4481 1504 4535 Ecce
1528 4483 1664 4552 virgo
1689 4482 1742 4535 in
1781 4491 1922 4536 utero
1951 4481 2086 4536 acci-

497 4580 617 4651 piet,
639 4585 688 4632 et
713 4577 872 4648 pariet
893 4575 1080 4645 ﬁlium;
1099 4583 1144 4628 et
1166 4574 1412 4628 vocabunt
1435 4589 1613 4627 nomen
1629 4575 1738 4644 ejus
1759 4571 2080 4640 Emmanuel,

495 4669 630 4742 quod
653 4677 724 4724 est
761 4669 1175 4736 interpretatum,
1210 4665 1483 4720 Nobiscum
1517 4664 1651 4720 Deus
1677 4665 1830 4735 (Isai.
1865 4682 1960 4731 vn,
1993 4667 2080 4730 14.

496 4774 542 4819 et
584 4762 767 4817 Matth.
795 4777 846 4824 ι,
874 4761 989 4829 25).
1023 4760 1097 4814 Ex
1137 4759 1249 4828 ipsa
1290 4757 1393 4812 ﬁde
1421 4756 1489 4812 dc
1529 4757 1645 4828 ipso
1673 4757 1978 4825 dicebatur,
2018 4758 2084 4812 Et

495 4856 605 4922 ipse
628 4861 867 4920 tanquam
887 4865 1104 4919 sponsus
1135 4846 1406 4918 procedens
1427 4846 1488 4900 de
1517 4847 1738 4902 thalamo
1758 4864 1850 4903 suo
1879 4863 1898 4902 :
1918 4848 2085 4903 exsul-

497 4945 619 4998 tavit
644 4952 696 4996 ut
716 4943 858 5014 gigas
883 4940 951 4995 ad
976 4939 1278 4995 currendum
1299 4941 1454 5003 viam;
1475 4955 1505 4992 a
1525 4956 1718 4994 summa
1743 4940 1856 4994 cali
1880 4941 1899 4972 ²
1921 4957 2085 5009 egres-

497 5036 572 5088 sio
601 5034 710 5104 ejus
733 5074 749 5100 ,
795 5042 842 5087 et
879 5047 1115 5086 occursus
1142 5033 1252 5102 ejus
1281 5047 1438 5101 usque
1478 5031 1546 5084 ad
1585 5047 1831 5085 summum
1859 5031 1970 5084 caeli
1992 5045 2012 5095 ,°
2038 5019 2084 5085 et

499 5140 600 5178 non
630 5132 701 5177 est
737 5123 822 5193 qui
845 5136 899 5177 se
926 5121 1195 5177 abscondat
1235 5138 1266 5174 a
1295 5121 1462 5175 calore
1487 5123 1592 5192 ejus
1630 5121 1801 5192 (Psal.
1838 5136 1998 5188 xvm,
2026 5122 2078 5188 6,

499 5218 579 5284 7).
608 5216 687 5271 Ex
715 5215 819 5270 ﬁde
844 5215 955 5286 ipsa
982 5215 1080 5284 ipsi
1105 5212 1399 5280 dicebatur,
1435 5213 1664 5268 Thronus
1689 5225 1824 5279 tuus,
1851 5213 2006 5280 Deus,
2030 5217 2083 5270 in

498 5310 739 5364 siccatum
779 5307 948 5362 διεσαιί
967 5348 982 5372 ,
1012 5307 1153 5377 virga
1178 5307 1464 5360 directionis
1482 5347 1498 5372 ,
1526 5306 1666 5376 virga
1695 5307 1834 5376 regni
1862 5307 1978 5362 tui:
2006 5307 2086 5360 di-

500 5398 666 5453 lexisti
685 5397 938 5468 justitiam
960 5436 976 5462 ,
1007 5405 1050 5449 et
1076 5395 1228 5450 odisti
1261 5396 1571 5462 iniquitatem
1592 5436 1606 5459 ,
1650 5405 1911 5464 propterea
1942 5398 2087 5452 unxit

500 5503 565 5555 te,
597 5489 761 5556 Deus,
799 5488 931 5544 Deus
971 5499 1086 5541 tuus
1111 5488 1220 5541 oleo
1240 5486 1589 5541 exsultationis
1627 5502 1734 5557 prie
1758 5488 2083 5558 participibus

501 5584 597 5637 tuis
629 5581 797 5652 (Psat.
822 5596 960 5645 κων,
984 5581 1037 5644 ‘7,
1062 5579 1138 5648 8).
1164 5577 1363 5632 Eodem
1393 5577 1579 5646 spiritu
1606 5577 1724 5631 ﬁdei
1752 5578 1819 5632 ab
1845 5579 1948 5632 illis
1967 5579 2081 5635 lucc

502 5675 672 5728 l'utura
703 5672 1049 5737 videbantur,
1081 5683 1188 5738 quo
1214 5683 1245 5722 a
1291 5669 1442 5724 nobis
1469 5668 1601 5723 facta
1639 5669 1944 5724 creduntur.
1978 5669 2081 5726 Nc-

512 5890 518 5896 .
567 5829 580 5859 ι
613 5826 860 5935 Vaticanus
885 5831 983 5882 Ms,
1009 5822 1072 5871 ad
1095 5829 1327 5873 a‘tamum
1351 5821 1636 5886 supplirium
1654 5822 1916 5874 destinatus
1940 5828 2081 5876 ctizun

512 5901 604 5935 Ηυῦἕῗ
629 5900 668 5934 Η
726 5922 734 5931 .

544 5901 604 5935 ne?
629 5900 734 5935 Mm.

507 5903 747 6012 “uiridis,
772 5946 904 5996 caelo.
927 5954 1052 6011 Mss,
1080 5949 1201 5999 cwti.

1747 417 1802 476 S.
1845 414 2210 475 AUGUSTINI
2253 412 2558 469 EPISCOPI

2147 543 2286 598 .que
2325 529 2468 583 cnim
2496 527 2586 597 qui
2617 525 2769 582 nobis
2808 526 2907 582 ista
2950 527 3090 583 ﬁdeli
3130 527 3415 584 dilectione
3459 531 3763 601 prophetare

3663 420 3760 478 400

2187 627 2504 690 potuerunt,
2561 633 2758 673 eorum
2793 618 2893 688 ipsi
2943 619 3223 689 participes
3272 635 3376 675 non
3431 620 3659 678 luerunt.
3703 627 3764 682 Et

2186 712 2326 767 unde
2363 720 2446 767 cst
2483 709 2624 782 quod
2666 710 2794 766 dicit
2834 712 3108 782 apostolus
3149 713 3368 781 Petrus,
3401 714 3538 782 Quid
3574 721 3769 773 tentutis

2185 802 2352 858 Deum
2377 844 2392 870 ,
2441 803 2701 873 imponere
2730 803 2915 874 jugum
2953 820 3107 873 supra
3131 803 3318 858 collum
3365 804 3764 876 discipulorum,

2185 895 2320 965 quod
2347 909 2502 965 neque
2530 901 2696 965 patres
2737 894 2928 960 nostri,
2953 911 3112 965 neque
3139 911 3230 950 nos
3258 897 3512 964 potuimus
3538 907 3766 967 portare;

2185 988 2273 1040 sed
2299 1001 2387 1056 per
2406 985 2622 1056 gratiam
2644 984 2853 1039 Domini
2878 985 2911 1039 J
2916 1003 3002 1041 esu
3026 986 3275 1041 credimus
3289 987 3416 1042 salvi
3439 989 3585 1058 ﬁeri,
3614 1007 3770 1059 quem-

2186 1076 2461 1130 admodum
2485 1085 2531 1131 et
2555 1076 2631 1130 illi
2661 1075 2798 1147 (Act.
2833 1092 2926 1142 xv,
2958 1077 3044 1145 10,
3080 1076 3168 1149 11)
3197 1096 3208 1132 :
3234 1079 3336 1134 nisi
3356 1084 3479 1150 quia
3504 1091 3557 1136 et
3579 1083 3651 1136 illi
3679 1099 3769 1152 per

2185 1170 2408 1242 gratiam
2441 1169 2647 1224 Domini
2669 1169 2796 1224 Jesu
2824 1167 3023 1224 Christi
3045 1171 3174 1225 salvi
3201 1169 3330 1226 facti.
3353 1182 3473 1227 sunt
3498 1211 3518 1240 ,
3541 1188 3652 1228 non
3679 1189 3769 1244 per

2187 1261 2356 1332 legem
2385 1261 2572 1331 Moysi,
2606 1277 2701 1330 pcr
2725 1276 2884 1332 quam
2914 1277 3017 1316 non
3045 1264 3251 1318 sanatio
3273 1305 3288 1331 ,
3313 1265 3406 1320 sed
3432 1266 3667 1336 cognitio
3690 1276 3770 1324 est

2188 1350 2322 1406 facta
2351 1351 2593 1422 peccati?
2626 1351 2780 1405 Nunc
2801 1359 2967 1406 autem
3005 1353 3114 1406 sine
3139 1353 3246 1425 lege
3260 1354 3464 1424 justitia
3485 1355 3583 1410 Dei
3608 1359 3769 1411 mani-

2187 1447 2366 1516 festata
2411 1452 2520 1508 est,
2563 1443 2830 1513 testiﬁcata
2867 1459 2956 1514 per
2980 1442 3165 1514 Legem
3193 1454 3240 1499 et
3271 1443 3556 1518 PrOphetas
3598 1445 3772 1521 (Rom.

2187 1551 2241 1590 ιιι
2262 1577 2276 1600 .
2304 1535 2376 1591 20
2393 1577 2410 1603 ,
2433 1533 2548 1607 21).
2577 1533 2632 1591 Si
2660 1549 2790 1606 ergo
2814 1549 2955 1589 nunc
2980 1533 3317 1591 manifestata
3338 1547 3442 1602 est,
3463 1538 3625 1593 etiam
3649 1546 3777 1594 tum.

2186 1636 2331 1694 erat,
2378 1626 2472 1683 sed
2513 1627 2740 1683 occulta.
2785 1626 2947 1698 Cujus
2991 1627 3399 1682 occultationem
3447 1628 3775 1699 signiﬁcabat

2188 1719 2368 1790 templi
2399 1719 2594 1786 velum,
2624 1717 2764 1790 quod
2793 1728 2876 1775 est
2904 1718 2970 1773 ad
2993 1718 3114 1788 ejus
3139 1719 3535 1789 signiﬁcandam
3563 1720 3768 1776 revela-

2187 1812 2385 1868 tionem
2430 1810 2645 1866 Christo
2675 1810 2936 1866 moriente
2963 1810 3289 1866 conscissum
3343 1809 3560 1880 (Matth.
3591 1828 3731 1867 xxvu
3755 1853 3772 1880 ,

2186 1903 2297 1974 51).
2323 1901 2391 1956 Et
2430 1910 2556 1957 tunc
2581 1916 2709 1972 ergo
2749 1901 2846 1956 ista
2873 1901 3041 1971 gratia
3064 1901 3222 1976 unius
3245 1901 3555 1959 mediatoris
3587 1902 3683 1959 Dei
3721 1912 3776 1958 et

2187 1996 2462 2051 hominum
2489 1995 2720 2052 hominis
2745 1994 2944 2051 Christi
2981 1995 3107 2052 Jesu
3128 2037 3144 2064 ,
3171 2006 3287 2053 erat
3314 1997 3367 2052 in
3409 1999 3606 2069 populo
3634 1999 3725 2054 Dei
3758 2017 3772 2053 :

2186 2088 2281 2144 sed
2313 2099 2558 2159 tanquam
2591 2089 2645 2145 in
2684 2088 2884 2144 vellere
2913 2089 3090 2159 pluvia
3113 2131 3128 2158 ,
3156 2104 3313 2160 quam
3356 2105 3460 2146 non
3505 2091 3737 2147 debitam
3757 2133 3775 2159 ,

2186 2179 2281 2236 sed
2309 2179 2660 2235 voluntariam
2688 2187 2934 2252 segregat
2968 2181 3112 2236 Deus
3141 2180 3438 2237 hmrcditati
3469 2199 3580 2239 sua:
3601 2183 3776 2254 (Psal.

2187 2285 2347 2335 vau,
2373 2270 2485 2340 10),
2509 2270 2682 2326 inerat
2704 2270 2906 2337 latens;
2932 2285 3072 2325 nunc
3093 2279 3272 2326 autem
3299 2272 3442 2327 velut
3461 2273 3664 2329 siccato
3689 2275 3778 2329 illo

2185 2361 2403 2428 vellere,
2427 2359 2530 2417 hoc
2549 2369 2659 2426 est,
2686 2359 2906 2417 Iudaico
2935 2361 3132 2430 populo
3161 2363 3446 2431 reprobato
3464 2405 3479 2431 ,
3516 2365 3567 2419 in
3595 2366 3777 2420 omni-

2184 2452 2285 2508 bus
2309 2453 2554 2524 gentibus
2581 2461 2829 2523 tanquam
2859 2453 2912 2508 in
2940 2466 3065 2508 area
3089 2453 3326 2508 cernitur
3351 2465 3538 2524 patens
3572 2454 3778 2526 (ludic.

2187 2560 2264 2612 vr,
2292 2545 2495 2616 5640).

2257 2636 2481 2694 CAPUT
2512 2635 2702 2692 XXVI.
2731 2667 2804 2678 —
2825 2636 2916 2694 '50.
2949 2636 3064 2692 Non
3091 2637 3270 2708 igitur,
3300 2638 3436 2692 sicut
3457 2639 3707 2710 Pelagius
3729 2651 3783 2696 ct

2185 2729 2302 2800 ejus
2325 2729 2591 2801 discipuli,
2621 2739 2861 2801 tempora
2888 2730 3209 2796 dividamus,
3232 2730 3472 2786 dicentes
3493 2772 3506 2795 ,
3544 2731 3782 2786 Primum

2185 2821 2364 2900 vixisse
2376 2821 2545 2892 justas
2569 2822 2799 2876 homines
2823 2837 2886 2875 ea:
2911 2830 3116 2888 natura,
3146 2820 3328 2876 deinde
3353 2823 3444 2877 sub
3477 2824 3606 2894 lege,
3636 2827 3782 2878 tertio

2184 2913 2276 2968 sub
2304 2913 2488 2984 gratia.
2521 2912 2601 2967 Ex
2645 2923 2864 2980 natura,
2911 2914 3116 2968 scilicet
3147 2914 3215 2968 ab
3256 2913 3425 2969 Adam
3474 2924 3580 2969 tam
3624 2916 3782 2986 longa

2183 3011 2374 3070 actate,
2401 3017 2504 3073 qua
2532 3002 2618 3057 lex
2648 3002 2883 3058 nondum
2909 3012 3024 3057 erat
3050 3002 3193 3058 data.
3225 3002 3370 3058 Tunc
3397 3006 3531 3059 enim
3549 3048 3564 3072 ,
3594 3007 3777 3071 aiunt,

2183 3097 2310 3151 duce
2336 3095 2531 3150 ratione
2567 3094 2957 3167 cognoscebatur
2986 3095 3194 3150 Creator
3216 3137 3230 3162 ,
3280 3105 3327 3150 et
3354 3098 3784 3167 quemadmodum

2181 3197 2310 3244 esset
2339 3187 2631 3253 vivendum,
2671 3188 2914 3256 scriptum
2953 3188 3217 3257 gerebatur
3260 3190 3314 3241 in
3354 3189 3590 3243 cordibus
3614 3231 3630 3256 ,
3680 3206 3782 3243 non

2185 3281 2291 3351 lege
2335 3280 2533 3344 litteris,
2561 3280 2650 3333 sed
2676 3287 2894 3334 natum.
2933 3277 3114 3332 Verum
3157 3279 3344 3334 vitiatis
3389 3271 3650 3347 moribus,
3706 3281 3785 3334 in-

2183 3373 2402 3442 quiunt,
2434 3371 2517 3425 ubi
2543 3371 2692 3442 coepit
2720 3387 2820 3425 non
2846 3371 3069 3442 su/ﬁcere
3092 3380 3274 3425 natura
3294 3372 3398 3437 iam
3429 3373 3670 3438 decolor,
3706 3373 3788 3428 lea:

2184 3467 2227 3520 ei
2245 3466 2422 3520 addita
2445 3474 2538 3532 est,
2565 3481 2684 3535 qua,
2709 3465 2840 3518 velut
2862 3466 3003 3530 luna,
3029 3465 3219 3536 fulgori
3244 3466 3457 3536 pristino
3484 3466 3674 3520 detrita
3698 3483 3787 3520 ru-

2184 3558 2350 3630 bigine
2368 3557 2678 3611 redderetur.
2709 3557 2814 3612 Sed
2851 3567 3175 3628 posteaquam
3201 3557 3388 3623 nimia,
3406 3621 3412 3627 ο
3431 3557 3573 3613 sicut
3601 3558 3790 3628 dispu-

2185 3658 2334 3716 tant,
2367 3649 2610 3719 peccandi
2647 3649 2952 3703 consuetudo
2981 3650 3278 3721 praevaluit,
3305 3640 3396 3704 cui
3418 3652 3672 3706 sanandis
3707 3652 3791 3706 les:

2187 3756 2370 3813 parum
2409 3739 2592 3795 valeret
2616 3740 2656 3808 ¹,
2689 3739 2919 3796 Christus
2959 3741 3196 3808 advenit,
3239 3751 3286 3795 et
3326 3751 3568 3813 tanquam
3613 3746 3792 3799 morbo

2185 3833 2589 3904 desperatissimo
2612 3874 2627 3899 ,
2670 3849 2774 3887 non
2817 3849 2905 3903 per
2944 3832 3219 3903 discipulos
3243 3875 3259 3903 ,
3289 3835 3377 3890 sed
3419 3851 3512 3906 per
3535 3853 3594 3892 se
3621 3837 3791 3908 ipsum

2185 3927 2405 3982 medicus
2443 3927 2550 3997 ipse
2573 3926 2818 3980 subvenit.

2257 4019 2345 4074 51.
2379 4017 2504 4074 Hmc
2525 4017 2875 4089 disputantes,
2905 4032 2935 4072 a
2956 4017 3123 4088 gratia
3145 4018 3454 4074 mediatoris
3473 4019 3662 4090 justos
3697 4036 3794 4075 cx-

2185 4109 2402 4165 cludere
2427 4118 2686 4164 conantur
2710 4109 2957 4180 antiquos
2979 4149 2996 4176 ,
3042 4119 3290 4180 tanquam
3331 4109 3426 4166 Dei
3463 4120 3522 4166 et
3559 4111 3782 4167 illorum

2187 4199 2462 4256 hominum
2497 4216 2604 4256 non
2646 4199 2804 4256 fuerit
2836 4200 3098 4256 mediator
3127 4201 3288 4257 homo
3312 4199 3562 4258 Christus
3587 4203 3793 4268 Iesus;

2186 4293 2312 4364 quia
2337 4293 2572 4348 nondum
2603 4307 2668 4348 ex
2697 4300 2850 4348 utero
2881 4292 3112 4363 Virginis
3132 4308 3292 4350 carne
3319 4305 3598 4364 suscepta,
3627 4296 3795 4351 homo

2188 4385 2424 4440 nondum
2463 4384 2595 4454 fuit,
2625 4385 2838 4455 quando
2877 4385 2952 4440 illi
2987 4386 3116 4454 justi
3161 4386 3392 4442 fuerunt.
3423 4387 3584 4456 Quod
3629 4389 3676 4444 si
3723 4389 3795 4444 ita

2188 4486 2366 4543 esset,
2413 4493 2745 4549 nequaquam
2790 4479 3078 4548 Apostolus
3121 4479 3368 4536 diceret:
3402 4480 3509 4536 Per
3530 4483 3797 4538 hominem

2188 4586 2357 4636 mors,
2393 4577 2443 4624 et
2479 4586 2568 4640 per
2609 4569 2860 4624 homiran
2886 4572 3188 4626 resurrectio
3230 4581 3546 4626 mortuorum
3601 4588 3622 4628 :
3666 4573 3797 4627 sicut

2189 4662 2320 4716 enim
2345 4661 2397 4715 in
2419 4660 2583 4714 Adam
2603 4677 2774 4714 omnes
2799 4670 3099 4724 monentur,
3131 4663 3204 4715 sic
3232 4672 3279 4716 et
3308 4663 3360 4716 in
3385 4660 3592 4718 Christo
3619 4679 3798 4718 omnes

2189 4752 2570 4821 viviﬁcabuntur
2609 4752 2650 4821 (I
2680 4751 2797 4806 Cor.
2842 4768 2931 4816 xv,
2957 4753 3020 4808 21
3046 4793 3061 4818 ,
3089 4753 3206 4823 22).
3235 4753 3688 4826 Quandoquidem
3722 4756 3795 4810 illi

2189 4843 2388 4912 antiqui
2410 4843 2559 4912 justi,
2586 4843 2876 4898 secundum
2909 4844 3130 4899 istorum
3160 4845 3462 4916 vaniloquia
3489 4889 3504 4913 ,
3539 4848 3650 4904 sibi
3681 4846 3800 4903 sui-

2191 4933 2400 4988 ﬁcieute
2446 4941 2663 4998 natura,
2697 4949 2794 4989 nec
2821 4934 3113 4990 mediatorc
3154 4935 3370 4992 homine
3397 4937 3620 4995 Christo
3653 4940 3790 4994 indi-

2188 5032 2442 5094 guerunt,
2485 5039 2579 5094 per
2620 5041 2776 5096 quem
2808 5028 3280 5084 reconciliarentur
3308 5031 3417 5085 Deo
3447 5049 3460 5085 :
3494 5046 3601 5088 nec
3635 5033 3689 5087 in
3733 5047 3800 5087 co

2191 5115 2618 5182 viviﬁcabuntur,
2647 5117 2710 5172 ad
2739 5118 2889 5188 cujus
2915 5135 3109 5189 corpus
3135 5129 3188 5175 et
3205 5121 3465 5189 membra,
3485 5124 3796 5178 secundum

2191 5208 2242 5262 id
2260 5208 2410 5279 quod
2436 5219 2651 5280 propter
2681 5209 2924 5266 homines
2953 5211 3112 5267 homo
3139 5212 3311 5267 factus
3334 5222 3438 5278 est,
3473 5230 3586 5270 non
3621 5216 3795 5285 perti-

2191 5316 2319 5358 nere
2346 5311 2729 5357 monstrantur.
2761 5303 2816 5358 Si
2841 5311 3039 5372 autem,
3059 5305 3504 5374 quemadmodum
3521 5322 3626 5376 per
3652 5310 3798 5377 Apo-

2189 5393 2352 5448 stolos
2369 5409 2496 5450 suos
2512 5394 2716 5449 Veritas
2727 5394 2979 5464 loquitur,
2994 5396 3122 5449 sicut
3134 5397 3184 5450 in
3199 5397 3362 5450 Adam
3377 5413 3553 5453 omnes
3567 5401 3799 5454 moriun-

2191 5493 2272 5536 tur
2287 5525 2301 5548 ,
2320 5485 2391 5537 sic
2411 5494 2455 5536 et
2474 5485 2525 5538 in
2550 5482 2750 5539 Christo
2770 5501 2938 5538 omnes
2958 5485 3492 5557 viviﬁcabuntur;quia
3517 5506 3614 5557 per
3632 5490 3790 5543 illum

2191 5577 2441 5628 hominem
2477 5591 2630 5638 mors,
2656 5583 2700 5628 et
2737 5591 2825 5644 per
2854 5575 3010 5630 istum
3041 5576 3292 5631 hominem
3325 5581 3633 5633 resurrectio
3660 5598 3776 5633 mor

2191 5676 2389 5720 tuorum
2427 5683 2445 5719 :
2491 5666 2610 5734 quis
2669 5664 2860 5720 audeat
2898 5666 3139 5724 dubitare
3187 5669 3508 5724 christiauus
3543 5712 3562 5736 ,
3624 5673 3796 5726 etiam

2193 5757 2309 5810 illos
2344 5757 2515 5825 justos
2544 5796 2556 5820 ,
2609 5755 2698 5826 qui
2742 5758 3127 5814 recentioribus
3177 5759 3250 5831 (τι)
3302 5759 3513 5832 generis
3566 5761 3801 5817 humani

2264 5895 2274 5917 ί
2299 5887 2433 5938 mliti.
2465 5885 2600 5938 valet.
2630 5896 2682 5938 At
2702 5896 2829 5944 Mss,
2855 5889 3048 5942 valeret.

2257 5950 2330 6011 (ιι)
2353 5957 2518 6011 Furit},
2546 5951 2891 6002 remotioribus.
