4012 6468
256 338 344 394 Μ
1344 332 1545 390 LIBER
1576 331 1664 390 DE
1706 329 2015 390 PECCATO
2045 331 2410 390 ORIGINALI.

255 453 576 525 temporibus
612 451 728 508 Deo
757 450 1107 523 placuerunt,
1154 449 1271 505 ideo
1303 450 1355 504 iu
1388 450 1834 505 resurrectionem

254 549 364 602 vita:
384 552 604 600 aeterm
625 585 640 609 ,
673 559 777 596 non
799 543 984 597 mortis
1010 550 1225 598 arternae
1254 556 1373 596 esse
1401 549 1653 596 venturos
1673 581 1687 606 ,
1717 539 1837 610 quia

257 642 303 696 in
343 637 557 695 Christo
603 635 1045 699 vivificabuntur;
1095 633 1216 688 ideo
1258 642 1435 688 autent
1483 631 1734 687 vivificari
1785 631 1836 684 iu

256 732 478 796 Christo,
503 728 759 800 quoniam
786 728 852 783 ad
881 741 1074 797 corpus
1103 726 1372 796 pertinent
1391 725 1691 788 Christi;et
1720 723 1839 779 ideo

257 824 518 896 pertinere
546 822 614 877 ad
639 836 835 892 corpus
866 820 1083 884 Christi,
1128 819 1249 890 quia
1299 827 1353 873 et
1391 818 1520 888 ipsis
1558 826 1716 888 caput
1758 826 1840 872 est

255 915 492 970 Christus
513 913 558 985 (ι
573 913 692 967 Cor.
709 928 780 978 xt,
797 909 874 983 '5);
893 911 1011 966 ideo
1029 921 1083 966 et
1100 911 1227 980 ipsis
1238 918 1523 980 caputesse
1539 907 1836 975 Christum,

254 1006 368 1076 quia
390 1021 533 1059 unus
559 1003 824 1060 mediator
838 1012 920 1059 est
940 1003 1031 1058 Dei
1047 1011 1102 1058 et
1119 1001 1390 1057 hominum
1415 1001 1576 1056 homo
1596 999 1842 1056 Christus

252 1096 441 1154 Iesus?
482 1095 638 1165 Quod
682 1096 762 1150 eis
801 1110 907 1150 non
958 1094 1162 1160 fuisset,
1212 1093 1314 1149 nisi
1351 1093 1403 1148 in
1443 1093 1558 1163 ejus
1599 1107 1844 1149 resurre-

253 1187 484 1242 ctionem
545 1202 642 1258 per
665 1185 782 1256 ejus
826 1186 1048 1258 gratiam
1093 1184 1465 1241 credidissent.
1497 1185 1562 1238 Et
1583 1183 1683 1239 hoc
1711 1199 1843 1255 quo-

252 1279 408 1335 modo
439 1278 624 1344 fieret,
655 1279 702 1334 si
733 1294 855 1335 eum
885 1279 938 1334 in
976 1293 1138 1334 carne
1173 1287 1454 1333 venturum
1485 1292 1607 1335 esse
1644 1277 1845 1333 nescis-

253 1380 367 1427 sent
385 1414 402 1438 ,
441 1386 618 1442 neque
644 1386 711 1425 ex
756 1373 854 1425 hac
882 1369 983 1425 fide
1004 1370 1148 1440 juste
1176 1370 1366 1441 pieque
1387 1369 1680 1425 vixissent?
1708 1367 1842 1424 Nam

253 1466 293 1520 si
331 1475 613 1536 propterea
643 1465 747 1520 illis
788 1481 891 1520 non
922 1463 1432 1536 profuitincarnatio
1456 1463 1688 1533 Christi,
1721 1463 1841 1534 quia

251 1557 485 1612 nondum
517 1558 654 1612 facta
679 1565 830 1623 erat;
855 1573 954 1613 nec
983 1557 1135 1613 nobis
1163 1555 1380 1628 prodest
1402 1555 1663 1627 judicium
1689 1555 1845 1611 Chri-

254 1647 316 1704 sti
343 1648 412 1704 de
438 1649 578 1703 vivis
607 1658 661 1704 et
693 1649 915 1704 mortuis
935 1690 950 1714 ,
989 1648 1111 1718 quia
1152 1647 1386 1702 nondum
1426 1650 1620 1702 factum
1651 1657 1758 1702 est.
1787 1644 1843 1701 Si

252 1749 425 1796 autem
457 1755 559 1795 nos
586 1755 680 1810 per
709 1739 866 1810 hujus
905 1739 1138 1794 nondum
1169 1737 1291 1794 facti
1316 1780 1331 1807 ,
1365 1737 1458 1794 sed
1483 1737 1843 1808 futurijudicii

252 1833 404 1888 fidem
433 1833 696 1889 stabimus
721 1831 785 1887 ad
817 1832 1089 1887 dexteram
1117 1832 1314 1887 Christi
1342 1849 1356 1897 ;
1385 1831 1622 1903 profecto
1649 1831 1722 1886 illi
1752 1845 1846 1901 per

251 1926 634 1982 incarnationis
663 1925 778 1996 ejus
817 1933 942 1981 tunc
969 1923 1202 1981 nondum
1245 1924 1418 1993 factae,
1445 1924 1540 1980 sed
1564 1923 1754 1979 futura:
1784 1922 1846 1978 fl-

254 2017 370 2073 dem
397 2016 644 2072 membra
675 2025 798 2070 sunt
822 2014 1036 2070 Christi.

324 2107 561 2165 CAPUT
599 2106 814 2162 XXVII.
837 2137 908 2148 —
927 2108 1014 2164 '52.
1055 2106 1238 2177 Neque
1261 2105 1400 2162 enim
1426 2105 1713 2177 putandum
1739 2113 1842 2170 est,

255 2200 391 2272 quod
422 2199 660 2271 antiquis
683 2200 842 2270 justis
871 2200 982 2254 sola
1027 2215 1146 2270 quae
1185 2214 1398 2270 semper
1434 2208 1567 2264 erat,
1598 2198 1846 2252 divinitas

253 2292 467 2358 Christi,
494 2307 602 2346 non
633 2292 792 2347 etiam
826 2307 940 2359 qua:
959 2291 1195 2346 nondum
1223 2299 1356 2356 erat,
1389 2290 1503 2362 ejus
1539 2290 1844 2345 humanitas

253 2385 480 2441 revelata
509 2383 787 2454 profuerit.
813 2383 942 2438 Illud
967 2383 1110 2438 enim
1133 2382 1274 2453 quod
1297 2382 1371 2436 ait
1394 2382 1647 2436 Dominus
1665 2380 1840 2447 Jesus,

255 2476 506 2530 Abraham
534 2475 819 2546 concupivit
840 2475 970 2528 diem
993 2490 1158 2528 meum
1186 2474 1372 2539 videre,
1397 2481 1441 2526 et
1462 2473 1604 2540 vidit,
1634 2483 1679 2527 et
1699 2474 1843 2544 gavi-

253 2584 332 2623 sus
355 2576 463 2633 est;
485 2568 532 2622 si
561 2567 703 2621 diem
725 2581 878 2620 suum
907 2565 1069 2619 voluit
1095 2581 1249 2620 suum
1275 2574 1482 2635 tempus
1504 2565 1747 2634 intelligi,
1769 2574 1847 2620 te-

254 2660 558 2716 stimonium
582 2657 822 2729 profecto
847 2657 1115 2728 perhibuit
1137 2655 1546 2728 Abrahm,quod
1565 2655 1669 2711 fide
1686 2656 1846 2712 fuerit

252 2754 632 2808 incarnationis
659 2752 776 2822 ejus
805 2751 1055 2807 imbutus.
1076 2750 1378 2808 Secundum
1401 2751 1540 2806 hanc
1566 2752 1709 2807 enim
1742 2749 1840 2806 ha-

251 2846 335 2902 bet
363 2855 611 2916 tempus:
634 2844 882 2900 divinitas
898 2858 1026 2898 vero
1051 2842 1169 2913 ejus
1189 2857 1348 2898 omne
1376 2851 1586 2912 tempus
1608 2841 1842 2908 excedit,

253 2940 368 3008 quia
397 2954 499 3010 per
529 2938 675 2992 illam
707 2937 957 2992 universa
990 2935 1125 2991 facta
1155 2943 1279 2991 sunt
1319 2943 1577 3005 tempora.
1610 2933 1762 3002 Quod
1789 2945 1843 2991 et

250 3032 293 3086 si
322 3031 607 3101 quisquam
627 3028 696 3084 de
721 3028 808 3084 die
823 3029 1149 3098 sempiterno
1172 3027 1536 3097 accipiendum
1555 3029 1840 3098 putaverit,

249 3129 333 3197 qui
365 3127 521 3181 nullo
552 3126 733 3180 linitur
757 3126 1010 3193 crastino,
1040 3124 1186 3180 nullo
1211 3123 1536 3195 prmvenitur
1561 3123 1836 3190 hesterno,

249 3217 348 3273 hoc
373 3226 482 3284 est,
514 3217 582 3272 de
609 3216 722 3287 ipsa
753 3216 1068 3283 aeternitate,
1093 3216 1143 3270 in
1179 3229 1279 3286 qua
1305 3222 1604 3270 co:eternus
1629 3224 1708 3270 est
1737 3214 1841 3269 Pa-

251 3313 347 3366 tri:
375 3309 651 3382 quomodo
702 3309 755 3364 id
798 3324 924 3364 vere
967 3307 1370 3378 concupisceret
1420 3308 1708 3375 Abraham,
1743 3305 1844 3362 nisi

254 3404 361 3473 ejus
378 3413 562 3460 nosset
581 3402 810 3458 futuram
828 3402 1225 3468 mortalitatem,
1249 3401 1403 3471 cujus
1419 3401 1583 3472 quaesi
1603 3401 1662 3455 ait
1685 3409 1842 3456 aeter-

256 3497 508 3554 nitatem?
533 3499 639 3552 Aut
665 3497 712 3552 si
741 3496 806 3551 ad
837 3496 939 3551 hoc
965 3496 1155 3566 aliquis
1189 3495 1378 3551 horum
1405 3495 1686 3550 verborum
1713 3509 1842 3550 sen-

255 3606 364 3646 sum
387 3599 646 3656 coarctat,
687 3602 742 3646 ut
767 3590 927 3658 dicat,
957 3590 1088 3645 nihil
1115 3589 1514 3661 intelligendum
1537 3589 1590 3644 in
1613 3605 1678 3646 eo
1697 3590 1841 3662 quod

255 3686 324 3739 ait
351 3685 630 3749 Dominus,
653 3683 908 3752 Quaesivit
927 3683 1067 3739 diem
1090 3699 1290 3751 meum,
1314 3683 1436 3751 nisi,
1458 3683 1712 3753 Qumsivit
1730 3698 1840 3751 me,

256 3776 337 3845 qui
368 3791 487 3830 sum
521 3776 637 3831 dies
659 3791 997 3846 permanens,
1029 3775 1130 3832 hoc
1157 3784 1258 3842 est,
1282 3775 1462 3831 lumen
1492 3776 1836 3833 indeficiens:

256 3866 399 3921 velut
424 3881 547 3922 cum
568 3866 795 3922 dicimus
819 3867 978 3921 vitam
1006 3867 1148 3935 Filii,
1174 3867 1242 3923 de
1262 3883 1365 3938 qua
1397 3867 1630 3938 loquitur
1659 3867 1840 3924 Evan-

255 3959 444 4028 gelium
470 3957 676 4021 dicens,
702 3957 792 4012 Sic
811 3957 947 4012 dedit
972 3967 1020 4013 et
1045 3958 1180 4012 Filio
1201 3959 1352 4014 vitam
1379 3958 1560 4014 habere
1583 3961 1634 4014 in
1658 3970 1840 4016 semet-

255 4050 360 4118 ipso
383 4047 563 4120 (Joau.
595 4065 646 4116 v,
677 4046 807 4119 26):
839 4065 942 4104 non
970 4049 1112 4104 aliud
1137 4049 1330 4120 ipsom,
1354 4049 1495 4104 aliud
1520 4049 1638 4119 ejus
1653 4050 1837 4116 vitam;

257 4141 345 4196 sed
391 4140 642 4197 eumdem
676 4140 849 4210 ipsum
893 4141 1086 4196 Filium
1135 4139 1478 4212 intelligimus
1522 4142 1704 4209 vitam,
1750 4143 1841 4212 qui

257 4232 402 4298 dixit,
435 4232 546 4303 Ego
585 4249 696 4285 sum
726 4233 826 4300 via,
860 4233 1040 4288 veritas
1074 4242 1121 4288 et
1151 4234 1251 4288 vita
1289 4231 1400 4304 (Id.
1433 4250 1548 4300 xlv,
1578 4232 1632 4304 6)
1654 4249 1670 4289 :
1692 4244 1745 4289 et
1773 4233 1842 4288 de

257 4341 359 4394 quo
399 4326 600 4380 dictum
643 4333 746 4393 est,
789 4325 910 4396 Ipse
949 4335 1021 4382 est
1061 4343 1206 4381 verus
1244 4324 1381 4379 Deus
1423 4335 1468 4381 et
1509 4326 1611 4380 vita
1653 4335 1842 4380 (eterna

259 4417 297 4486 (Ι
324 4417 480 4472 Joan.
512 4433 564 4484 v,
589 4415 684 4490 20)
711 4435 722 4469 :
748 4425 804 4472 ut
830 4417 965 4472 hanc
994 4417 1110 4488 ejus
1137 4418 1392 4489 mqualem
1423 4417 1566 4472 Patri
1594 4416 1842 4472 divinita-

258 4516 359 4561 tem
392 4507 572 4562 videre
602 4507 829 4576 cupierit
873 4507 1163 4578 Abraham,
1212 4491 1546 4580 nequaquam
1595 4508 1842 4564 incarna-

258 4600 397 4654 tione
422 4600 541 4670 ejus
571 4601 913 4671 praecognita,
944 4601 1082 4657 sicut
1109 4617 1230 4657 eum
1263 4602 1504 4656 nonnulli
1530 4603 1689 4658 etiam
1720 4601 1840 4671 phi-

254 4691 462 4762 losophi
510 4693 889 4762 qumsiverunt,
923 4693 1010 4764 qui
1039 4694 1166 4748 nihil
1194 4693 1262 4748 de
1292 4694 1408 4764 ejus
1447 4709 1608 4751 carne
1634 4693 1838 4750 didice-

259 4793 410 4839 runt:
441 4785 697 4855 numquid
724 4795 779 4842 et
805 4786 954 4853 illud,
987 4787 1127 4857 quod
1149 4787 1302 4857 jubet
1323 4788 1616 4857 Abraham,
1639 4803 1841 4859 ponere

257 4891 470 4930 manum
504 4891 716 4931 servum
759 4891 913 4932 suum
955 4877 1052 4932 sub
1081 4877 1283 4934 femore
1309 4893 1427 4944 suo,
1456 4888 1510 4934 et
1531 4880 1713 4949 jurare
1743 4895 1842 4950 per

257 4965 421 5020 Deum
461 4967 582 5022 caeli
614 4965 764 5032 (Gen.
802 4983 945 5034 xxtv,
977 4967 1033 5036 ‘2,
1077 4970 1153 5039 5),
1184 4969 1338 5024 aliter
1377 4969 1652 5040 quisquam
1697 4980 1841 5027 recte

258 5054 624 5112 intellecturus
654 5066 756 5125 est,
788 5057 888 5112 nisi
918 5057 1184 5113 Abraham
1215 5059 1400 5127 scisse,
1454 5059 1508 5114 in
1553 5075 1656 5130 qua
1704 5077 1838 5115 ven-

256 5159 403 5204 turus
430 5157 576 5205 esset
602 5148 741 5204 Deus
783 5149 925 5217 caeli,
969 5163 1184 5205 carnem
1229 5149 1297 5204 de
1339 5150 1428 5206 illo
1469 5150 1670 5206 femore
1713 5165 1837 5221 ιιι-ο-

255 5255 319 5310 pa
326 5241 432 5310 gari
444 5241 470 5294 ?

327 5330 552 5388 CAPUT
591 5329 831 5387 XXVIII.
863 5362 932 5372 —
957 5332 1046 5387 3'5.
1083 5331 1244 5402 Cujus
1269 5331 1445 5387 carnis
1473 5341 1525 5387 et
1545 5333 1835 5402 sanguinis,

253 5423 464 5492 quando
481 5424 654 5494 ipsum
673 5421 939 5479 Abraham
965 5423 1252 5491 benedixit,
1275 5423 1660 5479 Melchisedech
1678 5425 1836 5479 etiam

252 5517 616 5571 testimonium
645 5515 962 5571 Christianis
992 5515 1235 5570 ﬁdelibus
1262 5516 1596 5570 notissimum
1625 5515 1840 5586 protulit

251 5607 405 5678 (Cen.
439 5625 564 5674 xlv,
598 5606 816 5680 18-20),
844 5617 902 5662 ut
925 5617 1071 5663 tanto
1095 5619 1211 5678 post
1237 5608 1449 5663 Christo
1491 5609 1761 5663 diceretur
1785 5607 1836 5662 in

249 5700 499 5765 Psalmis,
529 5700 670 5770 quod
701 5699 936 5754 nondum
981 5700 1196 5766 factum,
1237 5701 1329 5756 sed
1370 5700 1539 5756 adhuc
1582 5701 1834 5766 futurum,

246 5793 436 5850 eadem
464 5801 641 5850 tamen
666 5794 776 5864 ipsa
798 5801 851 5848 et
877 5802 1086 5864 patrum
1113 5810 1229 5853 eum
1257 5806 1432 5850 nostra
1460 5805 1560 5855 est,
1582 5795 1714 5849 fides
1729 5810 1828 5848 una

3425 338 3530 394 ωε).

1945 449 2223 504 cantabat:
2252 448 2329 504 Tu
2358 466 2410 504 es
2451 450 2682 506 sacerdos
2722 451 2771 504 in
2801 459 3063 518 (utentum,
3091 451 3364 506 secundum
3391 453 3533 506 ordi-

1945 555 2058 591 nem
2082 539 2443 595 Melchisedech
2465 540 2632 612 (Psal.
2650 557 2759 608 cux,
2779 541 2853 614 4).
2881 543 2936 597 In
2959 541 3126 597 Adam
3146 543 3341 616 quippe
3368 543 3518 598 iuve-

1946 629 2211 684 nientihus
2233 639 2479 698 mortem,
2509 647 2603 702 per
2633 632 2733 688 hoc
2763 632 2978 702 prodest
3005 631 3249 688 Christus
3276 633 3418 704 quod
3447 642 3532 689 est

1944 721 2206 777 mediator
2230 723 2296 778 ad
2326 723 2509 779 vitam.
2541 723 2848 780 Nonautem
2878 742 2974 797 per
2998 726 3098 782 hoc
3131 725 3394 782 mediator
3419 733 3524 782 est.

1945 812 2086 882 quod
2108 814 2328 885 mqualis
2344 823 2425 870 est
2447 815 2590 871 Patri
2613 834 2627 872 :
2651 831 2746 887 per
2762 816 2864 872 hoc
2883 818 3045 886 enim,
3065 825 3320 890 quantum
3348 818 3529 885 Pater,

1947 914 2149 960 tantum
2174 915 2226 962 et
2257 906 2370 978 ipse
2395 907 2555 964 distat
2572 924 2602 963 a
2621 909 2809 965 nobis:
2835 919 2887 965 et
2907 910 3176 981 quomodo
3194 911 3298 968 erit
3323 909 3513 967 medie

1949 1007 2049 1064 tas,
2071 999 2160 1054 ubi
2186 1000 2371 1056 eadem
2400 1002 2512 1072 ipsa
2539 1002 2785 1058 distantia
2807 1005 2924 1059 est?
2951 1004 3075 1060 Ideo
3109 1006 3398 1077 Apostolus
3423 1019 3536 1062 non

1947 1092 2040 1157 ait,
2071 1089 2214 1148 Unus
2239 1093 2482 1147 mediator
2496 1092 2589 1148 Dei
2609 1104 2655 1148 et
2671 1095 2927 1151 hominum
2943 1096 3186 1154 Christus
3201 1098 3388 1165 Iesus;
3411 1097 3532 1166 sed,

1949 1180 2098 1236 homo
2117 1181 2344 1238 Christus
2370 1182 2519 1239 Jesus
2542 1184 2584 1258 (Ι
2604 1183 2739 1242 Tim.
2768 1201 2826 1254 n,
2845 1185 2920 1259 5).
2948 1187 3050 1244 Per
3071 1188 3170 1244 hoc
3188 1204 3315 1260 ergo
3333 1188 3534 1245 media-

1950 1281 2050 1337 tor,
2101 1288 2195 1343 per
2239 1275 2380 1345 quod
2421 1276 2581 1331 homo
2606 1295 2618 1331 :
2649 1276 2870 1333 inferior
2899 1279 3058 1335 Patre
3084 1295 3182 1352 per
3209 1279 3350 1351 quod
3378 1279 3533 1336 nobis

1950 1367 2318 1438 propinquior;
2354 1369 2598 1439 superior
2632 1370 2785 1426 nobis
2813 1387 2908 1442 per
2943 1373 3086 1444 quod
3128 1373 3270 1429 Patri
3313 1373 3534 1444 propin-

1947 1460 2121 1527 quior.
2149 1458 2299 1528 Quod
2329 1463 2566 1531 apertius
2595 1463 2664 1517 ita
2693 1462 2920 1520 dicitur:
2950 1465 3175 1522 Inferior
3203 1467 3380 1533 Patre,
3411 1466 3534 1538 quia

1949 1548 2001 1603 in
2035 1549 2200 1604 forma
2223 1553 2360 1606 servi
2403 1552 2663 1626 (Philipp.
2697 1571 2755 1622 n,
2799 1554 2887 1626 7);
2917 1558 3162 1629 superior
3188 1558 3358 1625 nobis,
3411 1559 3534 1630 quia

1949 1643 2064 1697 sine
2095 1644 2213 1700 labe
2237 1647 2460 1714 peccati.

2025 1737 2250 1794 CAPUT
2287 1737 2479 1794 XXIX.
2507 1770 2574 1781 —
2600 1741 2688 1796 34.
2722 1739 3054 1813 Quapropter
3079 1742 3318 1814 quisquis
3347 1742 3538 1798 huma-

1951 1845 2071 1884 nam
2098 1831 2370 1886 contendit
2400 1833 2452 1887 in
2482 1833 2715 1904 qualibet
2735 1843 2891 1891 tetate
2913 1846 3153 1890 naturam
3174 1852 3280 1891 non
3298 1835 3536 1907 indigere

1951 1921 2156 1977 medico
2186 1923 2422 1979 secundo
2449 1923 2638 1992 Adam,
2662 1927 2781 1996 quia
2813 1941 2919 1981 non
2952 1936 3035 1982 est
3066 1926 3248 1982 vitiata
3278 1928 3329 1982 in
3364 1928 3538 1996 primo

1950 2012 2140 2078 Adam,
2168 2028 2272 2067 non
2314 2014 2366 2068 in
2404 2015 2576 2085 aliqua
2603 2016 2917 2086 quaestione,
2960 2017 3012 2072 in
3043 2032 3146 2088 qua
3190 2017 3420 2073 dubitari
3450 2017 3536 2071 vel

1949 2104 2114 2158 errari
2157 2105 2300 2160 salva
2329 2106 2430 2161 fide
2475 2116 2668 2178 potest,
2717 2108 2812 2164 sed
2840 2109 2890 2164 in
2920 2109 3032 2179 ipsa
3060 2109 3239 2180 regula
3286 2109 3407 2165 fidei
3433 2126 3535 2180 qua

1950 2197 2223 2253 christiani
2269 2215 2473 2267 sumus,
2521 2201 2702 2272 gratite
2746 2202 2841 2258 Dei
2891 2202 3226 2260 convincitur
3265 2202 3532 2258 inimicus.

1948 2286 2117 2354 Quale
2144 2297 2228 2344 est
2251 2299 2447 2357 autem,
2473 2291 2613 2362 quod
2644 2294 2712 2348 ab
2733 2293 2846 2348 istis
2873 2293 2958 2347 illa
2987 2310 3104 2364 quae
3130 2303 3254 2350 ante
3280 2293 3396 2359 fuit,
3421 2295 3502 2350 vel
3521 2325 3535 2334 -

1950 2390 2009 2436 ut
2035 2381 2207 2437 adhuc
2238 2382 2418 2437 minus
2456 2385 2611 2439 malis
2635 2385 2875 2440 moribus
2901 2386 3102 2454 vitiata,
3133 2386 3540 2441 hominumlau-

1951 2473 2106 2528 tluttlr
2135 2484 2350 2540 natura;
2383 2491 2553 2545 neque
2583 2477 2874 2546 respiciunt
2904 2478 3064 2532 tantis
3103 2487 3350 2548 tanquam
3397 2479 3536 2533 into-

1949 2564 2255 2618 lerabilibus
2277 2567 2506 2635 peccatis
2539 2566 2783 2622 homines
2803 2577 2925 2623 tunc
2948 2568 3110 2625 fui~se
3129 2568 3461 2637 submersos,
3481 2577 3539 2624 ut

1953 2665 2175 2726 excepto
2205 2673 2310 2712 uno
2337 2659 2549 2715 homine
2595 2660 2685 2715 Dei
2729 2670 2782 2716 et
2811 2661 2928 2730 ejus
2969 2661 3213 2733 conjuge,
3265 2661 3538 2732 tribusque

1955 2749 2075 2802 filiis
2101 2758 2154 2803 et
2181 2750 2395 2804 totidem
2428 2750 2668 2818 nuribus,
2691 2751 2837 2822 justo
2859 2752 3060 2822 judicio
3091 2752 3208 2821 Dei,
3253 2753 3390 2809 sicut
3418 2754 3538 2823 igne

1956 2852 2138 2912 postea
2186 2852 2324 2899 terra
2361 2846 2548 2916 exigua
2588 2845 2963 2910 Sodomorum,
3015 2846 3084 2900 ita
3131 2855 3271 2902 totus
3310 2846 3539 2901 mundus

1951 2934 2148 2989 diluvio
2175 2935 2445 2992 deleretur
2477 2937 2624 3008 (Gen.
2656 2955 2728 2994 vn
2769 2950 2816 2994 et
2863 2939 3024 3010 xix)?
3055 2939 3132 2994 Ex
3162 2955 3268 3010 quo
3296 2951 3538 3010 tempore

1952 3025 2110 3096 igitur
2135 3045 2223 3097 per
2243 3045 2399 3082 unum
2421 3030 2670 3084 hominem
2693 3041 2948 3100 peccatum
2976 3017 3176 3085 intravit
3202 3032 3538 3093 inmundum,

1953 3130 2000 3173 et
2023 3138 2111 3190 per
2135 3131 2389 3191 peccatum
2422 3141 2574 3189 mors,
2599 3133 2643 3177 et
2671 3124 2740 3177 ita
2761 3124 2811 3177 iu
2837 3141 3008 3179 omnes
3036 3124 3260 3178 homines
3277 3133 3536 3195 pertrans-

1951 3211 2041 3278 iit,
2080 3213 2131 3265 in
2167 3229 2264 3284 quo
2310 3230 2480 3268 onmes
2510 3224 2834 3284 peccaverunt
2863 3212 3037 3289 (Rom.
3067 3232 3123 3283 v,
3154 3213 3262 3288 12),
3298 3215 3538 3286 profecto

1955 3306 2202 3360 universa
2231 3320 2403 3360 massa
2436 3305 2748 3376 perditionis
2778 3307 2910 3360 facta
2942 3315 3024 3362 est
3067 3308 3334 3376 possessio
3356 3305 3535 3376 perdi-

1952 3399 2100 3454 toris.
2130 3397 2298 3454 Nemo
2326 3390 2522 3469 itaque,
2564 3414 2722 3454 nemo
2753 3413 2973 3470 prorsus
3003 3399 3123 3453 inde
3151 3399 3407 3454 liberatus
3431 3409 3532 3463 est,

1950 3503 2038 3548 aut
2059 3493 2337 3559 liberatur,
2364 3501 2456 3547 aut
2483 3491 2792 3547 liberabitur
2812 3492 2912 3548 nisi
2940 3492 3109 3563 gratia
3142 3491 3532 3562 Redemptoris.

2019 3585 2244 3642 CAPUT
2283 3585 2546 3641 XXX.-
2581 3585 2668 3640 55.
2711 3585 2777 3640 Et
2826 3593 2951 3639 ante
3000 3584 3286 3640 Abraham.
3316 3584 3530 3654 quidem

1949 3686 2124 3732 utrum
2155 3677 2336 3748 aliquo
2372 3677 2635 3747 corporali
2677 3684 2732 3732 et
2761 3675 2961 3733 \‘isibili
3001 3684 3337 3732 sacramento
3375 3675 3529 3746 justi,

1947 3770 2030 3825 vel
2054 3785 2238 3824 eorum
2272 3769 2472 3840 parvuli
2504 3769 2858 3840 signarentur,
2899 3769 3168 3839 Scriptura
3200 3783 3306 3824 non
3347 3769 3514 3839 expri~

1947 3862 2063 3916 mit.
2083 3859 2201 3932 Ipse
2220 3869 2394 3916 tamen
2414 3860 2680 3916 Abraham
2703 3861 2910 3932 signum
2942 3861 3147 3930 accepit
3173 3860 3538 3916 circumcisio-

1947 3956 2050 4021 nis,
2082 3954 2410 4025 signaculum
2437 3952 2657 4024 justitia:
2688 3952 3003 4024 Iidei(Rom.
3025 3969 3097 4020 tv,
3124 3952 3232 4022 II).
3262 3953 3326 4007 Et
3347 3952 3426 4007 sic
3443 3967 3535 4006 ac-

1946 4046 2107 4118 cepit,
2137 4054 2193 4100 ut
2222 4045 2475 4116 deinceps
2515 4047 2672 4101 etiam
2704 4061 2890 4102 omnes
2920 4046 3166 4116 parvulos
3201 4045 3392 4100 domus
3421 4059 3532 4099 sua:

1945 4137 2324 4192 circumcidere
2370 4136 2676 4209 juberetur,
2731 4138 3128 4194 recentissimos
3169 4153 3198 4192 a
3239 4138 3530 4194 visceribus

1947 4239 2199 4297 matrum,
2228 4240 2414 4285 octavo
2444 4229 2530 4285 die
2557 4229 2847 4286 nativitatis
2883 4245 3099 4296 eorum;
3147 4239 3206 4286 ut
3245 4231 3404 4286 etiam
3450 4229 3527 4292 bi,

1945 4323 2034 4393 qui
2059 4322 2218 4378 corde
2243 4323 2308 4377 ad
2335 4322 2596 4393 justitiam
2639 4323 2860 4380 credere
2888 4323 3120 4379 nondum
3171 4333 3410 4393 possent,
3438 4324 3529 4393 ju-

1944 4416 2102 4472 sutia:
2153 4424 2327 4472 tamen
2379 4415 2500 4472 fidei
2546 4415 2874 4486 signaculum
2916 4424 3212 4472 sumerent.
3242 4416 3394 4484 Quod
3424 4418 3523 4472 sub

1946 4515 2148 4562 terrore
2169 4514 2314 4561 tanto
2329 4514 2410 4562 est
2429 4506 2770 4578 imperatum,
2800 4514 2857 4562 ut
2881 4507 3084 4563 diceret
3109 4509 3268 4573 Deus,
3294 4508 3525 4564 animam

1946 4601 2086 4655 illaut
2109 4600 2174 4656 de
2200 4616 2297 4656 suo
2324 4600 2519 4672 populo
2541 4601 2852 4672 perituram,
2884 4600 3035 4670 cujus
3060 4609 3248 4656 octavo
3269 4601 3357 4656 die
3385 4617 3526 4670 prat-

1945 4692 2426 4763 putiieircumcisio
2448 4692 2582 4748 facta
2622 4708 2725 4747 non
2763 4691 2950 4748 fuisset
2980 4689 3128 4764 (Gen.
3174 4692 3325 4761 xvn).
3361 4692 3529 4763 llujus

1948 4795 2053 4840 tam
2077 4785 2345 4840 horribilis
2376 4801 2546 4855 parum
2571 4785 2774 4856 justitia
2797 4783 2842 4839 si
2871 4793 3156 4855 qumratur,
3189 4800 3369 4842 nonne
3400 4786 3529 4840 isto-

1945 4891 2062 4929 rum
2107 4875 2281 4930 omnis
2322 4874 2388 4930 de
2427 4875 2596 4930 libero
2621 4875 2841 4930 arbitrio
2866 4885 2919 4931 et
2945 4875 3192 4931 laudabili
3221 4877 3446 4933 sanitate
3472 4887 3526 4932 et

1948 4967 2172 5035 puritate
2211 4975 2434 5033 natum,
2465 4967 2850 5037 quantumlibet
2876 4968 3157 5037 arguta-sit
3182 4978 3526 5039 argumenta-

1947 5058 2037 5123 tio,
2067 5073 2374 5128 repercussa
2401 5067 2453 5113 et
2479 5057 2748 5113 confracta
2777 5057 3031 5114 dissiliet?
3050 5058 3184 5126 Quid
3204 5060 3344 5115 enim
3372 5061 3521 5126 mali,

1945 5164 2144 5216 qttteso,
2177 5147 2428 5218 parvulus
2474 5148 2691 5218 propria.
2715 5147 2984 5202 voluntate
3014 5149 3303 5216 commisit,
3330 5158 3390 5204 ut
3417 5149 3522 5204 alio

1946 5241 2240 5309 Itogligenlc
2269 5248 2321 5294 et
2341 5254 2461 5293 eum
2491 5255 2593 5292 non
2616 5238 3049 5305 circutucidente,
3075 5239 3187 5308 ipse
3213 5239 3513 5304 damnetur,

1943 5330 2281 5385 damnatione
2314 5339 2416 5384 tam
2447 5344 2653 5393 severa,
2703 5339 2760 5384 ut
2790 5338 2974 5401 pereat
2997 5330 3174 5386 anima
3215 5329 3302 5385 illa
3329 5329 3396 5384 de
3425 5345 3520 5399 po-

1944 5425 2068 5494 pulo
2094 5423 2228 5478 suo?
2247 5422 2427 5492 Neque
2455 5423 2595 5477 enim
2620 5422 2926 5494 temporalis
2948 5423 3133 5479 mortis
3156 5431 3328 5478 terror
3350 5423 3521 5478 incus-

1943 5532 2034 5570 sus
2055 5524 2167 5581 est;
2199 5531 2319 5569 cum
2347 5515 2414 5570 de
2430 5515 2608 5585 justis,
2637 5514 2849 5584 quando
2876 5516 3256 5582 moriebantur,
3281 5523 3405 5568 tunc
3428 5529 3523 5584 po-

1945 5611 2048 5663 tius
2076 5610 2362 5676 diceretur,
2389 5609 2454 5663 Et
2483 5611 2746 5680 appositus
2771 5620 2843 5663 est
2871 5610 2939 5662 ad
2961 5609 3202 5680 populum
3227 5625 3377 5663 suum
3407 5608 3518 5680 (Id.

1944 5720 2064 5762 xxv.
2106 5703 2187 5772 I7)
2213 5720 2224 5768 ;
2261 5703 2360 5769 vel,
2385 5705 2639 5772 appositus
2665 5712 2735 5755 est
2764 5703 2830 5754 ad
2851 5712 3017 5771 patres
3051 5717 3168 5755 suos
3205 5699 3518 5773 (IMachab.

1949 5812 2003 5861 ιι,
2033 5795 2121 5864 69)
2147 5814 2156 5847 :
2184 5796 2429 5865 quoniam
2478 5794 2724 5863 deinceps
2755 5792 2951 5848 homini
2996 5792 3136 5849 nulla
3169 5795 3385 5851 tentatio
3411 5795 3519 5852 [πο
