4012 6528
472 342 574 398 ιῡδ

477 454 719 520 midatur,
749 467 870 525 quae
897 452 1044 508 illum
1069 455 1280 519 separet
1317 462 1348 502 a
1378 444 1571 516 populo
1600 458 1716 504 suo.
1744 458 1785 495 ει
1817 440 2044 511 populus

476 547 592 617 ejus
617 546 730 615 ipse
755 554 839 600 est
867 542 1090 612 populus
1121 538 1234 594 Dei.

443 673 454 684 η
543 637 770 694 CAPUT
807 633 1088 691 XXXI.—
1107 630 1194 686 56.
1213 627 1350 697 Quid
1365 627 1462 683 sibi
1481 641 1608 697 ergo
1627 625 1758 689 vult,
1785 637 1878 693 pro
1900 620 2052 676 nullo

480 727 711 799 propria:
755 722 1044 782 voluntatis
1085 721 1337 786 admisso,
1369 727 1509 774 tanta
1538 713 1842 772 damnatio?
1867 713 2050 783 Neque

476 817 620 872 enim
643 817 780 872 sicut
817 813 1059 870 nonnulli
1085 811 1378 869 secundum
1403 809 1707 867 Platonicos
1733 806 2046 876 epinantur,

475 911 578 964 hoc
601 905 1013 978 uniuscujusque
1036 904 1248 968 infantis
1266 903 1455 959 anima:
1486 900 1744 964 redditur,
1767 898 1907 970 quod
1928 906 2052 952 ante

477 1001 632 1053 istam
661 999 823 1053 vitam
853 1012 950 1054 sua
988 996 1262 1053 voluntate
1302 991 1588 1056 commisit,
1637 1004 1760 1046 cum
1781 990 1799 1021 ¹
1829 988 2053 1044 haberet

476 1098 604 1144 ante
635 1088 736 1144 hoc
762 1101 958 1158 corpus
979 1086 1064 1142 vel
1091 1085 1228 1143 bene
1272 1083 1358 1140 vel
1400 1082 1540 1139 male
1567 1081 1794 1137 liberum
1839 1077 2050 1135 vivendi

477 1178 790 1233 arbitrium:
820 1192 940 1232 cum
987 1176 1182 1234 Paulus
1207 1174 1477 1248 apostolus
1502 1171 1841 1244 apertissime
1889 1169 2052 1236 dicat,

479 1267 717 1325 nondum
733 1277 886 1324 natos
907 1266 1038 1322 nihil
1054 1267 1226 1337 egisse
1241 1265 1364 1320 boni
1387 1263 1473 1321 vel
1493 1263 1616 1319 mali
1639 1263 1817 1333 (Rom.
1836 1277 1907 1327 ix,
1941 1261 2052 1332 11).

489 1357 643 1414 Unde
682 1372 809 1428 ergo
851 1366 994 1413 recte
1037 1356 1210 1411 infans
1250 1354 1338 1410 illa
1364 1353 1659 1424 perditione
1687 1354 1920 1424 punitur,
1955 1352 2056 1406 nisi

484 1450 604 1520 quia
632 1449 862 1522 pertinet
889 1448 956 1504 ad
982 1462 1209 1504 massam
1245 1446 1574 1517 perditionis,
1611 1454 1665 1501 ct
1685 1446 1830 1517 juste
1861 1445 2058 1500 intelli-

483 1541 622 1610 gitur
641 1555 705 1595 ex
721 1539 890 1594 Adam
909 1548 1084 1605 natus,
1107 1538 1306 1608 antiqui
1328 1536 1489 1593 debiti
1509 1536 1830 1606 obligatione
1847 1535 2060 1590 damna-

485 1642 592 1698 tus,
620 1632 722 1687 nisi
753 1631 874 1687 inde
899 1630 1073 1696 fuerit,
1114 1645 1220 1685 non
1249 1628 1537 1685 secundum
1563 1627 1822 1691 debitum,
1849 1627 1944 1683 sed
1969 1642 2057 1683 se-

486 1723 716 1778 cundum
759 1723 982 1793 gratiam
1010 1720 1297 1777 liberatus?
1337 1720 1504 1787 Quam
1533 1720 1779 1790 gratiam,
1813 1718 1911 1773 nisi
1941 1732 2062 1789 gra-

488 1815 612 1869 tiam
658 1813 774 1879 Dei,
817 1828 912 1883 per
947 1811 1128 1868 Jesum
1168 1811 1438 1866 Christum
1479 1810 1760 1866 Dominum
1789 1809 2063 1866 nostrum?

487 1902 655 1969 Quem
677 1901 913 1972 profecto
942 1902 1079 1957 inter
1098 1909 1290 1957 caetera
1305 1908 1540 1956 veterum
1557 1909 1886 1957 sacramenta
1903 1901 2062 1956 etiam

492 1993 606 2063 ipsa
637 1991 880 2063 praeputii
902 1991 1232 2048 circumcisio
1247 1991 1601 2062 prophetavit.
1622 1993 1744 2048 Dies
1763 1993 1904 2049 enim
1922 2002 2067 2048 octa-

490 2097 588 2136 vus
614 2090 698 2139 est
727 2083 779 2138 in
810 2081 1263 2139 hebdomadarum
1279 2083 1586 2139 recursibus
1605 2081 1721 2139 dies
1744 2083 2062 2152 dominicus,

491 2189 598 2244 quo
614 2174 908 2230 resurrexit
929 2174 1213 2230 Dominus:
1236 2181 1290 2229 et
1311 2182 1460 2244 petra
1482 2183 1595 2230 erat
1617 2173 1857 2231 Christus
1878 2176 1920 2248 (I
1945 2176 2063 2231 Cor.

494 2283 552 2333 ι,
578 2264 664 2336 4);
693 2265 832 2322 unde
851 2265 1268 2321 eircumcisionis
1295 2265 1538 2321 cultellus
1567 2266 1834 2336 petrinus;
1863 2275 1918 2324 et
1943 2283 2067 2323 caro

495 2356 756 2426 prazputii,
783 2371 976 2425 corpus
1000 2354 1222 2424 peccati.

567 2445 789 2502 CAPUT
827 2445 1042 2502 XXXII.
1068 2477 1137 2486 -—
1168 2447 1254 2503 57.
1285 2447 1499 2502 Mutatis
1529 2449 1748 2518 proinde
1768 2464 2070 2505 sacramen-

495 2537 582 2603 tis,
605 2544 945 2608 posteaquam
975 2539 1116 2594 venit
1143 2540 1232 2610 qui
1260 2539 1336 2595 cis
1365 2539 1761 2611 signiﬁcabatur
1784 2556 1902 2596 esse
1935 2557 2067 2594 ven-

497 2637 666 2693 turus,
685 2643 790 2682 non
820 2640 992 2684 tamen
1013 2639 1213 2684 mutato
1237 2629 1543 2686 Mediatoris
1563 2631 1780 2696 auxilio,
1805 2631 2067 2702 quietiam

499 2719 802 2790 priusquam
829 2721 1064 2776 venisset
1094 2723 1144 2776 in
1170 2736 1351 2788 carne,
1383 2723 1600 2793 antiqua
1627 2738 1721 2778 sua
1750 2723 1987 2778 membra
2007 2723 2072 2776 li-

499 2810 716 2865 berabat
739 2824 850 2866 sua:
887 2811 1267 2870 incarnationis
1308 2813 1430 2880 ﬁde,
1460 2822 1514 2869 et
1551 2828 1650 2868 nos
1678 2828 1798 2868 cum
1828 2828 2072 2870 essemus

499 2901 691 2954 mortui
721 2900 928 2957 delictis
973 2911 1026 2958 et
1055 2904 1314 2974 praeputio
1341 2903 1516 2959 carnis
1546 2912 1763 2970 nostrze,
1795 2903 2072 2960 convivili-

498 2995 602 3050 cati
629 3007 810 3050 sumus
834 2994 1070 3064 Christo,
1097 2997 1149 3050 in
1175 3011 1280 3068 quo
1305 2997 1605 3052 circumcisi
1633 3012 1815 3052 sumus
1839 2997 2070 3054 circum-

499 3087 698 3142 cisione
721 3099 828 3143 non
854 3102 1010 3144 manu
1039 3087 1169 3145 facta
1199 3087 1412 3163 (Coloss.
1443 3105 1501 3158 ιι,
1523 3090 1610 3154 I5,
1631 3089 1741 3162 11),
1763 3106 1919 3161 quam
1943 3091 2074 3160 ﬁgu-

499 3179 651 3234 rabat
677 3179 1008 3237 circumcisio
1047 3198 1205 3238 manu
1237 3183 1394 3252 facta,
1423 3194 1480 3239 ut
1507 3191 1854 3244 evacuaretur
1879 3199 2075 3258 corpus

504 3267 708 3338 peccati
727 3269 900 3340 (Rom.
946 3287 1021 3339 vr,
1049 3272 1126 3342 6),
1150 3288 1271 3328 eum
1293 3289 1400 3345 quo
1428 3290 1612 3330 sumus
1653 3292 1718 3332 ex
1744 3278 1911 3332 Adam
1940 3281 2069 3334 nati.

503 3358 775 3416 Damnata:
805 3361 1023 3432 originis
1053 3366 1362 3436 prepagatio
1389 3381 1488 3420 nos
1513 3366 1748 3431 damnat,
1783 3370 1882 3424 nisi
1920 3386 2069 3425 mun-

503 3451 692 3506 dcmur
716 3453 1060 3510 similitudine
1087 3456 1263 3511 carnis
1284 3459 1508 3528 peccati,
1542 3459 1597 3513 in
1622 3474 1723 3529 qua
1754 3460 1948 3516 missus
1993 3471 2076 3516 est

503 3545 623 3600 sine
649 3554 886 3615 peccato,
917 3547 1005 3616 qui
1039 3557 1213 3604 tamen
1239 3548 1307 3604 de
1337 3560 1554 3618 peccato
1581 3551 1851 3607 damnavit
1890 3569 2076 3623 pecca-

505 3645 614 3690 tum
644 3635 753 3709 (Id.
785 3653 896 3704 vni,
925 3639 1003 3708 5),
1037 3639 1208 3696 factus
1235 3655 1332 3710 pro
1362 3642 1513 3696 nobis
1557 3654 1829 3713 peccatum
1848 3646 1890 3698 ³.
1927 3645 2076 3702 Unde

506 3728 635 3783 dicit
654 3729 936 3798 Apostolus
958 3747 970 3782 :
994 3729 1325 3786 Obsecramus
1342 3750 1433 3803 pro
1452 3733 1667 3802 Christo,
1683 3737 2078 3791 reconciliamini

507 3817 617 3873 Deo
643 3818 700 3874 ἐ
725 3836 837 3874 eum
860 3821 948 3889 qui
967 3838 1066 3876 non
1087 3833 1290 3878 noverat
1313 3835 1590 3896 peccatum,
1616 3844 1706 3898 pro
1735 3829 1875 3883 nobis
1895 3847 2076 3900 pecca-

507 3919 613 3962 tum
634 3909 770 3979 fecit,
806 3920 861 3965 ut
886 3928 977 3967 nos
999 3913 1155 3969 simus
1173 3915 1376 3986 justitia
1413 3915 1510 3970 Dei
1549 3918 1602 3972 in
1645 3919 1755 3987 ipso
1781 3919 1848 3989 (ll
1877 3919 1994 3976 Cor.
2018 3938 2072 3988 v,

503 3997 595 4066 20,
622 3998 737 4072 21).
768 4001 906 4057 Deus
931 4018 1077 4074 ergo,
1107 4005 1190 4060 cui
1227 4007 1651 4076 reconciliamur,
1682 4009 1804 4066 fecit
1829 4028 1949 4067 eum
1983 4029 2076 4083 pro

506 4091 661 4146 nobis
685 4102 979 4162 peccatum,
1009 4096 1060 4151 id
1081 4106 1183 4163 est,
1213 4099 1527 4156 sacriﬁcium
1562 4119 1656 4173 per
1679 4105 1818 4175 quod
1840 4106 2077 4162 dimitte-

510 4191 698 4239 rentur
729 4194 910 4242 nostra
941 4203 1151 4258 peccata
1173 4209 1185 4245 :
1207 4194 1455 4263 quoniam
1478 4206 1690 4266 peccata
1712 4208 1967 4254 vocantur
1995 4214 2078 4254 sa-

509 4273 709 4364 criﬁcia
738 4279 1088 4346 propeccatis.
1118 4281 1186 4336 Et
1211 4283 1391 4354 utique
1435 4285 1547 4355 ipse
1577 4301 1671 4356 pro
1720 4289 1952 4358 peccatis
1978 4305 2077 4344 no-

505 4366 633 4422 stris
659 4366 960 4426 immolatus
994 4381 1095 4442 est,
1127 4375 1328 4431 nullum
1367 4375 1569 4434 habens
1614 4380 1818 4449 vitium,
1851 4384 1994 4438 solus
2023 4384 2077 4440 in

507 4457 812 4516 hominibus
831 4464 982 4533 quale
1008 4469 1344 4535 quaerebatur
1364 4471 1524 4526 etiam
1545 4480 1668 4527 tunc
1693 4474 1743 4527 in
1772 4477 2073 4544 pecoribus,

512 4564 620 4618 quo
661 4551 1056 4622 signiﬁcabatur
1099 4573 1234 4613 unus
1278 4559 1397 4615 sine
1435 4562 1564 4617 vitio
1590 4563 1656 4617 ad
1685 4565 1811 4618 vitia
1846 4568 2080 4623 sananda

505 4648 777 4695 venturus.
801 4641 1144 4715 Quocumque
1166 4647 1324 4717 igitur
1343 4649 1431 4704 die
1459 4665 1568 4706 sum
1595 4655 1882 4712 nativitatis
1912 4659 2081 4715 infans

507 4728 807 4798 baptizetur
829 4732 880 4786 in
909 4732 1140 4803 Christo,
1187 4747 1433 4809 tanquam
1472 4749 1661 4798 octavo
1689 4745 2082 4805 circumciditur

511 4819 630 4874 die:
660 4824 908 4891 quoniam
939 4827 992 4880 in
1022 4827 1110 4883 illo
1132 4829 1545 4902 circumciditur,
1573 4836 1662 4906 qui
1693 4839 1846 4894 tertio
1867 4843 2080 4912 quidem

509 4927 576 4966 ex
602 4928 706 4982 quo
721 4916 1003 4974 crucifixus
1029 4929 1131 4988 est,
1159 4923 1252 4978 sed
1269 4934 1456 4981 octavo
1477 4927 1529 4982 in
1557 4927 1974 4989 hebdomadibus
1991 4953 2077 4992 re-

513 5008 747 5062 surrexit
779 5007 884 5065 die.
917 5011 1322 5071 Circumciditur
1350 5027 1527 5076 autem
1559 5021 1611 5078 in
1641 5026 2076 5094 exspoliationem

511 5098 753 5166 corporis
773 5102 950 5158 carnis
968 5101 1179 5178 (Coloss.
1205 5122 1262 5174 lt,
1285 5109 1397 5179 II),
1424 5109 1475 5166 id
1493 5122 1594 5181 est,
1613 5121 1672 5170 ut
1691 5117 1923 5174 debitum
1941 5122 2079 5191 quod

512 5191 760 5281 contagio
775 5196 999 5250 carnalis
1012 5200 1368 5266 generationis
1384 5207 1619 5272 attraxit,
1643 5210 1807 5278 gratia
1832 5213 2081 5281 spiritua-

509 5279 576 5334 Iis
603 5287 1020 5353 regenerationis
1043 5289 1301 5346 absolvat.
1335 5293 1525 5350 Nullus
1550 5300 1681 5353 enim
1713 5311 1784 5354 est
1810 5279 2024 5359 mundus
2051 5322 2082 5358 a

509 5373 677 5439 sorde,
707 5375 855 5446 (qua,
883 5377 1125 5448 obsecro,
1153 5384 1330 5454 sorde,
1363 5389 1461 5444 nisi
1489 5391 1749 5466 peccati?)
1780 5411 1870 5448 nec
1890 5397 2079 5468 infans,

573 5527 593 5596 ξ
614 5534 723 5596 Am.
736 5536 788 5580 et
799 5536 925 5591 uss,
950 5535 1189 5596 quoniam.

507 5588 980 5701 milegirannenSiS
1028 5603 1108 5646 Ms.
1129 5633 1144 5658 ,
1174 5601 1328 5661 factus
1367 5611 1436 5656 est
1467 5605 1592 5657 enim
1626 5622 1714 5672 pro
1743 5610 1877 5662 nolis
1907 5625 2080 5677 pecco.

617 5711 748 5764 Idem
771 5720 875 5778 1515.,
897 5717 1202 5773 reconciliari
1227 5732 1336 5774 Deo.

1752 329 1807 384 S.
1850 324 2212 381 AUGUSTINI
2255 319 2552 378 EPISIZOPI

3629 325 3728 380 λιιι

2156 438 2301 506 cujus
2342 446 2413 490 est
2456 437 2603 489 unius
2641 436 2739 488 dici
2780 436 2878 488 vita
2925 451 3076 506 super
3119 443 3306 490 terram
3353 433 3472 507 (Job
3523 453 3629 502 xw,
3673 440 3726 503 4,

2156 544 2255 582 sec.
2286 527 2473 598 LXX).

2229 617 2452 674 CAPUT
2471 615 2709 673 XXXIII.
2739 647 2812 658 —
2833 616 2923 674 58.
2951 616 3041 673 Sic
3065 625 3241 672 autem
3269 625 3726 687 argumentantur,

2157 707 2394 764 dicentes
2419 727 2432 763 :
2467 727 2486 762 s
2525 709 2664 780 Ergo
2694 707 2889 764 malum
2910 717 3035 763 sunt
3059 708 3280 777 nuptiae,
3302 717 3357 763 et
3381 721 3484 762 non
3501 716 3583 762 est
3598 722 3730 778 Opus

2160 799 2252 854 Dci
2279 800 2439 854 homo
2465 815 2621 870 quem
2652 807 2910 871 generant
2938 799 3169 868 nuptim?
3197 818 3216 853 ι
3249 799 3409 870 Quasi
3432 801 3729 871 nuptiarum

2160 889 2354 946 bonum
2386 889 2456 946 sit
2479 891 2700 946 morbus
2729 889 3192 962 concupiscentiaa,
3223 890 3274 946 in
3301 904 3408 962 quo
3436 904 3628 946 uxores
3649 890 3732 945 di-

2159 983 2328 1054 ligunt
2354 983 2443 1053 qui
2485 982 2731 1054 ignorant
2771 983 2959 1049 Deum,
3006 981 3148 1053 quod
3176 982 3464 1052 Apostolus
3493 981 3736 1052 prohibet

2161 1072 2206 1140 (l
2232 1071 2405 1126 Thess.
2439 1086 2517 1137 tv,
2547 1071 2635 1144 5);
2665 1086 2730 1127 ac
2765 1086 2872 1128 non
2916 1071 3090 1143 potius
3131 1070 3381 1143 pudicitia
3420 1071 3735 1142 conjugalis,

2161 1175 2263 1230 qua
2288 1162 2339 1216 in
2366 1161 2537 1217 bonos
2561 1177 2689 1216 usus
2708 1161 2951 1218 ordinate
2977 1162 3115 1216 ﬁlios
3141 1160 3455 1232 procreandi
3483 1161 3736 1232 redigitur

2160 1253 2324 1308 libido
2349 1253 2610 1308 carnalis:
2635 1263 2730 1309 aut
2758 1268 2883 1310 vero
2925 1254 3091 1323 possit
3128 1266 3248 1308 esse
3289 1252 3450 1306 homo
3483 1250 3586 1306 nisi
3609 1267 3738 1321 opus

2162 1347 2277 1415 Dei,
2302 1362 2406 1402 non
2433 1346 2609 1402 solum
2631 1347 2721 1416 qui
2765 1344 2832 1401 de
2855 1344 3124 1416 conjugio,
3155 1358 3340 1399 verum
3368 1343 3530 1398 etiam
3558 1343 3648 1412 qui
3675 1341 3741 1399 de

2163 1438 2532 1503 fornicatione,
2562 1438 2648 1492 vel
2677 1436 2746 1492 de
2770 1435 3033 1492 adulterio
3058 1442 3389 1506 procreatur.
3428 1433 3536 1490 Sed
3562 1432 3614 1488 in
3644 1432 3740 1488 hac

2163 1532 2478 1603 qumstionc,
2507 1529 2595 1584 ubi
2622 1530 2896 1600 qumritur,
2923 1543 3030 1584 non
3059 1527 3144 1584 cui
3167 1528 3246 1582 rei
3275 1535 3508 1591 creator,
3536 1525 3630 1582 sed
3659 1525 3743 1580 cui

2163 1625 2396 1682 salvator
2423 1623 2492 1678 sit
2518 1623 2868 1688 necessarius,
2896 1637 3002 1677 non
3026 1619 3336 1676 intuendum
3364 1629 3449 1676 est
3476 1618 3600 1690 quid
3621 1619 3741 1674 boni

2165 1715 2235 1771 sit
2262 1715 2314 1769 in
2345 1714 2714 1784 procreatione
2740 1722 2964 1780 naturae,
2993 1711 3088 1767 sed
3113 1711 3240 1782 quid
3269 1712 3321 1766 in
3344 1721 3566 1781 peccato
3595 1709 3740 1775 mali,

2165 1823 2273 1878 quo
2304 1816 2508 1863 certum
2534 1817 2616 1861 est
2644 1805 2880 1860 vitiatam
2923 1819 3045 1860 esse
3075 1814 3339 1859 naturam.
3369 1804 3540 1860 Simul
3570 1814 3743 1858 autem

2167 1907 2452 1968 utrumque
2481 1906 2820 1969 propagatur,
2853 1905 2908 1952 et
2933 1905 3142 1963 natura,
3190 1905 3248 1952 et
3276 1903 3481 1951 natura:
3524 1895 3743 1960 vitium;

2167 2007 2392 2062 quorum
2417 2001 2501 2046 est
2526 2006 2686 2048 unum
2717 1990 2938 2057 bonum,
2979 1989 3206 2045 alterum
3237 1989 3456 2044 malum.
3504 1986 3635 2043 Illud
3681 1986 3746 2042 de

2168 2084 2458 2142 conditoris
2485 2084 2726 2154 largitate
2754 2083 3008 2147 sumitur,
3041 2082 3144 2138 hoc
3187 2082 3254 2137 de
3281 2081 3503 2153 originis
3531 2080 3748 2136 damna-

2169 2180 2314 2236 tione
2341 2178 2359 2212 ¹
2396 2175 2716 2231 attrahitur:
2745 2175 2819 2230 illi
2863 2183 2944 2230 est
2983 2189 3142 2230 causa
3193 2175 3329 2230 bona
3369 2172 3619 2229 voluntas
3659 2171 3748 2226 Dei

2169 2269 2385 2336 summi,
2431 2267 2553 2322 huic
2579 2267 2716 2323 mala
2746 2266 2990 2321 voluntas
3016 2264 3251 2320 hominis
3279 2263 3474 2334 primi:
3508 2263 3639 2318 illud
3667 2263 3748 2317 ia-

2171 2359 2313 2416 dicat
2335 2359 2500 2415 Deum
2527 2367 2784 2413 creatura:
2808 2356 3187 2420 institutorem,
3216 2354 3316 2410 hoc
3356 2354 3556 2409 indicat
3582 2353 3749 2408 Deum

2172 2451 2541 2508 inobcdientia:
2575 2449 2908 2521 punitorem:
2937 2447 3168 2519 denique
3198 2448 3337 2503 idem
3363 2447 3479 2517 ipse
3507 2444 3754 2502 Christus

2172 2555 2388 2617 propter
2415 2544 2544 2600 illud
2585 2541 2871 2599 creandum
2922 2540 3088 2597 factor
3131 2550 3214 2596 est
3251 2539 3504 2607 hominis,
3535 2548 3752 2610 propter

2174 2640 2276 2695 hoc
2300 2636 2592 2692 sanandum
2623 2634 2792 2688 factus
2820 2642 2902 2688 est
2933 2633 3113 2688 homo.

2243 2727 2468 2785 CAPUT
2513 2725 2752 2782 XXXIV.
2781 2756 2851 2766 —
2875 2725 2965 2781 59.
3007 2725 3211 2780 Bonum
3250 2738 3376 2794 ergo
3400 2730 3524 2779 sunt
3552 2723 3751 2792 nuptiae

2175 2821 2227 2876 in
2257 2820 2502 2874 omnibus
2527 2834 2642 2888 qua:
2671 2825 2792 2871 sunt
2819 2816 3026 2887 propria
3054 2816 3377 2884 nuptiarum.
3418 2814 3544 2870 Hmc
3570 2822 3746 2868 autem

2173 2920 2298 2968 sunt
2324 2912 2440 2974 tria,
2461 2908 2750 2981 generandi
2773 2907 3056 2974 ordinatio,
3083 2906 3214 2962 ﬁdes
3236 2905 3520 2976 pudicitim,
3548 2919 3750 2960 connu-

2176 3005 2246 3060 bii
2292 3009 2704 3058 sacramentum.
2764 3001 2991 3071 Propter
3035 2999 3423 3055 ordinationem
3468 2996 3751 3070 generandi

2176 3099 2429 3168 scriptum
2457 3104 2541 3152 est
2571 3113 2585 3150 :
2625 3094 2754 3150 Volo
2788 3095 3016 3164 iuniores
3057 3095 3260 3162 nubere,
3289 3094 3425 3164 ﬁlios
3456 3109 3715 3163 procreare
3735 3133 3750 3156 .

2176 3190 2582 3264 matresfamilias
2609 3205 2713 3247 esse
2739 3187 2780 3263 (l
2825 3186 2956 3245 Tim.
2985 3203 3040 3255 v,
3070 3185 3180 3257 II).
3223 3187 3445 3257 Propter
3473 3185 3631 3242 tidem
3662 3201 3752 3257 pu-

2175 3283 2371 3342 dicitia:
2403 3301 2418 3338 :
2453 3283 2596 3338 Uxor
2635 3299 2735 3337 non
2775 3283 2921 3336 habet
2951 3286 3242 3352 potestatem
3268 3279 3350 3333 sui
3377 3280 3624 3349 corporis,
3668 3277 3752 3331 sed

2176 3378 2252 3432 vir
2278 3392 2297 3432 :
2319 3375 2544 3432 similiter
2559 3383 2604 3428 et
2621 3376 2695 3429 uir
2709 3390 2808 3428 non
2828 3374 2974 3428 habet
2989 3381 3282 3444 potestatem
3303 3371 3384 3425 sui
3397 3372 3640 3440 corporis,
3669 3367 3752 3423 sed

2179 3469 2361 3523 mulier
2381 3466 2422 3539 (l
2439 3464 2555 3521 Cor.
2575 3481 2668 3532 vn,
2689 3465 2766 3536 4).
2792 3465 3013 3534 Propter
3039 3463 3288 3519 connubii
3325 3469 3748 3518 sacramentum:

2182 3559 2330 3630 Quod
2366 3557 2504 3613 Deus
2529 3556 2812 3630 conjunxit,
2853 3556 3002 3609 homo
3028 3571 3128 3608 non
3155 3564 3350 3622 separet
3383 3553 3593 3628 (Matth.
3620 3565 3712 3609 XIX
3735 3591 3750 3616 ,

2180 3650 2264 3722 6).
2305 3650 2381 3706 De
2405 3649 2594 3720 quibus
2631 3649 2682 3703 in
2727 3647 2844 3703 aliis
2884 3646 3151 3716 Opusculis
3192 3647 3410 3713 nostris,
3456 3662 3574 3717 qua:
3610 3645 3754 3700 vobis

2180 3756 2286 3797 non
2315 3748 2443 3796 sunt
2488 3739 2773 3811 incognita,
2818 3748 3073 3809 quantum
3106 3735 3328 3793 Domino
3356 3737 3636 3807 adjuvantc
3664 3749 3753 3804 poo

2181 3832 2397 3899 tuimus,
2429 3831 2559 3886 satis
2598 3845 2695 3886 nos
2739 3828 3054 3885 disseruisse
3101 3827 3441 3883 meminimus
3472 3826 3576 3899 (De
3614 3824 3753 3880 Bono

2180 3922 2465 3994 coniugali,
2495 3939 2550 3976 η.
2578 3923 2612 3977 5
2633 3918 2790 3992 sqq.).
2828 3919 3054 3989 Propter
3076 3917 3192 3973 hmc
3215 3919 3418 3986 omnia,
3446 3913 3752 3970 honorabiles

2181 4014 2372 4085 nuptiae
2397 4013 2451 4067 in
2475 4011 2721 4080 omnibus,
2762 4020 2809 4065 et
2843 4011 3016 4064 thorus
3042 4009 3395 4064 immaculatus
3424 4007 3604 4082 (Hebr.
3631 4020 3751 4070 xm,

2181 4108 2260 4177 4).
2301 4107 2358 4161 1η
2386 4113 2638 4177 quantum
2682 4103 2823 4159 enim
2855 4101 3051 4172 nuptis:
3076 4101 3229 4155 bona;
3272 4109 3416 4165 sunt,
3463 4101 3514 4155 in
3560 4105 3752 4152 tantum

2183 4199 2377 4256 faciunt
2408 4198 2690 4268 plurimum
2715 4195 2838 4250 boni
2866 4193 3026 4250 etiam
3052 4192 3121 4248 tle
3149 4192 3384 4247 libidinis
3413 4190 3553 4246 malo
3582 4206 3597 4244 :
3625 4202 3752 4257 quo-

2183 4290 2326 4346 niam
2355 4288 2572 4344 libidine
2617 4301 2722 4341 non
2754 4287 2889 4340 bene
2916 4283 3080 4339 utitur
3107 4282 3290 4349 libido,
3322 4282 3419 4338 sed
3464 4281 3616 4336 ratio.
3666 4276 3752 4332 Li-

2184 4380 2310 4438 bido
2337 4388 2422 4436 est
2463 4389 2640 4434 autem
2683 4378 2736 4432 in
2763 4377 2784 4410 ³
2814 4376 2923 4440 illa,
2965 4391 3125 4446 quam
3155 4383 3302 4430 notat
3340 4371 3645 4446 Apostolus,
3675 4382 3756 4422 re-

2184 4481 2450 4543 pugnante
2472 4469 2575 4539 legi
2598 4467 2808 4532 mentis,
2833 4465 3248 4522 inobcdientium
3270 4465 3389 4536 lege
3405 4464 3755 4538 membrorum

2185 4561 2360 4634 (Rom.
2389 4577 2484 4629 vn,
2513 4558 2605 4632 25)
2638 4576 2654 4614 :
2683 4559 2817 4614 ratio
2859 4573 2989 4614 vero
3028 4558 3162 4612 bene
3189 4565 3341 4612 utens
3381 4554 3618 4619 lbidine,
3650 4551 3755 4621 ipsa

2183 4663 2268 4711 est
2290 4655 2343 4708 in
2370 4653 2484 4722 lege
2510 4637 2830 4720 nuptiarum.
2853 4648 2985 4704 Nam
3014 4648 3056 4703 si
3083 4648 3285 4703 nullum
3310 4647 3379 4703 de
3403 4647 3543 4702 malo
3567 4644 3753 4698 bonum

2186 4742 2303 4799 ﬁeri
2333 4750 2532 4812 posset,
2563 4755 2661 4796 nec
2687 4740 2825 4794 Deus
2853 4754 2920 4794 ex
2948 4738 3248 4794 adulterino
3284 4735 3566 4793 concubitu
3597 4727 3759 4786 homi-

2185 4852 2307 4892 nem
2333 4834 2606 4891 conderet.
2645 4831 2791 4889 Sicut
2809 4848 2935 4904 ergo
2954 4831 3198 4887 adulterii
3218 4829 3518 4886 damnabile
3543 4825 3750 4886 malum.

2185 4925 2398 4997 quando
2439 4933 2494 4979 et
2521 4923 2644 4978 inde
2673 4922 2833 4978 homo
2861 4922 3115 4989 nascitur,
3148 4936 3255 4976 non
3305 4921 3592 4990 imputatur
3615 4913 3717 4968 Deo
3737 4949 3752 4974 ν

2187 5018 2278 5088 qui
2304 5026 2449 5072 certe
2476 5016 2529 5070 in
2557 5029 2720 5084 opere
2747 5013 3018 5069 hominum
3046 5014 3188 5070 malo
3220 5013 3344 5068 facit
3372 5014 3484 5082 ipse
3511 5013 3639 5079 opus
3664 5005 3754 5058 bo-

2187 5126 2316 5166 num
2346 5128 2359 5164 :
2393 5111 2462 5164 ita
2488 5108 2740 5180 quidquid
2764 5116 2846 5163 est
2872 5106 3172 5179 pudendum
3201 5107 3255 5161 in
3286 5107 3641 5162 membrorum
3671 5095 3754 5151 illa

2187 5201 2564 5269 inobcdientia,
2606 5201 2674 5257 de
2702 5216 2805 5272 qua
2841 5195 3167 5256 erubuerunt
3211 5200 3302 5270 qui
3347 5204 3466 5270 post
3494 5199 3753 5267 peccatum

2187 5292 2329 5348 foliis
2355 5292 2592 5348 ﬁculneis
2617 5292 2801 5348 eadem
2842 5292 3077 5348 membra
3109 5300 3354 5347 texerunt
3381 5289 3530 5364 (Gen.
3562 5300 3634 5348 Ill,
3662 5279 3716 5348 7)
3744 5317 3756 5340 .

2189 5399 2293 5439 non
2325 5384 2523 5454 nuptiis
2551 5384 2858 5453 imputatur,
2900 5391 3113 5452 propter
3136 5397 3268 5453 quas
3297 5379 3602 5438 concubitus
3627 5387 3753 5427 σου..

2252 5497 2270 5528 ι
2293 5501 2620 5556 Omnesttssq
2637 5493 2697 5543 de
2713 5491 2896 5556 origine
2919 5492 3252 5544 damnatismis.

2253 5558 2274 5589 ί
2301 5562 2369 5605 tta
2391 5553 2613 5616 Gallicani
2653 5561 2759 5604 Mss.
2785 5553 2933 5604 mitto
2956 5561 3062 5604 Lov.
3089 5556 3282 5616 omittit,
3315 5553 3364 5604 in
3407 5565 3425 5602 :
3465 5556 3627 5613 postea
3650 5554 3750 5616 qui]

2189 5625 2287 5666 Am.
2374 5602 2535 5682 [gi-.sic
2551 5602 3040 5682 habetIquam—rocat;
3058 5602 3294 5681 spondis;
3317 5602 3648 5682 repugnantem
3666 5602 3753 5682 Ityn!

2186 5663 2372 5738 Mrs,
2388 5663 2763 5740 instruamus
2779 5663 2881 5740 tege
2897 5663 3360 5731 Martinam
3373 5663 3516 5735 'ma'le,
3543 5673 3584 5723 si
3621 5663 3752 5717 modo

2187 5737 2416 5803 corrigas,
2445 5739 2596 5804 legem
2612 5737 2946 5790 membrorum.
