4012 6468
254 331 350 389 ηε
1023 294 1037 308 ’
1358 324 1558 380 LIBER
1601 324 1685 379 με
1723 323 2037 380 PECCA'I‘O
2077 325 2442 381 omumau.

250 444 436 518 iugalis
478 457 587 498 non
631 441 803 498 solum
849 447 931 494 est
961 437 1152 503 licitus,
1187 452 1366 490 verum
1413 439 1569 491 etiam
1611 436 1758 492 utilis
1786 445 1838 490 et

253 537 542 598 honestus;
574 530 669 588 sed
709 530 995 601 imputatur
1021 535 1237 598 peccato
1268 526 1659 589 inobedientize,
1693 525 1844 594 cujus

249 627 363 682 haec
390 639 553 697 pana
597 631 680 678 est
721 629 1027 684 consecuta,
1071 628 1128 672 ut
1158 620 1317 671 homo
1345 616 1656 671 inobediens
1688 616 1799 672 Deo
1824 657 1840 682 ,

248 733 341 775 sua
385 729 604 788 quoque
645 713 745 770 Sibi
791 711 1146 768 inobedientia
1196 711 1433 765 membra
1475 710 1697 765 sentiret
1731 727 1743 763 :
1776 709 1844 764 de

247 808 438 880 quibus
463 806 810 872 erubescens,
843 803 984 876 quod
1015 818 1120 859 non
1160 801 1225 857 ad
1252 802 1527 856 arbitrium
1556 800 1844 856 voluntatis

244 902 379 970 ejus,
425 899 522 954 Sed
566 897 634 954 ad
664 897 898 953 libidinis
928 897 1252 952 incentivum
1284 895 1427 950 velut
1465 895 1686 950 arbitrio
1717 909 1843 965 pro-

250 994 362 1064 prio
390 1000 765 1058 moverentur,
806 1005 924 1062 qua:
952 988 1195 1061 pudenda
1231 986 1506 1058 judicavit,
1556 985 1842 1056 operienda

243 1085 470 1143 curavit.
511 1085 630 1140 Non
671 1084 813 1140 enim
857 1081 1111 1138 confundi
1149 1081 1330 1138 debuit
1371 1081 1532 1135 homo
1574 1080 1640 1134 de
1679 1095 1842 1150 opere

252 1175 365 1242 Dei,
396 1185 492 1230 aut
520 1175 631 1229 ullo
659 1172 819 1228 modo
861 1172 1072 1228 fuerant
1098 1180 1282 1228 creato
1310 1169 1690 1237 erubescenda,
1723 1184 1841 1239 quin

251 1263 576 1320 instituenda
619 1263 731 1318 visa
772 1272 897 1318 sunt
938 1261 1200 1319 Creatori.
1242 1262 1422 1332 Itaque
1467 1275 1566 1316 nec
1593 1261 1702 1315 Deo
1744 1275 1842 1315 nec

247 1355 450 1412 homini
482 1355 571 1409 illa
612 1354 838 1424 simplex
864 1354 1072 1408 nuditas
1097 1352 1428 1423 displicebat,
1457 1350 1668 1422 quando
1711 1350 1840 1406 nihil

251 1455 362 1502 erat
418 1442 768 1516 pudendum,
829 1443 951 1516 quia
1011 1442 1143 1499 nihil
1205 1451 1552 1514 praecesserat
1621 1442 1842 1512 punien-

250 1539 397 1592 dum.

319 1625 550 1686 CAPUT
588 1626 806 1684 XXXV.
836 1657 907 1668 —
931 1625 1020 1682 ιο.
1062 1626 1450 1682 Esscntantem
1479 1625 1659 1697 procul
1679 1625 1841 1682 dubio

250 1722 449 1791 nuptiae
474 1721 642 1777 etiam
672 1733 775 1773 non
801 1717 1137 1788 prmcedente
1165 1728 1402 1788 peccato,
1429 1717 1550 1788 quia
1580 1732 1753 1788 neque
1771 1717 1842 1774 ob

252 1815 403 1869 aliam
434 1829 656 1871 causam
686 1812 800 1866 viro
829 1811 1170 1882 adjutorium,
1216 1827 1320 1866 non
1348 1811 1485 1865 alius
1510 1811 1608 1876 vir,
1641 1810 1734 1866 sed
1765 1811 1842 1867 fe-

253 1909 386 1960 mina
418 1905 557 1960 facta
581 1913 683 1961 est.
728 1905 792 1959 Et
820 1903 906 1958 illa
937 1904 1027 1959 Dei
1055 1904 1234 1969 verba,
1265 1903 1499 1969 Crescite,
1525 1912 1572 1958 et
1598 1903 1840 1972 multiplio

246 2001 431 2055 contini
453 1999 608 2072 (Gen.
639 2015 678 2065 ι,
707 1999 798 2070 28)
827 2015 842 2065 ;
872 2014 976 2052 non
997 2007 1080 2053 est
1120 1996 1539 2053 damnandorum
1570 1995 1842 2066 prmdictio

253 2105 611 2162 peccatorum,
636 2092 729 2149 sed
759 2091 1159 2146 fecundatarum
1187 2089 1488 2146 benedictio
1515 2089 1838 2160 nuptiarum.

248 2185 338 2240 llis
364 2185 510 2240 enim
541 2184 682 2239 Deus
704 2183 1058 2239 ineﬂ’abilibus
1077 2183 1188 2238 suis
1218 2182 1413 2250 verbis,
1443 2181 1492 2236 id
1520 2191 1621 2248 est,
1645 2180 1841 2236 divinis

252 2277 540 2332 rationibus
571 2277 623 2331 iu
645 2292 755 2332 sua:
783 2275 1078 2346 sapientia,
1104 2289 1202 2345 per
1223 2289 1380 2344 quam
1413 2272 1547 2328 faeta
1575 2282 1699 2328 sunt
1726 2289 1843 2328 om-

250 2369 348 2435 nia,
392 2369 622 2423 veritate
669 2367 964 2422 viventibus
1009 2365 1114 2420 vim
1165 2364 1386 2421 seminis
1435 2364 1626 2420 indidit
1655 2364 1841 2435 primis

247 2461 569 2516 hominibus.
611 2460 666 2516 Si
693 2468 872 2516 autem
904 2467 1123 2531 peccato
1150 2473 1256 2513 non
1286 2458 1473 2514 fuisset
1493 2457 1840 2513 deltoncstala

247 2561 450 2618 natura,
477 2553 622 2608 absit
658 2561 715 2607 ut
737 2553 1020 2622 opinemur
1046 2551 1179 2605 tales
1212 2549 1416 2605 futuras
1441 2549 1602 2605 fuisse
1633 2549 1840 2620 nuptias

245 2642 296 2696 in
321 2644 592 2712 paradiso,
617 2643 749 2697 utin
773 2643 853 2698 eis
876 2641 940 2697 ad
970 2641 1177 2712 prolem
1200 2640 1563 2696 seminandam
1583 2656 1687 2695 non
1711 2650 1840 2696 nutu

248 2733 532 2788 voluntatis
561 2734 604 2800 ‘,
652 2733 793 2788 sicut
837 2748 931 2802 pes
976 2731 1044 2787 ad
1090 2730 1489 2798 ambulandum,
1542 2745 1730 2786 manus
1772 2730 1840 2786 ad

246 2824 594 2894 operandum,
624 2824 802 2894 lingua
842 2822 909 2878 ad
936 2821 1298 2894 loquendum;
1327 2823 1420 2878 sed
1450 2831 1583 2877 testu
1611 2823 1841 2879 libidinis

243 2918 479 2974 membra
531 2917 784 2988 genitalia
836 2923 1202 2971 moverentur.
1243 2914 1352 2970 Nec
1395 2915 1532 2970 sicut
1575 2930 1714 2970 nunc
1746 2914 1835 2984 fit,

248 3009 566 3080 virginitatis
594 3009 871 3080 integritas
897 3007 961 3062 ad
987 3005 1370 3078 concipiendos
1397 3005 1536 3062 fetus
1568 3007 1616 3060 vi
1645 3005 1842 3061 turbidi

246 3101 561 3156 vitiaretur'
586 3099 814 3167 ardoris,
849 3098 943 3156 sed
991 3099 1377 3169 obsequeretur
1420 3099 1644 3168 imperio
1690 3109 1838 3154 tran-

243 3194 578 3264 quillissima:
605 3191 881 3247 charitatis
913 3208 927 3244 :
961 3198 1100 3247 eteo
1128 3189 1287 3245 modo
1305 3205 1411 3244 non
1440 3198 1584 3245 esset
1613 3189 1764 3244 dolor
1789 3198 1844 3245 et

244 3299 398 3339 cruor
434 3283 693 3354 .virginis
748 3280 1188 3347 concumbentis,
1241 3279 1507 3350 quomodo
1553 3296 1659 3335 non
1704 3289 1846 3336 esset

249 3376 402 3431 etiam
435 3375 627 3430 matris
653 3374 884 3445 gemitus
924 3372 1201 3444 parientis.
1244 3372 1371 3427 Ilaec
1413 3371 1533 3426 ideo
1575 3387 1680 3426 non
1723 3386 1844 3427 cre-

248 3465 459 3534 duntur,
489 3466 615 3537 quia
643 3465 695 3518 in
738 3465 836 3518 ista
865 3461 1202 3517 mortalitatis
1225 3459 1531 3516 conditione
1571 3460 1843 3530 inexperta

249 3567 385 3610 sunt.
429 3556 487 3611 ln
514 3555 752 3610 deterius
776 3555 970 3624 quippe
993 3553 1120 3608 vitio
1147 3560 1346 3607 mutata
1372 3559 1580 3618 natura,
1614 3566 1719 3606 non
1759 3552 1843 3606 in-

248 3648 388 3702 venit
429 3647 622 3717 prima:
648 3645 790 3700 illius
820 3643 1061 3715 puritatis
1089 3642 1414 3712 exemplum.
1457 3641 1564 3696 Sed
1595 3640 1840 3697 ﬁdelibus

247 3734 549 3807 loquimur,
607 3736 700 3807 qui
753 3742 1015 3790 noverunt
1066 3734 1287 3790 credere
1333 3733 1527 3789 divinis
1576 3733 1840 3805 eloquiis,

248 3830 403 3883 etiam
454 3828 621 3883 nullis
667 3825 918 3881 adhibitis
971 3835 1206 3895 experta:
1267 3824 1503 3880 veritatis
1560 3823 1842 3894 exemplis.

243 3920 528 3990 Quomodo
555 3920 701 3976 enim
746 3934 887 3974 nunc
912 3919 1186 3974 ostendam
1229 3919 1344 3975 sine
1387 3919 1508 3974 ullis
1537 3919 1845 3989 parentibus

243 4013 313 4068 de
332 4013 552 4084 pulvere
583 4011 850 4067 hominem
881 4008 1101 4075 factum,
1131 4009 1286 4080 eique
1311 4009 1380 4065 de
1403 4025 1501 4065 suo
1529 4010 1696 4065 latere
1718 4026 1844 4064 cnn-

243 4104 418 4174 iugem
454 4101 566 4172 (Id.
595 4117 652 4167 Il,
679 4103 734 4170 7,
759 4101 898 4173 2:2)?
928 4100 993 4154 Et
1016 4109 1191 4156 tamen
1221 4101 1361 4172 quod
1388 4101 1574 4156 oculus
1594 4102 1704 4172 jam
1737 4116 1842 4157 non

247 4197 469 4263 invenit,
499 4195 634 4250 fides
655 4194 843 4250 credit.

318 4288 544 4344 CAPUT
591 4287 833 4343 XXXVI.
882 4319 955 4328 —
1001 4289 1090 4344 41.
1160 4289 1249 4344 Sic
1293 4303 1420 4357 ergo
1459 4297 1512 4342 et
1556 4287 1843 4358 primarum

247 4381 556 4450 nuptiarum
605 4379 722 4434 sine
771 4379 1005 4434 libidinis
1056 4379 1299 4449 passione
1348 4379 1741 4449 tranquillitas,
1790 4388 1846 4434 et

246 4483 422 4529 motus
449 4473 756 4545 genitalium
801 4473 939 4528 sicut
966 4472 1192 4526 aliorum
1221 4470 1601 4536 membrorum,
1646 4487 1751 4526 non
1779 4471 1845 4527 ad

248 4563 492 4621 etfrenati
521 4565 713 4621 caloris
758 4565 1182 4629 incitamentum,
1222 4563 1315 4620 sed
1342 4563 1410 4618 ad
1437 4564 1725 4620 voluntatis
1752 4579 1841 4620 ar-

249 4655 464 4711 bitrium
494 4655 700 4727 (quales
729 4655 923 4726 nuptiae
954 4664 1405 4726 perseverassent,
1435 4655 1480 4710 si
1508 4656 1708 4726 peccati
1739 4671 1845 4712 nou

249 4749 628 4804 intervenisset
651 4747 1038 4819 opprobrium),
1071 4762 1214 4802 nunc
1253 4747 1460 4803 ostendi
1490 4763 1596 4802 non
1627 4757 1800 4819 potest
1828 4768 1840 4804 :

250 4841 348 4896 sed
390 4857 454 4897 ex
507 4843 572 4898 iis
609 4857 726 4912 qua:
755 4842 932 4896 divina
973 4842 1286 4896 auctoritate
1329 4842 1631 4912 conscripta
1676 4851 1842 4910 sunt,

251 4947 360 4986 non
406 4933 673 4988 immerito
714 4932 859 4988 credi
900 4941 1094 5003 potest.
1137 4933 1226 4988 Sic
1262 4933 1403 4988 enim
1435 4933 1592 4987 modo
1620 4949 1726 4988 non
1759 4935 1844 4990 in-

250 5024 409 5080 venio
455 5024 572 5080 sine
619 5023 892 5094 pruriente
933 5023 1151 5079 libidine
1188 5024 1662 5091 concumbentem,
1709 5027 1847 5082 sicut

248 5130 358 5170 non
388 5117 601 5171 invenio
625 5116 741 5172 sine
765 5109 950 5171 dolore
976 5125 1031 5172 et
1069 5115 1266 5188 gemitu
1293 5117 1698 5187 parturientem,
1728 5119 1845 5174 sine

250 5209 428 5264 futura
474 5220 648 5265 morte
688 5217 997 5265 nascentem
1030 5227 1045 5264 :
1073 5219 1127 5265 et
1170 5218 1345 5264 tamen
1385 5209 1678 5266 secundum
1706 5210 1847 5265 Seri-

250 5312 527 5372 pturarum
557 5311 864 5357 sanctarum
895 5302 1195 5368 veritatem,
1245 5303 1474 5373 gemitus
1504 5304 1846 5374 parturientis

246 5402 309 5444 et
338 5406 481 5445 mors
505 5390 740 5446 hominis
771 5407 874 5448 non
906 5391 1148 5458 fuissent,
1178 5394 1221 5447 si
1248 5403 1524 5464 peccatum
1567 5411 1671 5449 non
1708 5411 1846 5468 prte-

245 5481 522 5538 ccssissct.
553 5482 644 5539 Sic
667 5497 768 5539 nec
790 5483 917 5539 illud
947 5483 1088 5539 unde
1112 5484 1462 5552 erubuerunt,
1491 5486 1577 5556 qui
1609 5486 1844 5542 membra

329 5725 484 5788 ‘_t.diti
524 5735 571 5774 rt.
603 5730 708 5788 Mss.
730 5759 746 5784 ,
779 5735 870 5773 non
903 5731 1078 5774 natura
1113 5727 1378 5777 voluntatis.
1418 5729 1736 5782 EmetnIautur
1772 5731 1848 5780 hic

268 5799 332 5831 av
356 5785 476 5857 libro
660 5785 725 5857 de
746 5788 926 5857 nuptiis
947 5797 1002 5856 _ct
1018 5792 1426 5857 tioncupiscctttia,
1450 5807 1495 5841 u.
1523 5793 1568 5840 7.

320 5857 339 5889 ι
373 5849 540 5899 victor.
567 5851 646 5896 bis.
671 5854 724 5901 et
747 5850 914 5908 Vatia,
938 5849 1217 5900 inritamin-

3442 328 3586 389 106'-

1954 437 2040 491 illa
2069 447 2318 494 texerunt
2349 456 2362 491 :
2395 441 2512 508 quia
2555 449 2606 496 et
2635 442 2735 496 hoc
2782 442 2834 496 in
2866 442 3065 498 eisdem
3098 436 3296 502 sanctis
3325 445 3538 502 Litteris

1952 528 2285 597 praecedente
2312 540 2526 598 peccato
2541 532 2792 602 scriptum
2811 541 2892 587 est
2909 544 3272 590 consecutum.
3302 535 3534 592 Membra

1949 621 2143 692 quippe
2194 622 2283 677 illa
2330 623 2430 677 nisi
2475 622 2724 696 indecens
2767 634 2941 682 motus
2978 626 3151 684 oculis
3192 642 3400 696 eorum,
3430 645 3535 686 non

1951 714 2130 784 utique
2158 714 2373 781 clausis,
2405 714 2501 770 sed
2547 716 2598 770 in
2627 715 2728 772 hoc
2757 733 2862 772 non
2902 718 3120 788 apertis,
3169 717 3271 774 hoc
3297 730 3397 787 est,
3430 735 3537 776 non

1949 807 2184 873 attentis,
2239 806 2709 864 animadvertenda
2763 811 3098 875 nuntiasset;
3149 811 3280 866 nihil
3337 813 3388 866 in
3439 827 3537 867 suo

1947 911 2193 967 corpore,
2239 897 2377 968 quod
2411 898 2589 970 utique
2621 907 2788 954 totum
2833 900 2970 955 Deus
2998 900 3261 957 laudabile
3293 900 3494 958 fecerat
3516 935 3536 970 ,

1950 987 2254 1056 pudendum
2302 989 2687 1061 velandumque
2729 991 3023 1047 sensissent
3052 1010 3066 1047 :
3096 994 3218 1066 quia
3262 994 3364 1049 nisi
3395 1012 3542 1066 prato

1948 1077 2078 1133 isset
2103 1078 2326 1143 facinus,
2354 1079 2495 1149 quod
2528 1079 2884 1136 inobedientia
2911 1090 2994 1136 est
3021 1097 3148 1137 ausa
3176 1084 3534 1148 committere,

1949 1185 2052 1225 non
2079 1181 2390 1240 sequeretur
2418 1171 2670 1241 dedecus,
2700 1173 2840 1244 quod
2875 1173 3192 1229 verecundia
3225 1175 3383 1231 vellet
3407 1176 3534 1231 abs-

1946 1262 2200 1318 condere.

2017 1354 2244 1410 CAPUT
2283 1354 2547 1410 XXXVII.
2574 1385 2648 1396 —
2689 1356 2780 1412 42.
2819 1355 3032 1412 Clarum
3083 1367 3165 1412 est
3209 1357 3384 1429 igitur,
3437 1359 3531 1418 hu!

1945 1463 2052 1500 non
2078 1461 2197 1502 esse
2227 1447 2424 1517 nuptiis
2467 1447 2854 1516 imputandum,
2883 1448 3025 1520 quod
3069 1449 3169 1504 etsi
3215 1466 3320 1504 non
3350 1458 3537 1516 esset,

1945 1535 2143 1606 nuptia:
2179 1546 2355 1591 tamen
2399 1547 2578 1593 essent
2607 1555 2620 1592 :
2647 1555 2871 1609 quarum
2921 1540 3116 1594 bonum
3161 1556 3266 1595 non
3297 1539 3538 1596 aufertur

1949 1626 2050 1681 isto
2087 1629 2244 1689 malo,
2273 1628 2366 1682 sed
2391 1628 2460 1682 ab
2490 1629 2568 1684 eis
2592 1635 2648 1683 et
2689 1629 2789 1683 hoc
2816 1630 3013 1683 malum
3047 1631 3098 1684 in
3132 1646 3284 1685 usum
3316 1632 3537 1686 vertitur

1946 1716 2164 1772 bonum.
2207 1717 2402 1772 Verum
2429 1719 2550 1789 quia
2591 1719 2701 1788 jam
2732 1719 2829 1772 ista
2857 1720 3162 1776 conditione
3189 1721 3489 1775 mortalium
3519 1764 3532 1784 ,

1949 1823 2087 1862 nunc
2130 1809 2285 1862 simul
2317 1818 2542 1878 aguntur
2587 1810 2900 1865 concubitus
2929 1822 2983 1864 et
3031 1811 3232 1876 libido;
3278 1827 3345 1866 eo
3393 1811 3448 1865 fit
3479 1822 3537 1866 ut

1946 1915 2064 1954 cntn
2096 1899 2260 1954 libido
2291 1901 2718 1972 reprehenditur,
2754 1902 2910 1957 etiam
2941 1904 3189 1973 nuptialis
3216 1904 3532 1959 concubitus

1947 1993 2118 2047 Iicitns
2161 2004 2215 2048 et
2266 1995 2520 2050 honestus
2569 1994 2888 2064 reprehendi
2941 2005 3154 2064 putetur
3183 1995 3249 2050 ab
3300 1996 3398 2061 eis,
3447 1997 3535 2067 qui

1948 2083 2134 2136 nolunt
2176 2082 2481 2140 discernere
2528 2085 2626 2139 ista
2667 2085 2748 2140 vel
2797 2086 3058 2140 nesciunt.
3099 2084 3208 2141 Nec
3257 2087 3540 2141 attendunt

1947 2173 2073 2228 illud
2103 2189 2222 2229 esse
2250 2177 2551 2245 nuptiarum
2579 2176 2795 2242 bonum,
2831 2175 2970 2232 unde
2995 2176 3288 2246 gloriantur
3313 2179 3534 2249 nnptim,

1949 2265 1997 2318 id
2029 2275 2129 2333 est,
2178 2267 2379 2338 proles,
2411 2267 2682 2337 pndicitia,
2713 2278 3105 2324 sacramentum
3134 2285 3148 2334 ;
3184 2269 3312 2325 illud
3356 2280 3534 2326 autem

1947 2375 2052 2413 non
2106 2374 2225 2415 esse
2275 2362 2614 2430 nuptiarum,
2663 2359 2757 2416 sed
2807 2363 3039 2417 carnalis
3093 2362 3538 2433 concupiscentia:

1947 2449 2166 2516 malum,
2198 2449 2265 2505 de
2294 2466 2399 2520 quo
2427 2450 2746 2505 erubescunt
2773 2460 2827 2506 et
2855 2453 3071 2521 nuptiae.
3113 2452 3219 2508 Sed
3265 2454 3386 2522 quia
3417 2455 3536 2509 sine

1947 2540 2038 2595 illo
2067 2541 2205 2595 tnan
2236 2541 2348 2596 fieri
2379 2558 2486 2596 non
2517 2551 2691 2613 potest
2719 2543 3019 2612 nuptiarum
3061 2543 3278 2610 bonum,
3309 2545 3410 2600 hoc
3433 2553 3534 2611 est,

1950 2632 2254 2702 propagatio
2280 2631 2546 2699 filiorum;
2577 2633 2663 2689 ubi
2689 2633 2755 2688 ad
2785 2633 3083 2704 huiusmodi
3115 2652 3249 2706 opus
3279 2637 3492 2691 venitur
3519 2678 3532 2701 ,

1946 2733 2149 2779 secreta
2176 2734 2506 2796 quzeruntur,
2533 2724 2716 2781 arbitri
2756 2737 3117 2794 removentur,
3151 2728 3375 2783 filiorum
3404 2745 3537 2800 quo-

1945 2830 2050 2886 que
2090 2815 2347 2885 ipsorum,
2394 2816 2440 2874 si
2463 2818 2572 2888 jam
2619 2817 2741 2874 inde
2783 2818 2947 2890 aliqui
2980 2821 3086 2874 nati
3116 2829 3258 2887 sunt,
3286 2837 3406 2877 cum
3440 2838 3536 2893 per

1947 2916 2160 2963 aetatem
2198 2908 2396 2964 sentire
2451 2908 2550 2964 ista
2575 2909 2683 2979 jam
2712 2911 3006 2981 ceperint,
3055 2913 3335 2982 praesentia
3383 2913 3537 2968 devi-

1950 3007 2089 3056 tatur
2113 3016 2128 3054 :
2152 3008 2309 3070 atque
2334 3003 2404 3057 ita
2432 3003 2630 3073 nuptiae
2668 3003 2918 3059 sinuntur
2938 3020 3190 3060 exercere
3215 3006 3359 3077 quod
3391 3007 3534 3072 licet,

1951 3099 2006 3144 ut
2049 3105 2156 3146 non
2199 3091 2470 3163 negligant
2497 3093 2767 3148 occultare
2796 3093 2936 3164 quod
2974 3095 3224 3151 dedecet.
3283 3096 3416 3150 llinc
3458 3106 3540 3151 est

1948 3180 2088 3250 quod
2113 3179 2338 3237 infantes
2365 3184 2524 3237 etiam
2555 3183 2642 3254 qui
2671 3199 2892 3252 peccare
2916 3200 3020 3239 non
3055 3193 3297 3255 possunt,
3330 3202 3434 3240 non
3458 3194 3540 3239 ta-

1950 3288 2072 3326 tncn
2111 3271 2228 3327 sine
2259 3274 2459 3342 peccati
2490 3275 2806 3345 contagione
2852 3286 3177 3342 nascuntur;
3211 3293 3315 3330 non
3342 3292 3405 3332 ex
3439 3277 3540 3331 hoc

1949 3365 2088 3435 quod
2119 3365 2260 3432 licet,
2287 3365 2380 3421 sed
2404 3382 2465 3420 ex
2492 3381 2557 3422 eo
2581 3366 2720 3437 quod
2746 3367 2987 3423 dedecet.
3028 3367 3160 3423 Nam
3188 3384 3249 3424 ex
3274 3367 3375 3423 hoc
3395 3368 3538 3439 quod

1952 3459 2092 3525 licet,
2127 3467 2311 3514 natura
2344 3460 2610 3523 nascitur;
2655 3476 2719 3515 ex
2751 3460 2842 3515 illo
2883 3461 3026 3531 quod
3056 3462 3300 3529 dedecet,
3328 3462 3536 3516 vitium.

1951 3549 2162 3604 Naturae
2187 3550 2452 3605 nascentis
2477 3559 2554 3605 est
2583 3560 2769 3605 auctor
2796 3549 2958 3616 Deus,
2989 3552 3076 3621 qui
3107 3550 3374 3607 hominem
3401 3567 3535 3606 con-

1951 3641 2104 3707 didit,
2144 3650 2196 3696 et
2222 3642 2309 3711 qui
2337 3643 2504 3696 virum
2529 3657 2592 3696 ac
2619 3639 2868 3698 feminam
2911 3643 3132 3714 nuptiali
3155 3642 3275 3716 jure
3313 3644 3540 3714 conjun-

1951 3732 2027 3786 xit
2055 3749 2067 3786 :
2097 3733 2208 3787 vitii
2236 3748 2360 3789 vero
2388 3743 2573 3789 auctor
2593 3744 2673 3789 cst
2696 3733 2892 3790 diaboli
2915 3735 3229 3807 decipientis
3255 3737 3540 3804 calliditas,

1950 3834 2003 3879 et
2029 3823 2261 3881 hominis
2287 3827 2668 3882 consentientis
2709 3829 2972 3884 voluntas.

2021 3917 2247 3974 CAPUT
2283 3916 2661 3975 XXXVHI.—
2681 3921 2770 3977 65.
2793 3920 2893 3978 Ubi
2922 3922 3052 3978 nihil
3096 3922 3233 3979 Deus
3271 3922 3415 3988 fecit,
3440 3923 3542 3981 nisi

1949 4009 2090 4079 quod
2137 4008 2405 4065 hominem
2457 4010 2731 4068 voluntate
2776 4025 3108 4082 peccantem,
3149 4015 3296 4086 justo
3337 4015 3540 4086 judicio

1951 4115 2071 4154 cum
2097 4099 2262 4170 stirpe
2285 4100 2556 4157 damnavit
2583 4121 2597 4158 :
2625 4113 2678 4158 et
2703 4103 2823 4161 ideo
2851 4105 2920 4161 ibi
2945 4105 3200 4176 quidquid
3227 4108 3385 4163 etiam
3413 4125 3545 4164 non-

1951 4189 2076 4244 dum
2103 4200 2216 4246 erat
2245 4201 2450 4259 natum,
2494 4194 2684 4248 merito
2714 4203 2798 4250 est
2823 4195 2874 4251 in
2910 4197 3334 4266 prmvaricatricc
3366 4199 3545 4254 radice

1952 4281 2263 4336 damnatura
2297 4300 2310 4336 :
2344 4283 2394 4336 in
2439 4299 2542 4353 qua
2585 4284 2752 4354 stirpe
2793 4285 3042 4342 damnata
3089 4296 3234 4343 tenet
3276 4289 3544 4346 hominem

1951 4373 2221 4442 generatio
2247 4373 2494 4437 carnalis,
2529 4375 2670 4428 unde
2697 4377 2808 4431 sola
2852 4375 3043 4432 liberat
3073 4379 3408 4449 regeneratio
3435 4382 3548 4450 Spi-

1953 4463 2175 4519 ritualis.
2231 4463 2355 4520 Ideo
2395 4466 2723 4535 regeneratis
2772 4467 3117 4537 parentibus,
3165 4469 3210 4524 si
3259 4477 3438 4526 tamen
3487 4473 3542 4527 in

1949 4555 2136 4611 eadem
2167 4557 2333 4628 gratia
2364 4559 2841 4628 perseveraverint,
2875 4559 3057 4630 procul
3090 4560 3256 4616 dubio
3286 4562 3385 4616 ista
3413 4577 3539 4633 pro-

1953 4656 2069 4718 pter
2110 4649 2475 4706 remissionem
2504 4658 2864 4723 peccatorum,
2911 4667 3031 4723 qua:
3073 4651 3124 4707 in
3154 4654 3230 4709 eis
3259 4652 3392 4710 facta
3421 4663 3503 4710 est
3527 4697 3542 4721 ,

1953 4756 2057 4796 non
2081 4741 2317 4808 nocebit,
2346 4743 2444 4798 nisi
2485 4757 2605 4798 cum
2636 4758 2699 4798 ea
2727 4745 2864 4800 male
2891 4753 3130 4813 utuntur,
3159 4761 3263 4801 non
3290 4746 3462 4801 solum
3492 4747 3544 4802 in

1953 4835 2197 4891 omnibus
2241 4835 2438 4891 illicitis
2485 4835 2821 4906 corruptelis,
2868 4853 3055 4894 verum
3101 4840 3260 4896 etiam
3307 4841 3358 4896 in
3413 4842 3545 4913 ipsis

1951 4926 2264 4997 conjugihus
2293 4926 2504 4996 quando
2532 4942 2636 4982 non
2663 4928 2988 5000 propagandi
3022 4929 3293 4988 voluntate
3322 4946 3541 5004 operam

1952 5017 2197 5072 creandis
2241 5017 2363 5071 filiis
2409 5016 2741 5087 impendunt,
2789 5019 2883 5074 sed
2929 5021 3234 5077 lasciviendi
3277 5023 3547 5094 voluptate

1953 5110 2322 5165 exsaturanda:
2369 5109 2602 5181 cupidini
2653 5111 2965 5167 inserviunt.
3007 5112 3156 5182 Quod
3203 5124 3422 5186 propter
3461 5116 3542 5170 vi-

1956 5200 2140 5256 tandas
2166 5200 2541 5257 fornicationes
2571 5203 2774 5259 maritis
2817 5212 2872 5259 et
2909 5205 3164 5262 uxoribus
3187 5222 3255 5262 ne
3300 5205 3546 5263 fraudent

1956 5293 2199 5359 invicem,
2229 5292 2330 5348 nisi
2371 5309 2435 5348 ex
2461 5309 2723 5351 consensu
2751 5297 2816 5352 ad
2863 5307 3091 5370 tempus,
3124 5308 3179 5354 ut
3218 5299 3548 5355 orationibus

1957 5394 2166 5451 vacent,
2195 5384 2485 5460 secundum
2515 5387 2744 5454 veniam,
2776 5403 2880 5444 non
2913 5389 3204 5445 secundum
3237 5390 3541 5459 imperium,

1955 5476 2199 5532 concedit
2221 5477 2506 5546 Apostolus
2530 5477 2573 5549 (Ι
2603 5477 2721 5533 Cor.
2748 5495 2842 5546 vit,
2861 5481 2914 5546 5,
2938 5479 3016 5549 ϐ).
3039 5479 3324 5534 Evidenter
3350 5481 3547 5550 quippe

1955 5571 2081 5626 dum
2105 5572 2286 5627 tribuit
2310 5571 2540 5638 veniam,
2563 5573 2780 5629 denotat
2802 5573 3036 5644 culpam.
3076 5571 3335 5641 Nuptialis
3364 5583 3543 5630 autem

1956 5662 2290 5729 concubitus,
2333 5677 2490 5733 quem
2521 5662 2938 5719 matrimoniales
2963 5677 3175 5732 quoque
3205 5661 3439 5717 indicant
3470 5675 3547 5720 ta-

1958 5753 2116 5821 bulae,
2165 5770 2323 5810 causa
2375 5757 2824 5826 procreandorum
2872 5755 2982 5810 fieri
3039 5755 3286 5821 filiorum,
3345 5771 3438 5824 per
3491 5775 3549 5812 se

1962 5847 2134 5912 ipsum
2178 5861 2421 5919 prorsus,
2455 5862 2562 5904 non
2606 5849 2661 5904 in
2704 5846 3099 5916 comparatione
3139 5842 3557 5916 fornicationis)
