4012 6482
512 357 614 414 40⁸1

509 477 592 524 est
626 469 795 525 bonus
827 485 840 521 :
873 465 961 538 qui
991 465 1220 530 tametsi,
1250 471 1466 534 propter
1493 477 1688 531 corpus
1716 461 1921 526 mortis,
1955 461 2094 531 quod

510 558 745 614 nondum
780 567 862 614 est
902 556 1291 613 resurrectione
1336 563 1672 618 renovatum,
1705 553 1821 607 sine
1864 552 2096 622 quodam

510 651 717 708 bestiali
747 659 912 716 motu,
945 650 1011 704 de
1037 663 1144 720 quo
1188 657 1372 704 natura
1403 647 1668 702 erubescit
1698 645 1948 709 humana,
1992 662 2096 701 non

510 753 688 816 potest
710 743 856 809 fieri;
888 752 1061 797 tamen
1089 741 1201 811 ipse
1225 739 1539 795 concubitus
1565 754 1668 792 non
1693 747 1774 792 est
1799 748 2094 809 peccatum,

513 834 599 892 ubi
632 835 768 892 ratio
797 834 1014 894 libidine
1043 834 1206 890 utitur
1231 832 1298 888 ad
1341 833 1558 898 bonum,
1589 846 1694 887 non
1723 840 2006 902 suparatur
2030 829 2097 884 ad

509 927 728 984 malum.

582 1019 808 1076 CAPUT
845 1016 1090 1074 XXXIX.
1116 1047 1190 1058 —-
1213 1015 1301 1073 44.
1341 1015 1565 1073 Obesset
1585 1015 1682 1070 ista
1707 1014 1884 1069 carnis
1903 1027 2099 1069 concu-

513 1109 788 1179 piscentia,
809 1110 967 1166 etiam
993 1093 1356 1164 tantummodo
1375 1107 1516 1178 quod
1543 1107 1758 1170 inesset,
1784 1105 1884 1159 nisi
1913 1119 2099 1174 pecca-

512 1215 686 1258 torum
719 1203 962 1259 remissio
989 1203 1067 1259 sic
1113 1200 1411 1272 prodesset,
1442 1208 1498 1254 ut
1523 1215 1641 1270 qua:
1671 1199 1724 1253 in
1751 1197 1829 1254 eis
1857 1206 1940 1252 est
1965 1199 2006 1253 ἐ
2045 1205 2100 1253 et

514 1303 661 1361 nato,
688 1303 742 1350 et
773 1302 976 1359 renato,
1009 1300 1132 1346 nato
1160 1291 1372 1362 quidem
1397 1299 1451 1346 et
1478 1290 1655 1344 inesse
1693 1296 1747 1344 et
1771 1289 1978 1354 obesse,
2008 1303 2098 1342 re-

514 1393 641 1440 nato
678 1394 852 1439 autem
882 1385 1056 1439 inesse
1080 1382 1314 1453 quidem,
1344 1380 1436 1435 sed
1466 1396 1570 1435 non
1602 1379 1794 1434 obesse
1818 1378 2007 1450 possit.
2039 1377 2096 1432 ln

513 1483 719 1530 tantum
745 1475 886 1530 enim
919 1474 1072 1529 obest
1117 1473 1274 1538 natis,
1321 1480 1378 1525 ut
1407 1471 1505 1526 nisi
1550 1477 1916 1535 renascantur,
1964 1467 2098 1523 nihil

512 1569 681 1639 possit
705 1568 956 1639 prodesse
977 1568 1022 1623 si
1050 1569 1159 1622 nati
1189 1569 1209 1598 ³
1234 1573 1359 1622 sunt
1377 1564 1444 1619 de
1464 1565 1681 1620 renatis.
1705 1563 1877 1618 Manet
1901 1563 2098 1634 quippe

510 1661 566 1715 in
598 1660 770 1731 prole,
801 1661 872 1715 ita
903 1669 958 1715 ut
985 1674 1130 1715 ream
1159 1657 1315 1714 faciat
1344 1661 1386 1726 ³,
1431 1656 1650 1727 originis
1681 1655 1866 1709 vitium
1892 1671 1906 1720 ;
1936 1653 2096 1709 etiam

517 1751 567 1806 si
593 1751 645 1806 in
672 1759 890 1824 parente
920 1758 1098 1806 reatus
1126 1749 1363 1820 ejusdem
1391 1748 1502 1802 vitii
1534 1745 1845 1802 remissione
1887 1745 2098 1799 ablutus

512 1852 596 1900 est
611 1843 632 1876 ⁵
655 1853 1009 1916 peccatorum,
1035 1842 1206 1899 donec
1226 1857 1384 1897 omne
1403 1840 1586 1894 vitium
1607 1839 1692 1894 cui
1713 1837 2096 1893 consentiemlo

515 1946 791 2007 peccatur,
837 1935 1238 2006 regeneratione
1292 1931 1576 1987 novissima
1620 1934 2010 1985 consumatur:
2045 1927 2096 1982 id

513 2035 616 2095 est,
648 2027 811 2098 ipsius
841 2036 1002 2081 etiam
1043 2023 1385 2080 renovatione
1413 2021 1608 2084 carnis,
1636 2035 1754 2090 qua:
1784 2018 1834 2072 in
1866 2018 1981 2088 ejus
2008 2033 2097 2071 rc-

510 2121 842 2176 surrectione
872 2121 1044 2174 futura
1091 2116 1432 2188 promittitur,
1480 2113 1569 2168 ubi
1599 2126 1707 2166 non
1738 2110 1908 2166 solum
1956 2109 2097 2163 nulla

511 2219 727 2281 peccata
754 2209 1024 2273 faciamus,
1067 2207 1162 2264 sed
1217 2220 1317 2262 nec
1361 2204 1651 2260 habeamus
1679 2201 1785 2256 ulla
1835 2199 2098 2255 desideria

511 2303 722 2370 vitiosa,
779 2302 972 2373 quibus
1017 2297 1399 2356 conscntiendo
1451 2308 1772 2367 peccemus;
1825 2291 1893 2346 ad
1940 2306 2098 2360 quam

511 2394 722 2450 beatam
751 2392 1129 2464 perfectionem
1159 2390 1335 2460 hujus,
1367 2387 1509 2460 quod
1542 2399 1683 2440 nunc
1707 2384 1884 2450 datur,
1927 2381 2098 2437 sancti

511 2485 706 2540 lavacri
754 2484 923 2555 gratia
972 2483 1297 2553 pervenitur.
1337 2481 1449 2550 Qua
1497 2478 1641 2534 enim
1693 2474 2100 2548 regeneratione

511 2577 730 2648 spiritus
761 2576 918 2631 modo
964 2578 1019 2630 fit
1049 2585 1104 2629 ut
1133 2581 1347 2645 peccata
1377 2571 1550 2627 omnia
1600 2567 1866 2640 praeterita
1911 2565 2099 2621 remit-

513 2677 714 2736 tantur,
756 2668 872 2738 ejus
916 2667 1106 2722 merito
1138 2666 1228 2720 fiet
1271 2665 1432 2720 etiam
1461 2659 1794 2732 regeneratio
1837 2658 2015 2714 carnis
2045 2658 2096 2712 in

511 2769 769 2818 aeternam
817 2762 999 2825 vitam,
1048 2773 1150 2830 qua
1203 2759 1254 2812 in
1302 2757 1415 2827 ipsa
1445 2769 1603 2811 carne
1632 2750 2101 2821 incorruptibiliter

514 2861 824 2922 resurgente
868 2860 1204 2922 peccatorum
1249 2847 1488 2903 omnium
1535 2845 1875 2900 incitamenta
1903 2856 2098 2900 sanen-

515 2953 623 3000 tur.
661 2941 768 3001 Sed
796 2958 857 2998 ea
887 2942 1027 2996 salus
1056 2939 1229 2995 adhuc
1253 2939 1307 2994 in
1328 2953 1422 3008 spe
1449 2934 1582 2992 facta
1609 2943 1712 3000 est,
1757 2949 1860 2989 non
1891 2941 2102 2988 tenetur

515 3038 570 3094 in
592 3052 689 3104 re;
720 3051 891 3107 neque
938 3032 1237 3104 possidetur
1269 3046 1362 3101 per
1390 3029 1745 3100 prmsentiam,
1777 3025 1870 3081 sed
1905 3040 2099 3096 ex5pe-

515 3135 691 3183 ctatur
721 3142 816 3196 per
846 3125 1174 3196 patientiam.

586 3218 810 3276 CAPUT
849 3217 961 3273 XL.
988 3246 1061 3258 —-
1087 3216 1164 3271 Ae
1206 3229 1302 3285 per
1346 3213 1448 3267 hoc
1494 3226 1603 3266 non
1656 3206 2088 3281 solum'peeeata

516 3311 718 3376 omnia,
747 3325 972 3380 quorum
1024 3322 1164 3363 nunc
1194 3303 1439 3360 remissio
1469 3305 1526 3358 lit
1554 3303 1606 3357 in
1642 3302 1940 3373 Baptismo,
1983 3317 2101 3372 qua:

516 3419 638 3460 reos
664 3401 884 3469 faciunt,
906 3399 1032 3455 dum
1053 3397 1332 3454 desideriis
1358 3395 1564 3451 vitiosis
1580 3394 1912 3449 consentitur
1935 3401 2099 3461 atque

521 3502 800 3564 peccatur;
829 3506 1012 3547 verum
1031 3489 1192 3545 etiam
1229 3489 1340 3558 ipsa
1375 3485 1637 3541 desideria
1664 3485 1874 3547 vitiosa,
1907 3482 2101 3552 quibus

517 3586 564 3642 si
605 3600 708 3642 non
731 3584 1082 3649 consentitur,
1111 3581 1288 3636 nullus
1313 3579 1514 3650 peccati
1540 3585 1718 3633 reatus
1747 3574 2096 3640 contrahitur,

518 3693 637 3748 quze
665 3691 772 3732 non
817 3674 872 3729 in
903 3675 1024 3741 ista,
1049 3672 1142 3728 sed
1181 3671 1232 3726 in
1260 3671 1362 3726 alia
1391 3669 1497 3724 vita
1525 3667 1670 3722 nulla
1697 3676 1873 3733 erunt,
1905 3662 2096 3719 eodem

519 3768 736 3822 lavacro
763 3764 1104 3835 Baptismatis
1127 3762 1368 3816 universa
1396 3766 1707 3830 purgantur.

591 3859 684 3916 45.
712 3859 913 3913 Beatus
957 3858 1134 3926 itaque
1175 3855 1288 3909 vitii
1335 3853 1452 3924 ejus
1485 3852 1552 3907 de
1589 3865 1694 3920 quo
1724 3848 2010 3919 loquimur,
2045 3847 2099 3902 in

519 3958 954 4021 regeneratorum
989 3947 1137 4018 prole
1185 3945 1384 4002 carnali
1409 3942 1608 3998 tamdiu
1639 3940 1895 4004 manebit,
1919 3939 2095 3994 donec

521 4050 576 4094 et
605 4041 709 4094 illic
731 4039 940 4094 lavacro
971 4034 1388 4108 regenerationis
1436 4032 1700 4087 abluatur.
1738 4030 2102 4101 Regeneralus

520 4131 715 4202 quippe
741 4145 845 4184 non
897 4135 1177 4200 regenerat
1207 4127 1346 4181 filios
1369 4124 1567 4190 carnis,
1617 4122 1711 4177 sed
1753 4131 2008 4192 generat;
2033 4135 2100 4176 ac

520 4237 617 4292 per
636 4221 738 4276 hoc
756 4222 809 4276 in
835 4235 927 4275 eos
958 4235 1060 4274 non
1087 4216 1227 4288 quod
1255 4222 1620 4286 regeneratus,
1645 4213 1738 4268 sed
1779 4212 1919 4283 quod
1941 4203 2103 4283 gene-

523 4323 668 4368 ratus
697 4322 819 4382 est,
851 4312 1064 4382 trajicit.
1085 4309 1174 4366 Sic
1217 4309 1394 4380 igitur,
1427 4308 1539 4362 sive
1564 4321 1687 4361 reus
1707 4304 1958 4370 infidelis,
1990 4304 2102 4359 sive

520 4407 793 4462 absolutus
815 4404 1007 4474 ﬁdelis,
1029 4419 1138 4460 non
1158 4400 1412 4475 generat'
1441 4400 1711 4455 absolutos
1737 4407 1978 4469 uterque,
2008 4397 2102 4452 sed

519 4513 644 4553 reos
673 4496 977 4568 :quomodo
1005 4511 1112 4552 non
1154 4495 1324 4550 solum
1355 4492 1592 4557 oleastri,
1645 4489 1739 4546 sed
1765 4491 1925 4545 etiam
1966 4489 2102 4546 oleze

529 4592 737 4646 semina
787 4605 890 4645 non
909 4589 1053 4644 oleas
1083 4594 1361 4658 generant,
1401 4583 1494 4638 sed
1522 4583 1800 4636 oleastros.
1823 4580 2105 4650 Sicitaque

522 4683 578 4735 in
604 4682 943 4736 damnatione
969 4677 1236 4733 hominem
1263 4676 1430 4746 prima
1474 4672 1720 4726 nativitas
1761 4678 1924 4736 tenet,
1962 4670 2103 4725 unde

521 4771 624 4826 nisi
657 4770 888 4827 secunda
911 4787 1014 4824 non
1037 4769 1247 4822 liberat.
1269 4765 1440 4821 Tenet
1467 4777 1594 4834 ergo
1620 4761 1884 4827 diabolus,
1913 4761 2104 4817 liberat

519 4865 763 4919 Christus
791 4881 803 4916 :
830 4871 972 4917 tenet
999 4861 1250 4930 deceptor
1278 4859 1422 4922 Evzn,
1452 4856 1641 4910 liberat
1682 4853 1850 4908 Filius
1884 4853 2092 4909 Mariae:

527 4954 776 5026 tenetqui
799 4970 894 5024 per
909 4951 1186 5022 conjugem
1202 4950 1347 5004 venit
1380 4947 1446 5002 ad
1478 4947 1670 5011 virum,
1700 4945 1888 5000 liberat
1918 4945 2008 5015 qui
2029 4944 2098 5001 de

519 5045 748 5117 conjuge
781 5053 938 5100 natus
963 5050 1064 5109 est,
1094 5057 1210 5114 qua:
1227 5056 1330 5096 non
1363 5038 1578 5109 pertulit
1604 5037 1806 5091 virum:
1843 5046 1984 5092 tenet
2013 5037 2105 5106 qui

519 5135 988 5193 causamlibidinis
1024 5133 1200 5191 intulit
1234 5131 1468 5196 feminae,
1503 5129 1694 5185 liberat
1722 5129 1810 5199 qui
1837 5129 1952 5184 sine
1980 5129 2101 5184 libi-

514 5230 642 5284 dine
669 5238 752 5284 est
775 5236 1062 5297 conceptus
1082 5225 1132 5280 in
1161 5223 1374 5279 femina.
1403 5221 1599 5278 Omnes
1644 5220 1731 5275 ille
1763 5235 1981 5290 prorsus
2006 5234 2102 5288 per

517 5336 682 5374 llllllm
703 5328 886 5375 tenere
913 5317 1104 5388 patuit,
1134 5329 1232 5370 nec
1261 5315 1328 5368 ab
1353 5313 1468 5384 ejus
1507 5311 1870 5367 dominatione
1908 5310 2100 5365 liberat

580 5526 780 5584 ‘Fortc,
803 5518 939 5568 inest.
1034 5577 1044 5584 _
1138 5576 1167 5584 Α,
1204 5581 1300 5584 ᾼ,
1410 5577 1423 5584 _
1456 5572 1467 5584 .
1558 5570 1591 5584 ,.

575 5586 596 5614 ι
621 5576 776 5631 γειὶοί
795 5590 894 5639 Ius,
920 5577 1044 5642 quod
1066 5576 1358 5642 nati._Forte,
1376 5576 1607 5642 minati.

578 5647 598 5676 ³
619 5629 697 5694 sic
732 5629 1228 5705 titss.rtfygirannensis
1265 5643 1317 5685 et
1346 5629 1642 5683 'Casalensis.
1669 5630 1756 5679 Alii
1795 5643 1903 5679 eum
1933 5629 2094 5690 editis,

515 5713 698 5759 rentum
715 5704 877 5766 faciat.

577 5771 597 5800 δ
623 5763 723 5816 Duo
746 5774 870 5821 Mss,
896 5763 1130 5813 absolutus
1145 5765 1230 5808 est.

575 5831 596 5863 ³
619 5830 764 5890 ωειλ,
801 5818 1062 5890 νεὰειιειγιι.
1115 5821 1280 5871 Melius
1312 5819 1400 5869 hoc
1433 5818 1536 5869 loco
1569 5826 1671 5868 διες.
1693 5855 1706 5880 ,
1742 5819 1952 5880 generat.

1171 352 1227 409 S.
1266 347 1632 407 AUGUSTINI
1673 345 1971 402 EPISCOPI
2007 348 2206 404 LIBER
2251 351 2334 405 DE
2374 351 2684 410 PECC.\T0
2721 353 3088 414 ORIGINALI.

3674 355 3782 412 468

2209 462 2306 518 nisi
2323 479 2476 528 unus,
2495 482 2649 535 quem
2669 476 2849 523 tenere
2872 485 2979 524 non
3001 470 3186 540 potuit.
3210 470 3442 543 Denique
3462 472 3570 544 ipsa
3591 470 3784 532 Eccle-

2205 555 2296 608 sia:
2321 554 2683 622 Sacramenta,
2712 573 2828 628 qua:
2857 567 2965 613 tam
2987 560 3174 630 prisca:
3219 563 3514 618 traditionis
3545 567 3785 619 aucturi-

2206 654 2312 699 tate
2348 647 2735 713 concelebrat',
2779 657 2838 704 ut
2884 665 2945 705 ea
3002 650 3110 716 isti,
3159 654 3405 722 quamvis
3442 653 3495 707 in
3547 656 3786 725 parvulis

2204 737 2507 794 existiment
2547 739 2875 797 simulatorie
2923 743 3096 812 potius
3126 759 3287 814 quam
3329 747 3590 802 veraciter
3639 748 3780 812 fieri,

2204 845 2308 882 non
2365 837 2539 885 tamen
2586 831 2814 887 audeant
2847 844 3030 903 aperta
3083 835 3468 905 improbatione
3491 853 3780 908 respuere:

2205 919 2339 991 ipsa,
2373 921 2606 993 inquam,
2644 932 2841 979 sanctas
2887 925 3136 980 Ecclesia:
3165 926 3506 984 Sacramenta
3535 929 3666 983 satis
3697 929 3783 982 in-

2202 1011 2403 1080 dicant,
2444 1015 2688 1084 parvulos
2707 1032 2734 1070 a
2757 1025 2908 1086 partu
2935 1018 3094 1072 etiam
3123 1020 3518 1075 recentissimos
3538 1036 3630 1090 per
3658 1035 3787 1090 gra-

2206 1105 2330 1160 tiam
2357 1105 2547 1162 Christi
2563 1108 2630 1164 de
2653 1108 2848 1166 diaboli
2869 1111 3086 1166 servitio
3115 1111 3346 1168 liberari.
3373 1113 3606 1184 Excepto
3634 1114 3778 1168 enim

2202 1198 2345 1268 quod
2389 1199 2441 1253 in
2483 1210 2822 1270 peccatorum
2873 1203 3265 1272 remissionem,
3296 1219 3400 1258 non
3458 1203 3648 1269 fallaci,
3680 1204 3780 1259 sed

2204 1288 2342 1344 fideli
2367 1292 2618 1362 mysterio
2639 1292 2987 1362 baptizantur,
3016 1295 3175 1350 etiam
3204 1294 3348 1364 prius
3374 1295 3703 1350 exorcizatnr
3725 1295 3780 1349 in

2203 1382 2286 1460 eis
2312 1388 2365 1435 et
2392 1381 2698 1437 exsufflatur
2718 1393 2949 1454 potestas
2977 1387 3240 1440 contraria
3269 1403 3284 1452 ;
3313 1387 3398 1442 cui
3422 1386 3578 1441 etiam
3603 1385 3784 1440 verbis

2204 1487 2434 1528 eoruma
2464 1474 2653 1544 quibus
2679 1483 2973 1544 portantur,
3005 1491 3064 1531 se
3102 1477 3404 1532 renuntiare
3431 1475 3777 1546 respondent.

2203 1563 2405 1631 Quibus
2431 1565 2675 1621 omnibus
2696 1582 2873 1622 rerum
2903 1569 3226 1623 occultarum
3243 1569 3463 1624 sacratis
3487 1577 3540 1623 et
3568 1567 3783 1623 eviden-

2205 1655 2344 1710 tibus
2364 1657 2548 1726 signis,
2591 1673 2619 1711 a
2658 1659 2989 1729 eaptivatore
3040 1660 3270 1730 pessimo
3297 1660 3360 1714 ad
3400 1661 3656 1730 optimum
3690 1675 3782 1714 re-
3809 1640 3823 1648 ’

2206 1754 2538 1821 demptorem
2565 1753 2788 1808 transire
2817 1763 3216 1819 monstrantur;
3265 1754 3353 1824 qui
3377 1749 3472 1823 pro
3512 1753 3662 1808 nobis
3693 1752 3781 1806 in-

2205 1840 2455 1896 firmitate
2483 1853 2750 1912 suscepta,
2781 1845 3013 1914 alligavit
3039 1844 3247 1909 fortem,
3279 1857 3335 1899 ut
3360 1860 3484 1899 vasa
3506 1844 3620 1914 ejus
3669 1843 3782 1898 eri-

2204 1940 2352 2001 peret
2377 1932 2594 2003 (Matth.
2619 1949 2721 2000 xu,
2748 1933 2840 2005 29)
2878 1951 2890 1986 :
2923 1935 3042 2004 quia
3065 1935 3330 1989 infirmum
3363 1935 3451 1990 Dei
3474 1950 3580 1988 non
3602 1935 3778 1989 solum

2202 2031 2284 2078 est
2309 2022 2613 2078 hominibus
2639 2021 2658 2097 (
2687 2024 2707 2078 ι
2736 2024 2854 2079 Cor.
2882 2039 2921 2093 ι,
2965 2025 3036 2081 25
3059 2025 3100 2096 ),
3141 2040 3325 2081 verum
3362 2033 3416 2080 et
3441 2025 3642 2095 angelis
3672 2024 3789 2078 for—

2206 2113 2327 2168 tius.
2352 2113 2612 2168 Liberans
2641 2113 2819 2184 itaque
2863 2114 3003 2170 Deus
3043 2114 3266 2184 pusillos
3293 2129 3415 2170 cum
3452 2113 3676 2183 magnis,
3728 2112 3784 2166 in

2205 2204 2441 2275 utrisque
2466 2205 2700 2260 ostendit
2725 2205 2864 2275 quod
2887 2205 3060 2260 locuta
3096 2213 3177 2260 est
3207 2220 3301 2276 per
3329 2204 3638 2275 Apostolum
3674 2202 3786 2259 Vc-

2204 2297 2350 2352 ritas.
2381 2295 2497 2352 Non
2535 2298 2677 2354 enim
2700 2298 2843 2353 solos
2877 2307 3036 2354 :etale
3079 2298 3330 2368 majores,
3374 2297 3466 2354 sed
3495 2299 3652 2354 etiam
3685 2311 3786 2367 pu-

2203 2389 2350 2443 sillos
2379 2389 2518 2444 eruit
2548 2405 2577 2442 a
2623 2399 2882 2459 potestate
2921 2389 3281 2454 tenebrarum,
3310 2397 3368 2444 ut
3411 2388 3704 2444 transferat
3730 2388 3788 2443 in

2204 2494 2424 2550 regnum
2453 2479 2570 2536 Filii
2591 2479 2861 2536 charitatis
2877 2479 3223 2551 summotos.
3255 2497 3290 2546 ι,
3323 2482 3431 2552 15).

2274 2572 2365 2627 46.
2404 2571 2514 2628 Nec
2556 2573 2836 2643 quisquam
2889 2573 3144 2638 miretur,
3176 2581 3230 2628 et
3265 2572 3438 2639 dicat,
3476 2592 3493 2624 ι
3530 2571 3638 2628 Cur
3666 2572 3775 2628 hoc

2203 2673 2352 2717 creat
2394 2662 2603 2718 bonitas
2661 2662 2774 2730 Dei,
2829 2662 2969 2734 quod
3020 2663 3288 2735 possideat
3326 2665 3624 2735 malignitas
3663 2664 3790 2719 dia-

2203 2752 2311 2809 boli
2334 2753 2412 2820 ἳηι
2445 2754 2558 2810 Hoc
2579 2755 2719 2810 enim
2747 2771 2857 2809 sua:
2873 2764 3130 2812 creatura:
3151 2755 3441 2811 seminibus
3477 2771 3541 2810 ex
3568 2755 3652 2809 illa
3686 2756 3789 2810 bo-

2205 2846 2373 2900 nitate
2401 2845 2639 2916 largitur,
2661 2861 2764 2917 qua
2791 2847 2948 2902 etiam
2966 2846 3090 2902 facit
3106 2848 3275 2904 solem
3291 2863 3446 2903 suum
3463 2848 3586 2903 oriri
3615 2863 3784 2918 super

2205 2937 2374 2994 bonos
2413 2949 2470 2996 et
2513 2940 2679 2996 malos
2709 2982 2724 3007 ,
2766 2950 2820 2996 et
2867 2941 2998 3010 pluit
3043 2956 3204 3010 super
3251 2941 3424 3012 justas
3467 2951 3521 2996 et
3560 2941 3790 3010 injustas

2205 3030 2428 3105 (Matth.
2478 3048 2532 3098 v,
2573 3033 2712 3103 45).
2764 3033 2874 3088 llac
2932 3033 3126 3104 quippe
3165 3034 3402 3089 bonitate
3454 3035 3612 3089 etiam
3667 3033 3787 3104 ipsa

2203 3125 2410 3180 semina
2431 3124 2718 3188 benedixit,
2748 3125 2831 3180 vel
2875 3125 3238 3180 benedicendo
3281 3125 3773 3196 constituitzquam

2204 3217 2628 3273 benedictionem
2651 3227 2852 3272 natura:
2869 3217 3120 3272 laudabili
3145 3219 3299 3289 culpa
3317 3218 3633 3275 damnabilis
3666 3235 3774 3275 non

2203 3308 2422 3364 ademit.
2451 3309 2580 3376 Qua:
2609 3309 2732 3362 licet
2758 3324 2852 3377 per
2881 3309 2972 3364 Dei
3015 3310 3284 3380 punientis
3308 3311 3566 3381 justitiam
3595 3313 3786 3368 value-

2205 3399 2290 3463 rit,
2317 3408 2374 3452 ut
2396 3397 2640 3454 homines
2661 3413 2780 3453 cum
2813 3399 3015 3469 peccati
3041 3399 3315 3470 originalis
3338 3403 3466 3456 vitio
3495 3417 3785 3458 nasceren-

2206 3498 2290 3543 tur
2317 3506 2331 3553 ;
2363 3506 2468 3544 non
2499 3498 2676 3544 tamen
2699 3489 2882 3556 valuit,
2909 3501 2967 3545 ut
3009 3490 3254 3547 homines
3279 3509 3384 3548 non
3416 3503 3784 3550 nascerentur.

2207 3579 2354 3634 Sicut
2383 3580 2435 3634 in
2467 3581 2594 3650 ipsis
2626 3588 2783 3636 mtate
2809 3582 3099 3652 majoribus
3122 3583 3372 3654 quaelibet
3415 3586 3537 3640 vitia
3585 3600 3784 3656 pecca-

2208 3681 2379 3727 torum
2401 3689 2505 3728 non
2518 3689 2585 3728 ex
2608 3673 2823 3730 homine
2842 3675 3109 3731 hominem
3132 3676 3361 3742 tollunt;
3388 3677 3480 3733 sed
3506 3689 3789 3748 permanet

2207 3767 2301 3822 Dei
2330 3781 2462 3838 opus
2511 3767 2730 3835 bonum,
2761 3769 2814 3823 in
2853 3770 3295 3840 quantiscumque
3347 3769 3499 3826 malis
3527 3772 3786 3840 operibus

2206 3859 2508 3929 impiorum.
2536 3858 2667 3914 Nam
2698 3859 2797 3916 etsi
2838 3859 2997 3915 homo
3024 3861 3077 3914 in
3123 3861 3324 3917 honore
3351 3860 3572 3932 positus,
3595 3869 3650 3918 et
3681 3879 3790 3916 non

2207 3949 2526 4020 intelligens,
2581 3959 2923 4020 comparatur
2965 3951 3267 4022 pecoribus,
3291 3953 3476 4022 eisque
3505 3951 3698 4006 similis
3722 3951 3783 4006 fit

2206 4043 2225 4113 (
2253 4041 2396 4096 Psal.
2421 4059 2604 4111 vant,
2635 4044 2703 4098 15
2728 4045 2749 4116 )
2777 4061 2790 4110 ;
2823 4058 2928 4098 non
2955 4054 3131 4099 tamen
3156 4059 3322 4114 usque
3341 4043 3476 4099 adeo
3501 4044 3689 4098 similis
3706 4044 3788 4111 fit,

2207 4146 2262 4190 ut
2284 4151 2444 4206 pecus
2469 4137 2556 4192 sit.
2585 4137 2936 4207 Comparatur
2951 4152 3180 4206 namque
3209 4151 3304 4207 per
3331 4137 3536 4203 vitium,
3564 4153 3670 4191 non
3695 4152 3793 4206 per

2207 4237 2486 4294 naturam;
2520 4242 2626 4282 non
2658 4229 2868 4299 pecoris
2896 4229 3042 4296 vitio,
3071 4228 3165 4284 sed
3195 4237 3418 4283 naturas.
3441 4227 3625 4282 Tanta:
3646 4243 3792 4282 nam-

2206 4335 2310 4390 que
2335 4321 2665 4376 excellentias
2689 4328 2773 4378 est
2828 4321 2884 4376 in
2930 4320 3327 4392 comparatione
3357 4322 3567 4391 pecoris
3600 4320 3787 4388 homo,

2206 4423 2264 4469 ut
2289 4415 2474 4468 vitium
2491 4413 2720 4469 hominis
2737 4423 2923 4468 natura
2949 4413 3018 4468 sit
3045 4413 3250 4482 pecoris
3283 4431 3296 4466 :
3331 4427 3431 4468 nec
3451 4420 3630 4466 tamen
3657 4411 3786 4467 ideo

2209 4514 2395 4561 natura
2416 4506 2648 4562 hominis
2693 4506 2745 4560 in
2775 4514 3016 4560 naturam
3045 4504 3282 4560 vertitur.
3314 4505 3542 4575 pecoris.
3573 4505 3650 4558 Ac
3695 4519 3795 4573 per

2209 4594 2310 4651 hoc
2332 4596 2472 4651 Deus
2506 4595 2774 4651 hominem
2805 4595 3023 4650 damnat
3053 4604 3269 4665 propter
3303 4595 3508 4662 vitium,
3541 4608 3646 4667 quo
3690 4609 3793 4648 na-

2210 4700 2353 4745 tura.
2377 4687 2788 4754 dehonestatur;
2819 4702 2923 4742 non
2969 4696 3186 4758 propter
3210 4694 3620 4757 naturamhqua:
3661 4686 3794 4741 vitio

2217 4797 2319 4835 non
2338 4778 2595 4834 aufertur.
2641 4779 2846 4834 Bestias
2893 4793 3019 4834 vero
3043 4778 3181 4833 absit
3221 4786 3279 4832 ut
3307 4777 3586 4849 opinemur
3608 4793 3783 4847 poena:

2209 4874 2566 4930 damnationis
2605 4871 2886 4940 obnoxias,
2930 4886 3060 4942 quas
3098 4871 3299 4940 justum
3353 4879 3436 4925 est
3464 4880 3520 4925 ut
3550 4869 3789 4927 miseria:

2208 4969 2317 5023 sint
2345 4975 2615 5038 expertes,
2639 4980 2758 5035 qua:
2786 4980 2884 5020 nec
2910 4962 3252 5019 beatitudinis
3273 4971 3496 5033 possunt
3519 4978 3638 5018 esse
3663 4978 3794 5032 paro

2211 5061 2412 5130 ticipes.
2443 5057 2579 5126 Quid
2603 5073 2730 5128 ergo
2761 5059 2952 5112 mirum
2971 5065 3054 5113 est
3080 5057 3160 5111 vel
3191 5056 3526 5127 iniquum,ut
3548 5058 3786 5112 immun—

2207 5151 2276 5205 do
2292 5149 2499 5219 spiritui
2529 5149 2785 5204 subdatur
2814 5149 2996 5214 homo,
3029 5163 3132 5202 non
3163 5155 3378 5218 propter
3398 5157 3662 5215 naturam,
3695 5149 3794 5204 sed

2208 5251 2424 5311 propter
2440 5240 2826 5295 immunditiam
2866 5255 3040 5304 suam,
3067 5255 3224 5310 quam
3247 5255 3349 5294 non
3377 5255 3441 5294 ex
3465 5254 3626 5308 opere
3651 5240 3796 5294 divi-

2207 5349 2298 5398 no,
2326 5333 2420 5388 sed
2471 5347 2537 5387 ex
2580 5331 2811 5386 humana
2847 5332 3119 5386 voluntate
3159 5332 3462 5386 venientem
3486 5331 3540 5386 in
3569 5332 3796 5402 originis

2208 5427 2327 5483 labe
2371 5425 2633 5481 contraxit
2682 5443 2695 5478 :
2746 5440 2868 5478 cum
2915 5435 2970 5478 et
3007 5425 3119 5495 ipse
3166 5425 3386 5495 spiritus
3430 5425 3741 5480 immundus
3773 5469 3790 5495 ,

2207 5522 2402 5576 bonum
2430 5521 2520 5586 sit,
2543 5520 2684 5590 quod
2724 5521 2941 5589 spiritus
2970 5536 2984 5585 ;
3017 5521 3237 5586 malum,
3257 5518 3397 5590 quod
3445 5518 3799 5574 immundus?

2207 5612 2337 5668 Illud
2364 5612 2558 5682 quippe
2585 5619 2668 5666 est
2691 5627 2757 5666 ex
2787 5611 2876 5666 Dei
2903 5626 3082 5678 opere,
3116 5612 3218 5667 hoc
3259 5626 3326 5666 ex
3358 5609 3572 5679 propria
3600 5610 3797 5663 volun-

2243 5752 2285 5821 }
2313 5749 2560 5821 Vaticanus
2587 5755 2690 5812 Ms,
2715 5749 3040 5802 concelebrant
3071 5763 3087 5801 :
3112 5764 3208 5801 non
3247 5748 3394 5810 male,
3418 5761 3530 5799 cum
3568 5747 3627 5799 ad
3653 5748 3791 5799 Pela-

2207 5815 2375 5876 gianos
2399 5815 2626 5860 refertur.
