4012 6480
486 341 586 397 ιιι
1687 323 2020 382 EPISTOLA
2063 355 2070 378 ε

2193 321 2570 378 VALERIUM.
3668 329 3773 384 4ὶὲ

488 455 802 525 accepisset,
839 461 1010 508 tamen
1033 451 1132 507 sibi
1163 447 1519 506 festinandum
1545 445 1886 509 existimavit,
1915 451 1972 498 ut
1996 442 2203 497 Valerio
2228 440 2408 496 comiti
2440 437 2790 494 satisfaceret.
2839 437 2933 494 liis
2961 454 3089 510 ergo
3113 441 3256 495 nulla
3282 441 3594 513 interposita
3622 461 3775 501 mora

493 544 846 613 respondens,
901 544 1126 598 alterum
1159 541 1258 596 sub
1282 539 1471 596 eadem
1521 537 1868 608 inscriptione
1897 534 1966 590 de
2009 532 2220 602 Nuptiis
2243 540 2298 586 et
2320 529 2762 600 Concupiscentia
2805 528 2997 584 librum
3051 532 3372 601 composuit,
3423 549 3579 603 quem
3630 550 3776 590 anno

489 636 690 692 Christi
712 635 816 690 420
843 631 1251 688 adscribendum
1283 631 1602 686 arbitramur
1634 645 1648 680 :
1681 626 1877 698 quippe
1910 640 2032 680 cum
2057 638 2178 679 eum
2207 621 2488 677 confestim
2536 628 2658 690 post
2705 629 2951 690 acceptas
3002 617 3070 676 de
3098 622 3277 692 priore
3329 623 3464 679 libro
3481 625 3776 695 gratiarum

492 727 732 782 actiones
759 723 1031 794 scripserit
1054 733 1268 778 sanctus
1294 722 1512 786 Doctor,
1548 733 1648 775 nec
1673 716 1916 772 videatur
1941 713 2247 780 verisimile,
2281 710 2573 780 Valerium,
2592 710 2803 766 uthanc
2827 711 2966 782 grati
2993 711 3157 767 animi
3195 713 3638 786 significationem
3668 727 3777 774 tes-

499 826 723 884 taretur,
744 825 881 871 totos
909 815 1045 871 duos
1071 830 1240 870 annos
1264 822 1350 868 aut
1376 813 1552 882 plures
1569 817 1930 880 exspectasse.

561 909 810 965 Valerius
836 918 1012 965 autem
1037 909 1144 976 ille,
1167 923 1326 980 quem
1358 905 1584 962 lliustris
1602 913 1657 961 et
1673 902 1898 959 Comitis
1926 900 2079 956 titulo
2102 899 2427 970 Augustinus
2453 905 2696 964 exornat,
2732 897 2960 969 negotiis
2985 897 3210 967 publicis
3242 897 3636 970 implicabatur,
3667 919 3778 960 non

494 1002 798 1059 forensibus
828 1002 933 1058 illis
955 1001 1192 1074 quidem,
1214 1001 1310 1057 sed
1332 999 1558 1056 bellicis.
1586 997 1738 1054 Unde
1764 1012 1871 1052 non
1898 995 2053 1052 facile
2079 995 2413 1061 adducimur,
2441 1002 2503 1049 ut
2528 1009 2651 1048 cum
2672 994 2788 1049 viro
2811 994 3022 1050 erudito
3061 996 3236 1066 ipsum
3260 997 3410 1052 illum
3437 1013 3558 1054 esse
3584 1001 3778 1056 existi-

493 1108 724 1162 memus,
755 1093 844 1164 qui
875 1093 971 1148 fuit
989 1108 1173 1148 comes
1195 1092 1271 1147 rei
1301 1092 1518 1163 privatae
1531 1103 1672 1144 anno
1693 1087 1819 1151 423,
1843 1087 2029 1142 consul
2051 1101 2192 1142 anno
2211 1086 2337 1153 452,
2365 1083 2597 1156 denique
2634 1084 2889 1154 magister
2908 1084 3206 1141 officiorum
3243 1087 3342 1142 sub
3367 1087 3674 1146 Theodosio
3697 1091 3784 1162 ju-

493 1186 645 1240 niore
671 1200 812 1239 anno
841 1185 965 1240 455.
999 1184 1209 1238 Etenim
1239 1197 1340 1239 nec
1359 1197 1422 1237 ea
1448 1196 1669 1236 munera
1705 1176 2044 1250 pertinebant
2068 1177 2137 1233 ad
2172 1177 2438 1241 militiam,
2485 1190 2586 1232 nec
2626 1174 2897 1246 praefectis
2927 1176 3314 1235 Theodesianis
3342 1179 3633 1252 quidquam
3663 1193 3786 1238 erat

492 1288 617 1329 cum
645 1273 962 1330 llonorianis
986 1288 1290 1329 commune.

591 1435 747 1498 Vide
789 1443 1089 1515 presteres
1113 1433 1220 1497 lib.
1251 1432 1314 1510 2,
1349 1449 1482 1512 cap.
1513 1431 1612 1506 53,
1650 1430 2222 1502 Retractationum,
2259 1436 2303 1490 t.
2339 1430 2399 1497 1,
2435 1427 2553 1490 col.
2584 1427 2728 1506 651,
2759 1449 2798 1490 a
2825 1429 3050 1501 verbis,
3080 1431 3312 1512 Scripsi
3343 1429 3502 1494 duos
3529 1431 3734 1495 libros
3764 1477 3783 1507 ,

495 1555 688 1618 usque
721 1538 803 1600 ad
825 1536 1010 1600 verba
1030 1583 1047 1607 ,
1079 1538 1253 1599 Inter
1286 1536 1529 1598 militim
1558 1539 1682 1598 tua;
1709 1552 1922 1598 curas.
2165 1533 2252 1595 M.

499 1723 3780 1740 Ἠ

498 1857 1395 1971 ΕΡιετοιΔ
1467 1858 1725 1970 ΔΙ)
1771 1853 2742 1969 νΔιιι-ιιιιπιπ
2771 1856 3606 1974 αοωιτεινι
3642 1847 3783 2004 (⁸),

675 2075 790 2132 CUI
819 2074 1256 2133 AUGUSTINUS
1292 2072 1757 2130 TRANSMITTIT
1794 2069 2427 2218 NUNcggéfsgbi£ngl
2471 2072 2730 2130 LIBRUM
2771 2073 3039 2130 PRIMUM
3080 2075 3170 2130 DE
3209 2075 3480 2133 NUPTHS
3520 2076 3607 2131 ET

1849 2163 1980 2218 CON
2226 2163 2288 2217 Ε.
2389 2163 2452 2216 Α.

1849 2163 2426 2220 CONCUPISCENTIA
2437 2203 2452 2216 .

1987 2324 2357 2377 -οθῦοὓᾶ-ο·

506 2471 733 2528 Domino
760 2471 954 2529 illustri
976 2481 1032 2529 et
1058 2474 1252 2530 merito
1273 2473 1732 2545 prmstantissimo,
1755 2479 1914 2544 atque
1946 2473 2000 2527 in
2025 2471 2222 2528 Christi
2251 2471 2538 2529 dilectione
2558 2471 2872 2552 charissimo
2903 2471 3013 2528 filio
3043 2471 3298 2540 VALERIO,
3329 2473 3706 2540 Aucusrmus,
3740 2476 3802 2530 in

1898 2565 2127 2621 Domino
2146 2563 2396 2620 salutem.

578 2724 631 2778 1.
671 2721 803 2778 Cum
825 2722 916 2777 diu
937 2721 1158 2778 moleste
1179 2721 1430 2778 haberem
1458 2722 1600 2794 quod
1623 2722 1906 2795 aliquoties
1929 2721 2255 2794 scripserim,
2287 2729 2342 2776 et
2382 2721 2525 2778 nulla
2551 2730 2655 2777 tua:
2679 2719 3031 2778 Sublimitatis
3055 2721 3310 2792 rescripta
3337 2717 3645 2785 meruerim,
3694 2735 3799 2774 rc-

509 2825 670 2887 pente
694 2817 946 2888 epistolas
968 2827 1076 2874 tres
1103 2825 1204 2872 ture
1226 2815 1575 2888 Benignitatis
1593 2819 1772 2890 accepi
1808 2835 1821 2872 :
1851 2833 2012 2874 uuam
2041 2832 2147 2872 non
2169 2815 2233 2872 ad
2264 2832 2352 2872 me
2379 2816 2552 2872 solum
2573 2815 2750 2872 datam
2778 2832 2872 2887 per
2891 2816 3266 2886 coepiscopum
3288 2830 3468 2870 meum
3489 2813 3806 2869 Vindemia-

510 2909 638 2974 lem,
667 2917 721 2964 et
749 2924 854 2964 non
884 2909 1042 2980 longe
1071 2917 1189 2978 post
1215 2925 1309 2980 per
1328 2909 1822 2982 compresbyterum
1854 2908 2092 2966 Firmum
2120 2908 2394 2980 duas;qui
2419 2910 2500 2964 vir
2520 2918 2758 2978 sanctus,
2790 2908 3068 2980 nobisque,
3101 2917 3158 2963 ut
3177 2907 3243 2963 ab
3263 2907 3354 2962 illo
3382 2909 3520 2964 scire
3543 2907 3803 2979 potuisti,

510 2998 920 3056 familiarissima
948 3002 1207 3074 charitate
1239 3001 1574 3071 conjunctus,
1604 3003 1770 3058 multa
1800 3003 2077 3060 nobiscum
2102 3003 2171 3060 de
2193 3013 2282 3059 tua
2305 3003 2620 3059 excellentia
2663 3003 3038 3074 colloquendo,
3082 3011 3138 3057 et
3177 3003 3439 3059 veraciter
3480 3001 3808 3057 insinuando

511 3093 724 3162 qualem
758 3101 810 3148 te
832 3093 886 3148 in
907 3093 1104 3149 Christi
1135 3093 1427 3149 visceribus
1456 3096 1686 3164 noverit,
1713 3113 1818 3152 non
1854 3097 2028 3152 solum
2057 3111 2151 3153 eas
2177 3111 2310 3168 quas
2353 3105 2681 3152 memoratus
2709 3097 3013 3168 episcopus,
3050 3096 3136 3151 vel
3177 3112 3309 3169 quas
3337 3097 3450 3168 ipse
3476 3096 3669 3162 attulit,
3701 3095 3809 3150 scd

512 3187 673 3242 etiam
704 3187 820 3244 illas
845 3204 978 3261 quas
1006 3203 1112 3244 non
1141 3188 1418 3260 accepisse
1442 3189 1820 3260 querebamur,
1852 3190 2058 3247 litteras
2089 3191 2235 3246 vicit.
2259 3191 2329 3246 Et
2353 3189 2476 3248 ideo
2501 3190 2570 3246 de
2595 3198 2647 3245 te
2671 3191 2908 3246 narratio
2933 3190 3049 3260 ejus
3078 3191 3292 3246 suavior
3318 3190 3472 3247 nobis
3498 3197 3640 3258 erat,
3669 3189 3806 3259 quia

513 3293 578 3334 ea
625 3277 856 3348 dicebat,
887 3295 1006 3350 quae
1050 3280 1164 3352 ipse
1213 3296 1320 3335 non
1377 3296 1583 3352 posses,
1613 3297 1680 3338 ne
1699 3282 1912 3354 quidem
1955 3298 2042 3339 me
2082 3282 2383 3353 inquirente
2420 3282 2750 3348 rescribere,
2797 3299 2864 3337 ne
2905 3291 3117 3338 tuarum
3148 3282 3385 3352 laudum,
3432 3281 3573 3353 quod
3616 3291 3810 3338 sancta

515 3371 791 3443 Scriptura
842 3373 1093 3446 prohibet
1136 3373 1156 3446 (
1185 3373 1344 3432 Prov.
1400 3391 1571 3442 xxvii,
1594 3376 1628 3430 2
1657 3374 1700 3448 ),
1759 3378 1921 3434 fieres
1967 3376 2302 3447 praedicator.
2352 3376 2668 3446 Quanquam
2696 3384 2752 3431 et
2774 3391 2875 3447 ego
2897 3392 3087 3432 verear
3110 3376 3229 3433 ιιωο
3252 3377 3321 3432 ad
3363 3388 3415 3433 te
3440 3376 3673 3432 scribere
3691 3418 3706 3443 ,
3733 3392 3812 3433 ne

513 3465 870 3534 suspicionem
899 3465 1166 3524 adulantis
1185 3469 1473 3537 incurram,
1503 3468 1718 3524 domine
1748 3468 1974 3525 illustris
1994 3477 2050 3526 et
2069 3469 2265 3525 merito
2295 3469 2754 3540 prmstantissime,
2779 3477 2940 3541 atque
2964 3469 3019 3525 in
3057 3469 3258 3526 Christi
3283 3469 3568 3526 dilectione
3593 3469 3809 3525 charis-

513 3555 651 3613 sime
680 3557 774 3612 fili.

601 3649 658 3706 2.
698 3649 908 3706 Laudes
935 3651 1114 3721 itaque
1137 3661 1254 3708 tuas
1282 3653 1332 3707 in
1355 3651 1592 3722 Christo,
1615 3653 1727 3708 sive
1750 3654 1916 3725 magis
1947 3654 1998 3709 in
2031 3663 2081 3709 te
2101 3653 2287 3711 laudes
2308 3654 2527 3724 Christi,
2552 3655 2672 3712 vide
2693 3655 2817 3727 quid
2837 3656 2969 3712 mihi
2999 3655 3369 3714 delectationis
3395 3664 3452 3714 et
3474 3657 3672 3714 lzetitia:
3701 3657 3810 3714 fuit

519 3741 708 3798 audire
747 3741 815 3796 ab
855 3743 947 3797 illo
975 3743 1065 3814 qui
1091 3759 1191 3799 nec
1212 3742 1397 3800 fallere
1422 3760 1507 3800 me
1555 3754 1735 3816 posset
1761 3756 1978 3816 propter
2002 3747 2160 3804 fidem
2191 3762 2366 3816 suam,
2397 3757 2454 3804 et
2479 3763 2572 3804 eas
2613 3749 2861 3820 ignorare
2907 3765 3012 3805 non
3045 3761 3225 3820 posset
3262 3759 3478 3822 propter
3509 3752 3806 3806 amicitiam

521 3842 690 3891 tuam.
721 3833 825 3891 Sed
855 3835 954 3890 alia
987 3844 1042 3891 et
1070 3836 1137 3892 ab
1165 3837 1306 3904 aliis,
1339 3838 1440 3893 etsi
1477 3853 1582 3893 non
1613 3848 1718 3892 tam
1747 3839 1910 3894 multa
1944 3839 2030 3895 vel
2057 3848 2203 3896 certa
2223 3879 2241 3908 ,
2268 3849 2640 3896 verumtamen
2663 3840 2987 3910 audivimus,
3015 3842 3149 3898 fides
3177 3852 3262 3898 tua
3297 3858 3455 3914 quam
3495 3843 3566 3897 sit
3589 3857 3722 3897 sana
3750 3852 3814 3898 et

527 3926 812 3995 catholica,
840 3943 996 3998 quam
1017 3928 1101 3998 pia
1133 3929 1462 4001 exSpcctatio
1489 3929 1817 3994 futurorum:
1836 3945 1954 4000 quae
1981 3931 2073 3987 Dei
2101 3931 2432 4003 fratrumque
2451 3931 2686 4000 dilectio,
2711 3948 2868 4002 quam
2894 3948 3000 3989 non
3028 3934 3272 4005 superbae
3297 3935 3473 4003 sapias
3493 3933 3545 3988 in
3571 3934 3814 3990 excelsis

515 4018 832 4085 honoribus,
869 4035 968 4075 nec
987 4036 1170 4091 speres
1197 4021 1248 4076 in
1276 4023 1478 4077 incerto
1503 4020 1832 4089 divitiarum,
1865 4021 1959 4078 sed
1984 4023 2036 4078 in
2069 4023 2180 4080 Deo
2202 4024 2342 4090 vivo,
2374 4031 2430 4078 et
2451 4022 2605 4079 dives
2623 4024 2699 4079 sis
2725 4022 2781 4078 in
2806 4025 3060 4095 operibus
3083 4024 3237 4079 bonis
3257 4022 3300 4095 (Ι
3324 4022 3455 4080 Tim.
3475 4040 3548 4088 vi,
3577 4023 3665 4089 l7,
3691 4022 3811 4092 l8):

511 4128 680 4183 quam
701 4112 772 4168 sit
788 4112 977 4169 domus
1003 4123 1090 4168 tua
1116 4114 1328 4184 requies
1356 4114 1711 4185 solatiumque
1739 4123 2064 4179 sanctorum,
2093 4123 2149 4170 et
2179 4124 2350 4170 terror
2375 4115 2658 4185 impiorum
2689 4131 2705 4170 :
2735 4125 2931 4186 quanta
2960 4117 3053 4172 tibi
3082 4131 3210 4171 cura
3240 4117 3327 4181 sit,
3361 4131 3431 4170 ne
3447 4115 3564 4186 quis
3584 4114 3814 4169 insidie-

514 4214 610 4260 tur
635 4203 888 4260 membris
907 4202 1127 4273 Christi,
1149 4214 1432 4274 coopertus
1459 4205 1725 4260 velamine
1745 4205 1977 4260 nominis
2003 4203 2218 4272 Christi,
2245 4205 2358 4260 sive
2379 4206 2430 4259 in
2455 4207 2723 4262 veteribus
2747 4207 2884 4276 ejus,
2905 4207 3017 4264 sive
3038 4207 3090 4261 in
3126 4207 3512 4262 recentioribus
3543 4205 3812 4272 inimicis;

512 4314 788 4371 quamque
807 4299 882 4356 sis
906 4298 1215 4356 eorumdem
1246 4298 1579 4354 inimicorum
1611 4298 1862 4370 providus
1891 4298 2068 4365 saluti,
2095 4297 2318 4353 infestus
2344 4298 2534 4353 errori.
2560 4298 2684 4354 Haec
2709 4307 2869 4371 atque
2898 4298 3221 4370 huiusmodi,
3253 4307 3311 4355 ut
3334 4299 3479 4370 dixi,
3515 4308 3569 4356 et
3595 4299 3663 4354 ab
3683 4300 3815 4356 aliis

513 4393 756 4450 solemus
781 4393 1000 4461 audire;
1029 4395 1122 4450 sed
1149 4407 1291 4448 nunc
1320 4407 1380 4446 ea
1406 4407 1502 4462 per
1529 4393 1888 4462 supradictum
1916 4391 2132 4446 fratrem
2163 4390 2313 4461 plura
2340 4399 2394 4446 et
2417 4391 2687 4447 testatiora
2706 4392 3074 4464 cognovimus.

591 4488 646 4543 3.
689 4488 858 4543 Porro
878 4496 1054 4542 autem
1076 4484 1142 4540 de
1167 4485 1414 4555 pudicitia
1444 4485 1728 4556 conjugali,
1755 4494 1810 4538 ut
1826 4499 1944 4540 eam
1969 4498 2180 4554 quoque
2201 4483 2255 4538 in
2299 4490 2350 4538 te
2372 4482 2593 4540 laudare
2609 4493 2664 4542 et
2682 4499 2864 4541 amare
2885 4485 3172 4556 possimus,
3197 4483 3452 4554 numquid
3473 4484 3811 4551 audiremus,

517 4578 624 4637 nisi
651 4581 718 4636 ab
734 4579 912 4650 aliquo
937 4579 1191 4634 interiore
1220 4576 1466 4632 familiari
1492 4586 1601 4642 tuo,
1631 4575 1720 4645 qui
1745 4575 1908 4630 vitam
1943 4583 2106 4640 tuam,
2131 4590 2235 4630 non
2256 4576 2312 4630 in
2341 4575 2649 4646 superficie,
2671 4576 2766 4632 sed
2795 4577 3008 4647 penitus
3028 4575 3247 4632 nosset?
3279 4575 3355 4630 De
3383 4575 3484 4630 hoc
3518 4575 3693 4644 itaque
3716 4583 3814 4628 tuo

521 4673 688 4740 bono,
722 4673 815 4728 Dei
843 4672 1005 4737 dono,
1037 4686 1124 4728 me
1151 4685 1363 4742 quoque
1389 4668 1620 4725 delectat
1647 4667 1979 4733 familiarius,
2002 4676 2057 4723 et
2079 4667 2353 4739 aliquanto
2373 4667 2571 4723 diutius
2592 4666 2738 4739 loqui
2765 4676 2959 4725 tecum.
2986 4666 3109 4724 Scio
3132 4683 3218 4724 me
3245 4683 3350 4723 non
3374 4681 3494 4723 esse
3519 4665 3667 4722 oneri
3692 4665 3818 4731 tibi,

516 4766 568 4822 si
597 4765 794 4836 aliquid
825 4765 1093 4834 prolixum
1122 4765 1297 4830 mitto,
1331 4761 1474 4834 quod
1501 4760 1746 4832 legendo,
1773 4760 1974 4817 diutius
1998 4761 2074 4817 sis
2100 4761 2402 4816 nobiscum.
2433 4759 2566 4816 Nam
2592 4769 2648 4817 et
2685 4760 2788 4816 hoc
2817 4761 3082 4831 comperi,
3126 4759 3267 4831 quod
3303 4759 3443 4815 inter
3469 4767 3585 4814 tuas
3614 4757 3824 4812 multas

523 4873 857 4929 magnasque
883 4872 1041 4912 curas
1078 4855 1234 4912 facile
1266 4871 1329 4911 ac
1373 4855 1604 4911 libenter
1636 4854 1801 4925 legas,
1833 4855 2132 4924 nostrisque
2159 4853 2452 4924 opusculis,
2479 4853 2640 4910 etiam
2667 4870 2785 4926 quae
2828 4852 2896 4909 ad
2933 4853 3069 4909 alios
3091 4853 3529 4924 conscripsimus,
3563 4851 3604 4906 si
3628 4865 3733 4922 qua
3761 4851 3821 4908 in

525 4966 718 5007 manus
747 4943 866 5006 tuas
893 4950 1078 5005 venire
1104 4956 1408 5020 potuerunt,
1441 4946 1727 5004 admodum
1749 4946 2062 5012 delecteris;
2088 4954 2287 5016 quanto
2321 4947 2488 5018 magis
2519 4947 2660 5017 quod
2686 4946 2752 5003 ad
2781 4955 2831 5003 te
2861 4947 3134 5014 scribitur,
3165 4946 3253 5002 ubi
3282 4954 3531 5017 tanquam
3559 4947 3820 5018 prmsenti

520 5042 734 5112 loquar,
781 5050 838 5097 et
881 5040 1170 5097 advertere
1198 5038 1502 5110 dignaberis
1531 5039 1806 5105 attentius,
1837 5047 1891 5093 et
1915 5037 2158 5108 accipere
2179 5039 2417 5109 gratius?
2455 5039 2538 5094 Ab
2568 5039 2666 5094 hac
2690 5055 2816 5110 ergo
2842 5039 3061 5111 epistola
3087 5054 3248 5111 perge
3287 5037 3354 5093 ad
3399 5037 3612 5103 librum,
3651 5053 3825 5108 quem

524 5132 688 5190 simul
737 5133 881 5202 misi,
913 5134 1004 5206 qui
1052 5142 1158 5188 tum
1200 5131 1534 5188 Reverentia:
1560 5139 1618 5188 et
1632 5146 1728 5187 cur
1755 5131 2090 5203 conscriptus
2132 5133 2223 5198 sit,
2255 5143 2308 5189 et
2333 5147 2430 5188 cur
2448 5131 2514 5187 ad
2541 5143 2591 5188 te
2618 5133 2952 5203 potissimum
2999 5133 3227 5203 missus,
3263 5132 3379 5205 ipse
3408 5145 3507 5189 suo
3535 5131 3816 5205 principio

523 5230 861 5287 commodius
889 5228 1174 5287 intimabit.

585 5366 660 5432 (α)
685 5373 764 5420 Est
783 5366 875 5420 N0
898 5368 1026 5418 inter
1051 5371 1432 5433 Augusunianas,
1453 5374 1567 5419 tom.
1595 5367 1644 5418 2.

1963 5622 2387 5726 Μ
2363 5658 2367 5663 ’
