4012 6492
178 357 777 411 i_..__:____

777 449 924 560 8.
988 447 1763 560 AURELII
1824 447 2840 560 AUGUSTINI

3281 361 3318 370 -
3327 360 3376 370 -

2626 357 3472 411 Μ’

2727 397 3164 408 ......_—._._____
3198 399 3271 410 -..η
3289 397 3315 409 ,ἶ
3342 397 3348 398 κ
3376 397 3407 410 τ,

1367 593 1883 656 HIPPONENSIS
1923 594 2277 656 EPISCfiPI

183 717 448 862 DE
531 712 1326 862 NUPTIIS
1405 713 1651 854 ET
1737 687 3467 872 CONCUPISCENTIA.

1031 913 1246 1054 an
1323 905 2003 1052 (interimit
2072 907 2630 1051 comitem

1414 1175 1842 1280 LIBRI
1912 1175 2291 1282 DUO.

1170 1427 1174 1432 .
1582 1347 2088 1428 mea»

1191 1475 1679 1586 LIBER
1767 1475 2390 1584 PRIMUS
2433 1477 2547 1588 (⁸³).

240 1631 515 1694 Nuptiarum
539 1628 740 1694 propria
765 1633 816 1676 et
832 1621 1066 1694 naturalia
1082 1623 1210 1672 bona
1220 1619 1459 1694 exponit.
1471 1614 1640 1694 inibis
1653 1615 1812 1694 lippis
1824 1627 1930 1694 ppu
1940 1617 2314 1694 pomputandam
2332 1622 2497 1694 carnis
2519 1623 2957 1694 concupiscentiam
2971 1622 3174 1694 probat:
3197 1623 3323 1694 hanc
3344 1623 3476 1694 enim

185 1676 514 1743 uncino—esse
525 1676 712 1740 malum
726 1724 740 1748 ,
765 1688 893 1750 quod
917 1699 1013 1736 non
1034 1684 1098 1733 de
1117 1676 1392 1750 nuptiarum
1410 1685 1592 1750 natura
1614 1677 1770 1735 venit,
1791 1676 1880 1725 sed
1905 1689 1968 1724 ex
1985 1676 2833 1750 antiquopeccatonuptiisaécidit;
2860 1697 2958 1750 quo
2971 1676 3137 1750 tamen
3153 1683 3477 1750 maloAnuptia:

188 1741 305 1805 bene
325 1762 534 1805 utuntur
554 1752 617 1801 ad
641 1741 910 1812 liberorum
931 1741 1337 1812 procreationem.
1363 1747 1562 1812 Propter
1580 1741 1841 1812 hanevero
1858 1741 2300 1812 concupiscentiam
2321 1741 2427 1791 ﬁeri
2443 1778 2458 1801 ,
2480 1741 2546 1812 ut
2559 1745 2707 1812 etiam
2728 1741 3042 1812 de‘leg'itimis
3063 1747 3244 1812 nuptiis
3272 1741 3479 1812 ﬁliorum

188 1797 525 1876 Béi'na'i'aiii
550 1797 804 1876 ὖὲιῖ
821 1809 903 1859 ﬁlii
927 1797 1091 1857 saaculi
1116 1814 1402 1876 uastantur,
1443 1797 1527 1876 qui
1554 1797 2194 1876 peccatiuvinguqulicetab
2318 1797 2891 1876 per‘gratiamnliberatis"
2905 1797 3220 1876 parentibus,
3256 1807 3477 1876 obstricti

189 1861 290 1926 alii
300 1861 493 1940 fit—.165
500 1861 609 1926 sub
621 1861 800 1924 diaboli
818 1876 1063 1940 potestate
1079 1867 1275 1940 captivi,
1298 1861 1398 1940 nisi
1413 1861 1589 1940 eadem
1599 1861 2018 1940 similiter;
2030 1865 2196 1940 ‘g‘ratia
2215 1861 2506 1940 liberentur.
2527 1866 2740 1940 {Explicat
2761 1861 3410 1940 quomodo_concupiscen_tia
3429 1867 3480 1940 in

191 1922 655 2000 Eaiiii‘s’ﬁiihéai
673 1943 798 2000 actu,
818 1922 943 2000 'non_
962 1922 1372 2000 reatnufBaptismi
1393 1926 1650 2000 sanctitate
1695 1922 2308 2000 nenbuncutantummodo
2342 1922 2861 2000 originalem-reatum
2879 1966 2894 1990 ,
2929 1930 3023 2000 sed
3059 1922 3257 2000 peccata
3297 1929 3393 2000 alia
3428 1935 3484 1977 et

190 2014 334 2048 omnia
360 2014 565 2063 prorsus
583 2014 830 2046 nominum
853 2014 974 2042 tttatu
992 2014 1178 2041 auxerat

191 2074 308 2121 me,
336 2061 580 2110 Ambrosii
600 2059 886 2109 auctoritate
911 2055 1178 2106 confirmat.

250 2143 484 2200 CAPUT
517 2140 803 2197 PRIMUM.
822 2169 889 2180 —-
909 2141 960 2193 1.
986 2138 1064 2192 De
1093 2139 1244 2209 hujus
1273 2134 1438 2207 operis
1463 2141 1783 2206 argumento.

190 2237 439 2292 limetici
470 2235 616 2302 novi,
653 2233 997 2289 dilectissime
1020 2231 1096 2285 ﬁli
1126 2228 1322 2295 Valeri,
1349 2227 1438 2299 qui
1469 2225 1784 2282 medicinam

189 2326 407 2395 Christi,
438 2342 540 2398 qua
567 2332 787 2397 peccata
813 2333 1091 2390 sanantur,
1119 2320 1404 2376 carnaliter
1427 2317 1564 2374 natis
1589 2331 1788 2388 parvu-

191 2419 248 2473 lis
273 2417 638 2474 necessariam
666 2432 772 2471 non
803 2429 921 2471 esse
947 2413 1296 2477 contendunt,
1317 2410 1659 2466 damnatores
1687 2421 1788 2463 nos

190 2526 308 2567 esse
335 2511 642 2581 nuptiarum
663 2551 678 2576 ,
708 2509 989 2580 operisque
1020 2506 1184 2563 divini
1221 2520 1326 2577 quo
1357 2520 1424 2560 ex
1460 2502 1697 2558 maribus
1733 2509 1790 2556 et

191 2600 406 2657 feminis
429 2601 568 2656 Deus
591 2600 832 2655 homines
855 2607 1020 2667 creat,
1044 2597 1454 2653 invidiosissime
1479 2592 1784 2650 clamitant:

191 2695 446 2763 quoniam
471 2693 715 2756 dicimus,
738 2707 830 2748 eos
854 2692 944 2763 qui
972 2691 1039 2747 de
1055 2689 1145 2746 tali
1159 2688 1537 2746 commixtione
1563 2699 1790 2741 nascun-

193 2793 296 2850 tur,
330 2782 550 2838 trahere
573 2782 831 2854 originale
856 2790 1151 2852 peccatum,
1179 2779 1246 2834 de
1265 2792 1372 2849 quo
1389 2777 1674 2848 Apostolus
1692 2774 1786 2842 ait,

191 2875 294 2932 Per
317 2894 481 2931 unum
497 2877 750 2932 hominem
767 2884 1022 2946 peccatum
1041 2873 1244 2928 intrarit
1271 2873 1324 2926 in
1349 2870 1614 2936 mundum,
1634 2877 1680 2923 et
1700 2884 1790 2937 per

192 2981 456 3041 peccatum
487 2986 653 3036 mors;
686 2977 732 3023 et
764 2970 835 3023 ita
864 2969 917 3022 in
945 2983 1118 3022 omnes
1144 2965 1368 3020 homines
1399 2962 1707 3034 pertransiit,
1735 2960 1790 3015 in

193 3080 287 3131 qua
323 3077 502 3116 0mm
532 3069 859 3132 peccaverunt
887 3059 1061 3131 (Rom.
1090 3074 1146 3126 γ,
1171 3055 1260 3129 12)
1296 3075 1308 3111 :
1341 3070 1539 3126 eosque
1560 3096 1575 3123 ,
1603 3053 1671 3108 de
1692 3067 1789 3123 pa-

192 3155 438 3210 rentibus
463 3153 931 3224 qualibuscumque
957 3157 1263 3216 nascantur,
1291 3164 1397 3203 non
1422 3159 1677 3217 negamus
1696 3144 1792 3199 ad-

194 3245 295 3302 huc
320 3261 448 3301 esse
470 3245 573 3300 sub
601 3243 843 3307 diabolo,
867 3243 966 3298 nisi
1002 3247 1348 3298 renascantur
1375 3240 1428 3294 in
1464 3238 1706 3302 Christo;
1735 3242 1792 3290 et

194 3352 289 3408 per
315 3337 439 3406 ejus
467 3335 687 3406 gratiam
705 3333 773 3390 de
801 3341 1062 3404 potestate
1084 3333 1220 3387 eruti
1239 3330 1598 3396 tenebrarum,
1631 3329 1681 3383 in
1708 3343 1794 3383 re-

197 3444 361 3498 gnum
377 3427 544 3493 illius,
559 3425 647 3497 qui
668 3442 732 3482 ex
749 3425 936 3480 eadem
949 3439 1111 3480 sexus
1127 3423 1402 3493 utriusque
1414 3419 1792 3478 commixtione

194 3522 341 3576 nasci
365 3519 560 3587 noluit,
594 3518 986 3574 transferantur
1013 3515 1246 3592 (Coloss.
1278 3532 1316 3584 ι,
1351 3517 1420 3571 15
1441 3518 1480 3586 ).
1511 3514 1625 3570 Hoc
1663 3528 1791 3585 ergo

194 3615 320 3682 quia
343 3612 595 3678 dicimus,
617 3611 761 3682 quod
790 3611 1154 3681 antiquissima
1179 3618 1339 3679 atque
1368 3607 1672 3662 ﬁrmissima
1699 3619 1790 3660 ca-

196 3707 411 3762 tholica:
436 3704 560 3760 ﬁdei
580 3703 760 3775 regula
787 3703 1108 3768 continetur,
1146 3701 1230 3756 isti
1261 3699 1457 3755 novelli
1485 3707 1538 3754 et
1558 3697 1792 3769 perversi

193 3798 467 3870 dogmatis
493 3805 810 3863 assertores,
833 3791 922 3866 qui
951 3794 1080 3849 nihil
1113 3794 1311 3864 peccati
1331 3808 1450 3847 esse
1478 3793 1530 3846 in
1561 3790 1794 3862 parvulis

195 3891 400 3956 dicunt,
450 3889 592 3960 quod
632 3889 844 3943 lavacro
888 3885 1307 3957 regenerationis
1348 3884 1622 3952 abluatur,
1671 3891 1793 3938 tan-

193 3996 360 4052 quam
417 3980 732 4034 damnemus
788 3979 1034 4049 nuptias,
1092 3986 1148 4032 ct
1195 3984 1443 4047 tanquam
1489 3989 1622 4046 Opus
1676 3975 1790 4038 Dei,

195 4072 301 4128 hoc
346 4081 454 4139 est,
497 4072 767 4126 hominem
813 4071 901 4142 qui
944 4086 1011 4126 ex
1058 4070 1162 4124 illis
1206 4069 1466 4137 nascitur,
1509 4083 1643 4139 Opus
1683 4068 1795 4122 dia-

195 4165 308 4220 buli
360 4177 484 4220 esse
537 4163 810 4230 dicamus,
875 4161 1162 4218 inﬁdeliter
1207 4161 1290 4216 vel
1345 4161 1588 4230 imperite
1643 4161 1791 4214 calu-

195 4256 494 4310 mniantur.
537 4255 646 4310 Nec
691 4253 1134 4324 advertuntquod
1174 4253 1246 4307 ita
1271 4252 1571 4322 nuptiarum
1594 4251 1792 4306 bonum

192 4347 347 4400 malo
371 4345 641 4417 originali,
668 4345 812 4416 quod
851 4345 975 4400 inde
1008 4344 1256 4410 trahitur,
1294 4358 1397 4398 non
1427 4349 1605 4413 potest
1632 4357 1794 4397 accu-

192 4439 303 4494 sari
327 4457 346 4505 ;
375 4437 513 4492 sicut
532 4438 917 4493 adulteriorum
932 4445 987 4492 et
1012 4435 1418 4492 fornicationum
1439 4433 1636 4489 malum
1653 4435 1794 4490 buno

191 4529 456 4596 naturali,
475 4528 615 4600 quod
647 4528 770 4585 inde
783 4529 1040 4595 nascitur,
1061 4543 1165 4582 non
1178 4534 1357 4599 potest
1385 4526 1646 4582 excusari.
1660 4525 1791 4582 Nam

190 4626 340 4680 sicut
356 4632 651 4694 peccatum,
669 4622 782 4678 sive
801 4621 948 4690 hinc,
967 4621 1079 4676 sive
1098 4621 1220 4677 inde
1238 4633 1268 4674 a
1282 4619 1516 4690 parvulis
1531 4619 1791 4683 trahatur,

189 4734 337 4788 opus
362 4725 447 4772 est
474 4715 710 4771 diaboli:
741 4716 818 4770 sic
853 4713 1016 4770 homo
1035 4756 1049 4779 ,
1082 4714 1194 4769 sive
1221 4713 1376 4778 hinc,
1403 4716 1516 4768 sive
1546 4712 1669 4768 inde
1702 4727 1795 4767 na-

188 4821 403 4873 scatur,
432 4821 570 4878 opus
607 4816 691 4863 est
716 4807 833 4862 Dei.
863 4805 1096 4861 intentio
1142 4806 1302 4876 igitur
1337 4805 1496 4875 hujus
1530 4804 1650 4860 libri
1680 4804 1797 4862 hate

186 4911 300 4971 est,
325 4913 387 4956 ut
410 4909 668 4972 quantum
699 4915 797 4955 nos
822 4899 1084 4955 Dominus
1105 4899 1358 4971 adjuvare
1385 4898 1653 4968 dignatur,
1677 4913 1797 4953 car-

582 1985 830 2046 hoﬁminum
853 1994 974 2042 mala
992 1985 1257 2041 auferenda
1279 2002 1393 2040 esse
1413 1988 1576 2038 docet.
1595 1985 1810 2036 Tandem
1846 1986 2255 2047 concupiscentia:
2289 1985 2467 2038 malum
2491 2003 2518 2039 a
2536 1991 2810 2054 nuptiarum
2825 1985 3043 2041 bonitate
3059 1985 3480 2056 'distinguendum

1892 2131 2027 2186 nalis
2051 2134 2496 2204 concupiscentia:
2525 2136 2747 2202 malum,
2782 2147 2996 2208 propter
3018 2136 3156 2207 quod
3187 2137 3366 2201 homo,
3386 2137 3481 2206 qui

1892 2241 1989 2296 per
2014 2225 2157 2281 illam
2190 2229 2446 2296 nascitur,
2475 2230 2635 2285 trahit
2654 2231 2910 2301 originale
2932 2237 3207 2300 peccatum
3230 2270 3245 2296 ,
3277 2228 3483 2284 discer-

1890 2333 2080 2374 namus
2094 2335 2122 2372 a
2139 2319 2375 2376 bonitate
2400 2323 2724 2393 nuptiarum.
2758 2323 2883 2377 llaac
2902 2322 3065 2386 enim,
3085 2337 3203 2392 qua:
3215 2320 3282 2376 ab
3310 2321 3483 2391 impu-

1892 2412 2139 2468 dentibus
2167 2413 2505 2485 impudenter
2530 2415 2796 2484 laudatur,
2825 2415 3070 2486 pudenda
3099 2415 3485 2484 concupiscen-

1894 2505 1964 2563 tia
1985 2505 2127 2561 nulla
2151 2513 2312 2572 esset,
2346 2507 2449 2563 nisi
2468 2507 2628 2562 homo
2652 2518 2775 2563 ante
2803 2515 3111 2578 peccasset:
3139 2508 3338 2577 nuptiae
3357 2522 3483 2562 vero

1892 2605 2090 2663 essent,
2121 2597 2328 2653 etiamsi
2351 2614 2510 2654 nemo
2537 2609 2836 2670 peccasset;
2867 2601 3015 2656 ﬁeret
3030 2599 3224 2671 quippe
3245 2600 3361 2655 sine
3381 2599 3484 2654 isto

1893 2689 2085 2744 morbo
2109 2690 2389 2746 seminatio
2418 2691 2644 2746 ﬁliorum
2682 2692 2733 2747 in
2769 2706 2993 2762 corpore
3024 2692 3142 2745 vita:
3175 2690 3335 2754 illius,
3365 2691 3484 2746 sine

1893 2797 1999 2853 quo
2027 2798 2170 2838 nunc
2201 2784 2316 2838 ﬁeri
2354 2799 2459 2839 non
2493 2795 2669 2856 potest
2706 2786 2758 2840 in
2797 2799 3022 2856 corpore
3053 2785 3238 2839 mortis
3276 2785 3433 2854 hujus
3463 2785 3481 2816 ¹

1895 2873 2069 2951 (Rom.
2098 2892 2190 2941 vn,
2217 2876 2331 2948 24).

1964 2967 2190 3025 CAPUT
2217 2967 2278 3023 ll.
2311 2998 2379 3010 ——
2407 2969 2462 3023 2.
2494 2968 2597 3026 Cur
2635 2987 2764 3040 opus
2809 2969 2878 3024 ad
2924 2969 3180 3026 Valerium
3206 2971 3481 3041 scripserit.

1893 3058 2004 3117 Cur
2025 3070 2202 3116 autem
2221 3060 2289 3116 ad
2315 3070 2366 3116 te
2395 3061 2726 3132 potissimum
2743 3062 2811 3118 de
2830 3062 2931 3117 hac
2958 3079 3017 3118 re
3041 3063 3276 3118 scribere
3306 3063 3486 3118 voluc-

1895 3151 2017 3216 rim,
2042 3158 2154 3206 tres
2169 3152 2412 3206 maxima:
2441 3167 2615 3206 causa:
2641 3160 2784 3218 sunt,
2804 3168 2935 3222 quas
2954 3153 3187 3208 breviter
3208 3153 3482 3208 intimabo.

1896 3241 2012 3298 Una
2042 3252 2143 3309 est,
2167 3244 2288 3312 quia
2315 3243 2549 3298 donante
2577 3241 2811 3309 Christo,
2838 3259 3026 3315 magna
3065 3245 3158 3299 tibi
3190 3254 3273 3300 est
3302 3246 3486 3308 obser-

1896 3335 2072 3390 vantia
2101 3334 2364 3405 pudicitim
2389 3336 2701 3407 conjngalis.
2729 3337 2931 3403 Altera,
2962 3338 3083 3408 quia
3113 3337 3349 3407 profanis
3371 3339 3487 3394 istis

1898 3426 2237 3493 novitatibus,
2261 3425 2451 3497 quibus
2479 3425 2567 3482 hic
2581 3426 2898 3498 disputando
2915 3429 3230 3493 resistimus,
3258 3439 3309 3484 tu
3331 3439 3484 3500 pote-

1896 3525 2034 3572 state
2063 3517 2298 3571 curando
2325 3525 2380 3572 et
2408 3517 2654 3572 instando
2684 3517 2972 3574 efﬁcaciter
2995 3519 3256 3575 restitisti.
3281 3521 3484 3588 Tertia,

1897 3610 2146 3680 quoniam
2185 3608 2436 3680 quiddam
2480 3609 2776 3664 litterarum
2818 3609 2886 3665 ab
2923 3612 3003 3666 eis
3035 3612 3394 3683 conscriptum
3432 3614 3485 3668 in

1900 3710 2014 3756 tuas
2036 3717 2222 3756 manus
2247 3701 2459 3756 venisse
2481 3701 2709 3772 cognovi
2742 3717 2756 3756 :
2786 3701 2928 3773 quod
2954 3703 3078 3757 licet
3101 3703 3202 3758 ﬁde
3229 3705 3487 3760 robustis-

1898 3794 2032 3848 sima
2060 3793 2311 3860 irriseris,
2345 3793 2543 3848 bonum
2573 3803 2655 3849 est
2683 3803 2859 3850 tamen
2900 3803 2960 3850 ut
2995 3796 3154 3851 ctiam
3182 3797 3490 3852 noverimus

1898 3884 2233 3940 defendendo
2269 3884 2521 3955 adjuvare
2545 3884 2687 3956 quod
2718 3886 3004 3942 credimus.
3036 3887 3320 3957 Apostolus
3344 3889 3487 3943 enim

1899 3978 2108 4043 Petrus,
2139 3988 2353 4048 paratos
2381 3993 2478 4034 nos
2509 3993 2628 4034 esse
2657 3979 2896 4050 pmcipit
2925 3979 2992 4034 ad
3026 3980 3439 4036 satisfactionem
3463 3983 3486 4014 ¹

1899 4071 2042 4126 omni
2088 4072 2324 4141 poscenti
2365 4087 2464 4127 nos
2503 4072 2765 4128 rationem
2799 4072 2867 4128 de
2910 4072 3015 4129 ﬁde
3041 4073 3062 4105 '
3091 4083 3144 4128 et
3182 4089 3276 4144 spe
3306 4084 3491 4130 nostra

1901 4163 1920 4235 (
1946 4163 1965 4217 l
1993 4161 2135 4217 Petr.
2168 4177 2246 4231 ιιι,
2273 4162 2401 4234 15).
2427 4161 2489 4218 Et
2517 4164 2794 4235 apostolus
2818 4163 3046 4220 Paulus:
3068 4164 3269 4230 Sermo,
3294 4164 3489 4236 inquit,

1898 4264 2056 4308 vester
2095 4254 2149 4307 in
2187 4254 2352 4322 gratia
2395 4255 2627 4309 conditus
2667 4255 2734 4309 sit
2772 4256 2897 4320 sale,
2940 4264 2994 4308 ut
3022 4255 3192 4309 sciatis
3238 4257 3494 4325 quomoda

1899 4355 2122 4416 oporteat
2149 4363 2234 4400 vos
2260 4347 2529 4417 unicuique
2556 4345 2860 4417 respondere
2887 4347 2906 4418 (
2927 4347 3122 4403 Coloss.
3149 4364 3222 4412 tv,
3247 4348 3281 4402 6
3312 4349 3349 4417 ).
3383 4349 3493 4404 Ista

1899 4448 2025 4494 sunt
2053 4427 2172 4509 qua:
2199 4454 2285 4493 me
2319 4439 2587 4510 praecipue
2611 4440 3002 4510 compulerunt,
3037 4450 3094 4495 ut
3128 4441 3179 4495 in
3209 4445 3308 4496 hoc
3337 4443 3490 4496 volu-

1900 4529 2043 4586 mine
2065 4538 2238 4586 tecum
2265 4529 2540 4599 baberem,
2564 4530 2771 4602 qualem
2795 4531 3049 4586 Dominus
3067 4531 3375 4602 dignaretur
3392 4533 3490 4587 do-

1900 4638 2048 4688 nare,
2071 4637 2398 4678 sermonem.
2427 4621 2560 4678 Nam
2589 4622 2718 4677 mihi
2741 4639 3006 4694 nunquam
3026 4624 3222 4693 placuit
3240 4626 3490 4696 cuiquam

1901 4715 2092 4770 illustri
2119 4714 2252 4782 viro,
2276 4722 2332 4770 et
2361 4723 2505 4770 tanta
2537 4724 2732 4786 quanta
2759 4730 2816 4770 es
2840 4716 2955 4785 ipse
2980 4717 3306 4772 sublimitate
3339 4734 3481 4777 'con-

1900 4807 2106 4877 spicuo,
2128 4808 2423 4877 praesertim
2445 4822 2550 4862 non
2572 4806 2739 4862 otiosa
2766 4807 3020 4878 dignitate
3035 4808 3144 4878 jam
3159 4808 3373 4877 frucnti,
3394 4814 3492 4870 sed

1900 4899 2073 4954 adhuc
2092 4899 2297 4954 actibus
2311 4898 2540 4970 publicis
2550 4898 2856 4969 eisdemque
2873 4900 3188 4958 militaribus
3203 4916 3401 4974 occupa
3412 4915 3490 4970 to,

1386 4984 1670 5024 ADIONI'I'IO
1705 4985 1788 5024 PP.
1828 4983 2302 5026 BENEDICTINORUI.

255 5045 432 5092 Libros
453 5041 576 5091 duos
588 5041 656 5105 de
676 5042 860 5105 Nuptiis
882 5047 934 5092 et
953 5040 1738 5105 concupiscentiarecognovimus
1759 5038 1820 5088 ad
1840 5048 2041 5105 veteres
2071 5038 2263 5105 codices
2284 5047 2490 5105 quatuor
2513 5043 2777 5105 Vaticanos,
2803 5047 2865 5105 et
2876 5040 2935 5090 ad
2950 5041 3184 5105 undecim
3203 5041 3490 5105 Gallicanos,

184 5104 625 5156 nnumltcmensis
662 5099 902 5163 Ecclesiae,
943 5115 1094 5151 unum
1111 5099 1366 5165 ~sorboniei
1388 5099 1602 5165 collegii,
1624 5115 1783 5165 unum?
1810 5101 2014 5151 abbatis:
2033 5099 2206 5151 Casalis
2227 5099 2490 5161 Benedicti,
2529 5103 2651 5152 duos
2691 5110 2736 5152 s.
2765 5099 3028 5163 Michaelis,
3065 5103 3186 5156 alios
3229 5117 3293 5154 ex
3339 5099 3492 5158 abba;

185 5171 279 5217 liis
309 5236 312 5237 ν
338 5166 715 5237 Cygiramensi,
754 5161 1086 5237 .Corbei‘ensi,
1139 5161 1482 5237 Pratellensit
1512 5161 1788 5236 Divionensi
1839 5168 1884 5211 s.
1942 5165 2292 5237 genigni,__ex
2343 5165 2683 5237 tzisterciensi,
2736 5177 2802 5237 ex
2855 5161 3109 5237 Parisiensi
3157 5173 3203 5216 s.
3251 5167 3492 5225 Victoris;

184 5225 544 5292 mter’e‘aque
575 5227 634 5276 ad
667 5228 908 5277 variantes
939 5225 1177 5277 lectiones
1206 5225 1569 5277 Lovaniensium
1601 5239 1667 5276 ex
1697 5226 1916 5289 quinque
1947 5225 2151 5290 Belgicis
2182 5235 2285 5276 Mss.
2313 5233 2364 5276 et
2393 5225 2456 5275 ad
2486 5226 2729 5277 editiones
2757 5233 2863 5278 tres
2881 5227 3191 5291 insigniores.
3212 5236 3314 5277 Am.
3341 5235 3398 5278 Et'
3444 5238 3494 5278 et

183 5298 281 5340 ως

257 5434 278 5465 ι
311 5438 367 5479 ω
388 5426 483 5479 ίίιῐθ
506 5431 653 5492 hujus
683 5426 860 5492 capitis,
880 5429 924 5489 1,
962 5435 1087 5491 post,
1126 5426 1193 5492 in,
1218 5440 1418 5492 corpore
1437 5426 1606 5480 mortis
1627 5427 1797 5492 hujus,

178 5495 312 5543 duae
364 5489 711 5552 Polemicorum
742 5489 1006 5552 editiones,
1054 5489 1336 5552 Parisiensi's
1379 5498 1432 5541 et
1474 5489 1797 5552 mvaniensis,

179 5556 386 5604 attinnt
404 5560 612 5615 quatuor
634 5551 718 5615 vel
736 5553 955 5615 quinque
972 5549 1161 5615 versis,
1178 5549 1399 5615 scilicet:
1415 5561 1517 5602 Non
1537 5551 1666 5606 enim
1687 5549 1796 5602 cor;

177 5631 288 5680 pus
331 5611 666 5680 nwftishnjus
687 5611 990 5680 inparddiso
1031 5612 1127 5664 tate
1162 5612 1254 5677 fuit
1275 5620 1384 5665 ante
1407 5621 1672 5679 peccatum,
1699 5622 1793 5665 etc.

177 5674 317 5728 bunt
344 5677 450 5726 tunc
471 5674 588 5725 libri
601 5674 824 5733 secundi,
847 5689 898 5724 n.
923 5675 972 5726 6.

256 5741 284 5771 ³
310 5748 424 5807 ser
447 5746 583 5796 uss,
622 5737 688 5785 ad
720 5735 1080 5807 ponfessionem.
1115 5743 1356 5807 Quatuor,
1385 5739 1561 5807 quibus
1583 5751 1790 5788 consen-

180 5804 253 5852 tit
306 5799 459 5851 editio
495 5808 597 5850 Am.
613 5834 626 5860 ,
661 5801 730 5849 (ut
763 5797 1129 5861 satisfactionem
1160 5805 1206 5850 et
1239 5797 1594 5862 confesiioncm.
1629 5807 1791 5856 Grece

288 5327 810 5430 bomparaoimus
826 5357 1145 5430 praeterea
1163 5367 1261 5409 eas
1293 5365 1499 5410 omnes
1529 5349 1830 5430 editiones
1855 5349 2045 5412 initio
2070 5351 2241 5430 Betr.
2265 5355 2320 5430 et
2339 5347 2730 5430 Gonfess.,t.
2765 5349 2824 5430 1,
2853 5357 3242 5414 memoratas.
3329 5350 3413 5409 M.

1908 5437 1986 5479 est
2000 5463 2016 5489 ,
2061 5429 2172 5495 pros
2202 5428 2452 5493 apologum
2468 5462 2482 5489 ,
2527 5431 2592 5477 ad
2639 5427 2963 5492 defensionem
2977 5465 2993 5492 ,
3034 5431 3142 5481 sive
3157 5465 3172 5491 ,
3215 5437 3488 5480 excusatio-

1905 5502 2250 5612 περιθῶ-δυσ),
2288 5548 2412 5616 fide,
2460 5551 2552 5602 hoc
2586 5550 2698 5616 loco
2731 5558 2836 5602 erat
2869 5553 3015 5616 etiam
3041 5553 3088 5616 in
3112 5550 3271 5616 Bibliis
3305 5549 3491 5613 aliquot

1905 5616 2260 5688 manuscriptis.
2288 5613 2454 5665 'Abcst
2488 5627 2618 5664 nunc
2659 5614 2722 5662 ab
2764 5617 2960 5664 excusis
3005 5613 3191 5673 latinis,
3236 5625 3427 5663 necnon
3465 5627 3490 5660 ει

1904 5688 2262 5801 ετᾶῗιξξτὶριιιε
2275 5738 2465 5790 circiter
2490 5737 2675 5789 initium
2697 5735 2805 5787 anni
2832 5735 2939 5788 419.
