4012 6478
563 350 666 407 “5

562 461 764 532 aliquid
817 473 1054 516 meorum
1093 456 1466 527 opusculorum
1510 452 1789 525 legendum
1837 465 1943 506 non
1987 463 2017 503 a
2058 462 2144 502 me

563 552 783 621 petenti,
812 566 918 606 non
950 559 1054 604 tam
1081 548 1379 618 diligenter,
1409 561 1568 616 quam
1591 544 1927 615 impudenter
1953 541 2145 611 impiu-

559 657 708 712 gere.
753 642 806 697 Si
838 641 963 711 quid
1009 654 1136 710 ergo
1183 640 1285 694 tale
1331 653 1471 694 nunc
1510 637 1611 692 feci
1654 645 1871 707 propter
1895 649 1984 689 eas
2015 648 2145 703 quas

561 733 973 790 commemoravi
994 748 1202 800 causas,
1233 732 1513 803 dignanter
1536 731 1783 800 ignosce,
1820 737 1875 782 et
1910 727 2144 782 benevo-

561 825 670 880 lum
702 825 935 879 animum
963 823 1030 878 ad
1056 840 1120 880 ea
1137 839 1256 894 qua:
1280 833 1577 894 sequuntur
1605 821 1841 876 intende.

629 916 856 972 CAPUT
888 901 974 970 Ill.
1011 946 1083 956 —
1120 917 1172 973 5.
1206 915 1462 970 Pudicitia
1491 915 1774 986 conjugalis
1805 911 1994 966 donum
2023 910 2144 966 Dei.

559 1007 636 1063 De
663 1009 946 1078 inﬁdelium
965 1009 1208 1079 pudicitia
1237 1008 1523 1078 difﬁcultas.
1561 1005 1792 1059 Pudicus
1836 1021 1978 1058 verus
2019 1019 2149 1056 non-

557 1099 656 1154 nisi
693 1100 876 1168 ﬁdelis.
919 1100 1125 1155 Donum
1169 1099 1262 1153 Dei
1289 1112 1409 1153 esse
1431 1098 1592 1152 etiam
1624 1094 1928 1166 pudicitiam
1957 1091 2147 1162 conju-

555 1191 765 1260 galem,
804 1190 1137 1246 beatissimus
1179 1188 1372 1244 Paulus
1409 1187 1642 1244 ostendit
1666 1227 1681 1252 ,
1724 1187 1812 1241 ubi
1851 1187 1917 1240 de
1960 1183 2061 1238 hac
2088 1199 2148 1239 re

558 1283 783 1353 loquens
811 1283 885 1337 ait
917 1300 930 1336 :
977 1282 1102 1337 Volo
1138 1290 1305 1336 autem
1331 1297 1504 1334 omnes
1532 1279 1759 1332 homines
1787 1293 1893 1331 esse
1913 1276 2042 1330 sicut
2070 1291 2149 1329 me

559 1377 729 1446 ipsum
750 1390 770 1429 :
795 1375 882 1429 sed
908 1375 1249 1445 unusquisque
1275 1374 1539 1443 praprium
1566 1371 1754 1425 donum
1781 1369 1926 1423 habet
1957 1384 1988 1420 a
2009 1366 2147 1433 Deo;

557 1466 692 1520 alius
719 1466 918 1529 quidem
945 1467 1016 1518 sic
1035 1466 1073 1532 ¹,
1101 1465 1233 1518 alius
1261 1480 1376 1518 vero
1401 1464 1471 1517 sic
1491 1463 1509 1533 (
1533 1462 1550 1516 Ι
1585 1461 1700 1516 Cor.
1729 1476 1802 1515 vn
1827 1501 1841 1526 ,
1873 1457 1962 1532 7
2011 1459 2149 1514 Ecce

557 1565 614 1610 et
640 1555 739 1609 hoc
767 1555 966 1609 donum
987 1569 1104 1610 esse
1127 1554 1260 1609 dixit
1287 1569 1316 1607 a
1341 1554 1484 1619 Deo;
1511 1553 1610 1608 etsi
1635 1551 1855 1606 inferius
1880 1565 2037 1620 quam
2061 1549 2149 1604 illa

556 1645 882 1702 continentia
898 1688 913 1712 ,
937 1647 990 1702 in
1010 1661 1110 1716 qua
1131 1660 1318 1700 omnes
1339 1644 1549 1699 volebat
1571 1657 1690 1697 esse
1711 1642 1847 1697 sicut
1865 1656 1924 1695 se
1946 1641 2114 1711 ipsum
2132 1683 2146 1709 ,

558 1749 735 1794 tamen
760 1779 776 1805 ,
805 1738 1002 1792 donum
1027 1753 1057 1792 a
1085 1738 1214 1793 Deo.
1262 1737 1416 1794 Unde
1456 1735 1834 1806 intelligimus,
1874 1749 1994 1788 cum
2034 1734 2151 1791 haec

560 1831 974 1901 praecipiuntur,
1016 1839 1074 1884 ut
1122 1831 1282 1897 ﬁant,
1333 1830 1462 1885 nihil
1511 1829 1652 1884 aliud
1691 1828 1934 1899 ostendi,
1990 1844 2150 1899 quam

560 1923 738 1977 inesse
763 1923 916 1977 nobis
952 1932 1198 1992 oportere
1236 1922 1304 1978 ad
1343 1923 1458 1977 haec
1495 1921 1799 1990 accipienda
1825 1930 1880 1976 et
1909 1920 2148 1975 habenda

557 2015 718 2071 etiam
747 2017 1014 2086 pr0priam
1045 2015 1392 2072 voluntatem.
1433 2015 1564 2070 Cum
1591 2030 1718 2070 vero
1745 2014 1838 2069 Dei
1864 2014 2002 2068 dona
2029 2027 2150 2069 esse

557 2115 955 2172 monstrantur,
988 2122 1019 2162 a
1056 2121 1163 2178 quo
1202 2105 1430 2177 petenda
1468 2107 1613 2172 sint,
1654 2105 1910 2170 discitur,
1953 2105 2001 2159 si
2041 2119 2150 2159 non

560 2197 858 2265 habentur;
888 2207 944 2253 et
967 2197 1054 2253 cui
1095 2199 1202 2254 sint
1237 2197 1454 2269 agenda:
1495 2197 1676 2268 gratim
1699 2237 1716 2264 ,
1761 2197 1807 2251 si
1845 2195 2146 2260 habentur;

558 2296 876 2360 nostrasque
916 2290 1215 2344 voluntates
1243 2289 1310 2344 ad
1342 2289 1456 2344 hazc
1483 2287 1775 2358 expetenda
1797 2329 1812 2355 ,
1855 2286 2112 2344 sumenda
2131 2327 2147 2355 ,

557 2379 834 2435 retinenda
859 2396 1041 2451 parum
1068 2380 1248 2442 valere
1271 2423 1286 2449 ,
1316 2380 1418 2436 nisi
1442 2379 1699 2435 divinitus
1725 2378 2059 2449 adjuventur.

629 2473 684 2528 4.
712 2471 848 2539 Quid
875 2489 1003 2544 ergo
1030 2474 1258 2530 dicimus
1279 2516 1294 2541 ,
1321 2473 1538 2544 quando
1559 2481 1613 2528 et
1637 2473 1692 2527 in
1721 2472 2032 2542 quibusdam
2053 2472 2154 2526 im-

557 2565 659 2636 piis
684 2566 950 2622 invenitur
979 2566 1231 2636 pudicitia
1257 2567 1595 2637 conjugalis?
1625 2574 1802 2622 utrum
1831 2581 1898 2622 eo
1926 2580 2148 2636 peccare

562 2657 772 2712 dicendi
798 2667 960 2725 sunt,
997 2657 1138 2727 quod
1178 2655 1320 2712 dono
1366 2657 1458 2713 Dei
1501 2657 1642 2712 male
1687 2665 1940 2723 utantur,
1965 2673 2071 2712 non
2098 2657 2151 2712 id

556 2747 851 2803 referentes
872 2747 938 2802 ad
962 2749 1159 2802 cultum
1187 2748 1304 2818 ejus
1331 2763 1360 2800 a
1389 2763 1496 2818 quo
1519 2747 1887 2818 acceperunt?
1914 2764 1984 2802 an
2013 2747 2150 2804 forte

556 2854 655 2894 nec
676 2839 814 2894 dona
840 2839 932 2894 Dei
959 2839 1192 2910 putanda
1213 2846 1335 2892 sunt
1362 2839 1462 2892 ista
1478 2841 1522 2906 ',
1548 2838 1758 2909 quando
1777 2838 1891 2893 haec
1910 2837 2150 2895 infideles

555 2939 754 3002 agunt,
779 2930 1071 2985 secundum
1096 2932 1332 3001 Apostoli
1361 2931 1680 2986 sententiam
1706 2929 1959 2994 dicentis,
1992 2929 2152 2984 Omne

556 3021 694 3092 quod
719 3038 820 3075 non
854 3031 925 3076 est
950 3039 1013 3076 ea:
1044 3023 1145 3092 ﬁde
1169 3065 1184 3090 ,
1223 3030 1480 3094 peccatum
1515 3029 1586 3075 est
1629 3019 1650 3094 (
1679 3020 1831 3075 Rom.
1859 3037 1966 3088 xrv,
1994 3020 2064 3076 25
2087 3023 2151 3093 )?

557 3110 688 3179 Quis
714 3121 892 3167 autem
919 3113 1110 3168 audeat
1136 3113 1314 3169 dicere
1341 3113 1542 3168 donum
1575 3112 1665 3167 Dei
1692 3126 1813 3167 esse
1843 3113 2151 3182 peccatum?

559 3203 752 3258 Anima
779 3204 922 3258 enim
944 3245 960 3271 ,
988 3213 1042 3259 et
1069 3220 1263 3276 corpus
1287 3247 1303 3274 ,
1339 3213 1394 3260 et
1421 3219 1768 3275 quaecumque
1793 3204 1932 3259 bona
1958 3204 2151 3259 anima:

557 3308 614 3355 ct
636 3299 876 3369 corporis
907 3300 1218 3356 naturaliter
1258 3299 1450 3367 insita,
1482 3299 1643 3353 etiam
1687 3297 1742 3352 in
1783 3297 2152 3368 peccatoribus

557 3393 695 3449 dona
726 3393 820 3449 Dei
846 3401 1002 3460 sunt;
1025 3392 1275 3464 quoniam
1296 3393 1440 3448 Deus
1458 3434 1473 3459 ,
1502 3407 1606 3446 non
1635 3391 1737 3462 ipsi
1761 3392 1861 3445 ista
1888 3389 2148 3446 fecerunt.

562 3486 638 3542 De
668 3486 750 3541 his
777 3494 954 3542 autem
981 3501 1099 3557 quae
1125 3485 1324 3552 faciunt
1348 3485 1546 3541 dictum
1569 3493 1651 3540 est
1667 3524 1684 3552 ,
1706 3484 1867 3538 Omne
1887 3484 2022 3555 quod
2049 3500 2152 3538 non

555 3586 631 3632 est
659 3593 721 3632 ea:
747 3577 880 3647 ﬁde,
911 3585 1169 3648 peccatum
1196 3586 1289 3632 est.
1326 3576 1460 3631 Cum
1489 3575 1647 3647 igitur
1673 3574 1875 3630 faciunt
1900 3575 2016 3630 hmo
2041 3574 2141 3630 ho-

558 3666 731 3723 mines
761 3667 876 3722 sine
906 3666 1044 3733 ﬁde,
1073 3682 1193 3736 qua:
1232 3665 1478 3722 videntur
1511 3666 1580 3721 ad
1622 3665 1954 3737 coniugalem
1994 3665 2150 3737 pudi-

559 3759 739 3814 citiam
767 3758 1038 3828 pertinere
1063 3799 1076 3822 ,
1105 3759 1218 3814 sive
1247 3757 1550 3812 hominibus
1575 3757 1787 3828 placere
1811 3766 2147 3828 quaerentes,

560 3851 646 3906 vel
673 3849 774 3905 sibi
805 3851 888 3906 vel
917 3849 1036 3906 aliis
1059 3891 1076 3918 ,
1108 3850 1224 3907 sive
1255 3851 1309 3904 iu
1346 3849 1429 3904 his
1458 3851 1616 3906 rebus
1642 3865 1772 3920 quas
1800 3850 1988 3906 vitiose
2015 3865 2147 3906 con-

560 3945 841 4016 cupiscunt
863 3985 879 4013 ,
921 3943 1183 4000 humanas
1223 3943 1496 3999 molestias
1535 3942 1831 3999 devitantes
1855 3985 1870 4011 ,
1899 3943 2012 3998 sive
2038 3943 2150 3998 da:-

561 4036 808 4091 monibus
858 4035 1184 4102 servientes;
1231 4050 1338 4090 non
1391 4043 1604 4106 peccata
1655 4044 2002 4104 coercentur,
2055 4035 2151 4092 sed

561 4127 680 4182 aliis
710 4127 940 4198 peccatis
967 4127 1069 4182 alia
1098 4134 1318 4197 peccata
1340 4127 1643 4182 vincuntur.
1675 4126 1827 4182 Absit
1849 4140 1977 4198 ergo
2000 4127 2152 4196 pudi-

562 4238 684 4278 cum
722 4224 984 4278 veraciter
1025 4223 1164 4292 dici,
1209 4224 1299 4294 qui
1345 4239 1452 4280 non
1495 4231 1715 4296 propter
1753 4224 1919 4280 Deum
1965 4240 2150 4281 verum

563 4314 722 4372 ﬁdem
751 4316 1002 4372 connubii
1030 4325 1208 4371 servat
1234 4317 1410 4372 uxori.

633 4409 859 4464 CAPUT
887 4408 974 4464 IV.
995 4439 1064 4450 —-
1082 4410 1134 4465 5.
1160 4409 1468 4481 Nuptiarum
1496 4410 1679 4465 bonum
1699 4411 1948 4467 naturale.
1976 4412 2152 4468 Omnis

563 4501 773 4556 societas
798 4501 1098 4554 naturaliter
1128 4499 1509 4571 fraudulentum
1549 4502 1742 4554 socium
1778 4503 1981 4572 refugit.
2015 4501 2151 4558 Con-

559 4592 752 4664 jugalis
779 4591 1022 4661 pudicitia
1050 4607 1161 4663 qua:
1194 4607 1327 4644 vera.
1385 4589 1660 4661 Virginitas
1693 4601 1741 4644 et
1784 4591 2024 4660 pudicitia
2052 4609 2153 4648 non

567 4700 712 4749 vera,
745 4683 844 4736 nisi
866 4698 979 4752 qua:
1003 4699 1130 4736 vera:
1153 4683 1272 4752 ﬁdei
1300 4683 1638 4754 mancipatur.
1666 4682 1944 4754 Copulatio
1974 4685 2152 4756 itaque

566 4774 728 4828 maris
752 4782 806 4828 et
827 4773 1033 4828 feminae
1051 4774 1338 4844 generandi
1369 4789 1526 4829 causa
1547 4817 1563 4841 ,
1588 4775 1784 4830 bonum
1807 4784 1890 4831 est
1911 4777 2152 4833 naturale

567 4867 868 4936 nuptiarum
898 4883 911 4920 :
945 4866 1038 4921 sed
1070 4866 1173 4922 isto
1199 4867 1340 4922 bono
1367 4868 1502 4923 male
1522 4868 1688 4923 utitur
1706 4911 1722 4937 ,
1745 4871 1833 4940 qui
1860 4871 2153 4928 bestialiter

567 4961 762 5024 utitur,
794 4966 852 5012 ut
879 4959 947 5013 sit
971 4959 1085 5028 ejus
1116 4959 1339 5015 intentio
1369 4961 1423 5014 in
1449 4961 1720 5032 voluptate
1752 4963 2017 5032 libidinis,
2047 4981 2150 5022 non

570 5037 925 5105 in'voluntate
955 5051 1282 5122 propaginis.
1308 5051 1623 5122 Quanquam
1664 5054 1718 5109 in
1746 5058 2012 5112 nonnullis
2038 5058 2154 5113 ani-

569 5141 798 5197 malibus
821 5143 1043 5199 rationis
1068 5145 1376 5214 expertibus
1395 5187 1411 5209 ,
1445 5147 1584 5201 sicut
1619 5147 1670 5202 in
1711 5149 1983 5220 plerisque
2008 5152 2152 5206 aliti-

565 5235 665 5290 bus
683 5277 698 5302 ,
727 5241 782 5290 et
799 5235 1164 5306 coniugiorum
1187 5238 1428 5308 quaedam
1463 5241 1614 5308 quasi
1653 5242 2034 5299 confoederatio
2059 5261 2153 5301 cu-

572 5327 830 5392 stoditur,
856 5337 912 5382 et
952 5329 1166 5384 socialis
1207 5330 1513 5386 nidificandi
1540 5333 1784 5401 solertia,
1815 5336 2153 5409 vicissimque

569 5433 788 5473 ovorum
828 5416 1106 5490 dispertita
1147 5428 1385 5492 tempora
1423 5421 1808 5494 fovendorum,
1837 5437 1892 5484 et
1915 5432 2153 5486 nutrien-

569 5510 756 5565 dorum
805 5525 970 5582 opera
1020 5513 1224 5568 alterna
1274 5515 1577 5586 pullorum,
1631 5520 1801 5590 magis
1849 5537 1940 5578 eas
1984 5523 2153 5579 videri

569 5602 990 5673 faciuntagere,
1040 5620 1158 5658 cum
1203 5615 1436 5671 coeunt,
1485 5611 1755 5680 negotium
1795 5613 2149 5672 substituendi

632 5739 650 5810 ί
675 5743 720 5810 tn
745 5739 964 5810 omnilms
985 5746 1112 5799 lllss.,
1137 5739 1257 5810 alius
1272 5741 1360 5798 sic,
1384 5741 1510 5810 alius
1527 5746 1719 5810 quidem
1737 5762 1822 5800 sic.

631 5799 651 5830 ⁸
676 5798 842 5850 Ilures
865 5809 990 5865 Mss,
1009 5798 1222 5854 mentula
1245 5811 1350 5855 sunt
1375 5803 1484 5857 ista.

1378 342 1468 396 DE
1506 337 1774 396 NUI’TIIS
1811 333 1897 390 ET
1937 327 2543 401 CONCUPISCENTIA,
2584 334 2638 390 S.
2682 334 3047 392 AUGUSTINI

3725 343 3822 400 416

2253 449 2496 515 generis,
2537 465 2695 519 quam
2734 450 3010 520 explenda:
3053 449 3305 506 libidinis.
3340 451 3576 521 Quorum
3606 456 3823 513 duorum

2253 538 2380 593 illud
2427 549 2510 595 est
2549 541 2600 594 in
2648 556 2836 611 pecore
2869 541 3042 598 simile
3083 542 3348 610 hominis,
3380 541 3483 600 hoc
3523 546 3574 600 iu
3617 545 3826 606 homine

2251 631 2424 686 simile
2449 633 2676 703 pecoris.
2696 633 2893 690 Verum
2915 636 3054 706 quod
3077 635 3184 691 dixi
3208 636 3274 691 ad
3302 646 3540 694 naturam
3563 642 3820 712 pertinere

2251 725 2594 794 nuptiarum,
2638 735 2696 780 ut
2741 742 2854 781 mas
2895 737 2950 783 et
2994 727 3189 784 femina
3234 730 3521 800 generandi
3572 734 3824 792 societate

2248 812 2535 886 jungantur
2556 857 2572 883 ,
2603 827 2658 872 et
2684 816 2753 872 ita
2782 819 3008 874 invicem
3035 835 3143 874 non
3169 819 3412 877 fraudent
3436 865 3452 890 ,
3494 825 3631 880 sicut
3655 829 3823 886 omnis

2251 909 2481 963 societas
2506 909 2899 966 fraudulentum
2925 911 3128 968 socium
3151 914 3169 945 ί
3207 916 3520 972 naturaliter
3552 933 3658 973 non
3685 920 3821 987 vult;

2254 999 2357 1054 hoc
2386 1009 2493 1054 tam
2522 1001 2742 1057 evidens
2765 1002 2963 1058 bonum
3005 1020 3129 1060 cum
3169 1005 3412 1063 inﬁdeles
3453 1009 3684 1079 habent,
3709 1014 3824 1083 quia

2252 1088 2536 1146 infideliter
2562 1101 2779 1148 utuntur
2800 1136 2816 1162 ,
2867 1093 2921 1148 in
2961 1096 3160 1151 malum
3196 1107 3576 1170 peccatumque
3605 1117 3824 1159 conver-

2210 1240 2214 1244 ί
2254 1190 2390 1236 tunt.
2419 1183 2498 1238 Eo
2524 1185 2683 1241 modo
2707 1201 2834 1257 ergo
2863 1195 2920 1242 et
2940 1187 3083 1244 illam
3110 1192 3596 1261 concupiscentiam
3621 1197 3823 1262 carnis,

2251 1288 2352 1343 qua
2378 1288 2504 1329 caro
2524 1279 2851 1346 concupiscit
2869 1280 3122 1336 adversus
3142 1283 3386 1352 spiritum
3411 1284 3620 1358 (Galat.
3641 1303 3695 1354 v,
3720 1290 3824 1362 l7),

2253 1364 2306 1418 in
2338 1379 2490 1420 usum
2519 1366 2740 1436 iustitia:
2777 1381 3095 1426 convertunt
3122 1373 3354 1429 ﬁdelium
3381 1377 3598 1446 nuptias.
3631 1378 3828 1435 Habent

2251 1456 2449 1525 quippe
2480 1457 2827 1515 intentionem
2875 1464 3168 1532 generandi
3199 1467 3590 1536 regenerandos
3611 1511 3627 1535 ,
3663 1480 3718 1524 ut
3741 1472 3824 1541 qui

2252 1562 2318 1602 ex
2347 1548 2424 1603 eis
2450 1550 2629 1604 sarculi
2651 1551 2742 1605 lilii
2764 1563 3052 1609 nascuntur
3073 1597 3090 1623 ,
3120 1555 3172 1610 in
3197 1557 3289 1612 Dei
3305 1557 3444 1614 filios
3466 1570 3822 1618 renascantur.

2251 1637 2583 1710 Quapropter
2606 1643 2696 1712 qui
2724 1659 2828 1698 non
2874 1645 2974 1700 hac
3013 1646 3306 1704 intentione
3328 1691 3344 1717 ,
3386 1649 3487 1706 hac
3524 1653 3821 1723 voluntate,

2253 1727 2354 1783 hoc
2380 1728 2484 1785 ﬁne
2507 1743 2766 1801 generant
2792 1734 2929 1790 filios
2951 1777 2966 1802 ,
3002 1745 3060 1790 ut
3096 1752 3191 1793 eos
3227 1755 3294 1794 ex
3320 1741 3576 1799 membris
3605 1744 3824 1802 hominis

2252 1819 2408 1890 primi
2446 1821 2500 1876 in
2541 1822 2778 1880 membra
2823 1827 3142 1885 transferant
3179 1830 3417 1901 Christi,
3456 1835 3550 1891 sed
3594 1835 3822 1896 inﬁdeles

2250 1921 2500 1982 parentes
2521 1913 2589 1969 de
2619 1915 2818 1971 infideli
2838 1918 2987 1988 prole
3011 1919 3342 1990 glorientur;
3367 1925 3575 1981 etiamsi
3606 1937 3742 1982 tanta
3762 1929 3824 1985 sit

2252 2002 2591 2059 observantia
2621 2007 2666 2074 ’⁸,
2716 2015 2774 2062 ut
2819 2009 3110 2065 secundum
3169 2013 3590 2074 matrimoniales
3633 2019 3824 2075 tabulas

2253 2095 2464 2152 nonnisi
2487 2096 2775 2154 liberorum
2793 2102 3241 2172 procreandon
3261 2120 3420 2163 causa
3444 2110 3790 2165 concumbunt
3806 2153 3820 2178 ,

2253 2201 2360 2242 non
2393 2197 2474 2244 est
2516 2189 2573 2244 in
2615 2193 2695 2247 eis
2738 2209 2863 2250 vera
2902 2196 3153 2266 pudicitia
3194 2200 3505 2271 conjugalis.
3532 2202 3664 2258 Cum
3689 2205 3822 2260 enim

2251 2277 2419 2333 virtus
2443 2278 2513 2334 sit
2540 2281 2789 2350 pudicitia
2813 2326 2829 2351 ,
2871 2286 2957 2340 cui
2985 2287 3168 2342 vitium
3196 2292 3522 2348 contrarium
3549 2303 3632 2350 est
3661 2296 3823 2365 impuo

2252 2369 2430 2426 dicitia
2450 2415 2465 2442 ,
2491 2388 2783 2446 omnesque
2803 2378 3027 2436 virtutes
3045 2381 3206 2437 etiam
3226 2400 3342 2453 quae
3366 2401 3460 2455 per
3486 2401 3684 2458 corpus
3707 2405 3823 2460 ope-

2251 2475 2472 2533 rantur,
2507 2467 2559 2522 in
2601 2469 2783 2525 animo
2829 2471 3098 2540 habitent;
3145 2479 3410 2546 quomodo
3451 2496 3574 2536 vera
3624 2485 3824 2539 ratione

2253 2553 2502 2624 pudicum
2532 2573 2726 2628 corpus
2761 2562 3052 2630 asseritur,
3093 2566 3303 2635 quando
3339 2583 3369 2622 a
3411 2585 3538 2626 vero
3564 2572 3673 2627 Deo
3717 2573 3823 2643 ipse

2251 2648 2462 2705 animus
2489 2649 2818 2708 fornicatur?
2847 2654 3015 2722 Quam
3044 2655 3445 2716 fornicationem
3486 2673 3700 2721 sanctus
3742 2668 3824 2723 ille

2251 2739 2486 2808 psalmus
2511 2753 2762 2811 accusat,
2793 2745 2880 2799 ubi
2909 2746 3037 2801 dicit
3075 2766 3088 2802 :
3133 2749 3267 2805 Ecce
3304 2753 3438 2806 enim
3474 2755 3562 2826 qui
3606 2755 3752 2828 longe
3777 2774 3825 2812 se

2253 2830 2447 2900 faciunt
2471 2848 2503 2885 a
2528 2841 2575 2886 te
2595 2875 2611 2900 ,
2642 2833 2916 2904 peribunt;
2941 2839 3207 2907 perdidisti
3230 2857 3428 2896 omnem
3447 2845 3534 2910 qui
3552 2845 3824 2915 fornicatur

2253 2923 2342 2977 abs
2369 2931 2435 2977 te.
2466 2923 2485 2994 (
2506 2921 2655 2980 Psal.
2689 2943 2831 2983 Lxxu
2849 2969 2866 2997 ,
2894 2929 2962 2984 27
2983 2927 3025 3004 ).
3054 2931 3190 2988 Vera
3217 2934 3375 3004 igitur
3401 2937 3650 3006 pudicitia
3671 2982 3688 3009 ,
3717 2942 3822 2998 sive

2251 3018 2543 3088 conjugalis
2565 3058 2584 3085 ,
2613 3020 2725 3075 sive
2755 3021 2980 3079 vidualis
3005 3066 3018 3091 ,
3046 3025 3164 3081 sive
3188 3027 3457 3097 virginalis
3481 3031 3702 3088 dicenda
3717 3050 3820 3090 non

2253 3116 2335 3164 est
2355 3149 2369 3175 ,
2403 3109 2502 3163 nisi
2531 3127 2650 3182 quae
2676 3128 2818 3168 vera:
2843 3114 2966 3170 fidei
2993 3117 3342 3188 mancipatur.
3365 3121 3497 3176 Cum
3517 3124 3662 3179 enim
3687 3134 3823 3181 recto

2249 3198 2452 3269 judicio
2475 3201 2788 3271 praeferatur
2807 3207 3005 3276 nuptiis
3025 3218 3230 3264 sacrata
3250 3211 3524 3281 virginitas
3544 3230 3561 3278 ;
3586 3215 3704 3285 quis
3727 3232 3821 3271 non

2250 3291 2426 3346 sobria
2449 3302 2625 3349 mente
2644 3295 2964 3354 cbristianus
2984 3300 3141 3355 etiam
3169 3316 3274 3356 non
3297 3303 3530 3359 univiras
3545 3305 3567 3336 ³
3588 3307 3821 3363 christia-

2252 3397 2350 3436 nas
2392 3385 2681 3442 catholicas
2723 3399 2950 3460 nuptas,
2996 3407 3101 3448 non
3147 3394 3321 3450 solum
3366 3398 3694 3465 vestalibus,
3735 3400 3822 3456 sed

2251 3476 2410 3531 etiam
2442 3477 2705 3538 lmreticis
2734 3484 3024 3556 virginibus
3063 3489 3394 3558 anteponat?
3429 3490 3656 3548 Tantum
3695 3493 3824 3549 valet

2255 3568 2390 3625 fides
2409 3612 2425 3638 ,
2457 3571 2524 3627 de
2553 3589 2654 3643 qua
2683 3575 2811 3633 dicit
2842 3579 3162 3649 Apostolus,
3197 3581 3358 3636 Omne
3381 3585 3516 3653 quod
3545 3602 3648 3640 non
3676 3593 3743 3640 est
3769 3601 3824 3642 ea:

2251 3660 2356 3728 ﬁde
2377 3703 2392 3726 ,
2440 3675 2700 3734 peccatum
2745 3677 2818 3722 est
2862 3668 2882 3740 (
2908 3670 3056 3726 Rom.
3085 3687 3191 3737 xlv,
3217 3671 3331 3747 25)
3357 3690 3370 3726 :
3403 3683 3459 3730 et
3484 3674 3557 3732 dc
3580 3691 3682 3748 qua
3707 3676 3821 3730 item

2251 3752 2505 3823 scriptum
2535 3765 2619 3820 est
2657 3757 2723 3814 ad
2763 3759 3016 3817 Hebrtcos
3037 3803 3053 3824 ,
3103 3761 3230 3819 Sine
3263 3765 3368 3833 ﬁde
3413 3765 3722 3838 impossibile
3757 3775 3824 3821 est

2252 3843 2451 3913 placere
2477 3845 2583 3901 Deo
2637 3846 2656 3919 (
2681 3847 2841 3904 Hebr.
2869 3867 2923 3906 XI
2947 3893 2963 3917 ,
2992 3851 3087 3924 6).

2322 3936 2546 3993 CAPUT
2579 3939 2640 3994 ν.
2664 3969 2738 3981 -
2777 3941 2830 3997 6.
2859 3941 3105 4000 Libidinis
3149 3945 3445 4016 vituperatio
3483 3965 3589 4004 non
3626 3959 3696 4005 est
3738 3950 3824 4004 da-

2251 4030 2440 4084 mnatio
2455 4032 2762 4100 nuptiarum.
2781 4031 2960 4088 Pudor
2980 4035 3032 4088 in
3047 4051 3256 4107 corpore
3271 4038 3490 4093 humano
3509 4039 3820 4094 unde.Adam

2253 4129 2300 4175 et
2327 4119 2437 4176 Eva
2461 4138 2561 4176 non
2605 4134 2723 4179 sunt
2751 4126 2870 4182 cazci
2897 4127 3069 4182 creati.
3107 4128 3312 4200 Apertio
3340 4131 3603 4186 oculorum
3641 4135 3692 4187 in
3719 4134 3820 4202 pri—

2253 4213 2349 4268 mis
2402 4217 2690 4286 parentibus
2731 4219 2873 4288 quid.
2929 4219 3057 4287 Quae
3107 4235 3228 4275 cum
3278 4222 3347 4276 ita
3398 4223 3541 4289 sint,
3597 4226 3819 4295 profecto

2253 4315 2433 4361 errant
2455 4345 2472 4373 ,
2499 4308 2588 4378 qui
2616 4322 2736 4362 cum
2764 4309 3092 4380 vituperatur
3115 4311 3280 4368 libido
3305 4315 3532 4370 carnalis
3549 4357 3565 4382 ,
3591 4315 3818 4371 damnari

2254 4398 2465 4469 nuptias
2483 4399 2795 4468 opinantur,
2820 4402 2970 4472 quasi
2991 4403 3208 4459 morbus
3230 4405 3328 4460 iste
3349 4404 3419 4461 de
3439 4407 3706 4462 connubio
3725 4406 3818 4470 sit,

2254 4507 2360 4547 non
2391 4493 2458 4549 de
2487 4504 2724 4563 peccato.
2748 4495 2935 4551 Nonne
2973 4496 3048 4550 illi
3089 4497 3340 4568 conjuges
3371 4498 3525 4568 primi
3552 4541 3568 4567 ,
3608 4512 3820 4570 quorum

2254 4585 2466 4655 nuptias
2495 4585 2766 4642 benedixit
2795 4587 2935 4643 Deus
2963 4587 3147 4644 dicens
3168 4629 3183 4653 ,
3215 4589 3430 4644 Crescite
3450 4632 3466 4657 ,
3501 4599 3552 4644 et
3586 4575 3822 4659 multipli-

2255 4677 2439 4729 camini
2464 4675 2633 4748 (Gen.
2674 4695 2726 4746 ι,
2750 4678 2821 4735 28
2842 4681 2884 4749 ),
2918 4680 3044 4735 nudi
3071 4689 3256 4748 erant,
3301 4690 3356 4736 et
3397 4699 3501 4735 nou
3539 4681 3824 4738 confunde-

2255 4765 2488 4821 bantur?
2515 4767 2622 4824 Cur
2648 4782 2774 4838 ergo
2798 4785 2861 4824 ex
2884 4771 2988 4824 illis
3017 4771 3269 4826 membris
3293 4771 3534 4827 confusio
3566 4781 3685 4843 post
3712 4786 3826 4838 pecc

2255 4869 2430 4914 catum
2455 4901 2470 4927 ,
2501 4860 2602 4915 nisi
2628 4863 2750 4931 quia
2773 4862 2974 4918 exstitit
2994 4863 3105 4918 illic
3125 4865 3374 4920 indecens
3399 4873 3577 4922 motus
3597 4908 3612 4933 ,
3635 4879 3788 4936 quem
3812 4905 3828 4930 ,

2260 4951 2361 5006 nisi
2395 4952 2635 5008 homines
2677 4963 3025 5024 peccassent,
3062 4956 3244 5026 procul
3287 4955 3448 5012 dubio
3491 4959 3690 5028 nuptiae
3733 4970 3828 5010 non

2257 5042 2551 5099 haberent?
2581 5045 2662 5100 An
2698 5043 2834 5100 forte
2857 5087 2874 5114 ,
2918 5046 3056 5102 sicut
3095 5047 3308 5118 quidam
3343 5049 3682 5118 existimant,
3718 5049 3828 5119 quia

2258 5135 2310 5190 id
2360 5136 2502 5206 quod
2547 5137 2728 5208 legunt
2773 5153 2957 5208 parum
3011 5139 3294 5209 diligenter
3341 5141 3654 5208 advertunt,
3713 5139 3832 5198 (εωεὶ
3925 5140 3932 5146 ’

2257 5229 2419 5282 creati
2451 5239 2601 5284 erant
2630 5230 2779 5300 prius
2809 5231 3053 5286 homines
3073 5273 3088 5299 ,
3123 5233 3259 5288 sicut
3285 5247 3478 5302 canes;
3508 5244 3562 5290 et
3588 5233 3729 5306 quod
3758 5242 3834 5288 cst

2257 5319 2539 5374 absurdius
2559 5360 2576 5387 ,
2607 5337 2712 5376 non
2740 5323 2874 5376 sicut
2898 5337 3056 5378 canes
3084 5325 3374 5380 crescendo
3395 5367 3410 5392 ,
3443 5325 3536 5382 sed
3569 5324 3831 5396 peccando

2257 5412 2431 5482 adepti
2459 5421 2582 5468 sunt
2605 5413 2815 5468 visum?
2846 5413 2999 5470 Absit
3027 5415 3127 5470 hoc
3150 5417 3392 5472 credere.
3427 5417 3529 5472 Sed
3559 5419 3698 5472 unde
3719 5433 3830 5472 mo-

2257 5513 2446 5560 ventur
2469 5505 2560 5575 qui
2589 5504 2689 5560 hoc
2718 5513 2936 5575 putant,
2988 5506 3115 5561 illud
3153 5517 3235 5563 est
3281 5507 3418 5578 quod
3466 5509 3658 5579 legitur
3681 5553 3697 5573 ,
3731 5508 3823 5563 δην

2324 5689 2336 5718 ¹
2365 5697 2462 5736 Aul.
2491 5695 2542 5736 ct
2563 5693 2656 5746 Er.,
2675 5687 3055 5749 fraudulentum
3072 5700 3329 5738 sociarum.

2324 5751 2342 5781 ²
2368 5750 2583 5799 Munulll
2608 5763 2636 5797 e
2662 5751 2895 5799 Vaticanis
2916 5758 3043 5809 Mss,
3069 5758 3216 5801 tanta:
3238 5751 3330 5801 sint
3356 5752 3682 5801 observatum.

2326 5811 2346 5843 ³
2378 5819 2496 5863 Tres
2520 5813 2726 5864 Vaticani
2747 5820 2874 5876 Mss,
2897 5813 3041 5866 etiam
3062 5812 3270 5864 univiros
3285 5831 3302 5878 ;
3319 5815 3518 5876 omisso,
3540 5827 3651 5863 non.
