4012 6476
175 399 272 456 bl?

177 530 309 568 metis
336 512 398 566 ds
421 515 596 585 fructu
624 515 772 585 ejus,
803 514 929 579 edit,
957 526 1002 568 et
1031 515 1165 568 άιιιὶι
1202 516 1304 569 viro
1344 531 1436 569 suo
1480 532 1650 570 secum
1676 559 1690 584 ,
1723 528 1768 572 ct

177 608 410 670 cdmt;
451 614 500 659 et
540 608 712 676 aperti
740 616 858 660 sunt
884 609 1016 660 oculi
1042 608 1340 673 amborum,
1373 618 1418 662 et
1463 619 1771 680 agnoverunt

177 698 293 768 quia
316 695 436 750 nudi
466 706 635 751 erant.
663 696 815 769 (Gen.
847 714 935 763 ιιι,
959 698 1058 753 6e!
1083 698 1158 770 ‘7).
1192 699 1325 752 Hinc
1349 700 1366 730 ¹
1390 706 1473 753 est
1507 700 1649 769 quod
1681 716 1772 769 pa-

178 805 292 845 rum
323 789 686 859 intelligentes
712 831 725 853 ,
757 790 1041 860 opinantur
1071 800 1224 844 antea
1263 790 1424 844 fuisse
1454 791 1558 845 illis
1587 791 1771 850 oculos

179 880 387 936 clausos
409 921 425 946 ,
449 880 592 950 quod
617 895 710 935 eos
735 890 858 936 tunc
879 893 1092 950 apertos
1113 882 1288 934 divina
1319 881 1589 952 Scriptura
1613 891 1774 937 testa-

182 981 284 1027 tur.
337 969 446 1026 Sed
497 971 758 1041 numquid
805 980 858 1026 et
904 973 1049 1041 Agar
1093 972 1290 1026 ancilla
1335 973 1514 1036 Sam,
1561 973 1772 1042 quando

181 1064 392 1118 sitiente
418 1071 471 1118 et
500 1064 748 1133 plorante
777 1065 886 1117 lilio
911 1065 1118 1133 aperuit
1143 1066 1327 1121 oculos
1355 1081 1480 1120 suos
1504 1108 1518 1132 ,
1551 1075 1605 1121 et
1643 1065 1774 1120 vidit

183 1164 395 1224 puteum
433 1152 564 1224 (Id.
592 1170 682 1208 xxi
704 1195 718 1218 ,
755 1155 822 1210 l9
846 1154 888 1224 ),
917 1155 1128 1210 clausos
1154 1156 1300 1226 prius
1337 1157 1520 1212 oculos
1553 1156 1772 1210 habuit?

183 1248 285 1301 Aut
311 1246 386 1300 illi
414 1245 524 1300 duo
547 1245 797 1315 discipuli
832 1255 949 1317 post
989 1249 1432 1304 resurrectionem
1479 1250 1686 1304 Domini
1719 1250 1770 1304 in

184 1337 260 1390 via
289 1351 417 1390 cum
466 1336 559 1390 illo
596 1338 794 1392 clausis
837 1338 1006 1392 oculis
1050 1339 1424 1407 ambulabant,
1474 1340 1539 1395 de
1581 1339 1772 1410 quibus

185 1430 537 1500 Evangelium
568 1430 841 1501 loquitur,
877 1432 1018 1501 quod
1057 1433 1111 1485 in
1148 1434 1393 1501 [ractione
1425 1434 1573 1504 panis
1610 1434 1773 1504 aperti

183 1532 292 1576 stunt
315 1522 452 1576 oculi
479 1538 692 1589 eorum,
721 1533 769 1575 et
793 1533 1101 1593 agnoverunt
1129 1541 1242 1577 eum
1281 1525 1299 1595 (
1323 1523 1451 1578 Luc.
1479 1540 1626 1590 XXIV,
1669 1525 1768 1593 31,

186 1612 326 1684 35)?
360 1613 519 1680 Quod
550 1628 678 1683 ergo
702 1615 957 1683 scriptum
985 1622 1067 1669 est
1103 1613 1171 1669 de
1200 1613 1503 1670 hominibus
1547 1615 1768 1687 primis,

187 1707 350 1777 Aperti
364 1717 487 1760 sunt
504 1705 641 1760 oculi
661 1706 924 1760 amborum
935 1724 956 1772 ;
977 1707 1273 1778 intelligere
1291 1706 1550 1762 debemus
1567 1748 1582 1775 ,
1601 1717 1773 1763 atten-

188 1809 263 1853 tos
288 1798 463 1853 iactos
488 1798 556 1853 ad
593 1799 903 1855 intuendum
939 1808 993 1854 et
1026 1799 1421 1875 agnoscendum
1446 1841 1461 1866 ,
1497 1801 1637 1870 quod
1672 1815 1771 1856 no-

190 1905 299 1946 vum
319 1890 377 1944 in
409 1905 604 1945 eorum
629 1906 858 1960 corpore
877 1890 1148 1946 acciderat
1172 1907 1187 1945 :
1214 1891 1357 1962 quod
1378 1892 1558 1963 utique
1581 1908 1772 1964 corpus

190 1981 486 2052 patentibus
511 1997 701 2037 eorum
731 1983 900 2037 oculis
928 1992 982 2038 et
1009 1982 1212 2038 nudum
1250 1984 1488 2054 quotidie
1524 1985 1772 2055 subjace-

191 2074 299 2137 bat,
327 2082 386 2127 et
422 2082 620 2128 notum
644 2075 688 2127 ³.
731 2073 978 2145 Alioquin
1019 2075 1286 2145 quomodo
1331 2075 1398 2131 ad
1431 2091 1490 2132 se
1532 2077 1773 2134 adductis

190 2165 500 2219 animalibus
525 2165 869 2221 terrestribus
890 2177 944 2222 et
969 2167 1275 2224 volatilibus
1289 2169 1535 2225 omnibus
1553 2211 1570 2238 ,
1605 2170 1773 2226 Adam

190 2258 366 2312 clausis
415 2258 595 2313 oculis
639 2258 853 2312 nomina
900 2267 1080 2328 posset
1124 2259 1436 2330 imponere,
1481 2260 1623 2332 quod
1667 2263 1771 2318 nisi

191 2347 539 2404 discernendo
568 2364 680 2404 non
709 2347 907 2404 laceret
929 2391 945 2417 ,
983 2350 1288 2407 discernere
1325 2363 1504 2408 autem
1551 2353 1652 2408 nisi
1693 2355 1774 2410 vi-

191 2441 347 2496 dendo
375 2458 488 2497 non
518 2443 742 2513 pessct?
769 2442 1048 2510 Quomodo
1088 2443 1318 2515 denique
1355 2445 1468 2515 ipsa
1505 2447 1700 2502 mulier
1722 2449 1772 2503 ei

192 2535 545 2591 demonstrata
572 2544 659 2592 est
680 2577 696 2602 ,
727 2535 939 2606 quando
965 2536 1076 2603 ait,
1106 2535 1220 2591 Hoc
1247 2553 1382 2591 nunc
1404 2555 1461 2592 os
1489 2553 1554 2593 ex
1580 2539 1773 2594 ossibus

191 2623 297 2680 meis
320 2668 335 2693 ,
362 2635 412 2681 et
441 2643 566 2680 caro
597 2626 660 2680 de
682 2643 836 2681 carne
857 2643 967 2681 mea
995 2626 1162 2701 (Gen.
1192 2629 1228 2683 ii
1249 2671 1265 2695 ,
1297 2629 1368 2686 2'5
1391 2629 1450 2703 )?
1495 2630 1773 2688 Postremo

190 2719 226 2772 si
253 2733 421 2788 usque
449 2718 592 2774 adeo
618 2719 895 2789 quisquam
925 2718 1084 2776 fuerit
1109 2722 1476 2777 contentiosus
1498 2763 1513 2786 ,
1563 2730 1620 2777 ut
1657 2721 1775 2778 lucc

190 2823 295 2863 cum
325 2810 472 2865 dicat
505 2825 612 2865 non
652 2811 956 2880 cernendo,
1006 2813 1098 2868 sed
1141 2813 1406 2884 palpando
1446 2815 1684 2885 potuisse
1708 2815 1768 2884 ';

191 2903 300 2972 quid
327 2904 573 2960 dicturus
599 2914 715 2972 est,
745 2905 886 2977 quod
912 2906 980 2962 ibi
1009 2905 1201 2978 legitur
1224 2908 1415 2964 mulier
1443 2891 1640 2980 lignum
1658 2951 1674 2976 ,
1705 2909 1772 2966 de

189 3008 281 3063 quo
308 2994 482 3050 fuerat
502 2995 680 3052 cibum
708 3007 982 3068 sumptura
1012 2998 1334 3067 prohibitum
1355 3042 1369 3066 ,
1393 3000 1589 3056 vidisse
1611 3016 1769 3072 quam

189 3095 318 3140 esset
354 3087 665 3156 speciosum
701 3088 870 3144 oculis
911 3087 978 3142 ad
1012 3089 1316 3145 videndum.
1369 3087 1498 3164 (Id.
1525 3107 1580 3146 ιιι
1606 3133 1622 3159 ,
1649 3092 1682 3146 6
1709 3091 1772 3162 )i

189 3173 342 3232 Erant
362 3179 545 3250 itaque
565 3180 722 3248 nudi,
746 3190 794 3235 et
823 3198 923 3236 non
945 3175 1422 3256 confundebantur(
1446 3183 1530 3238 Id.
1553 3201 1619 3252 ιι,
1641 3185 1710 3241 25
1726 3185 1766 3258 );

189 3283 283 3322 non
310 3269 436 3340 quia
465 3285 574 3326 non
601 3271 886 3341 videbant,
918 3273 1012 3329 sed
1043 3274 1165 3345 quia
1201 3274 1332 3330 nihil
1371 3275 1510 3332 unde
1549 3276 1770 3332 confun-

187 3358 434 3416 derentur
457 3363 516 3417 in
545 3364 801 3420 membris
825 3376 1142 3432 senserant,
1188 3383 1307 3439 qua:
1355 3369 1621 3426 videbant.
1654 3371 1767 3427 Non

189 3455 320 3509 enim
343 3456 550 3511 dictum
579 3465 661 3513 est
683 3499 698 3524 ,
746 3456 912 3512 Erant
951 3459 1098 3514 ambo
1142 3461 1306 3530 nudi,
1339 3469 1392 3516 et
1417 3462 1765 3534 ignorabant;

188 3547 274 3603 sed
297 3591 313 3614 ,
342 3566 445 3604 non
471 3551 931 3622 confundebantur.
953 3554 1084 3622 Quia
1107 3556 1248 3611 enim
1272 3556 1400 3611 nihil
1423 3571 1770 3627 praecesserat

189 3642 320 3708 quod
349 3657 455 3697 non
487 3643 708 3711 liceret,
739 3645 869 3700 nihil
896 3657 1136 3702 secutum
1167 3649 1337 3704 fuerat
1359 3650 1499 3720 quod
1527 3651 1766 3719 puderet.

251 3733 479 3790 CAPUT
528 3735 616 3792 Vl.
641 3767 715 3777 —
739 3738 792 3791 7.
834 3737 1013 3794 Carnis
1058 3756 1165 3795 suae
1205 3741 1539 3797 inobedientia
1580 3745 1771 3800 homini

185 3831 314 3898 fuste
340 3831 607 3885 retributa.
641 3831 996 3888 Erubescentia
1019 3834 1083 3888 de
1106 3835 1500 3891 inobedientibus
1516 3837 1765 3894 membris.

191 3919 258 3976 lbi
288 3921 449 3977 homo
478 3923 725 3991 primitus
752 3924 845 3980 Dei
876 3925 991 3996 lege
1027 3933 1355 3998 transgressa
1378 3968 1394 3996 ,
1417 3929 1574 3983 aliam
1598 3930 1768 4002 legem

190 4024 564 4086 repugnantem
587 4032 697 4072 sure
725 4019 887 4074 menti
911 4019 1108 4075 habere
1131 4021 1294 4092 coepit
1320 4021 1372 4076 in
1400 4022 1655 4078 membris
1674 4065 1689 4090 ,
1713 4031 1771 4080 et

190 4109 558 4165 inobedientize
588 4126 699 4166 sua:
725 4111 920 4166 malum
951 4113 1151 4180 sensit,
1180 4113 1392 4184 quando
1424 4114 1525 4170 sibi
1565 4114 1766 4185 dignis-

187 4202 316 4258 sime
354 4201 672 4258 retributam
707 4203 1117 4260 inobedientiam
1161 4219 1271 4260 suae
1325 4206 1501 4260 carnis
1546 4206 1765 4264 invenit.

188 4292 363 4350 Talem
409 4295 608 4366 quippe
652 4296 812 4352 etiam
849 4312 1071 4368 serpens
1107 4299 1384 4353 oculorum
1437 4299 1767 4368 apertionem

187 4385 485 4441 seducendo
507 4387 861 4457 promiserat,
883 4388 948 4442 ad
974 4387 1172 4458 aliquid
1192 4386 1438 4444 videlicet
1457 4389 1728 4444 sciendum
1749 4430 1766 4456 ,

185 4476 323 4547 quod
365 4478 557 4533 melius
598 4478 914 4534 nesciretur.
957 4477 1109 4534 Tunc
1153 4478 1207 4534 in
1253 4493 1314 4535 se
1359 4460 1554 4550 quippe
1597 4482 1767 4538 sensit

187 4569 344 4624 homo
367 4568 494 4641 quid
522 4569 650 4626 fecit
674 4588 688 4626 :
721 4579 847 4627 tunc
869 4586 900 4626 a
929 4571 1070 4627 bono
1095 4571 1289 4626 malum
1314 4612 1331 4638 ,
1359 4586 1464 4628 non
1493 4573 1729 4629 carendo
1748 4616 1765 4643 ,

186 4661 275 4717 sed
301 4661 652 4733 perpetiendo
677 4662 946 4718 discrevit.
973 4662 1229 4734 lnjustum
1255 4664 1397 4720 enim
1423 4673 1538 4719 erat
1571 4674 1631 4721 ut
1667 4665 1766 4721 ob-

185 4762 573 4824 temperaretur
596 4769 628 4809 a
652 4768 808 4810 servo
835 4769 932 4810 suo
954 4797 969 4822 ,
1001 4755 1054 4810 id
1097 4764 1179 4811 est
1224 4771 1254 4810 a
1294 4771 1518 4826 corpore
1559 4771 1656 4813 suo
1675 4799 1690 4824 ,
1717 4757 1766 4813 ei

185 4847 270 4916 qui
319 4861 428 4901 non
475 4847 872 4917 obtemperaret
909 4847 1133 4903 Domino
1172 4862 1291 4902 suo.
1330 4844 1459 4904 Nam
1490 4848 1614 4919 quid
1645 4857 1765 4916 est,

182 4937 322 5006 quod
350 4939 488 4994 oculi
509 4981 524 5007 ,
555 4939 690 4995 labia
710 4981 726 5007 ,
754 4939 931 5010 lingua
953 4981 967 5006 ,
991 4954 1180 4994 manus
1199 4981 1214 5006 ,
1235 4939 1396 5009 pedes
1417 4981 1432 5004 ,
1457 4939 1769 4996 inﬂexiones

182 5031 326 5086 dorsi
353 5071 371 5098 ,
401 5031 624 5087 cervicis
645 5040 701 5088 et
728 5033 952 5088 laterum
977 5074 992 5099 ,
1022 5042 1078 5087 ut
1104 5033 1169 5088 ad
1197 5049 1358 5102 opera
1396 5033 1498 5088 sibi
1535 5049 1766 5102 congrua

183 5132 496 5179 moveantur
514 5165 528 5189 ,
559 5125 790 5194 positum
817 5124 870 5179 in
900 5133 1162 5196 potestate
1189 5133 1310 5192 est,
1333 5123 1544 5194 quando
1571 5124 1638 5179 ab
1664 5125 1766 5179 im-

184 5217 501 5286 pedimentis
527 5233 722 5288 corpus
765 5217 990 5274 liberum
1027 5217 1284 5272 habemus
1324 5227 1380 5273 et
1425 5232 1650 5283 sanum;
1680 5217 1768 5272 ubi

180 5319 358 5362 autem
388 5318 600 5364 ventum
632 5307 792 5363 fuerit
819 5318 878 5362 ut
906 5307 997 5362 lilii
1027 5309 1359 5362 seminentur
1381 5350 1396 5376 ,
1428 5308 1494 5362 ad
1523 5307 1768 5363 volunta-

181 5402 249 5452 tis
279 5409 461 5453 nutum
489 5400 726 5455 membra
755 5399 808 5453 in
838 5398 937 5454 hoc
965 5415 1098 5468 opus
1127 5408 1303 5454 creata
1349 5399 1729 5454 nonserviunt
1751 5441 1767 5467 ,

182 5491 278 5546 sed
307 5501 645 5562 exspectatur
679 5501 736 5546 ut
771 5507 834 5547 ca
868 5491 1011 5547 velut
1042 5492 1126 5547 sui
1163 5491 1298 5562 juris
1341 5491 1502 5548 libido
1525 5506 1766 5546 commo-

251 5719 268 5749 ί
309 5715 523 5767 Nonnulli
549 5724 676 5774 Mss,
703 5714 808 5764 hoc.

247 5781 271 5811 ⁸
308 5779 492 5840 Aliquot
507 5785 637 5835 Mss,
661 5774 938 5836 subjacebat
953 5775 1018 5826 ad
1041 5781 1224 5824 nutum.

252 5843 271 5872 ³
304 5835 450 5890 ιιιεῖιι
471 5841 612 5890 editis
633 5835 823 5888 additur
843 5874 856 5898 ,
891 5849 1206 5901 cognoscere;
1229 5835 1355 5898 quod
1381 5837 1521 5886 abest
1545 5849 1573 5886 a
1597 5843 1700 5886 Mss.

1563 398 1763 453 LIBER
1806 396 2070 453 l‘lllilUS.

3365 413 3468 470 διε

1883 529 2039 581 vcat,
2079 527 2133 574 et
2179 520 2460 590 aliquando
2509 537 2612 575 non
2658 520 2782 576 facit
2829 521 3008 578 animo
3059 521 3313 591 volente,
3342 539 3467 581 cum

1880 612 2165 682 aliquando
2193 612 2348 668 faciat
2377 622 2430 668 et
2451 613 2706 670 nolente?
2729 615 2932 670 Hincne
2955 616 2970 646 ¹
2999 629 3104 670 non
3133 616 3468 671 erubesceret

1879 704 2095 760 humani
2136 706 2353 761 libertas
2390 707 2634 774 arbitrii,
2671 707 2812 777 quod
2861 708 3254 763 contemnendo
3299 707 3468 778 impe-

1879 806 2082 852 rantem
2133 799 2297 852 Deum
2343 798 2501 852 etiam
2543 799 2595 852 in
2634 798 2874 853 membra
2927 799 3139 869 propria
3191 799 3467 867 proprium

1880 887 2201 956 perdidisset
2255 888 2582 957 imperium?
2648 887 2747 943 Ubi
2824 899 2998 944 autem
3063 889 3468 944 convenientins

1880 987 2269 1034 monstraretur
2316 979 2689 1034 inobedientia:
2730 980 2920 1033 merito
2965 980 3305 1048 dcpravatam
3345 993 3466 1034 esse

1879 1067 2164 1123 humanam
2189 1078 2431 1124 naturam
2448 1111 2462 1133 ,
2488 1085 2645 1139 quam
2676 1069 2726 1123 in
2752 1070 2834 1122 his
2857 1069 3277 1124 inobedientihus
3300 1070 3431 1124 locis
3450 1109 3465 1132 .

1878 1161 2021 1218 unde
2054 1152 2161 1232 per
2202 1156 2596 1218 successionem
2642 1163 2878 1218 substitit
2919 1162 3030 1231 ipsa
3062 1163 3290 1216 natura?
3332 1163 3463 1217 Nam

1878 1254 2000 1310 ideo
2026 1254 2237 1324 proprie
2265 1255 2379 1309 ista:
2405 1255 2644 1324 corporis
2665 1263 2842 1324 partes
2866 1266 3066 1308 natura:
3091 1255 3306 1309 nomine
3333 1271 3468 1308 nun-

1877 1356 2154 1416 cupantur.
2183 1346 2334 1400 llunc
2365 1347 2540 1416 itaque
2567 1356 2766 1400 motum
2811 1346 2930 1400 ideo
2968 1345 3305 1402 indecentem
3347 1349 3467 1416 quia

1878 1438 2272 1493 inobedientem
2301 1479 2315 1503 ,
2341 1452 2462 1492 cum
2500 1437 2572 1492 illi
2607 1436 2767 1507 primi
2808 1436 3053 1491 homines
3095 1436 3147 1490 in
3181 1451 3277 1491 sua
3308 1451 3469 1490 carne

1877 1531 2208 1593 sensissent,
2256 1538 2310 1585 et
2361 1531 2414 1584 in
2465 1544 2562 1584 sua
2613 1529 2851 1584 nuditate
2899 1530 3276 1595 erubuissent,
3325 1529 3468 1585 l'oliis

1879 1620 2118 1676 ﬁculneis
2142 1621 2326 1677 eadem
2357 1623 2595 1677 membra
2627 1632 2880 1678 texerunt
2929 1622 2948 1694 (
2974 1621 3102 1676 Gen.
3139 1638 3234 1687 ιιι,
3263 1620 3377 1695 7):
3411 1631 3468 1677 ut

1878 1711 2066 1766 saltem
2093 1711 2312 1766 arbitrio
2342 1710 2812 1774 verecundantium
2841 1711 3108 1766 velaretur
3130 1755 3145 1777 ,
3189 1714 3327 1782 quod
3358 1729 3464 1768 non

1881 1805 2105 1859 arbitrio
2129 1805 2418 1860 volentium
2460 1803 2807 1868 movebatur;
2848 1813 2902 1858 et
2942 1804 3192 1873 quoniam
3237 1805 3469 1874 pudebat

1877 1896 2018 1967 quod
2036 1896 2342 1951 indecenter
2358 1896 2575 1959 libebat,
2593 1896 2883 1965 aperiendo
2901 1896 3050 1950 ﬁeret
3064 1895 3204 1966 quod
3221 1896 3463 1954 decebat.

1952 1989 2177 2044 CAPUT
2208 1989 2320 2043 V'll.
2351 2019 2422 2029 ——-
2447 1988 2500 2044 8.
2537 1987 2784 2043 Libidinis
2827 1989 3018 2043 malum
3047 2005 3146 2042 non
3187 1988 3319 2042 tollit
3366 2005 3465 2042 mt-

1879 2081 2101 2150 ptiarum
2119 2079 2320 2133 bonum.
2351 2079 2483 2146 Quia
2520 2095 2648 2149 ergo
2677 2094 2775 2134 nec
2800 2079 2902 2134 isto
2930 2078 3178 2148 adjuncto
3210 2079 3351 2134 malo
3369 2094 3461 2150 pe-

1878 2171 1984 2225 rire
2020 2170 2189 2239 potuit
2237 2170 2541 2240 nuptiarum
2585 2169 2823 2235 bonum,
2873 2178 3060 2239 putant
3104 2169 3466 2239 imprudentes

1879 2260 1982 2316 hoc
2013 2276 2116 2315 non
2145 2275 2266 2315 esse
2294 2260 2492 2315 malum
2517 2302 2533 2326 ,
2583 2260 2674 2315 sed
2701 2260 2972 2332 pertinere
2993 2260 3059 2315 ad
3087 2261 3214 2315 illud
3244 2262 3463 2318 bonum.

1881 2355 2206 2410 Discernitur
2231 2363 2406 2408 autem
2433 2369 2538 2408 non
2570 2354 2742 2409 solum
2771 2354 2981 2408 ratione
3009 2355 3191 2410 subtili
3216 2395 3233 2421 ,
3279 2370 3463 2411 ventm

1877 2447 2036 2502 etiam
2081 2447 2446 2517 vulgatissimo
2484 2446 2687 2516 judicio
2728 2447 2991 2513 naturali,
3019 2447 3161 2518 quod
3192 2457 3246 2504 et
3273 2447 3326 2502 in
3359 2447 3466 2504 illis

1877 2540 2122 2610 apparuit
2148 2538 2452 2593 hominibus
2480 2538 2666 2608 primis
2690 2580 2704 2603 ,
2749 2538 3012 2608 hodieque
3038 2548 3248 2594 tenetur
3269 2539 3338 2594 ab
3366 2539 3466 2593 ho-

1877 2629 2108 2684 minibus
2132 2629 2447 2700 conjugatis.
2476 2627 2628 2697 Quod
2674 2629 2815 2683 enim
2864 2628 2937 2682 illi
2977 2639 3158 2698 postea
3200 2643 3464 2701 propaga-

1879 2721 2023 2776 tione
2047 2721 2289 2776 fecerunt
2311 2762 2325 2785 ,
2359 2719 2460 2775 hoc
2490 2729 2574 2775 est
2597 2719 2846 2774 connubii
2876 2719 3072 2775 bonum
3107 2738 3122 2774 :
3166 2721 3306 2790 quod
3336 2736 3466 2776 vero

1879 2811 2024 2883 prius
2069 2810 2382 2867 confusione
2423 2818 2669 2866 texerunt
2694 2851 2710 2876 ,
2755 2809 2858 2864 hoc
2899 2818 2982 2864 est
3018 2810 3465 2880 concupiscentia:

1875 2901 2074 2959 malum
2099 2943 2114 2969 ,
2153 2901 2296 2972 quod
2338 2901 2467 2956 vitat
2503 2900 2699 2971 ubique
2742 2909 3085 2970 conspectum
3113 2942 3128 2969 ,
3173 2909 3228 2956 et
3274 2903 3466 2971 quierit

1876 2992 2123 3062 pudendo
2151 3001 2438 3048 secretum.
2465 2991 2698 3046 Proinde
2727 2991 2924 3061 nuptia:
2945 2991 3068 3061 quia
3093 2992 3250 3047 etiam
3277 2992 3346 3049 de
3374 2993 3466 3048 illo

1874 3085 2016 3140 malo
2040 3085 2237 3154 aliquid
2264 3085 2389 3139 boni
2417 3083 2616 3139 faciunt
2639 3126 2654 3152 ,
2684 3084 2979 3155 gloriantur
3010 3102 3024 3138 :
3069 3085 3192 3155 quia
3232 3086 3346 3141 sine
3373 3085 3465 3140 illo

1876 3175 1988 3231 ﬁeri
2018 3191 2123 3231 non
2153 3186 2363 3246 potest,
2398 3176 2738 3232 erubescunt.
2768 3176 3042 3247 Tanquam
3087 3178 3132 3232 si
3195 3179 3462 3249 quiSpiam

1875 3269 2010 3338 pede
2040 3268 2224 3324 vitiato
2248 3309 2262 3334 ,
2311 3268 2377 3323 ad
2425 3268 2639 3339 aliquod
2677 3269 2875 3324 bonum
2915 3270 3076 3324 etiam
3113 3271 3466 3327 claudicando

1873 3361 2170 3430 perveniat,
2197 3373 2297 3414 nec
2322 3368 2539 3430 propter
2562 3357 2962 3414 claudicationis
2991 3361 3187 3415 malum
3219 3363 3358 3417 mala
3379 3371 3463 3420 est

1875 3449 1963 3504 illa
2012 3450 2307 3520 perventio,
2335 3465 2434 3505 nec
2461 3458 2678 3520 propter
2717 3450 2856 3505 illius
2880 3452 3238 3520 perventionis
3263 3453 3461 3508 bonum

1873 3541 2010 3596 bona
2039 3550 2121 3597 est
2147 3541 2499 3597 claudicatio:
2534 3543 2604 3596 ita
2638 3557 2737 3597 nec
2762 3551 2979 3612 propter
2999 3542 3235 3600 libidinis
3262 3546 3460 3600 malum

1874 3635 2086 3705 nuptias
2111 3634 2472 3690 condemnare
2494 3676 2509 3700 ,
2563 3649 2664 3690 nec
2690 3644 2909 3706 propter
2935 3636 3236 3706 nuptiarum
3254 3637 3462 3708 bonum

1873 3726 2144 3782 libidinem
2178 3726 2397 3781 laudare
2425 3725 2702 3782 debemus.

1944 3817 2170 3873 CAPUT
2198 3817 2331 3872 VIII.
2346 3847 2420 3860 -—
2440 3817 2494 3872 9.
2516 3816 2724 3872 Morbus
2739 3819 3156 3889 concupiscentia:
3177 3822 3228 3873 in
3250 3821 3460 3888 nuptiis,

1874 3927 1973 3964 non
1997 3911 2062 3964 sit
2086 3909 2376 3976 voluntatis,
2407 3910 2496 3965 sed
2520 3912 2844 3966 necessitatis.
2879 3911 3008 3978 Quae
3034 3913 3263 3981 ﬁdelium
3289 3915 3341 3968 in
3367 3931 3463 3968 usu

1872 4003 2178 4056 matrimonii
2211 4003 2386 4056 debeat
2429 4019 2533 4058 esse
2565 4004 2813 4057 voluntas.
2862 4001 3288 4074 Concupiscentia:
3325 4008 3462 4061 malo

1872 4094 1983 4166 quis
2023 4095 2114 4159 uti,
2146 4103 2190 4146 et
2221 4110 2321 4148 non
2351 4093 2480 4147 vinci
2505 4093 2886 4148 existimandus.
2920 4095 3100 4149 Sancti
3131 4094 3309 4150 Patres
3335 4113 3464 4167 quo-

1873 4183 2023 4238 modo
2047 4185 2166 4238 olim
2191 4185 2487 4256 coniugibus
2505 4184 2603 4237 usi.
2645 4183 2749 4239 Iste
2778 4185 2972 4255 quippe
3004 4195 3088 4240 est
3121 4189 3359 4254 morbus,
3393 4189 3463 4245 de
3525 4242 3528 4246 Α

1872 4292 1978 4346 quo
2002 4276 2290 4346 Apostolus
2309 4276 2468 4330 etiam
2491 4275 2786 4346 coniugatis
2815 4275 3064 4331 ﬁdelibus
3090 4277 3314 4347 loquens
3342 4279 3417 4332 ait
3443 4298 3458 4334 :

1874 4369 2002 4424 Ηιτε
2042 4379 2114 4423 est
2151 4369 2285 4423 enim
2321 4369 2548 4422 voluntas
2579 4367 2693 4434 Dei,
2725 4369 3056 4437 sanctiﬁcatio
3093 4379 3269 4434 vestra,
3299 4371 3458 4424 absti-

1874 4478 1990 4516 nere
2027 4476 2114 4515 vos
2155 4476 2188 4512 a
2225 4459 2578 4531 fornicatione,
2609 4468 2662 4512 ut
2702 4459 2829 4512 sciat
2867 4459 3210 4534 unusquisque
3244 4470 3460 4516 vestrum

1872 4571 2019 4608 suum
2054 4569 2141 4607 vas
2178 4549 2433 4624 possidere
2465 4551 2518 4605 in
2551 4551 2948 4620 sanctiﬁcatione
2974 4560 3019 4604 et
3044 4551 3250 4616 honore,
3284 4567 3384 4605 non
3407 4553 3462 4606 in

1873 4645 2046 4699 morbo
2091 4643 2357 4710 desiderii,
2391 4643 2521 4697 sicut
2564 4651 2610 4697 et
2649 4641 2832 4696 Gentes
2871 4658 2986 4714 quia
3021 4643 3254 4714 ignorant
3300 4641 3462 4698 Deum

1875 4739 1916 4810 (Ι
1943 4737 2120 4793 Thess.
2151 4753 2220 4803 iv,
2251 4734 2392 4808 5-5).
2423 4735 2536 4790 Non
2562 4735 2737 4790 solum
2765 4733 2923 4804 igitur
2947 4733 3259 4804 coniugatus
3291 4734 3464 4791 ﬁdelis

1874 4845 2003 4886 vase
2030 4845 2136 4885 non
2163 4837 2340 4884 utatur
2365 4828 2573 4892 alieno,
2606 4826 2748 4896 quod
2775 4827 2973 4881 faciunt
2993 4841 3021 4881 a
3053 4827 3244 4897 quibus
3271 4843 3466 4885 uxores

1873 4923 2062 4977 aliena:
2087 4928 2408 4992 appetuntur
2440 4936 2454 4972 :
2484 4918 2578 4974 sed
2604 4932 2703 4973 nec
2727 4918 2898 4988 ipsum
2937 4917 3206 4988 proprium
3242 4918 3293 4972 in
3329 4933 3466 4975 con-

1875 5012 2218 5082 cupiscentia:
2242 5010 2474 5065 carnalis
2498 5010 2685 5064 morbo
2712 5008 3086 5078 possidendum
3114 5009 3266 5063 sciat.
3310 5010 3462 5077 Quod

1877 5121 1982 5161 non
2000 5103 2078 5160 sic
2092 5103 2456 5174 accipiendum
2484 5111 2584 5162 est.
2608 5111 2856 5173 tanquam
2880 5101 3210 5171 prohibuerit
3236 5104 3467 5171 Aposto-

1876 5200 1958 5253 lus
1984 5196 2334 5266 conjugalem,
2365 5195 2467 5249 hoc
2490 5202 2592 5251 est.
2622 5193 2822 5247 licitum
2855 5192 3242 5264 honestumque
3268 5208 3465 5248 concu-

1876 5293 2042 5348 bitum
2075 5308 2090 5344 :
2113 5289 2206 5344 sed
2229 5297 2285 5342 ut
2308 5288 2407 5342 iste
2434 5286 2746 5342 concubitus
2766 5288 2809 5351 ’,
2845 5287 2932 5357 qui
2957 5285 3084 5340 nihil
3110 5286 3366 5340 morbida:
3395 5285 3464 5338 li-

1877 5380 2070 5436 bidinis
2095 5378 2314 5433 haberet
2337 5377 2664 5447 adiunctum,
2690 5377 2734 5431 si
2758 5391 2862 5431 non
2889 5377 3222 5446 praecedente
3245 5384 3465 5445 peccato

1878 5474 1932 5529 in
1959 5487 2024 5528 eo
2045 5471 2270 5542 perisset
2289 5469 2550 5526 libertatis
2572 5469 2871 5537 arbitrium,
2889 5468 3031 5540 quod
3058 5482 3198 5522 nunc
3225 5467 3275 5521 id
3304 5466 3464 5522 habet

1945 5652 1958 5683 ¹
1995 5657 2104 5699 nov.
2131 5657 2181 5698 et
2209 5649 2390 5712 aliquot
2412 5643 2791 5712 Mss.,ltin_c_cine.
2961 5703 2972 5712 ι
3035 5707 3045 5712 _
3081 5699 3092 5711 ,

1942 5714 1963 5744 ³
1997 5703 2304 5772 Posteriores
2335 5703 2569 5772 quzedatu
2593 5707 2849 5772 editiones,
2995 5707 3045 5772 ut
3073 5703 3158 5772 iste
3192 5707 3252 5772 stt
3285 5713 3461 5772 conca:

1879 5773 1906 5823 b
1925 5781 2016 5822 tus.
2044 5783 2105 5835 Ac
2138 5771 2278 5835 paulo
2297 5763 2418 5831 post,
2444 5770 2709 5835 quodnunc
2732 5763 3315 5835 ideo_ltabct‘{tdjtmr_t-um
3346 5776 3362 5812 :
3407 5767 3459 5814 ul

1881 5848 1973 5883 non
2028 5832 2086 5882 sit
2132 5825 2380 5882 uoluntatis
2408 5825 2467 5878 ’ς’
2494 5829 2620 5878 male
2641 5882 2656 5887 _
2679 5843 2732 5878 ac
2793 5825 3142 5876 reluctantibus
3190 5830 3293 5874 Mss.
