4012 6480
551 404 654 463 M9

549 517 875 587 adiunctum,
904 528 1007 570 non
1049 514 1117 569 sit
1145 511 1451 577 voluntatis,
1487 509 1584 564 sed
1627 506 1983 571 necessitatis,
2011 504 2127 558 sine

550 625 653 678 qua
691 620 866 663 tamen
906 607 956 661 in
997 603 1336 676 procreandis
1368 602 1490 657 filiis
1515 601 1580 654 ad
1613 600 1837 654 fructum
1867 594 2128 667 perveniri

553 716 658 754 non
677 707 848 769 potest
866 699 1030 768 ipsius
1046 695 1351 751 voluntatis.
1374 693 1504 762 Quze
1528 693 1770 746 voluntas
1790 690 1841 744 in
1854 688 2134 744 connubiis

551 792 785 847 fidelium
825 805 929 846 non
968 805 1034 846 eo
1083 788 1189 845 fine
1224 787 1636 852 dcterminatur,
1685 790 1743 838 ut
1795 778 2064 836 transituri
2114 779 2132 810 ί

553 885 644 938 filii
676 894 960 938 nascantur
980 883 1033 937 in
1054 882 1251 938 sreculo
1276 880 1396 948 isto,
1421 878 1513 934 sed
1540 885 1598 934 ut
1627 873 1956 948 permansuri
1976 887 2134 928 rena-

552 985 767 1031 scantur
797 977 848 1031 in
874 974 1105 1030 Christo.
1147 973 1301 1043 Quod
1347 973 1390 1028 si
1433 969 1756 1043 provenerit,
1785 981 1992 1023 merces
2027 964 2133 1020 erit

552 1069 619 1124 de
648 1068 892 1139 conjugio
916 1067 1089 1138 plenae
1113 1064 1384 1122 felicitatis
1409 1080 1422 1117 :
1455 1063 1499 1116 si
1529 1070 1705 1117 autem
1735 1075 1840 1114 non
1867 1071 2132 1129 provene-

552 1163 643 1229 rit,
670 1177 773 1231 pax
807 1161 906 1215 erit
941 1159 1252 1230 conjugibus
1283 1158 1436 1214 bona:
1465 1151 1769 1211 voluntatis.
1811 1150 1923 1204 Hac
1960 1149 2135 1202 inten-

554 1255 700 1308 tione
729 1251 905 1307 cordis
933 1252 1024 1321 qui
1054 1265 1207 1304 suum
1238 1263 1330 1308 vas
1351 1246 1616 1320 possidet,
1645 1245 1697 1299 id
1723 1252 1826 1310 est,
1856 1241 2134 1312 conjugem

555 1359 739 1408 suam;
773 1341 955 1411 procul
985 1341 1146 1396 dubio
1163 1355 1270 1395 non
1303 1337 1538 1409 possidet
1561 1338 1614 1391 in
1645 1335 1832 1390 morbo
1861 1333 2134 1397 desiderii,

556 1436 694 1490 sicut
713 1441 898 1502 gentes
913 1446 1030 1502 quae
1051 1431 1290 1501 ignorant
1311 1430 1512 1493 Deum;
1536 1426 1629 1483 sed
1648 1428 1700 1480 in
1721 1423 2137 1480 sanctificatione

557 1533 616 1581 et
650 1524 888 1590 honore,
929 1523 1066 1578 sicut
1108 1521 1291 1576 ﬁdeles
1330 1519 1419 1590 qui
1457 1527 1672 1588 sperant
1715 1519 1767 1572 in
1811 1517 2000 1572 Deum.
2047 1515 2140 1571 lllo

557 1620 754 1690 quippe
794 1615 1238 1686 concupiscentiae
1279 1614 1420 1669 malo
1456 1613 1623 1668 utitur
1652 1611 1835 1676 homo,
1878 1625 1986 1664 non
2022 1611 2140 1664 vin-

559 1713 715 1777 citur,
732 1709 944 1780 quando
963 1723 1080 1764 eam
1108 1707 1420 1763 inordinatis
1440 1714 1600 1776 atque
1623 1703 1888 1758 indecoris
1907 1702 2142 1756 motibus

561 1809 873 1858 aestuantem
913 1799 1102 1855 fraenat
1138 1808 1192 1855 et
1229 1798 1468 1864 cohibet;
1512 1811 1685 1867 neque
1726 1795 1828 1850 nisi
1866 1794 2138 1864 propagini

560 1893 846 1949 consulens
863 1891 1064 1947 relaxat
1078 1898 1237 1960 atque
1249 1887 1914 1960 adhibetrubwiritualiter
1929 1901 2145 1956 regene-

559 1982 758 2036 randos
773 1982 1053 2036 carnaliter
1070 1982 1270 2052 gignat,
1293 1995 1397 2034 non
1417 1989 1478 2034 ut
1497 1979 1739 2050 spiritum
1761 1979 1907 2034 carni
1930 1977 2142 2032 sordida

562 2076 816 2130 servitute
831 2074 1094 2144 subjiciat.
1123 2074 1212 2130 Sic
1232 2080 1406 2143 patres
1423 2081 1636 2127 sanctos
1653 2073 1674 2104 ³
1701 2086 1765 2126 ex
1796 2071 2063 2125 Abraham
2091 2079 2146 2124 et

563 2173 686 2220 ante
703 2163 993 2229 Abraham,
1012 2163 1204 2234 quibus
1219 2163 1358 2217 Deus
1372 2161 1513 2233 quod
1529 2160 1578 2216 ei
1595 2161 1888 2231 placuerint
1901 2160 2146 2231 perhibet

563 2255 948 2320 testimonium,
973 2269 1100 2311 usos
1130 2253 1289 2309 fuisse
1313 2253 1625 2324 conjugibus
1648 2253 1913 2308 neminem
1936 2261 2148 2322 oportet

565 2346 811 2400 dubitare
837 2344 1221 2410 christianum;
1261 2343 1472 2415 quando
1498 2343 1809 2414 quibusdam
1841 2345 2001 2400 etiam
2034 2344 2146 2400 sin-

564 2439 702 2510 gulis
730 2438 904 2508 plures
924 2436 1120 2492 habere
1143 2450 1456 2492 concessum
1480 2442 1583 2501 est,
1601 2435 1689 2490 ubi
1710 2436 1846 2490 ratio
1865 2433 1966 2490 fuit
1985 2436 2146 2505 prolis

569 2530 978 2600 miiltiplicandte
997 2571 1012 2597 ,
1043 2545 1147 2584 non
1177 2527 1440 2584 varianda:
1468 2530 1724 2600 appetitio
1752 2530 2056 2601 voluptatis.

639 2622 866 2679 CAPUT
915 2620 1004 2676 IX.
1067 2650 1139 2661 —
1183 2620 1270 2676 10.
1321 2619 1422 2675 Cur
1479 2620 1584 2674 viro
1651 2621 1820 2689 plures
1873 2619 2148 2691 aliquando

565 2729 768 2776 uxores,
808 2728 1067 2782 nunquam
1115 2719 1282 2765 autem
1323 2712 1520 2783 femina:
1564 2711 1732 2783 plures
1781 2711 1914 2765 uiros
1964 2711 2150 2765 habere

568 2801 885 2872 permissum.
939 2800 1139 2854 Natura
1168 2801 1531 2871 principiorum
1561 2799 1963 2872 singularitatem
1990 2811 2146 2854 amat.

571 2893 703 2947 Nam
753 2893 798 2947 si
846 2892 956 2947 Deo
994 2900 1202 2961 patrum
1243 2900 1585 2957 nostrorum,
1630 2893 1719 2961 qui
1767 2893 1926 2947 etiam
1969 2902 2152 2973 noster

573 2992 690 3050 est,
741 2983 827 3036 illa
866 2985 1217 3036 numerositas
1254 2981 1537 3052 coniugum
1578 2990 1856 3052 propterea
1891 2997 1997 3037 non
2039 2983 2150 3039 dis-

574 3074 866 3145 plicuisset,
905 3081 963 3127 ut
999 3071 1266 3143 copiosius
1303 3086 1362 3127 se
1402 3071 1565 3126 libido
1600 3072 1848 3142 jactaret,
1880 3073 1952 3127 ita
1989 3072 2149 3127 etiam

571 3173 768 3220 sancta:
813 3161 1024 3218 femina:
1073 3163 1368 3219 servissent
1411 3163 1650 3234 pluribus
1699 3163 1922 3234 singula:
1955 3181 1970 3218 :
2009 3164 2151 3235 quod

574 3255 619 3308 si
653 3255 826 3326 aliqua
860 3253 1092 3321 faceret,
1123 3253 1248 3324 quid
1287 3269 1404 3309 eam
1439 3255 1541 3309 nisi
1566 3256 2010 3324 concupiscentiae
2042 3265 2152 3312 tur-

567 3347 756 3416 pitudo
793 3347 1158 3417 compelleret,
1197 3353 1258 3400 ut
1285 3346 1464 3416 plures
1493 3347 1636 3402 viros
1669 3346 1907 3415 haberet,
1940 3348 2152 3418 quando

571 3440 671 3495 ista
708 3439 918 3495 licentia
947 3439 1128 3510 plures
1156 3438 1294 3493 filios
1331 3454 1436 3493 non
1470 3438 1730 3494 haberet?
1769 3439 2151 3496 Verumtamen

574 3531 742 3602 magis
776 3532 1043 3602 pertinere
1079 3531 1147 3585 ad
1183 3530 1482 3601 nuptiarum
1521 3530 1737 3597 bonum,
1769 3545 1875 3585 non
1902 3546 2065 3586 unum
2098 3540 2154 3587 et

575 3623 788 3689 multas,
819 3621 913 3676 sed
943 3637 1104 3676 unum
1136 3628 1191 3676 et
1227 3636 1409 3689 unam,
1435 3621 1566 3676 satis
1603 3620 1797 3676 indicat
1833 3622 1944 3692 ipsa
1983 3624 2150 3693 prima

574 3714 826 3768 divinitus
851 3713 984 3766 facta
1009 3711 1289 3782 conjugum
1311 3711 1519 3781 cepula,
1545 3720 1603 3765 ut
1627 3711 1749 3766 inde
1773 3713 2035 3769 connubia
2059 3729 2152 3769 su-

574 3811 781 3858 merent
804 3803 1030 3869 initium,
1051 3803 1141 3858 ubi
1162 3803 1434 3857 honestius
1452 3802 1813 3858 attenderetur
1827 3807 2150 3876 exemplum.

576 3894 955 3966 Progrediente
979 3904 1152 3950 autem
1173 3909 1370 3966 genere
1389 3895 1641 3963 humano,
1658 3897 1857 3966 juncta:
1881 3908 2006 3953 sunt
2032 3901 2153 3970 qui-

575 3990 797 4048 busdam
832 3989 985 4045 bonis
1025 3990 1155 4044 viris
1199 3989 1352 4045 bonae
1402 3989 1645 4056 feminae,
1683 3991 1904 4064 singulis
1948 3994 2150 4064 plures.

575 4081 727 4138 Unde
753 4090 972 4152 apparet
1007 4090 1062 4136 et
1093 4080 1219 4136 illud
1243 4081 1511 4152 dignitatis
1547 4085 1714 4154 magis
1744 4087 2008 4156 appetisse
2033 4104 2152 4144 mo-

574 4172 829 4240 destiam,
883 4179 937 4228 et
987 4171 1090 4228 hoc
1139 4170 1476 4228 fecunditatis
1527 4175 1833 4243 permisisse
1881 4186 2150 4234 naturam.

577 4263 709 4319 Nam
738 4271 793 4318 et
816 4261 1138 4332 principatus
1158 4263 1324 4334 magis
1345 4264 1652 4321 naturaliter
1680 4267 1837 4323 unius
1860 4269 1910 4323 in
1933 4271 2149 4339 multos,

576 4370 737 4426 quam
776 4355 829 4409 in
859 4369 1021 4409 unum
1051 4361 1228 4426 potest
1265 4369 1386 4410 esse
1423 4357 1730 4413 multorum.
1774 4359 1883 4417 Nec
1924 4362 2151 4420 dubitari

583 4455 760 4518 potest
784 4446 1012 4502 naturali
1040 4446 1228 4503 ordine
1249 4447 1394 4503 viros
1423 4451 1598 4518 potius
1623 4450 1854 4522 feminis,
1887 4471 2046 4527 quam
2075 4459 2153 4513 vi-

576 4539 654 4593 ris
693 4537 915 4592 feminas
953 4538 1256 4608 principari.
1304 4539 1456 4607 Quod
1489 4531 1708 4599 serians
1741 4547 2028 4615 Apostolus
2057 4553 2150 4619 ait,

575 4629 740 4699 Caput
766 4628 990 4682 mulieris
1017 4627 1092 4682 vir
1121 4628 1163 4701 (1
1191 4627 1308 4684 Cor.
1335 4647 1411 4698 ιι,
1441 4632 1517 4703 '5);
1540 4641 1614 4701 et,
1645 4633 1908 4705 Mulieres,
1941 4639 2154 4698 subdita:

572 4727 725 4772 estote
743 4719 862 4774 viris
884 4720 1058 4774 uestris
1079 4718 1292 4791 (Coloss.
1316 4738 1392 4788 ιιι,
1415 4723 1506 4795 18)
1528 4742 1540 4778 :
1568 4735 1624 4781 et
1646 4729 1917 4797 apostolus
1942 4731 2149 4802 Petrus,

565 4807 846 4880 Quomodo
887 4809 1055 4878 Sara,
1091 4812 1278 4882 inquit,
1317 4813 1672 4886 obsequebatur
1705 4818 1952 4888 Abrahae,
1986 4824 2151 4881 domi-

580 4916 699 4954 num
719 4900 864 4955 illum
891 4917 1072 4957 vocans
1102 4903 1142 4975 (I
1173 4901 1314 4958 Petr.
1342 4919 1419 4970 ιιι,
1450 4905 1526 4978 6).
1567 4907 1719 4975 Quod
1760 4910 1884 4968 licet
1925 4913 1996 4970 ita
2033 4931 2153 4974 sese

578 4991 789 5057 habeat,
818 4999 878 5047 ut
915 5000 1098 5048 natura
1132 4995 1511 5066 principiorum
1540 5008 1682 5055 amet
1709 5001 2149 5076 singularitatem,

578 5081 782 5137 facilius
800 5091 979 5138 autem
1004 5084 1357 5154 pluralitatem
1385 5089 1657 5146 videamus
1687 5090 1738 5145 in
1764 5093 1992 5151 subditis
2021 5114 2035 5152 :
2069 5106 2150 5153 ta—

578 5188 698 5227 men
724 5173 904 5242 plures
923 5175 1133 5230 femina:
1157 5177 1250 5231 uni
1269 5176 1384 5233 viro
1409 5194 1679 5251 nunquam
1708 5182 1849 5239 licite
1863 5185 2151 5258 jnngeren-

579 5276 684 5333 tur,
708 5266 808 5322 nisi
835 5282 903 5322 ex
928 5267 1031 5324 hoc
1061 5269 1236 5338 plures
1266 5269 1359 5325 filii
1383 5286 1745 5330 nascerentur.
1790 5276 1942 5334 Unde
1971 5281 2015 5335 si
2045 5297 2148 5336 una

575 5358 893 5414 concumbat
922 5375 1042 5415 cum
1075 5361 1334 5431 pluribus,
1356 5364 1477 5434 quia
1508 5382 1614 5422 non
1640 5378 1722 5423 est
1749 5369 1798 5424 ei
1825 5369 1949 5427 hinc
1968 5374 2150 5428 multi-

578 5450 791 5519 plicatio
814 5452 976 5521 prolis
993 5494 1009 5517 ,
1043 5454 1134 5508 sed
1162 5453 1517 5526 frequentatio
1546 5459 1799 5529 libidinis,
1823 5465 2017 5536 conjux
2042 5483 2147 5523 non

575 5552 747 5614 potest
776 5560 914 5604 esse.
943 5546 1034 5601 sed
1058 5549 1330 5603 meretrix.

641 5634 863 5690 CAPUT
901 5636 968 5690 Χ.
996 5667 1066 5676 —
1106 5639 1192 5693 Η.
1223 5639 1601 5697 Sacramentum
1633 5648 1939 5717 nupti/1mm.
1972 5650 2149 5708 Matri-

635 5790 650 5820 '
687 5794 815 5848 1515s.,
849 5790 1128 5842 transitorii.

630 5847 652 5879 '
685 5849 870 5914 Aliquot
901 5860 1028 5913 Mss,
1051 5855 1119 5905 δί(-
1142 5860 1301 5918 patres
1323 5864 1518 5912 nostros.

1327 399 1413 454 DE
1449 395 1716 454 NUPTIIS
1755 393 1840 449 ET
1878 387 2486 450 CONCUPISCENTIA,
2530 385 2588 439 S.
2631 384 2998 442 AUGUSTINI

3714 392 3816 448 420

2238 500 2459 554 amnium
2494 499 2855 553 indissolubilc.
2893 498 3000 554 Lex
3029 501 3203 555 steculi
3223 502 3392 571 quoad
3425 502 3692 558 divortium
3714 507 3813 561 alia

2237 609 2268 645 a
2299 592 2404 661 lege
2433 591 2710 660 Evangelii.
2754 591 3014 658 Quoniam
3050 607 3178 648 sane
3209 610 3315 647 non
3347 603 3549 650 tantum
3578 595 3820 654 fecundi-

2241 689 2340 743 tas,
2371 679 2523 748 cujus
2548 678 2748 734 fructus
2778 680 2831 734 in
2862 681 3012 750 prole
3036 690 3150 746 est;
3186 697 3284 737 nec
3312 691 3513 762 tantum
3544 687 3814 757 pudicitia,

2238 771 2388 841 cujus
2413 771 2680 825 vinculum
2722 781 2806 826 est
2840 772 3006 838 fides;
3044 788 3224 828 verum
3252 775 3411 829 etiam
3442 778 3706 844 quoddam
3733 794 3817 833 sa-

2239 871 2570 916 cramentum
2597 861 2899 931 nuptiarum
2929 863 3334 920 commendatur
3359 865 3606 924 fidelibus
3634 871 3820 940 conju-

2237 952 2395 1022 gatis,
2421 951 2561 1007 unde
2601 951 2730 1006 dicit
2758 952 3072 1022 Apostolus,
3108 952 3238 1020 Viri,
3281 954 3477 1026 diligite
3517 973 3700 1013 uxores
3743 976 3821 1014 ve-

2239 1053 2392 1108 stras,
2420 1042 2548 1095 sicut
2573 1050 2619 1095 et
2639 1041 2868 1096 Christus
2894 1043 3068 1096 dilexit
3087 1041 3367 1098 Ecclesiam
3387 1045 3599 1118 (Ep/tes.
3624 1065 3676 1115 v,
3697 1048 3817 1120 25):

2240 1130 2400 1201 hujus
2446 1131 2626 1201 procul
2665 1131 2829 1187 dubio
2857 1135 3177 1188 sacramenti
3205 1150 3290 1191 res
3316 1146 3415 1201 est,
3439 1146 3497 1192 ut
3521 1154 3636 1194 mas
3665 1149 3720 1194 et
3747 1140 3820 1196 fe-

2241 1226 2382 1278 mina
2403 1225 2670 1279 connubio
2695 1225 2926 1295 copulati
2955 1226 3210 1296 quamdiu
3232 1228 3415 1282 vivunt
3453 1229 3819 1300 inseparabili-

2242 1322 2324 1370 ter
2348 1325 2711 1384 perseverent,
2741 1330 2841 1370 nec
2870 1316 3025 1371 liceat
3043 1358 3059 1384 ,
3091 1328 3311 1388 excepta
3337 1335 3495 1376 causa
3523 1319 3823 1377 fornicatio-

2242 1406 2348 1471 nis,
2369 1421 2400 1460 a
2430 1405 2658 1477 conjuge
2689 1407 2968 1478 conjugem
3008 1408 3184 1464 dirimi
3226 1409 3452 1482 (Matth.
3478 1429 3530 1480 v,
3557 1414 3685 1486 52).
3718 1415 3822 1471 lloc

2244 1497 2384 1552 enim
2412 1498 2707 1552 custoditur
2729 1499 2782 1552 in
2806 1498 3020 1554 Christo
3039 1509 3094 1555 et
3124 1501 3385 1568 Ecclesia,
3417 1513 3474 1558 ut
3501 1505 3685 1560 vivens
3704 1520 3819 1560 cum

2242 1589 2454 1646 vivente
2493 1591 2544 1644 in
2589 1599 2845 1646 aeternum
2882 1593 3030 1647 nullo
3068 1593 3296 1650 divortio
3329 1607 3625 1666 separetur.
3665 1596 3822 1668 Cujus

2244 1685 2560 1740 sacramenti
2599 1693 2741 1740 tanta
2776 1685 3077 1740 observatio
3097 1696 3178 1743 est
3203 1689 3254 1742 in
3280 1689 3494 1745 civitate
3519 1690 3611 1745 Dei
3635 1692 3816 1758 nostri,

2245 1779 2300 1832 in
2326 1785 2506 1832 monte
2531 1787 2715 1832 sancto
2735 1777 2852 1847 ejus
2881 1775 3058 1848 (Psal.
3086 1795 3254 1846 ιιινιι,
3279 1779 3366 1847 2),
3400 1781 3503 1836 hoc
3528 1790 3629 1846 est,
3658 1783 3708 1836 in
3731 1784 3823 1837 Ec-

2245 1869 2406 1924 clesia
2429 1869 2651 1935 Christi,
2675 1869 2972 1940 quibusque
2999 1870 3243 1928 fidelibus
3263 1873 3578 1944 conjugatis,
3602 1875 3691 1945 qui
3715 1876 3821 1930 sine

2246 1958 2408 2014 dubio
2449 1961 2688 2016 membra
2728 1969 2853 2016 sunt
2892 1960 3107 2028 Christi,
3151 1971 3226 2029 ut,
3277 1980 3398 2020 cum
3438 1966 3665 2021 filiormn
3711 1982 3824 2036 pro-

2246 2050 2596 2108 creandorum
2628 2066 2789 2106 causa
2821 2052 2902 2106 vel
2939 2053 3141 2108 nubant
3177 2053 3422 2122 feminze,
3451 2057 3535 2112 vel
3573 2058 3824 2112 ducantur

2248 2157 2465 2212 uxores,
2491 2158 2590 2197 nec
2625 2144 2861 2199 sterilem
2887 2144 3167 2215 conjugem
3205 2148 3284 2200 fas
3317 2147 3386 2202 sit
3424 2148 3741 2218 relinquere,
3773 2159 3823 2203 ut

2247 2235 2351 2288 alia
2384 2233 2610 2289 fecunda
2645 2235 2886 2290 ducatur.
2927 2237 3080 2305 Quod
3102 2239 3144 2292 si
3183 2239 3461 2310 quisquam
3494 2241 3698 2306 fecerit,
3725 2259 3823 2297 non

2249 2323 2366 2395 lege
2389 2324 2548 2395 hujus
2575 2327 2774 2391 steculi,
2805 2328 2894 2381 ubi
2928 2329 3320 2386 interveniente
3343 2333 3567 2401 repudio
3594 2335 3710 2390 sine
3732 2335 3826 2389 cri-

2249 2417 2393 2470 mine
2428 2417 2740 2472 conceditur
2782 2433 2902 2472 cum
2946 2418 3065 2474 aliis
3103 2419 3206 2475 alia
3245 2423 3497 2491 copulare
3526 2426 3822 2488 connubia;

2250 2507 2390 2578 quod
2421 2507 2580 2562 etiam
2611 2518 2850 2564 sanctum
2881 2510 3096 2583 Moysen
3127 2513 3400 2580 Dominus,
3434 2525 3654 2586 propter
3677 2517 3821 2573 duri-

2253 2600 2380 2654 tiam
2403 2601 2584 2656 cordis
2601 2601 2832 2670 illorum,
2861 2603 3112 2659 lsraelitis
3141 2606 3444 2676 permisisse
3465 2617 3686 2664 testatur
3705 2627 3720 2663 :
3739 2610 3824 2665 sed

2249 2689 2368 2760 lege
2413 2691 2684 2761 Evangelii
2719 2707 2846 2747 reus
2886 2702 2968 2748 cst
2999 2694 3281 2762 adulterii;
3326 2698 3462 2752 sicut
3487 2698 3646 2753 etiam
3678 2700 3763 2754 illa
3785 2702 3825 2755 si

2252 2779 2405 2835 alteri
2446 2783 2687 2851 nupserit
2726 2782 2954 2854 (Matth.
2978 2801 3089 2854 xxx,
3119 2789 3172 2851 8,
3203 2789 3296 2859 9).
3327 2789 3503 2860 Usque
3523 2791 3691 2847 adco‘
3719 2809 3824 2847 ma-

2253 2881 2382 2928 nent
2421 2874 2560 2928 inter
2587 2877 2827 2930 viventes
2866 2878 3032 2933 semel
3077 2879 3203 2933 inita
3237 2880 3358 2951 jura
3401 2883 3736 2952 nuptiarum,
3774 2893 3826 2939 ut

2252 2962 2430 3034 potius
2456 2963 2564 3019 sint
2592 2965 2732 3021 inter
2749 2981 2808 3022 se
2839 2967 3092 3038 conjuges
3113 2970 3201 3040 qui
3227 2971 3295 3026 ab
3323 2973 3580 3028 alterutro
3604 2981 3824 3044 separati

2252 3060 2398 3118 sunt,
2437 3068 2595 3124 quam
2638 3071 2760 3110 cum
2803 3057 2887 3112 his
2921 3058 3114 3129 quibus
3150 3061 3268 3117 aliis
3308 3062 3664 3120 adhaeserunt.
3702 3064 3824 3121 Cum

2253 3143 2373 3198 aliis
2401 3145 2595 3216 quippe
2623 3145 2850 3202 adulteri
2881 3164 2986 3203 non
3015 3160 3196 3226 essent
3216 3193 3232 3218 ,
3270 3153 3370 3208 nisi
3412 3154 3478 3208 ad
3517 3157 3823 3217 alterutrum

2254 3235 2510 3306 conjuges
2536 3249 2930 3306 permanerent.
2961 3241 3198 3313 Denique
3216 3254 3425 3300 mortuo
3449 3248 3565 3302 viro
3586 3264 3704 3304 cum
3729 3265 3827 3320 quo

2255 3343 2440 3384 verum
2469 3330 2793 3387 connubium
2820 3331 2937 3401 fuit,
2968 3333 3083 3390 fieri
3105 3350 3287 3392 verum
3308 3339 3633 3395 connubimn
3664 3350 3826 3411 potest

2255 3435 2378 3476 cum
2400 3437 2506 3492 quo
2536 3423 2682 3492 prius
2706 3424 3026 3482 adulterium
3054 3424 3172 3482 fuit.
3202 3427 3278 3484 Ita
3302 3442 3479 3487 manet
3505 3432 3645 3490 inter
3661 3433 3826 3488 viven-

2257 3523 2336 3569 tes
2365 3514 2614 3585 quiddam
2639 3516 2917 3588 conjugale
2935 3521 2978 3587 ¹,
3003 3521 3144 3592 quod
3172 3537 3269 3578 nec
3288 3527 3578 3594 separatio,
3597 3543 3694 3582 nec
3717 3541 3826 3582 cum

2255 3605 2426 3661 altero
2445 3607 2710 3677 copulatio
2732 3611 2898 3679 possit
2914 3611 3142 3669 auferre.
3169 3615 3348 3672 Manet
3367 3628 3547 3673 autem
3564 3621 3630 3674 ad
3649 3635 3826 3675 noxam

2255 3696 2515 3765 criminis,
2547 3714 2653 3753 non
2695 3700 2764 3755 ad
2813 3701 3080 3760 vinculum
3121 3704 3374 3764 ltederis:
3407 3711 3544 3765 sicut
3587 3721 3828 3782 apostatae

2255 3786 2432 3840 anima
2449 3786 2470 3818 ³
2495 3789 2639 3844 velut
2661 3789 2728 3845 de
2757 3791 3002 3865 conjugio
3025 3795 3220 3852 Christi
3243 3799 3520 3869 recedens,
3550 3803 3708 3857 etiam
3736 3803 3829 3858 fide

2255 3877 2462 3947 perdita
2489 3877 2897 3938 Sacramentum
2927 3885 3052 3942 fidei
3077 3903 3185 3944 non
3204 3891 3418 3959 amittit,
3449 3894 3595 3962 quod
3624 3895 3825 3950 lavacro

2256 3972 2672 4040 regenerationis
2697 3977 2922 4048 accepit.
2949 3979 3283 4039 Redderetur
3307 3985 3447 4040 enim
3467 3989 3653 4056 procul
3681 3989 3830 4043 dubio

2256 4062 2571 4131 redeuuti,si
2587 4066 2852 4124 amisisset
2865 4070 3351 4132 abscedens.Habet
3362 4086 3537 4134 autem
3553 4079 3656 4137 hoc
3667 4081 3751 4152 qui
3763 4096 3832 4136 re-

2257 4157 2556 4213 cesseritad
2573 4160 2842 4216 cumulum
2865 4165 3134 4236 supplicii,
3147 4183 3253 4224 non
3266 4169 3331 4224 ad
3347 4172 3599 4228 meritum
3617 4174 3826 4243 praemii.

2325 4245 2553 4304 CAPUT
2592 4249 2683 4305 X1.
2703 4281 2775 4292 —
2804 4254 2891 4308 i2.
2924 4255 3163 4311 Mutuum
3192 4261 3510 4318 continentia:
3535 4275 3704 4319 uotum
3721 4281 3831 4319 con-

2245 4337 2452 4410 jugium
2485 4357 2587 4396 non
2620 4342 2832 4398 dirimit.
2864 4344 3050 4402 Verum
3069 4351 3361 4422 conjugium
3388 4353 3518 4409 inter
3545 4354 3762 4410 Mariam
3788 4366 3830 4410 et

2254 4428 2466 4501 Ioseph.
2492 4430 2686 4505 Ioseph
2720 4438 2970 4506 quomodo
2997 4450 3142 4510 pater
3174 4441 3377 4499 Christi.
3414 4443 3483 4500 In
3523 4436 3830 4502 matrimonio

2256 4521 2439 4577 Maria:
2481 4533 2528 4578 et
2565 4524 2761 4598 Ioseph
2799 4532 2967 4584 omnia
3005 4536 3149 4604 fuere
3181 4537 3405 4609 conjugii
3441 4539 3596 4595 bona.
3641 4542 3831 4610 Quibus

2255 4629 2383 4669 vero
2416 4615 2672 4685 placuerit
2707 4635 2771 4675 ex
2807 4637 3092 4694 consensu,
3120 4627 3188 4682 ab
3213 4643 3310 4684 usu
3337 4632 3569 4689 carnalis
3587 4636 3830 4706 concupi-

2254 4708 2472 4762 scentiae
2507 4709 2558 4763 in
2593 4721 2906 4782 perpetuum
2937 4718 3234 4788 continere,
3273 4723 3412 4779 absit
3447 4733 3506 4780 ut
3545 4727 3686 4783 inter
3722 4728 3828 4782 illos

2257 4801 2526 4857 vinculum
2552 4805 2828 4877 conjugale
2855 4819 3133 4881 rumpatur
3159 4830 3173 4866 :
3202 4816 3310 4870 imo
3337 4815 3541 4876 firmius
3570 4823 3700 4886 erit,
3735 4836 3830 4892 quo

2256 4894 2425 4963 magis
2458 4910 2520 4950 ea
2563 4906 2716 4966 pacta
2755 4913 2936 4955 secum
2995 4903 3240 4975 inierint,
3284 4923 3403 4979 qua:
3450 4911 3667 4968 charius
3709 4929 3831 4969 con-

2256 4985 2573 5056 cordiusque
2613 4991 2872 5047 servanda
2921 5003 3065 5061 sunt,
3107 5013 3211 5052 non
3255 4982 3568 5071 voluptariis
3616 5005 3831 5062 nexibus

2255 5091 2576 5147 corporum,
2641 5082 2737 5137 sed
2800 5086 3112 5143 voluntariis
3171 5089 3450 5150 affectibus
3515 5097 3825 5152 animorum.

2255 5165 2435 5236 Neque
2492 5171 2634 5225 enim
2700 5171 2957 5231 fallaciter
3009 5178 3076 5232 ab
3131 5181 3320 5250 angelo
3380 5183 3582 5242 dictum
3635 5198 3716 5243 est
3771 5185 3832 5242 ad

2253 5257 2470 5329 Ioseph,
2508 5261 2635 5317 Noli
2679 5265 2851 5320 timere
2881 5269 3107 5339 accipere
3148 5271 3370 5329 Mariam
3413 5281 3677 5351 conjugem
3705 5291 3832 5334 tuam

2257 5351 2466 5424 (Matth.
2508 5372 2544 5420 ι,
2578 5357 2695 5429 20).
2733 5359 2940 5430 Conjux
2965 5374 3179 5419 vocatur
3203 5381 3268 5421 ex
3295 5369 3462 5436 prima
3484 5372 3586 5427 fide
3607 5373 3830 5443 despon-

2254 5445 2495 5513 sationis,
2539 5463 2696 5518 quam
2740 5452 3023 5507 concubitu
3062 5451 3162 5512 nec
3201 5471 3543 5530 cognoverat,
3581 5479 3681 5519 nec
3720 5464 3832 5520 fue-

2255 5544 2337 5590 rat
2379 5538 2734 5608 cogniturus:
2767 5556 2864 5597 nec
2911 5545 3169 5614 perierat,
3213 5565 3312 5606 nec
3359 5554 3582 5609 mendax
3625 5571 3828 5611 manse-

2317 5669 2334 5743 ξ
2367 5675 2570 5743 ξιιμ-ξιτ.
2598 5679 2649 5743 e_t
2665 5671 2852 5743 aliquot
2871 5684 2995 5735 Mss.,
3019 5688 3064 5730 et
3088 5694 3234 5743 usque
3254 5686 3390 5738 adeo.

2243 5730 2438 5852 jugaii’c
2472 5737 2578 5779 Mss.
2615 5733 2730 5784 aliti
2751 5730 2903 5787 'vero:
2934 5730 3004 5790 Ita
3033 5730 3448 5810 nwnétqnoddsnt
3468 5750 3704 5802 riuonluot
3727 5765 3833 5805 rat-

2318 5853 2338 5883 ³
2363 5851 2525 5903 l‘lures
2548 5862 2678 5918 3155.,
2704 5869 2916 5915 apostolo
2936 5865 3111 5916 annua.
