4012 6476
215 397 286 455 ,ει
1595 379 1791 436 LIBER

1909 381 2101 438 illlUS.

209 505 542 576 ratconjugis
573 501 885 574 appellatio,
906 499 992 554 ubi
1019 514 1115 553 nec
1137 498 1326 563 fuerat,
1355 512 1451 552 nec
1481 495 1650 549 futura
1681 503 1795 551 crat

210 599 374 656 carnis
414 595 522 652 ulla
558 593 897 650 commixtio.
928 591 1054 646 Erat
1081 590 1275 660 quippe
1306 588 1393 643 illa
1417 587 1566 657 virgo
1593 585 1712 640 ideo
1740 596 1794 640 et

208 691 438 747 sanctius
475 698 536 744 et
578 687 879 742 mirabilius
903 683 1134 756 jucunda
1176 698 1272 738 suo
1312 682 1449 749 viro,
1480 680 1601 751 quia
1633 679 1793 733 etiam

211 779 427 838 fecunda
457 779 580 835 sine
601 779 736 842 viro,
762 777 912 847 prole
940 775 1141 845 dispar,
1166 772 1270 828 ﬁde
1299 787 1537 842 compar.
1569 770 1798 840 Propter

209 875 343 946 quod
379 873 542 929 ﬁdele
583 870 889 942 conjugium
933 875 1178 939 parentes
1203 865 1401 921 Christi
1431 862 1608 920 vocari
1638 863 1798 919 ambo

213 976 542 1027 meruerunt,
572 973 627 1018 et
652 977 757 1017 non
780 962 948 1016 solum
971 960 1058 1014 illa
1088 967 1274 1018 mater.
1309 972 1493 1012 verum
1518 955 1683 1012 etiam
1709 955 1797 1012 ille

211 1069 354 1130 mter
379 1056 522 1127 ejus,
544 1056 680 1110 sicut
709 1053 901 1124 conjux
925 1052 1108 1106 matris
1129 1050 1264 1121 ejus,
1284 1057 1569 1119 utrumque
1591 1055 1794 1113 mente,

209 1164 309 1204 non
338 1162 524 1204 carne.
549 1147 676 1202 Sive
703 1155 878 1199 tamen
903 1143 992 1197 ille
1020 1151 1170 1212 pater
1191 1141 1305 1196 sola
1337 1149 1537 1206 mente,
1568 1141 1683 1194 sive
1709 1139 1795 1194 illa

209 1247 378 1294 mater
427 1247 483 1290 et
529 1252 712 1300 carne,
766 1241 1008 1304 parentes
1059 1241 1240 1286 tamen
1285 1229 1446 1284 ambo
1486 1229 1798 1285 humilitatis

209 1331 342 1398 ejus,
373 1345 483 1384 non
525 1327 898 1391 sublimitatis;
947 1324 1289 1392 inﬁrmitatis,
1336 1337 1442 1377 non
1484 1321 1794 1376 divinitatis.

210 1421 389 1492 Neque
432 1420 576 1474 enim
619 1418 874 1472 mentitur
914 1415 1281 1486 Evangelium,
1323 1414 1412 1469 ubi
1461 1413 1698 1484 legitur:
1732 1411 1801 1466 Et

212 1524 348 1569 erant
366 1521 514 1584 pater
534 1513 640 1580 eius
660 1522 707 1566 et
732 1520 889 1565 mater
915 1511 1151 1564 mirantes
1170 1525 1322 1579 super
1341 1508 1418 1561 his
1432 1523 1545 1577 qua:
1559 1505 1798 1560 diceban-

213 1618 289 1659 tur
325 1607 389 1659 de
425 1606 538 1658 illo.
589 1605 652 1658 Et
690 1603 796 1657 alio
837 1602 956 1656 loco
989 1619 1003 1656 :
1033 1598 1097 1653 Et
1129 1601 1270 1653 ibant
1299 1607 1526 1669 parentes
1564 1598 1674 1668 ejus
1709 1612 1798 1665 per

213 1715 378 1752 attines
410 1711 574 1749 annos
613 1697 664 1748 in
697 1693 1002 1748 Jerusalem.
1039 1691 1167 1746 Item
1191 1691 1348 1761 paulo
1372 1699 1492 1760 post
1526 1708 1540 1744 :
1573 1689 1638 1743 Et
1667 1688 1798 1742 dixit

214 1798 365 1841 mater
401 1788 516 1856 ejus
541 1787 610 1838 ad
632 1784 779 1838 illum
807 1783 895 1838 :F
897 1785 982 1848 ili,
1015 1785 1137 1855 quid
1164 1783 1326 1856 fecisti
1351 1783 1491 1836 nobis
1521 1781 1629 1836 sic?
1667 1779 1798 1836 Ecce

215 1893 348 1953 pater
390 1892 512 1934 tuus
551 1889 596 1933 et
643 1896 733 1951 ego
777 1878 999 1932 dolentes
1042 1876 1385 1944 quaerebamus
1414 1885 1481 1930 te.
1525 1875 1594 1930 At
1625 1875 1714 1929 ille
1739 1882 1798 1928 ut

212 1972 516 2026 ostenderet
543 1970 741 2025 habere
780 1984 837 2024 se
873 1978 1066 2039 praeter
1109 1967 1230 2023 illos
1271 1974 1497 2038 patrem,
1546 1967 1635 2037 qui
1671 1982 1793 2022 eum

213 2065 384 2136 genuit
431 2072 632 2134 prmter
671 2071 914 2126 matrem,
947 2059 1223 2130 respondit
1257 2059 1372 2114 eis:
1407 2058 1544 2126 Quid
1563 2069 1635 2113 est
1660 2059 1796 2129 quod

215 2174 283 2211 me
306 2153 650 2227 quaerebatis?
694 2152 1004 2207 Nesciebatis
1028 2152 1146 2222 quia
1170 2153 1224 2204 in
1254 2151 1330 2204 his
1357 2166 1470 2221 qua
1497 2149 1667 2205 Patris
1699 2150 1798 2205 mei

214 2257 334 2313 sunt,
370 2255 571 2316 oportet
610 2261 688 2298 me
716 2244 856 2299 esse?
897 2243 965 2297 Et
1003 2257 1237 2307 rursum,
1269 2257 1336 2297 ne
1374 2241 1476 2296 hoc
1512 2241 1655 2297 dicto
1698 2256 1795 2311 pa-

215 2349 383 2394 rentes
429 2337 552 2391 illos
594 2351 819 2407 negasse
867 2343 1158 2404 putaretur,
1203 2333 1540 2404 Evangelista
1583 2341 1796 2388 secutus

215 2433 486 2503 adjunxit:
525 2431 592 2486 Et
631 2432 729 2501 ipsi
759 2447 859 2485 non
883 2429 1234 2484 intellexerunt
1263 2428 1463 2483 verbum
1493 2427 1627 2493 quod
1652 2429 1792 2481 locu-

215 2537 283 2578 tus
299 2533 373 2579 est
400 2524 470 2577 ad
502 2523 640 2577 illos.
674 2521 740 2575 Et
760 2521 1013 2576 descendit
1035 2537 1148 2574 cum
1170 2520 1260 2584 eis,
1283 2529 1333 2574 et
1358 2518 1489 2572 venit
1512 2515 1793 2584 Nazareth,

217 2626 256 2670 et
277 2625 379 2669 erat
411 2615 647 2669 subditus
674 2614 775 2668 illis
804 2612 965 2688 (Luc.
995 2629 1052 2677 ll,
1074 2613 1164 2680 55,
1193 2613 1283 2680 41,
1314 2611 1480 2666 48-51
1507 2610 1548 2681 ).
1592 2610 1796 2678 Quibus

215 2704 470 2768 subditus,
503 2705 605 2758 nisi
640 2703 982 2774 parentibus?
1010 2703 1140 2770 Quis
1169 2709 1344 2756 autem
1377 2700 1620 2756 subditus
1642 2741 1657 2768 ,
1693 2700 1793 2757 nisi

214 2795 361 2851 .lesus
386 2795 657 2862 Christus,
686 2795 778 2866 qui
807 2811 927 2850 eum
960 2795 1010 2849 in
1043 2793 1210 2849 forma
1247 2791 1339 2848 Dei
1379 2801 1540 2858 esset,
1571 2808 1677 2847 non
1706 2807 1796 2847 ra-

216 2886 387 2954 pinam
413 2886 708 2940 arbitratus
736 2894 818 2940 est
841 2899 960 2940 esse
989 2883 1208 2954 aequalis
1233 2882 1376 2938 Deo‘l
1403 2881 1512 2937 Cur
1537 2897 1664 2954 ergo
1694 2881 1798 2937 illis

215 2977 476 3042 subditus,
504 2977 594 3046 qui
627 2977 783 3046 longe
807 2975 939 3031 inira
964 2974 1192 3030 formam
1224 2974 1319 3030 Dei
1344 2983 1516 3041 erant,
1547 2974 1649 3028 nisi
1673 2974 1794 3043 quia

216 3069 560 3141 semetipsum
591 3070 882 3125 exinanivit
911 3068 1134 3124 formam
1158 3067 1297 3122 servi
1328 3065 1649 3140 accipiens-(
1670 3065 1799 3121 Phi-

216 3165 298 3234 lip.
331 3181 388 3229 ιι,
419 3165 475 3231 6,
511 3162 602 3235 7),
635 3162 786 3234 cujus
821 3161 1006 3217 forma:
1041 3171 1288 3233 parentes
1320 3161 1510 3217 erant?
1543 3160 1649 3216 Sed
1676 3146 1796 3215 eum

217 3257 299 3312 illo
323 3273 431 3312 non
459 3257 761 3312 seminante
787 3255 874 3310 illa
903 3254 1214 3326 peperisset,
1245 3254 1481 3324 proiecto
1506 3269 1604 3309 nec
1633 3253 1798 3323 ipsius

219 3347 397 3402 formae
423 3347 566 3403 servi
594 3355 842 3417 parentes
863 3347 1019 3401 ambo
1039 3353 1240 3410 essent,
1260 3345 1359 3400 nisi
1391 3344 1530 3400 inter
1553 3360 1610 3400 se
1638 3345 1799 3401 etiam

218 3440 325 3495 sine
353 3440 536 3495 carnis
557 3439 935 3495 commixtione
954 3439 1206 3508 conjuges
1233 3446 1432 3493 essent.
1459 3436 1608 3494 Unde
1637 3447 1690 3492 et
1709 3451 1798 3494 se-

219 3531 317 3585 ries
343 3531 914 3603 generationum,cum
953 3538 1202 3602 parentes
1239 3531 1433 3585 Christi
1469 3531 1802 3588 conuexione

219 3623 570 3679 successionis
591 3632 1096 3686 commemorantur,
1118 3639 1284 3693 usque
1313 3624 1379 3678 ad
1403 3623 1598 3694 Joseph
1626 3625 1801 3695 potius

220 3717 348 3770 sicut
388 3716 584 3770 factum
630 3725 731 3782 est,
762 3715 929 3770 fuerat
953 3715 1285 3786 perducenda
1315 3715 1526 3789 (Matth.
1566 3733 1603 3783 ι,
1637 3717 1724 3784 16,
1754 3728 1799 3770 ct

223 3804 341 3859 Luc.
374 3823 450 3866 ut.
483 3806 592 3878 25)
618 3822 633 3871 ;
679 3822 744 3861 ne
771 3807 824 3861 in
852 3807 941 3862 illo
968 3805 1215 3877 eonjugio
1235 3847 1251 3874 ,
1280 3807 1416 3860 virili
1446 3808 1592 3862 sexui
1622 3808 1802 3877 utique

222 3898 407 3966 potiori
429 3898 584 3954 ﬁeret
607 3898 818 3967 injuria,
839 3913 959 3953 cum
980 3898 1190 3954 veritati
1216 3897 1346 3953 nihil
1377 3898 1572 3968 periret
1590 3897 1710 3969 quia
1735 3914 1802 3954 ex

219 3989 417 4043 semine
444 3989 628 4054 David,
649 4005 712 4044 ex
734 4005 838 4059 quo
859 3999 1110 4046 venturus
1129 3989 1412 4060 praedictus
1430 3997 1514 4046 est
1537 3989 1800 4059 Christus,

222 4090 274 4136 et
298 4080 494 4151 Joseph
521 4091 637 4137 erat
662 4090 716 4136 et
735 4081 914 4136 Maria.

291 4174 376 4228 15.
421 4172 594 4229 Omne
633 4173 812 4243 itaque
853 4174 1151 4243 nuptiarum
1195 4173 1386 4229 bonum
1419 4172 1692 4244 impletum
1722 4182 1805 4230 est

223 4265 271 4318 in
300 4264 403 4318 illis
430 4263 738 4334 parentibus
757 4263 974 4333 Christi,
1001 4264 1196 4334 proles,
1220 4264 1367 4330 ﬁdes,
1393 4277 1803 4321 sacramentum.

226 4356 430 4412 Prolem
459 4356 829 4428 cognoscimus
861 4356 1031 4427 ipsum
1065 4357 1343 4411 Dominum
1374 4356 1553 4411 Jesum
1580 4374 1592 4410 :
1621 4356 1801 4424 ﬁdem,

223 4449 338 4518 quia
385 4449 588 4504 nullum
628 4448 944 4505 adulterium
978 4457 1411 4506 :sacrameutum
1447 4447 1568 4519 quia
1604 4448 1805 4503 nullum

221 4542 527 4596 divortium.

292 4633 519 4691 CAPUT
548 4633 919 4690 IUL—Omnis
943 4651 1056 4704 qua!
1073 4633 1136 4688 de
1150 4634 1410 4689 concubitu
1433 4635 1674 4700 nascitur,
1689 4650 1807 4689 caro

224 4729 420 4794 peccati
445 4738 536 4782 est.
579 4728 736 4783 Solus
777 4727 849 4782 ibi
895 4727 1144 4797 nuptialis
1186 4727 1497 4782 concubitus
1544 4742 1650 4781 non
1688 4727 1805 4792 fuit,

224 4822 345 4890 quia
378 4821 432 4875 in
460 4836 623 4875 carne
653 4819 854 4889 peccati
884 4818 995 4874 ﬁeri
1025 4833 1127 4871 non
1152 4827 1361 4888 poterat
1381 4819 1495 4872 sine
1520 4818 1603 4871 illa
1633 4818 1810 4872 carnis

224 4910 470 4978 pudenda
518 4910 986 4978 concupiscentia,
1031 4923 1150 4978 qua:
1204 4908 1394 4962 accidit
1445 4923 1509 4962 ex
1557 4915 1805 4976 peccato,

223 5003 338 5055 sine
386 5017 489 5073 qua
530 5000 738 5070 concipi
767 5001 950 5063 voluit,
987 5001 1075 5070 qui
1119 5000 1322 5055 futurus
1367 5010 1481 5054 erat
1527 5001 1643 5054 sine
1690 5017 1812 5070 pec-

224 5103 366 5157 cato,
397 5108 503 5146 non
534 5093 586 5146 in
625 5107 786 5146 carne
819 5092 1044 5162 peccati,
1076 5091 1168 5146 sed
1215 5092 1264 5145 iu
1313 5091 1657 5146 similitudine
1695 5107 1812 5146 car-

227 5184 311 5236 nis
351 5183 554 5253 peccati
591 5180 782 5255 (Rom.
819 5199 929 5245 Vill,
963 5183 998 5238 3
1022 5183 1039 5253 )
1067 5200 1079 5236 :
1109 5191 1169 5238 ut
1207 5182 1330 5237 hinc
1376 5184 1534 5237 etiam
1574 5181 1809 5247 doceret,

226 5287 440 5327 ornuem
467 5287 586 5342 qua:
611 5271 678 5327 de
706 5272 988 5328 concubitu
1017 5273 1270 5336 nascitur,
1301 5287 1513 5327 carnem
1547 5287 1665 5328 esse
1693 5287 1814 5341 pec~

224 5367 353 5433 cati;
381 5366 811 5438 quandoquidem
847 5368 960 5422 sola
987 5383 1105 5438 quae
1131 5383 1237 5422 non
1265 5366 1388 5423 inde
1419 5377 1536 5423 nata
1563 5377 1676 5433 est,
1707 5384 1812 5422 non

227 5459 331 5514 fuit
367 5474 495 5515 caro
534 5460 758 5530 peccati.
787 5460 1042 5528 Quamvis
1071 5461 1360 5531 conjugalis
1385 5461 1696 5515 concubitus
1725 5462 1814 5532 qui

228 5550 292 5605 ﬁt
316 5551 608 5607 intentione
635 5551 942 5623 generandi,
967 5566 1072 5606 non
1105 5552 1172 5606 sit
1197 5551 1312 5622 ipse
1342 5561 1616 5622 peccatum
1651 5572 1664 5608 :
1693 5555 1814 5625 quia

229 5646 369 5700 bona
391 5645 634 5701 voluntas
659 5644 843 5713 animi,
870 5654 1179 5716 sequentem
1208 5645 1373 5713 ducit,
1401 5661 1504 5701 non
1536 5646 1814 5702 ducentem

228 5736 472 5804 sequitur
515 5734 757 5805 corporis
798 5735 1149 5805 voluptatem;
1195 5751 1294 5792 nec
1344 5736 1630 5792 humanum
1671 5737 1813 5792 arbi-

232 5826 393 5882 trium
418 5826 644 5882 trahitur
665 5824 975 5897 subjugante
993 5835 1230 5897 peccato,
1255 5842 1376 5881 cum
1396 5827 1538 5898 juste
1564 5827 1815 5899 redigitur

3387 397 3493 456 122

1907 494 1957 547 ῑη
1988 510 2140 549 usum
2181 498 2466 566 generandi
2508 501 2657 573 plaga
2697 505 2924 574 peccati.
2965 506 3132 578 Hujus
3159 507 3332 580 plaga:
3363 512 3491 581 qui-

1901 583 2022 637 dam
2074 587 2306 654 pruritus
2357 589 2408 643 in
2457 590 2835 650 adulteriorum
2883 605 2938 652 et
2983 598 3389 655 l'ornicationum
3434 611 3492 656 et

1903 677 2259 744 quorumlibet
2297 687 2600 750 stuprorum
2643 694 2801 756 atque
2843 687 3295 746 immunditiarum
3337 693 3490 748 {tedi-

1904 766 2100 822 tatibus
2138 778 2356 840 regnat;
2408 772 2459 826 in
2499 777 2884 833 connubiorum
2914 795 3038 835 vero
3074 785 3486 840 necessitudini-

1903 855 2002 911 bus
2024 859 2040 890 ⁸
2071 860 2253 915 servit.
2304 862 2378 917 lbi
2413 862 2482 919 de
2510 864 2727 921 domino
2750 868 2837 923 tali
2865 871 3134 940 turpitudo
3163 874 3446 930 damnatur
3470 918 3485 938 ,

1903 947 1991 1004 hie
2012 949 2077 1004 de
2100 953 2416 1024 pedissequo
2441 956 2531 1010 tali
2561 955 2809 1014 honestas
2831 963 3240 1018 verecundatur.
3266 965 3382 1020 Non
3403 979 3488 1022 est

1905 1039 2063 1110 igitur
2099 1041 2214 1098 hzec
2257 1044 2422 1100 libido
2460 1048 2762 1117 nuptiarum
2789 1049 3008 1123 bonum,
3045 1055 3138 1109 sed
3168 1056 3490 1113 obscoenitas

1905 1135 2260 1200 peccantium,
2294 1139 2584 1194 necessitas
2613 1144 3000 1211 generantium,
3031 1145 3364 1203 lasciviarum
3393 1164 3487 1204 ar-

1903 1222 2021 1291 dor,
2058 1226 2358 1295 nuptiarum
2391 1230 2578 1300 pudor.
2627 1233 2734 1288 Cur
2776 1248 2905 1305 ergo
2942 1252 3045 1290 non
3090 1238 3338 1309 conjuges
3374 1257 3489 1296 ma-

1903 1323 2083 1383 neant,
2135 1318 2225 1387 qui
2277 1334 2343 1374 ex
2394 1335 2658 1378 consensu
2711 1326 3066 1383 concumbere
3113 1329 3388 1396 desinunt;
3443 1333 3488 1387 si

1903 1415 2213 1461 manserunt
2233 1409 2486 1481 conjuges
2510 1411 2705 1483 Joseph
2728 1422 2782 1468 et
2805 1414 2988 1481 Maria,
3012 1418 3102 1489 qui
3127 1421 3488 1478 concumbere

1902 1511 2002 1551 nec
2023 1502 2336 1567 coeperunt?
2597 1523 2602 1528 ν

1970 1588 2196 1645 CAPUT
2236 1591 2445 1646 Xlll.—
2465 1595 2550 1650 14.
2590 1597 2718 1653 Ante
2741 1599 2996 1656 Christum
3022 1613 3216 1677 tempus
3241 1609 3482 1676 nubendi,

1900 1688 2010 1748 post
2035 1679 2286 1736 Christum
2313 1687 2600 1740 continendi
2627 1700 2820 1759 tempus
2842 1702 2933 1747 est.
2969 1695 3094 1752 Haec
3114 1699 3254 1752 enim
3287 1715 3482 1771 propa-

1899 1772 2043 1842 gatio
2069 1772 2317 1841 ﬁliorum,
2347 1793 2466 1848 quae
2497 1779 2547 1833 in
2579 1783 2776 1837 sanctis
2805 1785 3046 1852 patribus
3076 1799 3294 1860 propter
3318 1807 3483 1861 gene-

1899 1863 2122 1917 randum
2152 1874 2208 1919 et
2245 1871 2671 1926 conservandum
2705 1875 2954 1944 p0pulum
2991 1877 3114 1942 Dei,
3149 1879 3199 1934 in
3227 1897 3332 1951 quo
3354 1897 3485 1953 pro-

1901 1955 2133 2024 phetiam
2176 1957 2372 2016 Christi
2416 1964 2719 2033 praecedere
2767 1969 3036 2037 oportuit,
3094 1970 3482 2030 ofﬁciosissima

1901 2046 2028 2115 fuit,
2060 2065 2199 2105 nunc
2223 2051 2332 2121 jam
2367 2054 2672 2111 non‘habet
2710 2057 2852 2112 illam
2900 2061 3291 2118 necessitatem.
3333 2065 3484 2120 Patet

1901 2139 2098 2210 quippe
2119 2140 2227 2211 jam
2253 2158 2318 2198 ex
2353 2145 2599 2200 omnibus
2626 2148 2873 2217 gentibus
2893 2150 3242 2220 spiritualiter
3259 2154 3479 2225 gignen-

1899 2229 2124 2299 dorum,
2157 2233 2524 2305 undecumque
2567 2239 2852 2294 carnaliter
2897 2241 3004 2296 nati
3051 2241 3281 2311 fuerint,
3333 2245 3488 2315 copia

1901 2320 2150 2376 ﬁliorum.
2182 2324 2246 2378 Et
2270 2325 2410 2395 quod
2440 2328 2696 2398 scriptum
2725 2340 2836 2396 est,
2869 2331 3089 2405 Tempus
3114 2335 3486 2406 amplectendi,

1899 2423 1946 2466 et
1958 2423 2153 2483 tempus
2170 2417 2459 2472 continendi
2477 2419 2539 2474 ab
2559 2424 2795 2492 amplexu
2818 2424 3011 2496 (Eccle.
3031 2443 3110 2494 ut,
3127 2430 3213 2500 5);
3248 2447 3341 2500 per
3359 2433 3487 2488 illud

1898 2511 2056 2574 atque
2069 2505 2170 2560 hoc
2186 2515 2394 2578 tempus
2406 2511 2426 2542 ¹
2447 2515 2753 2581 agnoscitur
2765 2515 3124 2573 distributum.
3147 2521 3276 2577 lllud
3294 2525 3489 2595 quippe

1899 2595 1999 2652 fuit
2019 2599 2393 2669 amplectendi,
2423 2601 2527 2659 hoc
2560 2613 2735 2660 autem
2781 2609 3085 2664 continendi
3115 2613 3184 2668 ab
3212 2617 3484 2684 amplexu.

1973 2689 2060 2744 15.
2100 2689 2282 2762 itaque
2309 2701 2364 2748 et
2393 2694 2678 2764 Apostolus
2702 2712 2822 2752 cum
2856 2699 2980 2754 hinc
3006 2701 3332 2774 loqueretur,
3362 2707 3438 2762 ait
3469 2709 3495 2763 ε’

1902 2780 2016 2836 Hoc
2046 2793 2214 2838 auten:
2252 2785 2364 2840 dico
2384 2827 2399 2854 ,
2427 2787 2608 2857 fratres
2631 2805 2650 2844 :
2691 2799 2885 2863 tempus
2921 2793 3064 2849 breve
3102 2807 3216 2863 est;
3242 2800 3489 2873 reliquum

1900 2882 1973 2928 est
1995 2884 2042 2928 et
2063 2883 2118 2928 ut
2137 2877 2222 2945 qui
2243 2877 2428 2932 habent
2448 2895 2632 2936 uxores
2652 2890 2892 2954 tanquam
2909 2902 3008 2939 non
3029 2887 3262 2945 habentes
3285 2893 3384 2947 sint
3400 2909 3420 2958 ;
3439 2903 3489 2949 et

1899 2967 1984 3038 qui
2001 2968 2144 3038 ﬂent,
2173 2977 2412 3039 tanquam
2437 2987 2537 3026 non
2561 2974 2775 3042 ﬂentes;
2801 2985 2846 3029 et
2866 2977 2952 3048 qui
2971 2979 3193 3048 gaudent
3213 3022 3226 3045 ,
3251 2990 3490 3053 tanquam

1901 3075 2002 3113 non
2022 3060 2294 3130 gaudentes
2314 3077 2334 3126 ;
2354 3073 2401 3117 et
2415 3064 2501 3133 qui
2521 3075 2708 3131 emunt,
2727 3075 2966 3137 tanquam
2989 3086 3089 3124 non
3108 3073 3412 3141 possidentes
3431 3075 3491 3142 ³;

1902 3158 1949 3203 et
1967 3149 2052 3217 qui
2072 3159 2282 3206 utuntur
2298 3153 2392 3206 hoc
2407 3156 2614 3220 mundo,
2635 3165 2872 3226 tanquam
2894 3175 2996 3213 non
3015 3170 3253 3217 utantur:
3273 3168 3495 3235 praeterit

1901 3240 2035 3294 enim
2053 3241 2221 3310 ﬁgura
2242 3242 2394 3314 hujus
2414 3245 2608 3298 mundi.
2639 3245 2763 3300 Volo
2779 3263 2864 3301 vos
2883 3250 2990 3304 sine
3007 3252 3344 3311 sollicitudine
3363 3273 3488 3313 esse.

1902 3328 2029 3384 Haec
2047 3331 2246 3396 omnia,
2264 3340 2322 3386 ut
2340 3335 2654 3403 exponendo
2673 3337 2871 3408 aliquid
2893 3338 3017 3396 hinc
3035 3341 3270 3400 breviter
3291 3345 3488 3416 dicam,

1903 3420 1981 3475 sic
2005 3421 2250 3476 existimo
2279 3423 2638 3495 intelligenda.
2670 3425 2816 3494 Hoc,
2850 3428 3053 3500 inquit,
3085 3428 3197 3486 dico
3217 3476 3232 3501 ,
3260 3435 3443 3504 fratres
3473 3451 3492 3489 :

1904 3518 2099 3582 tempus
2127 3511 2269 3567 breve
2294 3523 2366 3567 est
2387 3529 2406 3568 :
2433 3529 2536 3569 non
2560 3514 2733 3574 adhuc
2756 3519 2982 3588 populus
3004 3519 3094 3575 Dei
3116 3525 3492 3595 propagaudus

1905 3612 1988 3658 est
2013 3605 2352 3674 generatione
2374 3608 2676 3673 carnaliter,
2705 3610 2798 3665 sed
2820 3611 2928 3682 jam
2958 3617 3362 3684 regeneratione
3382 3619 3492 3688 spi-
3545 3619 3564 3627 ’

1906 3692 2165 3749 ritualiter
2200 3696 2548 3767 colligendus.
2590 3699 2858 3770 Reliquum
2899 3712 2970 3757 est
3011 3719 3172 3775 ergo,
3215 3716 3272 3761 ut
3313 3718 3362 3763 et
3405 3712 3493 3780 qui

1906 3785 2088 3840 habent
2116 3803 2296 3843 uxores
2316 3831 2330 3854 ,
2363 3804 2467 3844 non
2497 3792 2695 3845 carnali
2723 3781 3170 3864 concupiscentia:
3203 3799 3494 3872 subjugen-

1908 3887 2025 3947 tur;
2057 3889 2100 3934 et
2126 3883 2211 3950 qui
2234 3883 2359 3952 ﬂent
2392 3883 2600 3938 tristitia
2628 3887 2906 3954 prazsentis
2935 3889 3081 3956 mali,
3112 3873 3374 3960 gitudeant
3397 3908 3498 3965 spe

1907 3969 2069 4026 futuri
2101 3971 2258 4038 boni;
2288 3983 2336 4028 et
2362 3975 2449 4045 qui
2473 3976 2693 4047 gaudent
2725 3988 2942 4048 propter
2967 3983 3257 4052 temporale
3280 3986 3496 4058 aliquod

1907 4063 2269 4129 commodum,
2295 4065 2514 4121 timeant
2532 4075 2791 4123 teternum
2809 4069 3100 4140 judicium;
3128 4082 3173 4128 et
3196 4077 3282 4144 qui
3301 4086 3497 4145 emunt,

1907 4154 1986 4210 sic
2012 4155 2256 4210 habendo
2282 4157 2620 4227 possideant,
2657 4169 2716 4214 ut
2740 4161 2970 4216 amando
2996 4178 3102 4218 non
3144 4163 3416 4234 haereant;
3447 4177 3499 4222 et

1907 4247 1995 4318 qui
2018 4256 2230 4301 utuntur
2255 4247 2350 4300 hoc
2375 4249 2583 4315 mundo,
2613 4251 2840 4306 transire
2871 4267 2930 4306 se
2957 4254 3208 4323 cogitent,
3240 4272 3343 4310 non
3374 4273 3493 4312 ma-

1911 4352 2059 4392 nere.
2108 4338 2341 4392 Praeterit
2390 4339 2523 4392 enim
2563 4340 2728 4409 ﬁgura
2772 4340 2924 4411 hujus
2961 4344 3158 4395 mundi.
3219 4343 3340 4399 Volo
3384 4363 3496 4414 vos,

1910 4428 2111 4498 inquit,
2142 4430 2250 4484 sine
2291 4430 2624 4485 sollicitudine
2653 4447 2796 4486 esse:
2837 4431 2938 4488 hoc
2975 4442 3089 4501 est,
3131 4436 3252 4490 volo
3281 4453 3498 4494 sursum

1910 4534 2004 4575 cor
2033 4519 2086 4574 in
2117 4520 2200 4576 his
2223 4536 2343 4592 qute
2371 4536 2476 4576 non
2505 4530 2861 4592 praetereunt,
2891 4539 2988 4580 vos
3029 4525 3245 4582 habere.
3291 4529 3498 4587 Deinde

1911 4609 2178 4683 subjungit
2203 4621 2258 4668 et
2284 4611 2447 4668 dicit:
2479 4613 2579 4682 Qui
2610 4614 2718 4669 sine
2740 4631 2896 4668 uxore
2924 4625 3030 4684 est,
3070 4618 3254 4688 cogitat
3295 4636 3356 4676 ea
3382 4638 3502 4693 quia

1911 4714 2029 4758 sunt
2059 4706 2290 4774 Domini,
2318 4707 2566 4777 quomodo
2588 4707 2781 4777 placeat
2807 4705 3026 4761 Domino
3046 4723 3066 4762 :
3087 4708 3176 4779 qui
3197 4721 3362 4766 autem
3387 4730 3496 4770 ma-

1914 4797 2149 4852 trimonio
2164 4799 2376 4868 junctus
2398 4808 2472 4853 est
2490 4839 2506 4864 ,
2522 4795 2716 4869 'cogitat
2741 4816 2855 4868 qua:
2881 4809 2998 4854 sunt
3024 4803 3222 4874 mundi,
3242 4809 3501 4876 quomodo

1915 4891 2113 4962 placeat
2150 4892 2297 4944 uxori
2325 4890 2366 4963 (1
2394 4890 2511 4947 Cor.
2554 4908 2659 4958 vu,
2687 4893 2902 4966 29-53).
2952 4896 3128 4968 Atque
3154 4899 3224 4955 ita
3264 4903 3498 4971 quodam

1916 4982 2076 5037 modo
2105 4982 2320 5051 exponit
2343 4982 2482 5053 quod
2513 4999 2669 5053 supra
2698 4984 2933 5052 dixerat,
2965 4987 3065 5054 Qui
3087 4989 3268 5045 habent
3293 5009 3497 5062 uxores,

1917 5085 2154 5147 tanquam
2174 5092 2272 5129 non
2293 5077 2526 5130 habentes
2544 5077 2660 5130 sint.
2684 5078 2783 5147 Qui
2805 5081 2947 5134 enim
2969 5080 3047 5136 sic
3068 5080 3263 5139 habent
3281 5101 3498 5156 uxores,

1919 5176 1976 5222 ut
1991 5167 2223 5237 cogitent
2239 5183 2298 5221 ea
2319 5183 2436 5237 «pia:
2451 5175 2578 5223 sunt
2603 5168 3112 5241 Domini,quomodo
3132 5175 3376 5244 placeant
3399 5179 3501 5232 Do—
3549 5199 3551 5201 ί

1921 5257 2087 5323 mino,
2109 5272 2204 5312 nec
2219 5258 2268 5310 in
2293 5257 2372 5310 his
2388 5274 2506 5328 qua:
2522 5267 2647 5314 sunt
2662 5259 2868 5330 mundi,
2886 5263 3120 5333 cogitent
3140 5269 3350 5337 placere
3365 5283 3497 5323 uxo-

1922 5351 2084 5417 ribus,
2109 5359 2354 5420 tauquam
2383 5367 2486 5406 non
2517 5351 2775 5410 habentes
2793 5363 2935 5410 sunt.
2959 5355 3111 5427 Quod
3141 5357 3344 5414 facilius
3371 5359 3428 5413 ﬁt
3452 5359 3494 5426 ⁸,

1985 5528 2003 5560 ¹
2040 5527 2226 5591 Aliquot
2242 5533 2371 5586 Mss,
2395 5527 2768 5580 necessitatibus.

1986 5591 2006 5654 ξ
2039 5587 2233 5648 Quidam
2251 5602 2280 5636 e
2299 5591 2531 5638 Vaticanis
2553 5598 2677 5650 uss,
2706 5602 2794 5654 per
2818 5594 3069 5652 utrumque
3090 5587 3180 5640 hoc
3202 5594 3405 5653 tempus.

1989 5651 2008 5712 ξ
2039 5660 2217 5698 omnes
2241 5657 2366 5708 Mss,
2392 5656 2617 5712 tanquam
2640 5651 2731 5701 non
2753 5658 2979 5712 ementes.

1987 5711 2008 5742 δ
2040 5710 2546 5782 μωηενδςι-δοξηιιξεε
2570 5746 2584 5770 ,
2620 5713 2826 5782 quodeo
2870 5710 3096 5782 [elicitam
3125 5710 3198 5776 ﬁt.
3232 5719 3333 5782 nuo
3377 5721 3502 5776 Mss,

1925 5772 2052 5882 trgi!
2070 5785 2127 5894 qu
2144 5770 2372 5881 [τι-ἐξέπιε
2391 5769 2462 5834 ﬁt.
2485 5769 2614 5821 Unus
2634 5769 2662 5822 e
2684 5769 2915 5822 Vaticanis
2939 5780 3043 5822 MSS.
3065 5785 3094 5821 a
3108 5769 3321 5824 secunda
3344 5769 3510 5840 nam,

1928 5849 1958 5893 (ἶ
1981 5850 1989 5858 ·
2097 5848 2167 5881 (tot
2189 5847 2216 5881 ρ
2298 5869 2308 5879 .

1928 5849 1958 5893 q
1981 5847 2050 5882 'oa
2076 5847 2216 5893 [ante
2240 5847 2308 5881 nt.
