4012 6474
526 369 629 427 ηε

529 483 736 552 quando
774 489 828 538 ct
856 494 1049 536 uxores
1078 475 1210 531 tales
1236 481 1392 537 sunt,
1423 481 1480 525 ιιι
1520 470 1596 524 eis
1637 466 1809 522 mariti
1839 481 1943 520 non
1981 461 2102 518 ideo

526 575 787 643 placeant,
844 573 964 642 quia
1006 568 1218 631 divites,
1260 566 1382 634 quia
1425 562 1700 623 sublimes,
1744 558 1864 627 quia
1913 568 2108 643 genere

525 642 729 720 nobiles
749 706 764 730 ,
796 664 918 733 quia
946 674 1109 716 carne
1136 655 1392 712 amabiles
1417 671 1430 708 :
1460 652 1552 706 sed
1583 651 1704 720 quia
1734 648 1952 714 ﬁdeles,
1983 642 2108 716 quia

526 757 782 826 religiosi,
814 754 935 824 quia
963 751 1138 822 pudici
1157 792 1172 816 ,
1200 749 1323 820 quia
1353 747 1452 802 viri
1478 745 1600 801 boni
1627 751 1768 799 sunt.

593 846 818 902 CAPUT
857 843 1161 899 XlV.—16.
1188 838 1583 910 Intemperantia
1601 834 1831 906 quadam
1855 833 1908 886 in
1931 831 2111 902 conju-

523 941 665 1012 gibus
695 938 975 992 toleranda.
1009 935 1142 991 Usus
1169 931 1475 988 matrimonii
1500 930 1560 984 ob
1585 928 1745 984 solam
1771 926 1992 981 libidinis
2017 940 2107 978 vo-

522 1033 765 1103 luptatem
805 1047 906 1084 non
947 1038 1080 1082 caret
1105 1027 1271 1097 culpa,
1307 1023 1395 1080 sed
1425 1031 1630 1092 propter
1673 1019 1876 1088 nuptias
1905 1016 2105 1070 veniali.

524 1125 723 1180 Verum
747 1126 799 1177 in
820 1121 1139 1193 conjngatis,
1169 1129 1226 1174 ιιι
1253 1118 1368 1172 ιιωο
1391 1114 1618 1185 optanda
1643 1123 1802 1182 atque
1822 1108 2103 1171 laudanda,

523 1217 600 1271 sic
623 1216 724 1271 alia
765 1213 1034 1275 toleranda
1064 1219 1220 1276 sunt,
1259 1224 1328 1263 ne
1361 1209 1417 1262 in
1450 1203 1766 1261 damuabilia
1797 1202 1992 1272 ﬂagitia
2012 1240 2028 1267 ,
2054 1199 2108 1254 id

523 1318 637 1372 est,
669 1308 722 1360 in
751 1305 1123 1360 fornicationes
1146 1301 1230 1355 vel
1260 1297 1516 1353 adulteria
1553 1303 1850 1350 corruatur.
1882 1292 2110 1361 Propter

523 1397 664 1466 quod
706 1396 974 1451 vitandum
1005 1394 1200 1448 malum
1227 1433 1240 1456 ,
1272 1390 1430 1445 etiam
1470 1388 1544 1442 illi
1582 1385 1893 1441 concubitus
1919 1381 2108 1452 conju-

522 1503 668 1562 gnm,
700 1488 787 1558 qui
813 1502 918 1541 non
950 1485 1082 1538 ﬁunt
1107 1498 1265 1539 causa
1292 1477 1599 1552 generandi,
1628 1477 1721 1531 sed
1746 1473 1952 1530 victrici
1979 1488 2107 1528 con-

523 1581 864 1652 cupiscentitc
890 1578 1147 1643 serviunt,
1171 1576 1224 1630 in
1249 1573 1442 1644 quibus
1461 1571 1714 1641 jubentur
1734 1583 1842 1622 non
1862 1566 2108 1621 fraudare

523 1675 750 1728 invicem
771 1713 786 1737 ,
817 1687 884 1726 ne
926 1677 1091 1726 tentet
1123 1683 1217 1723 cos
1246 1674 1459 1721 satanas
1498 1672 1715 1733 propter
1743 1661 2133 1746 intemperan-o

525 1766 652 1820 tiam
677 1779 861 1830 suam;
892 1776 996 1816 non
1022 1759 1234 1831 quidem
1275 1755 1565 1814 secundum
1604 1753 1884 1823 imperium
1923 1749 2110 1821 pracci-

525 1855 762 1924 piuntur,
800 1861 976 1907 tamen
1018 1848 1308 1906 secundum
1348 1846 1555 1902 veniam
1597 1842 1978 1899 conceduntur.
2019 1839 2109 1896 Sic

525 1947 666 2002 enim
697 1945 949 2014 scriptum
971 1951 1055 1999 est
1078 1960 1092 1996 :
1127 1940 1287 1996 Uxori
1307 1941 1382 1994 vir
1407 1939 1624 1993 debitum
1648 1935 1847 1998 reddat,
1877 1933 2108 1990 similiter

523 2047 689 2091 autem
719 2045 766 2091 et
795 2051 924 2090 uxor
951 2035 1076 2089 viro.
1109 2032 1295 2086 Mulier
1320 2031 1398 2085 sui
1431 2029 1656 2099 corporis
1686 2035 1976 2097 potestatem
2007 2040 2108 2078 non

525 2129 706 2194 habet,
739 2127 827 2182 sed
851 2129 926 2182 vir
947 2141 968 2181 :
1007 2125 1238 2180 similiter
1265 2131 1431 2176 autem
1460 2133 1508 2174 et
1541 2120 1618 2174 vir
1640 2119 1720 2173 sui
1754 2118 1982 2187 corporis
2011 2131 2106 2186 po-

525 2231 747 2277 testatem
773 2237 874 2275 non
894 2221 1058 2284 habet,
1083 2217 1171 2272 sed
1195 2217 1395 2270 mulier.
1423 2213 1596 2268 Nolite
1617 2212 1824 2266 invicem
1846 2209 2104 2280 fraudare,

524 2315 623 2372 nisi
647 2331 710 2368 ea:
734 2329 978 2367 consensu
1007 2311 1075 2366 ad
1099 2307 1330 2380 tempus,
1359 2316 1414 2360 ut
1440 2306 1622 2360 vacetis
1648 2303 1902 2368 orationi;
1928 2311 1975 2356 et
2008 2302 2104 2354 ite-

525 2422 638 2460 rum
679 2405 747 2459 ad
773 2405 993 2475 idipsum
1023 2411 1214 2458 estote:
1255 2417 1317 2454 ne
1358 2407 1508 2453 tentet
1545 2413 1631 2450 vos
1667 2403 1870 2477 satanas
1905 2402 2109 2464 propter

523 2497 960 2566 intemperantiam
985 2501 1212 2548 vestram.
1248 2489 1360 2544 Hoc
1386 2499 1553 2543 autem
1579 2487 1690 2540 dico
1715 2483 1989 2540 secundant
2021 2498 2107 2536 ve-

524 2589 682 2655 niam,
707 2605 805 2641 non
825 2585 1094 2641 secundum
1111 2583 1374 2654 imperium
1392 2578 1568 2651 (lCor.
1586 2596 1681 2645 vn,
1702 2577 1839 2650 5-6).
1861 2577 1961 2633 Ubi
1979 2590 2109 2647 ergo

523 2678 676 2734 venia
698 2676 871 2732 danda
891 2683 992 2742 est,
1015 2675 1210 2746 aliquid
1231 2689 1350 2729 esse
1369 2673 1537 2742 culpa:
1559 2671 1700 2726 nulla
1725 2670 1927 2724 ratione
1951 2683 2109 2739 nega-

525 2771 688 2826 bitur.
728 2771 858 2826 Cutn
887 2771 1042 2839 igitur
1069 2767 1348 2838 culpabilis
1375 2783 1481 2822 non
1511 2766 1581 2820 sit
1606 2764 1894 2836 generandi
1935 2763 2111 2818 inten-

526 2863 668 2917 tione
695 2860 1027 2927 concubitus,
1050 2859 1137 2929 qui
1166 2859 1378 2928 proprie
1404 2857 1603 2928 nuptiis
1629 2853 1968 2924 imputandus
1994 2863 2105 2920 est;

524 2954 647 3024 quid
679 2951 965 3008 secundum
997 2952 1204 3005 veniam
1230 2948 1473 3004 concedit
1498 2947 1780 3016 Apostolus
1801 2987 1818 3013 ,
1849 2945 1949 3000 nisi
1969 2943 2108 3015 quod

525 3045 805 3114 conjuges,
837 3042 960 3122 dum
988 3055 1047 3096 se
1076 3056 1182 3096 non
1211 3041 1506 3104 continent,
1539 3038 1777 3092 debitum
1823 3036 1890 3091 ab
1938 3037 2110 3091 alter-

528 3145 646 3191 utro
695 3135 870 3190 carnis
915 3140 1248 3204 exposcunt,
1288 3147 1396 3187 non
1444 3132 1717 3187 voluntate
1764 3130 2107 3200 propaginis,

526 3226 620 3282 sed
666 3225 899 3282 libidinis
943 3223 1253 3293 voluptate?
1301 3223 1431 3290 Quae
1483 3231 1658 3278 tamen
1713 3222 1956 3291 voluptas
2001 3209 2123 3276 non

526 3329 743 3389 propter
779 3317 985 3386 nuptias
1010 3315 1153 3372 cadit
1182 3316 1234 3370 in
1260 3316 1496 3385 culpam,
1538 3313 1631 3369 sed
1659 3323 1875 3384 propter
1900 3312 2111 3382 nuptias

525 3411 718 3481 accipit
753 3409 979 3465 veniam.
1012 3408 1272 3477 Quocirca
1309 3408 1469 3463 etiam
1500 3406 1626 3460 hinc
1665 3412 1789 3460 sunt
1823 3404 2111 3460 laudabiles

525 3502 759 3571 nuptiae,
817 3501 937 3571 quia
986 3509 1042 3556 et
1089 3498 1218 3554 illud
1268 3497 1409 3568 quod
1461 3513 1568 3551 non
1623 3497 1850 3566 pertinet
1895 3493 1962 3549 ad
2014 3509 2108 3560 se,

525 3591 724 3660 ignosci
763 3590 956 3644 iaciunt
994 3599 1212 3659 propter
1249 3603 1326 3642 se.
1368 3587 1552 3657 Neque
1607 3587 1747 3642 enim
1796 3587 1955 3641 etiam
2011 3586 2113 3642 iste

525 3681 834 3733 concubitus
854 3693 958 3748 quo
982 3679 1210 3732 servitur
1230 3677 1674 3746 concupiscentia:
1693 3717 1709 3742 ,
1733 3675 1810 3731 sic
1829 3676 2029 3747 agitur,
2055 3685 2112 3731 ut

529 3770 850 3840 impediatur
875 3768 1014 3824 fetus
1035 3809 1050 3835 ,
1087 3783 1244 3838 quem
1274 3767 1541 3837 postulant
1575 3767 1787 3837 nuptiae.

597 3877 823 3934 CAPUT
862 3877 977 3932 XV.
999 3907 1070 3918 ——
1089 3877 1174 3932 17.
1215 3875 1283 3930 In
1309 3893 1400 3931 usu
1421 3877 1649 3947 coniugis
1669 3876 1788 3947 quid
1811 3877 1918 3930 sine
1935 3876 2109 3946 culpa,

527 3970 650 4040 quid
673 3987 788 4024 cum
816 3969 998 4024 veniali
1029 3968 1182 4039 culpa
1200 4009 1214 4034 ,
1254 3968 1376 4039 quid
1399 3985 1513 4021 cum
1551 3969 1773 4022 mortali.
1801 3967 1906 4023 Sed
1937 3977 2112 4022 tamen

529 4061 672 4116 aliud
701 4070 810 4127 est,
853 4076 958 4116 non
985 4060 1339 4117 concumbere
1377 4059 1482 4114 nisi
1518 4060 1630 4114 sola
1659 4060 1930 4115 voluntate
1953 4075 2112 4131 gene-

531 4152 706 4220 randi,
730 4151 871 4223 quod
897 4167 1003 4206 non
1027 4151 1186 4208 habet
1204 4152 1413 4222 culpam
1439 4168 1453 4218 ;
1480 4152 1643 4218 aliud,
1667 4153 1842 4207 carnis
1861 4167 2115 4208 concum-

532 4245 707 4301 bcndo
732 4253 986 4315 appetere
1027 4244 1376 4314 voluptatem,
1421 4243 1516 4298 sed
1559 4259 1663 4298 non
1695 4253 1888 4314 praeter
1924 4245 2113 4315 conju-

529 4351 681 4406 gem,
714 4334 857 4406 quod
909 4334 1168 4389 venialem
1216 4333 1376 4389 habet
1421 4333 1652 4404 culpam.
1698 4334 1830 4401 Quia
1869 4336 1970 4390 etsi
2006 4352 2114 4391 non

528 4443 688 4484 causa
735 4427 1086 4498 propagandae
1125 4426 1289 4496 prolis
1330 4426 1736 4495 concumbitur,
1785 4442 1892 4483 non
1938 4437 2113 4484 tamen

529 4521 689 4590 hujus
726 4519 958 4574 libidinis
1003 4531 1164 4572 causa
1208 4518 1571 4588 propagationi
1601 4518 1769 4588 prolis
1804 4518 2110 4586 obsistitur,

529 4611 643 4666 sive
666 4620 791 4665 voto
815 4609 976 4676 malo,
999 4609 1113 4664 sive
1136 4623 1300 4679 opere
1329 4609 1490 4662 malo.
1520 4607 1654 4662 Nam
1680 4608 1768 4678 qui
1796 4607 1897 4663 hoc
1918 4608 2116 4665 faciunt

529 4701 773 4771 quamvis
795 4708 1049 4756 vocentur
1075 4699 1330 4770 conjuges
1348 4739 1363 4766 ,
1391 4713 1496 4754 non
1527 4707 1670 4765 sunt,
1699 4713 1798 4754 nec
1827 4700 1986 4754 ullam
2013 4718 2114 4756 nu-

531 4792 758 4863 ptiarum
806 4791 1032 4847 retinent
1080 4792 1396 4858 veritatem,
1445 4781 1539 4846 sed
1588 4791 1866 4846 honestum
1921 4807 2115 4848 nomen

530 4885 769 4943 velanda:
809 4883 1119 4955 turpitudini
1166 4883 1461 4940 obtendunt
1502 4885 1542 4937 ί.
1599 4882 1900 4940 Produntur
1937 4898 2114 4943 autem

530 4978 743 5050 quando
770 4993 836 5034 eo
868 4992 1033 5048 usque
1069 4977 1479 5047 progrediuntur
1497 5019 1512 5045 ,
1541 4986 1602 5034 ut
1631 4988 1899 5049 exponant
1937 4981 2073 5036 ﬁlios
2094 5023 2111 5047 ,

531 5070 620 5139 qui
647 5077 937 5125 nascuntur
961 5067 1140 5124 invitis
1167 5069 1210 5121 ³.
1235 5066 1476 5123 Oderunt
1500 5069 1642 5123 enim
1676 5071 1878 5126 nutrire
1905 5071 1991 5126 vel
2018 5071 2115 5125 ha-

531 5162 689 5228 bere,
737 5175 871 5231 quos
903 5160 1120 5231 gignere
1157 5159 1487 5216 metuebant.
1530 5160 1711 5232 Itaque
1738 5177 1859 5218 cum
1895 5164 1950 5219 in
1988 5179 2117 5220 suos

530 5254 715 5318 saevit,
743 5267 877 5322 quos
910 5252 1096 5307 nolens
1136 5252 1318 5322 genuit
1343 5251 1623 5308 tenebrosa
1652 5253 1897 5324 iniquitas
1921 5297 1935 5322 ,
1973 5255 2116 5310 clara

531 5347 825 5418 iniquitate.
853 5346 907 5400 in
953 5345 1124 5400 lucem
1170 5345 1452 5416 promitur,
1497 5353 1552 5401 et
1597 5348 1801 5401 occulta
1845 5347 2117 5417 turpitudo

533 5438 812 5495 manifesta
834 5436 1146 5492 crudelitate
1165 5437 1518 5492 convincitur.
1544 5437 1837 5506 Aliquando
1863 5453 1928 5492 eo
1950 5455 2119 5508 usque

535 5533 775 5603 pervenit
796 5531 909 5585 lucc
929 5530 1205 5585 libidinosa
1234 5529 1540 5592 crudelitas,
1572 5530 1650 5583 vel
1681 5529 1840 5584 libido
1865 5531 2115 5596 crudelis,

596 5689 612 5718 ι
650 5684 873 5746 Plerique
910 5690 1017 5732 Mss.
1063 5695 1172 5732 cum
1217 5690 1350 5741 Am.,
1410 5680 1626 5733 velantia:
1681 5680 1993 5745 turpitudinis
2038 5683 2118 5734 ob-

531 5749 746 5798 tendunt.
1262 5802 1272 5812 ,
1362 5803 1371 5814 ο
1410 5803 1419 5813 _

599 5812 618 5840 ³
653 5817 769 5856 't‘res
788 5818 818 5855 e
845 5805 1078 5854 Vaticanis
1100 5811 1229 5862 Μεε..
1255 5817 1302 5854 ιη
1329 5817 1459 5855 tvm.

1317 356 1405 413 DE
1443 353 1708 412 NUPTIIS
1749 351 1830 406 ET
1871 345 2468 415 CONCUPISCENTIA,
2511 347 2566 400 S.
2610 344 2975 404 AUGUSTINI

3691 348 3793 408 ιει

2217 471 2272 514 ιιι
2309 461 2466 513 etiam
2503 460 2796 516 sterilitatis
2824 475 3028 516 venena
3066 469 3352 533 procuret;
3385 469 3439 516 et
3474 461 3520 518 si
3546 461 3674 517 nihil
3703 478 3792 520 va-

2213 552 2371 606 luerit
2399 554 2453 618 ί,
2495 563 2783 623 conceptos
2829 555 2962 608 lctus
2989 555 3166 624 aliquo
3211 554 3369 610 modo
3406 556 3545 610 intra
3588 557 3790 613 viscera

2212 645 2508 714 exstinguat
2537 659 2600 698 ac
2626 643 2806 698 fundat
2824 685 2839 711 ,
2869 644 3095 699 volendo
3120 659 3269 699 suam
3301 646 3506 716 prolem
3533 647 3678 717 prius
3707 649 3793 703 in-

2214 735 2372 790 terire
2396 750 2554 805 quam
2575 735 2787 801 vivere;
2811 743 2902 789 aut
2926 735 2968 789 si
2994 735 3045 790 in
3073 743 3224 790 utero
3244 735 3352 806 jam
3374 737 3603 804 vivebat,
3624 738 3792 795 occidi

2211 832 2494 896 antequam
2520 825 2686 880 nasci.
2716 825 2942 880 Prorsus
2970 825 3014 878 si
3035 825 3192 880 ambo
3217 826 3350 882 tales
3373 835 3518 890 sunt,
3541 827 3790 898 conjuges

2212 930 2321 971 non
2363 925 2526 972 sunt:
2571 925 2624 971 et
2652 915 2697 971 si
2736 915 2803 970 ab
2831 914 2982 970 initio
3012 917 3142 971 tales
3175 915 3405 983 luerunt,
3436 932 3544 971 non
3569 917 3668 973 sibi
3701 934 3790 988 per

2211 1009 2533 1063 connubium
2557 1048 2571 1073 ,
2601 1006 2695 1062 sed
2725 1022 2820 1078 per
2847 1016 3090 1077 stuprum
3121 1007 3295 1077 potius
3325 1018 3710 1062 convenerunt.
3739 1009 3792 1064 Si

2210 1105 2390 1152 autem
2421 1113 2527 1152 non
2549 1096 2708 1151 ambo
2738 1105 2863 1152 sunt
2891 1098 3045 1164 tales,
3070 1097 3240 1152 audeo
3267 1097 3466 1164 dicere,
3489 1108 3578 1153 aut
3603 1099 3692 1152 illa
3718 1107 3795 1154 est

2215 1189 2609 1260 quodammodo
2637 1191 2886 1244 meretrix
2916 1191 3112 1256 mariti,
3140 1198 3229 1244 aut
3255 1191 3340 1245 ille
3367 1191 3575 1245 adulter
3595 1193 3791 1246 uxoris.

2286 1280 2511 1335 CAPUT
2551 1279 2691 1333 XVI.
2731 1309 2798 1318 —
2827 1279 2913 1334 18.
2964 1278 3246 1349 lnﬁrmitas
3293 1280 3704 1348 incontinentiae,
3736 1297 3794 1334 ne

2211 1370 2358 1423 cadat
2394 1371 2448 1423 in
2472 1370 2672 1423 ruinam
2699 1368 3041 1441 ﬂagitiorum,
3070 1371 3350 1440 excipiatur
3394 1371 3652 1424 honestate
3701 1387 3794 1424 nu-

2210 1460 2449 1532 ptiarum.
2475 1460 2608 1528 Quia
2637 1461 2794 1530 igitur
2825 1461 3020 1529 nuptiae
3053 1460 3185 1515 tales
3227 1475 3347 1515 esse
3398 1475 3505 1515 non
3552 1471 3774 1531 possunt

2217 1551 2401 1622 quales
2429 1551 2720 1621 primorum
2744 1549 3038 1618 hominum,
3058 1553 3112 1605 »εἰ
3139 1563 3413 1622 peccatum
3441 1569 3546 1606 non
3575 1567 3792 1622 praeccsr

2209 1645 2398 1710 sisset,
2439 1659 2561 1698 esse
2604 1653 2924 1714 potuerunt;
2971 1645 3078 1699 sint
3117 1645 3248 1699 tales
3281 1646 3464 1715 quales
3495 1656 3792 1702 sanctorum

2211 1745 2416 1806 patrum
2439 1734 2668 1804 fuerunt,
2689 1746 2744 1790 ut
2761 1736 3003 1807 pudenda
3019 1738 3192 1792 carnis
3212 1737 3661 1808 concupiscentia,
3679 1754 3792 1809 qua:

2210 1825 2262 1879 in
2293 1826 2536 1895 paradiso
2565 1842 2664 1882 nec
2690 1836 2814 1882 ante
2839 1836 3111 1896 peccatum
3137 1826 3265 1896 fuit,
3307 1844 3409 1884 nec
3447 1838 3562 1898 post
3609 1845 3792 1900 pecca-

2213 1925 2324 1970 tum
2367 1931 2486 1972 esse
2519 1917 2778 1986 permissa
2804 1927 2922 1982 est;
2950 1914 3074 1988 quia
3118 1933 3339 1974 necesse
3375 1929 3459 1974 est
3494 1920 3546 1974 in
3573 1935 3793 1990 corpore

2208 2008 2400 2063 mortis
2430 2008 2588 2078 hujus
2616 2016 2673 2062 ut
2700 2008 2801 2076 sit,
2832 2023 2938 2062 non
2965 2009 3016 2064 ei
3043 2010 3327 2076 serviatur,
3356 2011 3451 2066 sed
3481 2011 3592 2081 ipsa
3621 2012 3792 2082 potius

2210 2100 2420 2155 nonnisi
2449 2100 2515 2155 ad
2544 2100 2938 2171 propagandam
2969 2103 3171 2172 prolem
3199 2103 3403 2158 servire
3430 2113 3670 2174 cogatur.
3694 2105 3792 2158 Aut

2209 2193 2328 2262 quia
2358 2192 2460 2247 hoc
2487 2203 2694 2263 tempus
2713 2235 2730 2261 ,
2761 2193 2903 2264 quod
2929 2194 3036 2264 jam
3067 2210 3187 2250 esse
3213 2195 3443 2251 diximus
3481 2197 3790 2252 continendi

2208 2284 2277 2340 ab
2319 2285 2598 2355 amplexu,
2642 2300 2748 2340 non
2788 2285 2949 2342 habet
2985 2286 3142 2356 hujus
3181 2285 3344 2342 ol‘ilcii
3383 2289 3790 2354 necessitatem,

2209 2375 2487 2446 adjacente
2513 2375 2748 2447 undique
2799 2377 2851 2431 in
2881 2378 3128 2432 omnibus
3153 2380 3400 2448 gentibus
3443 2389 3584 2434 tanta
3611 2379 3795 2434 fertili-

2211 2475 2319 2522 tate
2357 2467 2739 2538 gignendorum
2785 2470 3130 2539 spiritualiter
3157 2470 3423 2537 ﬁliorum;
3453 2471 3580 2527 illud
3621 2473 3796 2542 potius

2211 2559 2521 2613 excellentis
2547 2560 2888 2615 continentia:
2915 2561 3110 2616 bonum
3133 2602 3149 2626 ,
3178 2562 3267 2632 qui
3290 2571 3446 2633 potest
3469 2578 3666 2632 capere,
3709 2579 3796 2616 ca-

2213 2647 2334 2718 piat.
2383 2648 2482 2716 Qui
2531 2665 2656 2704 vero
2681 2649 2734 2704 id
2777 2665 2973 2720 capere
3020 2667 3127 2706 non
3156 2660 3357 2722 potest,
3395 2662 3440 2706 et
3467 2653 3511 2707 si
3548 2655 3794 2722 acceperit

2211 2757 2453 2808 uxorem,
2484 2758 2592 2813 non.
2608 2752 2780 2813 peccat
2803 2758 2822 2796 :
2853 2750 2908 2796 et
2936 2741 3134 2797 femina
3156 2743 3201 2798 si
3227 2759 3281 2798 se
3307 2759 3406 2796 non
3434 2744 3672 2810 continet,
3701 2761 3795 2797 nu-

2212 2831 2315 2885 bat.
2359 2830 2561 2885 Bonum
2603 2841 2674 2886 est
2722 2834 2863 2886 enim
2903 2833 3096 2887 homini
3138 2833 3396 2888 mulierem
3435 2850 3534 2888 non
3578 2844 3794 2904 tangere.

2211 2920 2409 2978 Verum
2439 2926 2562 2994 quia
2586 2941 2686 2978 non
2715 2941 2884 2980 onmes
2908 2926 3115 2996 capiunt
3140 2925 3339 2979 verbum
3364 2926 3478 2994 hoc,
3508 2927 3597 2981 sed
3619 2927 3798 2998 quibus

2212 3013 2386 3067 datum
2430 3023 2499 3070 est
2548 3013 2774 3086 (Matth.
2806 3031 2939 3083 xix,
2972 3016 3069 3081 l2,
3104 3017 3248 3088 il);
3294 3027 3460 3072 restat
3500 3026 3559 3073 ut
3602 3027 3800 3090 prapter

2213 3105 2568 3175 fornicationes
2602 3106 2622 3137 ³
2669 3107 3012 3177 unusquisque
3058 3125 3205 3162 suam
3246 3125 3455 3163 uxorem
3503 3110 3716 3175 habeat,
3753 3119 3800 3164 et

2211 3213 2522 3268 unaqquue
2545 3198 2707 3251 virum
2744 3215 2890 3252 suum
2916 3199 3096 3254 habeat
3129 3200 3170 3273 (1
3195 3199 3312 3256 Cor.
3343 3217 3450 3268 vn,
3477 3201 3546 3257 28
3566 3243 3579 3266 ,
3609 3203 3632 3257 1
3661 3242 3677 3268 ,
3703 3201 3757 3274 2)
3782 3223 3795 3257 ;

2211 3301 2275 3342 ac
2313 3288 2390 3342 sic
2431 3286 2710 3344 inﬁrmitas
2750 3289 3177 3358 incontinentire,
3209 3307 3277 3346 ne
3310 3291 3463 3347 cadat
3495 3293 3547 3347 in
3590 3295 3798 3348 ruinam

2214 3377 2566 3450 ﬂagitiorum,
2609 3380 2907 3452 excipiatur
2947 3382 3224 3438 honestate
3269 3385 3594 3455 nuptiarum.
3649 3386 3799 3455 Quod

2214 3471 2355 3525 enim
2394 3470 2468 3525 ait
2503 3472 2789 3541 Apostolus
2829 3473 2896 3528 de
2935 3473 3165 3540 [etninis,
3224 3473 3349 3529 Volo
3387 3476 3541 3546 igitur
3571 3478 3802 3549 juniores

2213 3561 2437 3627 nubere;
2469 3561 2567 3615 hoc
2592 3573 2646 3617 et
2674 3563 2742 3618 dc
2780 3564 3016 3619 maribus
3046 3565 3147 3620 dici
3175 3574 3381 3636 potest,
3414 3567 3544 3622 Volo
3566 3568 3802 3637 juniores

2215 3667 2410 3706 uxores
2455 3651 2696 3709 ducere:
2748 3663 2805 3709 ut
2839 3655 2904 3710 ad
2945 3666 3228 3728 utrumque
3268 3673 3456 3713 sexum
3505 3661 3800 3729 pertineat,

2215 3744 2350 3814 ﬁlios
2379 3761 2644 3815 procreare
2665 3787 2680 3812 ,
2717 3756 2894 3818 patres
2924 3759 2977 3804 ct
3003 3751 3410 3813 matresfamilias
3439 3767 3544 3806 esse
3563 3794 3579 3819 ,
3611 3754 3801 3808 nullam

2216 3835 2528 3890 occasionem
2569 3836 2691 3892 dare
2733 3838 3018 3894 adversario
3071 3841 3325 3896 maledicti
3368 3843 3532 3913 gratia
3581 3843 3630 3917 (1
3668 3843 3800 3898 Tim.

2217 3943 2288 3994 v,
2319 3927 2430 4000 14).

2268 4018 2496 4077 CAPUT
2518 4020 2780 4078 XVll.—l
2792 4023 2844 4079 9.
2870 4023 3140 4096 Nuptialia
3156 4026 3304 4081 bona.
3328 4025 3385 4080 In
3407 4027 3606 4097 nuptiis
3631 4036 3803 4084 tamen

2216 4111 2356 4167 bona
2379 4114 2628 4183 nuptialia
2655 4115 2959 4186 diligantur,
2985 4118 3183 4188 proles,
3212 4117 3364 4185 lides,
3388 4129 3800 4174 sacramentum.

2216 4203 2320 4259 Sed
2350 4205 2548 4274 proles,
2579 4221 2684 4260 non
2718 4215 2774 4260 ut
2800 4218 3049 4262 nascmur
3078 4217 3280 4263 tantum
3302 4250 3316 4273 ,
3345 4225 3527 4264 verum
3557 4211 3721 4265 etiam
3750 4218 3807 4264 ut

2217 4305 2566 4350 renascatur:
2615 4297 2853 4353 nascitur
2880 4314 3108 4369 namque
3146 4299 3211 4354 ad
3241 4315 3451 4370 pmnam
3473 4342 3487 4367 ,
3520 4301 3623 4354 nisi
3655 4316 3808 4361 rena-

2218 4394 2398 4441 scatur
2442 4387 2509 4441 ad
2547 4388 2731 4442 vitam.
2782 4387 2941 4444 Fides
2966 4398 3164 4457 autem,
3208 4405 3315 4445 non
3358 4391 3570 4461 qualern
3613 4391 3809 4447 habent

2218 4477 2355 4534 inter
2373 4495 2434 4535 se
2458 4481 2616 4535 etiam
2635 4480 2876 4536 inﬁdeles
2891 4482 3126 4537 zelantes
3142 4498 3376 4539 carnem.
3397 4484 3526 4552 Quis
3545 4485 3692 4540 enim
3709 4486 3806 4550 vir,

2217 4570 2505 4642 quamlibet
2543 4572 2770 4642 impius,
2805 4573 2914 4628 vult
2941 4573 3236 4631 adulteram
3276 4577 3665 4632 uxorem?aut
3693 4593 3807 4648 quze

2217 4663 2426 4729 mulier,
2456 4649 2744 4732 quamlibet
2772 4664 2932 4735 impia
2952 4705 2967 4731 ,
2995 4667 3108 4721 vult
3130 4667 3428 4722 adulterum
3456 4668 3628 4724 virum
3651 4670 3675 4722 ?
3703 4669 3810 4724 Hoc

2220 4754 2274 4809 in
2289 4755 2553 4812 connubio
2567 4755 2762 4810 bonum
2779 4757 3019 4812 naturale
3034 4758 3365 4829 estquidem,
3381 4759 3592 4814 carnale
3609 4767 3806 4814 tamen.

2220 4847 2327 4902 Sed
2355 4847 2649 4904 membrum
2677 4847 2876 4904 Christi
2914 4849 3154 4921 conjugis
3185 4849 3207 4881 ⁸
3248 4849 3565 4906 adulterium
3597 4850 3811 4921 conjugi

2221 4940 2378 4997 debet
2399 4942 2606 5006 timere,
2625 4956 2730 4996 non
2758 4943 2890 5009 sibi;
2915 4953 2968 4998 et
2993 4958 3022 4997 a
3039 4944 3253 4998 Christo
3278 4958 3495 5013 sperare
3521 4943 3645 4998 lidei
3673 4960 3810 5014 pra:-

2221 5035 2407 5103 mium,
2454 5051 2612 5106 quam
2659 5035 2878 5092 exhibet
2925 5036 3154 5107 conjugi.
3200 5035 3601 5092 Sacramentum
3649 5050 3812 5100 vero,

2220 5127 2362 5198 quod
2389 5142 2488 5182 nec
2529 5128 2756 5197 separati
2787 5142 2889 5182 nec
2925 5126 3207 5184 adulterati
3237 5127 3522 5193 amittunt,
3554 5128 3814 5198 conjuges

2222 5220 2556 5275 concorditer
2596 5229 2846 5290 casteque
2889 5221 3190 5275 custodiant
3233 5219 3274 5274 ⁸.
3320 5221 3500 5277 Solum
3548 5228 3632 5274 est
3672 5220 3813 5275 enirn

2287 5377 2305 5407 ί
2342 5372 2530 5437 Aliquot
2570 5381 2698 5434 Mss,
2745 5372 3027 5424 valuerint:
3067 5387 3167 5424 non
3205 5373 3364 5435 male,
3410 5373 3682 5423 referendo
3728 5373 3815 5431 ad,

2223 5450 2458 5546 υωέϐἓὲἷιι
2479 5535 2494 5559 ,
2541 5495 2921 5561 fornicationem.
2965 5504 3018 5548 At
3063 5504 3167 5547 Mss.
3188 5532 3203 5556 ,
3246 5494 3626 5560 fornicationes;
3679 5498 3819 5560 juxta

2495 5633 2524 5668 e
2548 5620 2782 5668 Vaticanis
2795 5626 2922 5680 Mss,
2948 5621 3033 5670 sed
3057 5632 3189 5669 mens
3213 5617 3463 5681 christiani
3485 5617 3722 5681 conjugis.

2289 5685 2311 5744 ξ
2345 5690 2473 5738 l.ov.,
2496 5694 2581 5744 nec
2603 5683 2838 5742 separari,
2873 5679 2957 5731 nec
2980 5681 3247 5744 tzrlttltcrari
3281 5679 3535 5744 admitmnt
3557 5679 3822 5744 conjuges,

2228 5741 2312 5807 qui
2334 5741 2632 5807 concorditer
2656 5741 2877 5807 ctutgque
2895 5743 3182 5807 custodiunt.
3206 5745 3322 5792 Editi
3345 5743 3465 5807 alii,
3493 5751 3593 5807 Ain.
3622 5741 3678 5791 et
3706 5741 3786 5790 “Fr.
3807 5777 3820 5800 ,

2230 5803 2314 5856 ιιοι-
2339 5804 2546 5865 septu'uti
2583 5815 2669 5852 nec
2704 5803 2821 5853 (utut
2842 5809 2964 5856 erati
2988 5806 3208 5856 amittunt
3245 5805 3488 5868 coniuges,
3513 5803 3593 5868 qui
3616 5816 3820 5855 concor-
