4012 6540
232 504 343 569 495

234 623 376 698 quod
398 621 559 679 etiam
588 616 776 678 sterile
801 614 1102 693 coniugium
1132 616 1275 677 tenet
1294 618 1417 691 jure
1443 619 1652 691 pietatis
1670 662 1684 686 ,
1710 620 1821 692 jam

234 733 333 790 spe
357 717 694 774 fecunditatis
730 717 923 771 amissa
955 723 1170 787 propter
1205 729 1363 786 quam
1392 714 1563 769 fuerat
1602 714 1821 784 c0pula-

236 819 368 865 tum.
398 808 524 864 Ilico
551 808 691 863 bona
719 806 972 874 nuptialia
1015 805 1194 861 laudet
1228 807 1279 861 in
1323 805 1553 875 nuptiis,
1581 804 1674 875 qui
1712 804 1825 859 lau-

234 900 364 957 dare
382 900 497 956 vult
521 904 756 971 nuptias.
782 901 970 956 Carnis
1012 908 1188 955 autem
1216 899 1643 971 concupiscentia
1666 899 1683 931 ¹
1714 913 1823 954 non

233 1003 323 1051 est
342 995 536 1066 nuptiis
577 993 885 1065 imputanda
909 1036 925 1061 ,
954 993 1047 1049 sed
1089 992 1382 1049 toleranda.
1414 993 1530 1049 Non
1556 1002 1640 1048 est
1678 992 1821 1048 enim

234 1101 307 1143 ex
331 1086 555 1142 naturali
589 1084 857 1141 connubio
882 1085 1101 1140 veniens
1128 1085 1323 1140 bonum
1343 1126 1359 1153 ,
1391 1083 1485 1141 sed
1514 1098 1579 1141 ex
1604 1085 1822 1155 antiquo

234 1186 454 1250 peccato
489 1178 738 1235 accidens
770 1176 986 1233 malum.

308 1268 531 1326 CAPUT
568 1267 755 1323 XVIII.
771 1267 942 1323 μεθ.
970 1267 1073 1323 Cur
1098 1284 1126 1323 e
1151 1274 1323 1323 sancto
1348 1268 1582 1341 conjugio
1609 1283 1823 1323 nascan-

235 1369 323 1415 tur
343 1361 439 1429 ﬁlii
460 1360 569 1414 ira.
600 1361 825 1431 Propter
848 1359 987 1415 hanc
1012 1375 1141 1432 ergo
1163 1359 1221 1414 ﬁt
1243 1370 1301 1415 ut
1324 1361 1483 1415 etiam
1504 1360 1570 1415 de
1589 1360 1748 1431 justis
1768 1370 1822 1417 et

235 1454 486 1526 legitimis
518 1454 716 1525 nuptiis
756 1454 984 1509 ﬁliorum
1011 1454 1140 1521 Dei,
1174 1468 1277 1509 non
1315 1453 1407 1508 ﬁlii
1446 1454 1575 1523 Dei,
1608 1454 1701 1509 sed
1726 1453 1821 1509 ﬁlii

236 1547 416 1603 seculi
441 1555 803 1618 generentur:
833 1548 954 1617 quia
980 1557 1030 1602 et
1057 1547 1091 1601 ii
1116 1547 1205 1618 qui
1231 1555 1509 1618 generant,
1533 1547 1578 1602 si
1604 1546 1713 1617 jam
1736 1562 1823 1603 rc-

238 1639 470 1707 generati
496 1648 653 1706 sunt,
684 1654 792 1694 non
818 1654 883 1695 ex
919 1639 1021 1694 hoc
1054 1648 1311 1710 generant
1349 1654 1547 1710 cx~quo
1586 1639 1682 1694 ﬁlii
1722 1638 1821 1694 Dei

240 1742 388 1797 sunt,
420 1732 515 1789 sed
542 1749 609 1788 ex
634 1748 740 1804 quo
765 1732 938 1788 adhuc
966 1731 1061 1787 lilii
1090 1732 1290 1788 szeculi.
1320 1731 1591 1789 Dominica
1620 1732 1817 1803 quippe

241 1826 496 1882 sententia
522 1835 621 1891 est,
652 1824 779 1880 Filii
801 1826 954 1896 Itujus
978 1825 1150 1880 sazculi
1174 1833 1433 1895 generant,
1456 1833 1501 1878 et
1520 1832 1822 1895 generantur

239 1916 384 1987 (Luc.
420 1931 496 1971 xx
520 1956 537 1984 ,
567 1916 678 1988 54).
713 1916 792 1971 Ex
811 1932 916 1989 quo
933 1916 1110 1986 itaque
1134 1930 1321 1971 sumus
1344 1914 1518 1971 adhuc
1545 1914 1637 1970 lilii
1662 1914 1822 1985 hujus

238 2007 444 2073 saeculi,
472 2008 705 2064 exterior
731 2008 892 2063 homo
918 2016 1099 2064 noster
1125 2008 1515 2077 corrumpitur,
1547 2022 1612 2063 ex
1639 2006 1742 2062 hoc
1770 2014 1824 2062 et

239 2097 397 2170 hujus
425 2099 605 2155 seaculi
644 2098 739 2153 lilii
776 2107 1133 2171 generantur,
1166 2112 1268 2155 nec
1299 2097 1392 2152 lilii
1416 2097 1509 2153 Dei
1536 2096 1635 2153 nisi
1667 2112 1821 2168 rege-

241 2200 493 2249 nerentur
512 2191 679 2248 ﬁunt:
710 2190 805 2248 sed
828 2207 895 2248 ex
916 2206 1022 2262 quo
1043 2206 1227 2247 sumus
1252 2189 1347 2245 ﬁlii
1372 2189 1489 2258 Dei,
1513 2189 1734 2245 interior
1757 2189 1823 2246 de

241 2284 326 2340 die
343 2284 396 2339 in
416 2283 556 2340 diem
577 2292 863 2340 renovatur
883 2282 950 2358 (ll
971 2282 1089 2338 Cor.
1112 2298 1185 2349 tv,
1214 2282 1327 2354 l6).
1354 2282 1607 2350 Quamvis
1630 2291 1687 2337 et
1708 2281 1823 2351 ipse

240 2376 470 2432 exterior
494 2392 589 2447 per
609 2376 877 2432 lavacrum
902 2374 1323 2447 regenerationis
1350 2374 1705 2430 sanctillcatus
1731 2373 1820 2440 sit,

240 2479 294 2525 et
314 2485 462 2541 spem
487 2469 676 2525 futura:
702 2468 1118 2539 incorruptionis
1136 2469 1423 2539 acceperit,
1448 2476 1663 2538 propter
1682 2465 1824 2539 quod

242 2569 294 2616 et
318 2560 573 2631 templum
595 2560 693 2617 Dei
714 2562 910 2617 merito
928 2559 1122 2616 dicitur
1145 2578 1158 2613 :
1192 2558 1419 2632 Corpora
1443 2568 1628 2628 vestra,
1656 2559 1827 2630 inquit

243 2653 557 2724 Apostolus,
587 2653 829 2723 templum
856 2653 910 2707 in
933 2652 1068 2707 vobis
1098 2652 1325 2723 Spiritus
1350 2653 1513 2706 sancti
1542 2659 1615 2707 est
1635 2691 1650 2717 ,
1677 2666 1826 2721 quem

243 2746 429 2800 habetis
448 2762 481 2799 a
500 2744 612 2799 Deo
633 2760 652 2799 :
673 2755 722 2800 et
740 2762 841 2800 non
863 2746 978 2801 estis
996 2745 1144 2801 vestri
1162 2762 1181 2811 ;
1204 2745 1358 2815 empti
1378 2744 1508 2801 enim
1530 2744 1647 2799 estis
1668 2744 1826 2816 pretio

241 2856 439 2911 magno.
469 2838 765 2909 Gloriﬁcate
802 2855 921 2910 ergo
958 2849 1005 2893 et
1035 2848 1229 2909 portate
1266 2840 1287 2872 ’
1329 2836 1497 2893 Deum
1523 2838 1579 2893 in
1615 2853 1828 2909 corpore

240 2941 398 2986 uestro
426 2930 469 3003 (l
498 2930 619 2986 Cor.
649 2948 704 2987 vr
723 2974 739 3001 ,
768 2931 866 2999 i9,
894 2930 1009 3003 20).
1038 2932 1149 2987 Hoc
1175 2940 1341 2987 totum
1368 2946 1474 2987 non
1503 2932 1675 2988 solum
1703 2946 1827 3003 pro-

240 3034 352 3095 pter
368 3032 693 3095 pmesentem
718 3024 1213 3090 sanctiﬁcationem,
1237 3024 1329 3080 sed
1352 3025 1583 3081 maxime
1608 3034 1826 3096 propter

244 3116 374 3172 illam
401 3132 555 3187 spem
582 3116 783 3172 dictum
815 3123 931 3183 est,
964 3117 1032 3172 de
1060 3131 1162 3187 qua
1193 3115 1332 3171 idem
1363 3116 1469 3171 alio
1503 3115 1622 3171 loco
1649 3116 1779 3171 dicit
1809 3133 1823 3170 :

244 3209 342 3266 Sed
381 3220 432 3264 et
458 3226 554 3265 nos
589 3210 691 3280 ipsi
725 3211 972 3280 primitias
1016 3210 1227 3281 spiritus
1253 3209 1519 3275 habentes,
1570 3219 1615 3263 et
1642 3210 1742 3281 ipsi
1771 3210 1826 3265 in

244 3302 607 3373 nobismetipsis
650 3301 1021 3373 ingemiscimus
1041 3343 1057 3369 ,
1101 3302 1424 3373 adoptionem
1462 3308 1823 3371 exspectantes,

244 3395 628 3465 redemptionem
658 3394 885 3465 corporis
923 3393 1101 3448 nostri.
1134 3392 1189 3448 Si
1228 3407 1358 3463 ergo
1381 3391 1678 3461 redemptio
1701 3406 1827 3448 cor-

246 3488 380 3558 poris
404 3487 596 3555 nostri,
624 3484 918 3542 secundnm
946 3483 1279 3555 Apostolum,
1303 3489 1677 3554 exspectatur;
1707 3498 1831 3553 pro-

247 3578 378 3635 iecto
429 3579 573 3651 quod
622 3587 996 3649 exspectatur,
1048 3576 1221 3632 adhuc
1273 3583 1539 3647 speratur,
1591 3574 1829 3630 nondum

246 3683 471 3731 tenetur.
524 3672 679 3731 Unde
731 3672 969 3743 adjungit
1017 3680 1071 3726 et
1119 3668 1249 3726 dicit
1297 3686 1311 3723 :
1368 3668 1475 3740 Spe
1525 3669 1657 3723 enim
1703 3665 1830 3723 salvi

248 3769 361 3839 facti
402 3782 595 3822 sumus.
629 3765 761 3834 Spes
801 3772 966 3818 autem
1006 3777 1120 3834 quas
1153 3761 1384 3827 videtur,
1420 3776 1523 3814 non
1565 3767 1640 3815 est
1675 3775 1787 3830 spes
1809 3774 1830 3814 :

247 3860 374 3930 quod
417 3860 549 3914 enim
598 3858 730 3911 videt
773 3857 922 3929 quis,
958 3853 1080 3925 quid
1116 3851 1328 3924 sperat?
1369 3851 1431 3908 Si
1478 3861 1646 3905 autem
1696 3850 1832 3921 quod

247 3969 344 4006 non
384 3952 636 4015 ridemus,
684 3966 945 4019 speramus
966 3990 982 4014 ,
1027 3963 1117 4019 per
1157 3946 1445 4019 patientiam
1491 3954 1832 4017 exspectamus

249 4042 445 4113 (Rom.
487 4060 619 4111 vni,
674 4040 941 4112 23-25).
994 4039 1111 4096 Non
1169 4040 1345 4108 itaque
1396 4052 1493 4109 per
1541 4037 1641 4092 hoc
1689 4035 1830 4107 quod

249 4145 653 4208 exspectamus,
708 4134 801 4189 sed
849 4149 945 4204 per
994 4134 1095 4187 hoc
1147 4130 1287 4202 quod
1341 4129 1667 4196 toleramus,
1710 4142 1830 4183 car-

251 4230 392 4284 nales
438 4227 531 4283 ﬁlii
576 4233 953 4297 propagantur.
996 4222 1151 4278 Absit
1178 4235 1305 4293 ergo
1347 4228 1407 4275 ut
1455 4220 1626 4276 ﬁdelis
1669 4219 1831 4275 homo

253 4320 461 4392 (Colon.
506 4334 597 4386 ιιι,
630 4316 755 4389 19),
802 4331 924 4372 cum
974 4314 1120 4370 audit
1161 4314 1229 4369 ab
1276 4313 1572 4383 Apostolo,
1625 4310 1833 4382 Diligite

251 4431 428 4469 mres
446 4422 653 4479 vestras,
676 4409 1157 4480 concupiscentiam
1176 4406 1351 4461 carnis
1367 4404 1549 4475 diligat
1568 4403 1622 4459 in
1642 4398 1829 4471 uxore,

252 4521 406 4578 quam
438 4520 537 4562 nec
562 4505 617 4560 in
648 4518 706 4559 se
744 4503 860 4573 ipso
884 4501 1043 4556 debet
1070 4498 1323 4569 diligere,
1352 4495 1572 4551 audiens
1606 4495 1831 4550 alterum

254 4599 581 4669 apostolum,
623 4594 798 4651 Nolite
834 4594 1042 4665 diligere
1078 4590 1342 4655 mundum,
1391 4604 1479 4643 nec
1522 4604 1582 4643 ea
1619 4602 1732 4659 quas
1778 4587 1833 4642 in

253 4691 439 4744 mundo
455 4697 569 4743 sunt
588 4704 608 4742 :
635 4686 857 4759 quisquis
880 4682 1112 4739 dilexerit
1133 4680 1395 4745 mundum,
1412 4696 1511 4734 non
1526 4687 1600 4735 est
1614 4678 1834 4734 charitas

254 4780 426 4835 Patris
453 4779 506 4833 in
530 4778 652 4845 illo;
686 4777 804 4846 quia
831 4776 1000 4830 omnia
1026 4789 1139 4845 qua:
1173 4774 1227 4827 in
1255 4772 1444 4825 mundo
1471 4779 1608 4837 sunt,
1644 4786 1834 4824 concu-

254 4871 495 4943 piscentia
514 4869 681 4925 carnis
703 4876 803 4937 est,
831 4876 878 4922 et
904 4864 1304 4938 concupiscentia
1338 4860 1616 4928 oculorum,
1647 4871 1693 4915 et
1720 4878 1834 4916 am-

256 4965 374 5018 bitio
397 4962 573 5018 πραιὶ
587 5002 605 5030 ,
631 4976 745 5033 qua
769 4976 871 5015 non
890 4967 963 5014 est
986 4974 1017 5011 a
1040 4956 1215 5024 Patre,
1242 4954 1330 5011 sed
1353 4970 1415 5010 ex
1439 4953 1627 5009 mundo
1654 4962 1745 5009 est.
1768 4952 1838 5008 Et

253 5058 475 5111 mundus
514 5054 745 5110 transibit
781 5053 804 5086 ⁸
832 5062 880 5108 et
924 5050 1325 5123 concupiscentia
1367 5050 1476 5121 ejus
1496 5065 1515 5103 .'
1554 5048 1639 5119 qui
1670 5056 1839 5103 autem

256 5151 428 5222 fecerit
445 5151 752 5204 voluntatem
772 5145 868 5201 Dei
886 5187 901 5213 ,
929 5154 1095 5199 manet
1115 5145 1168 5199 in
1193 5153 1454 5209 internum,
1479 5142 1609 5197 sicut
1626 5149 1674 5196 et
1698 5140 1839 5198 Deus

254 5252 421 5298 manet
445 5245 498 5296 in
523 5251 767 5297 aeternum
796 5237 849 5313 (I
876 5238 1031 5292 Joan.
1062 5253 1130 5304 ιι,
1161 5234 1365 5306 l5-l7).

325 5333 556 5390 CAPUT
579 5330 725 5388 XIX.
752 5361 825 5372 —
848 5329 939 5385 2|.
970 5328 1054 5384 Ita
1085 5345 1149 5384 ea:
1181 5329 1335 5400 justis
1362 5335 1636 5382 nascuntur
1660 5341 1839 5398 pecca-

254 5437 409 5493 tores,
439 5434 495 5479 ut
519 5424 725 5480 oleastri
753 5438 816 5479 ea:
841 5421 983 5477 oleis.
1006 5422 1087 5477 Ex
1115 5420 1216 5476 hac
1236 5420 1393 5490 igitur
1416 5419 1841 5489 concupiscentia

251 5517 434 5575 carnis
461 5514 605 5587 quod
632 5514 895 5582 nascitur,
922 5514 1103 5583 utique
1131 5512 1358 5580 mundo,
1389 5526 1495 5568 non
1526 5511 1635 5567 Deo
1663 5510 1842 5566 nasci-

252 5678 385 5728 ἀίων
417 5680 639 5737 casteque
1008 5672 1308 5732 Castigantur
1347 5676 1572 5737 veterum
1610 5668 1844 5737 librorum

250 5739 457 5797 auxilio,
483 5732 753 5800 praesertim
774 5732 1118 5800 Gallicanorum
1139 5733 1387 5781 “emensis
1401 5767 1417 5793 ,
1447 5732 1843 5795 Cygirannensis,

253 5808 309 5852 et
334 5797 623 5855 Michaelinl,
648 5808 704 5845 ac
726 5797 870 5864 trium
886 5797 1273 5864 vatimnorums.

320 5864 340 5895 ι
379 5870 501 5910 περ.
520 5868 650 5917 Mss,
672 5856 900 5919 pudenda
922 5856 1320 5919 concupiscentia.

318 5926 345 5957 ³
378 5926 461 5973 nic
477 5922 623 5983 deest
646 5917 694 5969 in
720 5927 823 5968 uss.
849 5917 1033 5983 multis,
1066 5917 1113 5968 et
1135 5923 1336 5980 portate.
1363 5918 1508 5970 abest
1528 5925 1581 5970 et
1601 5932 1627 5969 a
1651 5928 1843 5983 σιωοιε.

321 5984 351 6018 ⁸
381 5982 600 6035 Nonnulli
621 5986 750 6040 ω,
767 5980 955 6030 transit.

583 6065 811 6130 3ANCT.
839 6064 1120 6126 Auens'r.
1157 6063 1239 6127 X.

1616 482 1823 565 LIBER
1859 498 2136 566 PRIMUS.

3410 512 3521 579 ιεσ
3533 508 3542 519 ’

1934 620 2184 678 tur:Deo
2225 626 2402 678 autem
2445 618 2707 694 nascitur,
2736 640 2855 682 cum
2898 641 2966 685 ex
3009 643 3145 702 aqua
3183 639 3238 688 ct
3280 630 3520 703 Spiritu“

1933 714 2249 770 renascitur.
2288 714 2455 787 Hujus
2483 719 2923 789 concupiscentia:
2950 732 3152 779 reatum
3184 708 3545 797 regeneratio

1929 804 2041 859 sola
2069 804 2316 862 dimittit:
2338 821 2401 863 ac
2422 823 2519 879 per
2547 808 2651 866 hoc
2677 813 2947 883 generatio
2973 814 3187 870 trahit'.
3206 817 3349 889 Ergo
3373 819 3521 891 quod

1927 907 2236 968 generatum
2266 908 2375 969 est,
2420 912 2797 973 regeneretur,
2828 913 2887 961 ut
2925 907 3201 978 similiter,
3244 911 3369 982 quia
3406 928 3522 969 non

1928 998 2104 1060 potest
2131 990 2313 1060 aliter,
2352 993 2493 1064 quod
2524 1002 2747 1051 tractum
2778 1004 2862 1051 est
2897 999 3250 1056 remittatur'.
3274 1001 3346 1059 Ut
3372 1004 3519 1059 enim

1927 1081 2070 1151 quod
2108 1082 2386 1139 dimissum
2428 1092 2510 1141 est
2548 1086 2604 1141 in
2645 1096 2893 1157 parente,
2941 1089 3176 1146 trahatur
3212 1093 3266 1147 in
3309 1093 3516 1164 prole‘,

1928 1172 2081 1227 miris
2106 1173 2319 1243 quidem
2350 1175 2526 1232 modis
2550 1176 2628 1245 Iit,
2648 1178 2743 1233 sed
2766 1188 2943 1235 tamen
2975 1181 3050 1235 lit.
3083 1182 3207 1237 litae
3234 1183 3521 1240 invisibilia

1927 1272 1981 1319 et
2010 1265 2308 1323 inﬁdelibus
2334 1267 2687 1339 incredibilia,
2711 1270 2805 1328 sed
2823 1280 2998 1329 tamen
3017 1289 3161 1338 vera,
3188 1275 3521 1333 uthaberent

1928 1357 2142 1428 aliquod
2174 1360 2382 1417 visibile
2401 1364 2725 1434 exemplum,
2750 1364 2855 1421 hoc
2874 1368 2925 1421 in
2952 1368 3265 1437 quibusdam
3287 1370 3520 1428 arbustis

1925 1447 2104 1505 divina
2142 1452 2473 1521 providentia
2514 1456 2836 1527 procuravit.
2878 1457 2987 1513 Cur
3022 1460 3165 1515 enim
3194 1476 3299 1517 non
3327 1462 3521 1518 creda-

1925 1558 2077 1612 mus,
2109 1555 2325 1616 propter
2354 1546 2456 1603 hoc
2478 1563 2597 1604 esse
2626 1548 2946 1618 institutum,
2980 1562 3038 1607 ut
3066 1569 3131 1609 ex
3158 1554 3295 1611 oliva
3324 1570 3519 1612 nasca-

1926 1642 2014 1690 tur
2038 1637 2299 1693 oleaster?
2327 1641 2405 1693 An
2427 1639 2889 1728 credendum.non
2913 1653 3016 1711 est,
3046 1644 3098 1699 in
3121 1645 3292 1717 aliqua
3313 1663 3373 1703 re
3397 1663 3520 1719 quze

1926 1736 2105 1782 creata
2138 1738 2221 1783 est
2261 1730 2329 1785 ad
2365 1746 2493 1786 usus
2529 1731 2836 1799 hominum,
2880 1734 3185 1793 Creatorem
3220 1741 3521 1809 providisse

1926 1829 1983 1875 et
2014 1821 2333 1884 instituisse,
2364 1821 2507 1894 quod
2536 1824 2601 1879 ad
2632 1826 2843 1895 generis
2871 1826 3086 1883 humani
3113 1831 3311 1887 valeret
3338 1848 3522 1889 exem-

1927 1912 2106 1982 plum?
2134 1913 2324 1969 Mirum
2361 1925 2443 1970 est
2475 1930 2602 1986 ergo
2629 1916 3077 1986 quemadmodum
3107 1936 3138 1975 a
3168 1923 3368 1991 peccati
3397 1924 3522 1979 vin-

1926 2005 2047 2058 culo
2072 2019 2169 2076 per
2194 2005 2415 2075 gratiam
2455 2005 2694 2073 liberati,
2723 2007 2942 2079 gignant
2970 2018 3146 2066 tamen
3184 2012 3375 2068 eodem
3403 2014 3523 2070 vin-

1926 2095 2048 2151 culo
2086 2095 2401 2163 obstrictos,
2434 2112 2567 2167 quos
2593 2096 2781 2153 eodem
2813 2098 2973 2156 modo
3003 2111 3249 2172 oporteat
3271 2105 3520 2163 liberari:

1928 2183 2187 2251 fatemur,
2234 2187 2427 2242 mirum
2467 2197 2568 2244 est.
2614 2186 2719 2245 Sed
2758 2192 2900 2261 quod
2935 2193 3124 2250 lateret
3154 2196 3174 2227 ⁸
3206 2195 3342 2253 fetus
3370 2198 3524 2255 olea-

1928 2288 2160 2334 strorum
2195 2281 2355 2336 etiam
2382 2281 2436 2337 in
2461 2280 2755 2339 seminibus
2784 2284 3052 2356 olearum,
3085 2290 3299 2359 quando
3338 2298 3395 2347 et
3418 2290 3523 2349 hoc

1927 2370 2255 2438 crederetur,
2282 2371 2384 2427 nisi
2409 2373 2735 2443 experientia
2756 2376 3103 2445 probaretur?
3134 2380 3366 2439 Proinde
3385 2383 3525 2440 sicut

1926 2464 2157 2535 gignitur
2179 2480 2245 2521 ex
2270 2465 2486 2523 oleastri
2506 2469 2709 2524 semine
2729 2469 2986 2541 oleaster,
3011 2483 3064 2529 ct
3078 2490 3143 2530 ex
3159 2477 3291 2532 olea:
3308 2480 3517 2535 semine

1929 2558 2139 2611 nonnisi
2171 2557 2429 2626 oleaster,
2471 2575 2593 2616 cum
2624 2561 2763 2617 inter
2785 2563 3071 2620 oleastrum
3109 2578 3163 2624 et
3200 2569 3371 2625 oleam
3399 2572 3524 2643 plu-

1928 2648 2122 2704 rimum
2164 2650 2325 2707 distet
2352 2670 2365 2706 :
2388 2652 2461 2707 ita
2505 2653 2736 2725 gignitur
2776 2664 2830 2711 et
2858 2655 2926 2713 de
2955 2672 3115 2716 carne
3148 2663 3441 2732 peccatoris
3468 2673 3525 2722 et

1928 2741 1998 2798 de
2025 2757 2185 2800 carne
2208 2743 2339 2815 justi
2368 2747 2631 2817 utcrque'
2657 2760 2930 2821 peccator,
2959 2755 3203 2825 quamvis
3229 2756 3369 2812 inter
3393 2772 3527 2828 pec-

1928 2844 2164 2892 altorem
2191 2845 2246 2893 et
2278 2836 2481 2909 justum
2526 2839 2813 2911 plurimum
2856 2844 3037 2901 distet.
3075 2844 3317 2917 Gignitur
3343 2858 3527 2906 autem

1932 2937 2181 2999 peccator
2204 2938 2324 2986 actu
2352 2930 2525 2987 adhuc
2555 2934 2759 3003 nullus,
2790 2944 2847 2992 et
2872 2946 2994 2993 ortu
3025 2953 3221 3007 novus,
3250 2940 3344 2996 sed
3374 2949 3527 2999 reatu

1929 3030 2082 3077 vetus
2098 3040 2109 3075 :
2126 3022 2287 3078 homo
2306 3038 2336 3078 a
2355 3033 2621 3092 creatore,
2640 3027 2881 3097 captivus
2899 3044 2931 3084 a
2952 3028 3259 3101 deccptore,
3281 3032 3529 3103 indigens

1932 3111 2290 3183 redemptore.
2336 3112 2442 3169 Sed
2480 3116 2736 3186 quaeritur
2763 3120 3030 3189 quomodo
3064 3119 3202 3176 trahi
3237 3121 3406 3193 possit
3435 3138 3528 3179 ca-

1929 3202 2142 3273 ptivitas
2183 3204 2376 3273 prolis,
2419 3207 2579 3261 etiam
2614 3207 2681 3262 de
2718 3210 3029 3279 parentibus
3056 3212 3166 3281 jam
3213 3214 3527 3286 redemptis.

1934 3293 2003 3350 Et
2048 3294 2171 3367 quia
2214 3311 2322 3352 non
2368 3295 2507 3352 l‘acili
2540 3298 2745 3354 ratione
2784 3299 3091 3372 indagatur,
3141 3318 3243 3359 nec
3280 3320 3531 3364 sermone

1930 3384 2249 3457 explicatur,
2285 3386 2352 3441 ab
2381 3386 2685 3444 inﬁdelibus
2715 3405 2820 3445 non
2851 3391 3284 3464 creditur:quasi
3315 3404 3370 3451 et
3397 3395 3531 3455 illud

1932 3478 2073 3549 quod
2104 3479 2171 3535 de
2195 3480 2429 3536 oleastro
2452 3490 2506 3536 et
2530 3480 2599 3537 de
2624 3482 2741 3537 olea
2768 3482 3017 3551 diximus,
3049 3491 3109 3540 ut
3134 3487 3344 3557 generis
3365 3487 3531 3544 dissi—

1936 3571 2077 3626 milis
2115 3571 2186 3627 sit
2219 3570 2358 3628 I’etus
2385 3573 2606 3637 similis.
2649 3573 2803 3631 facile
2827 3576 3003 3648 aliqua
3045 3578 3243 3633 invenit
3278 3580 3414 3635 ratio
3443 3579 3529 3637 vel

1933 3663 2166 3732 explicat
2194 3678 2375 3719 sermo
2392 3664 2432 3718 ⁷.
2454 3664 2560 3722 Sed
2586 3666 2689 3722 hoc
2715 3667 2783 3722 ab
2807 3682 2876 3723 eo
2898 3670 2987 3741 qui
3017 3670 3248 3741 experiri
3270 3671 3527 3741 voluerit,

1937 3756 2081 3811 cerni
2113 3756 2409 3826 potestzsit
2444 3772 2572 3829 ergo
2600 3758 2653 3815 in
2683 3760 2963 3832 exemplo,
2994 3763 3136 3819 unde
3169 3773 3224 3820 et
3252 3764 3381 3822 illud
3404 3781 3531 3823 cre-

1938 3847 2095 3903 datur
2118 3848 2259 3919 quod
2285 3850 2432 3906 cerni
2454 3866 2558 3906 non
2587 3862 2785 3924 potest.

2006 3939 2234 3997 CAPUT
2274 3939 2395 3997 XX.
2419 3942 2596 3999 —22.
2641 3941 2819 4001 Etiam
2861 3947 3081 4018 infantes
3116 3966 3218 4006 non
3249 3951 3531 4024 baptizatos

1934 4047 2044 4086 esse
2061 4032 2115 4086 in
2140 4031 2329 4087 diaboli
2352 4044 2615 4104 potestate.
2642 4033 2976 4096 Exoreismus
3013 4042 3066 4095 in
3090 4044 3341 4113 parvulis,
3371 4054 3419 4100 et
3443 4062 3529 4100 re-
3554 4110 3555 4113 η

1934 4124 2184 4179 nuntiatio
2221 4124 2445 4181 diabolo.
2482 4125 2596 4181 Non
2625 4128 2767 4183 enim
2800 4129 2933 4187 ﬁdes
2960 4130 3167 4189 dubitat
3202 4134 3530 4205 christiana,

1936 4228 2097 4286 quam
2142 4215 2262 4269 novi
2291 4214 2525 4272 haeretici
2555 4232 2863 4290 oppugnare
2890 4232 3201 4293 creperum,
3234 4236 3289 4281 et
3314 4241 3409 4283 eos
3437 4228 3533 4299 qui

1938 4305 2151 4360 lavacro
2195 4308 2611 4377 regenerationis
2656 4309 2977 4379 abluuntur,
3016 4313 3207 4369 redimi
3236 4315 3303 4371 de
3331 4316 3532 4378 diaboli

1938 4403 2231 4466 potestate;
2269 4404 2325 4451 et
2362 4411 2455 4453 eos
2487 4398 2574 4468 qui
2611 4398 2844 4454 nondum
2878 4401 2972 4456 tali
3010 4404 3410 4474 regeneratione
3437 4424 3529 4464 re-

1936 4480 2138 4553 dempti
2166 4490 2324 4550 sunt,
2368 4484 2527 4539 etiam
2559 4486 2808 4556 parvulos
2841 4486 2977 4542 ﬁlios
3002 4487 3398 4561 redemptorum
3425 4494 3528 4549 sub

1936 4573 2175 4646 ejusdem
2201 4574 2393 4632 diaboli
2439 4590 2558 4633 esse
2593 4585 2857 4650 potestate
2892 4580 3164 4652 captivos,
3201 4583 3304 4639 nisi
3340 4592 3394 4641 et
3422 4586 3528 4657 ipsi

1938 4664 2126 4723 eadem
2159 4665 2356 4724 Christi
2382 4670 2551 4739 gratia
2588 4668 2937 4726 redimantur.
2963 4672 3044 4727 Ad
3073 4688 3261 4730 omnes
3295 4690 3532 4748 namque

1939 4760 2209 4831 pertinere
2235 4776 2339 4815 non
2366 4760 2669 4817 dubitamus
2698 4772 2912 4833 aetates,
2956 4765 3088 4821 illud
3129 4765 3198 4823 de
3232 4783 3337 4839 quo
3378 4770 3531 4840 Apo-

1940 4851 2110 4908 stolus
2138 4852 2371 4923 loquitur
2394 4852 2709 4909 beneﬁcium
2737 4854 2831 4911 Dei
2857 4872 2871 4910 :
2897 4855 2996 4922 Qui
3025 4859 3154 4913 eruit
3180 4874 3272 4915 nos
3300 4860 3364 4915 de
3386 4870 3533 4933 pote-

2205 5048 2604 5123 addunt,sancl_o_.
2657 5117 2670 5123 Δ
2850 5122 2857 5123 7
2976 5074 2983 5081 ι

2004 5112 2817 5199 ἶεάὲἐιέτὲξηξέζείέξῖαέίῖητῖἏ
2838 5122 2950 5199 ἒξξ.
2973 5123 3139 5199 eme":
3168 5124 3313 5199 κει».
3340 5132 3400 5172 αθ
3437 5134 3533 5198 ρετ

1941 5173 2030 5225 hoc
2058 5173 2300 5238 generatio
2338 5173 2485 5224 trahit
2512 5187 2530 5225 :
2554 5188 2649 5226 nec
2668 5175 2812 5227 aliter
2835 5178 2954 5227 editi
2973 5179 3024 5227 in
3056 5179 3201 5243 hujus
3223 5173 3316 5233 loci
3336 5173 3529 5247 repeti-

1942 5225 2243 5310 tiope,iibro.
2262 5235 2292 5283 6
2315 5242 2479 5310 contra
2501 5235 2757 5310 Julianum,
2779 5250 2883 5310 cap.
2913 5240 2933 5287 l
2961 5239 3042 5310 vel
3064 5242 3111 5310 3;.
3184 5303 3216 5310 __
3334 5305 3345 5310 _
3478 5282 3485 5289 .
3605 5269 3610 5276 ~

2008 5299 2128 5369 '_lta
2150 5299 2378 5369 quinque
2402 5299 2709 5369 manuscripti
2732 5299 2909 5369 quibus
2928 5304 3094 5351 caeteri
3113 5303 3305 5369 codices
3331 5305 3381 5353 in
3405 5304 3532 5356 libro

1944 5366 2111 5409 contra
2145 5358 2381 5438 lulianum
2394 5367 2578 5438 Δξθέιο,
2732 5358 2857 5432 fvel
2879 5362 3274 5438 Ziheonsentiunt
3296 5380 3318 5438 ε,
3336 5370 3534 5417 tametsi

1946 5421 2266 5492 manuscripti.
2278 5419 2444 5482 plures
2466 5420 2543 5470 hic
2564 5419 2739 5471 omisso
2755 5456 2770 5480 ,
2805 5419 3055 5487 similiter;
3078 5427 3259 5475 habent
3279 5428 3365 5486 sic,
3391 5440 3531 5492 rege-

1946 5487 2142 5556 neratur
2161 5484 2297 5556 _(_quta
2314 5493 2407 5556 non
2427 5486 2575 5544 potest
2596 5481 2781 5556 aliter),
2808 5489 2860 5534 ut
2880 5487 3008 5556 quod
3030 5494 3235 5556 tractum
3268 5489 3529 5556 gstremit-

1944 5494 2139 5533 neretur
2163 5494 2297 5554 (quia
2314 5494 2407 5531 non
2427 5494 2575 5544 pateat
2596 5494 2781 5546 auter),
2808 5494 2860 5534 ut
2880 5494 3007 5556 quod
3030 5494 3235 5537 tractum
3273 5494 3528 5558 estremit-

1945 5544 2785 5656 ﬁﬂoidiih‘c‘iﬂiigﬁmf
2808 5559 2925 5610 ’⁷³⁸³⁸
2945 5561 3040 5598 "0"
3058 5554 3208 5613 W“
3228 5546 3355 5612 ⁸⁸⁵⁸⁸
3369 5547 3528 5615 ⁰¹¹¹⁶νν

1948 5617 2886 5740 ἕθῖιέξηῃῗιῗῗξένίῷτο
2913 5676 3079 5720 contra
3100 5670 3338 5721 lulianum
3359 5679 3511 5728 sexto
3530 5700 3533 5703 λ

1948 5730 2288 5803 uls-33791.5»
2308 5730 2616 5803 habentem
2633 5738 2764 5803 μεθ-ν
2787 5730 3011 5803 inme-

2007 5745 2053 5824 ρ·
2080 5745 2110 5779 z
2235 5745 2284 5791 ὃ,
2308 5745 2493 5802 nauem.
2506 5745 2616 5779 cum
2638 5745 2764 5790 MS”
2787 5745 2837 5781 ιη
2859 5745 2967 5794 ρτοι

2066 5792 2199 5850 Editt,
2224 5791 2381 5841 latent.
2411 5791 2607 5849 Quidam
2631 5799 2757 5849 Mss,
2784 5792 2967 5842 lateret.

2012 5854 2034 5885 ο
2065 5855 2137 5885 εἰη
2157 5866 2325 5885 nmnnc
2340 5858 2427 5885 Mea
2476 5860 2523 5885 At
2549 5853 2661 5885 Mili
2701 5852 2929 5885 "trist-noua

2012 5854 2034 5885 ⁸
2065 5855 2137 5901 Sic
2157 5866 2327 5901 omnes
2340 5858 2444 5901 Mss.
2471 5860 2526 5901 At
2549 5853 2683 5909 editi,
2701 5853 2939 5914 utrinque.

2012 5916 2033 5949 τ
2069 5914 2202 5974 editi,
2227 5913 2367 5976 facile
2392 5911 2555 5974 aliqua
2577 5912 2782 5963 inveniat
2818 5913 2941 5963 ratio
2962 5911 3035 5965 vel
3049 5914 3259 5979 explicet
3276 5930 3451 5974 sermo.
3475 5925 3536 5977 At

1954 5987 2083 6042 \tss.,
2104 5974 2295 6035 iiwenit,
2319 5973 2547 6038 explicat.

2724 6057 3138 6143 (Quotam-1
