4012 6474
457 499 468 508 ,
484 425 588 484 m

481 553 608 596 state
637 541 970 606 tenebrarum,
992 545 1039 592 et
1067 535 1321 591 transtulit
1343 535 1396 590 in
1425 550 1633 607 regnum
1654 526 1776 587 Filii
1805 524 2064 587 Charilaus

481 651 589 688 sua:
640 631 857 705 (Coloss.
901 631 954 697 I,
993 627 1101 700 15).
1145 628 1229 683 Ab
1267 627 1365 682 bac
1404 627 1562 697 igitur
1608 633 1871 696 potestate
1912 633 2066 679 tene-

461 726 726 791 ‘brarum,
767 737 986 794 quarum
1021 731 1101 777 est
1128 719 1369 775 diabolus
1405 719 1679 792 princeps,
1726 714 1780 772 id
1805 725 1888 774 est
1913 731 1942 769 a
1971 731 2068 786 po-

480 826 674 874 testate
707 815 902 871 diaboli
931 823 984 869 et
1009 813 1316 884 angelorum
1348 812 1495 882 ejus,
1526 809 1764 882 quisquis
1801 810 1914 864 erui
1945 825 2065 864 cum

469 909 815 980 'baptizantur
862 906 1132 978 negaverit
1183 904 1459 977 parvulos,
1520 903 1754 974 ipsorum
1814 901 2067 958 Ecclesia:

469 1000 942 1058 Sacramentorum
972 998 1191 1053 veritate
1215 995 1564 1061 convincitur,
1588 1011 1707 1068 quae
1734 994 1874 1049 nulla
1897 995 2067 1050 Incre-

469 1097 580 1148 tica
623 1085 829 1162 navitas
874 1091 924 1146 in
967 1091 1206 1146 Ecclesia
1250 1089 1444 1145 Christi
1485 1088 1695 1144 auferre
1738 1089 1818 1144 vel
1862 1097 2068 1144 mutare

473 1185 839 1257 permittitur,
886 1192 1104 1254 regente
1150 1191 1310 1252 atque
1349 1179 1637 1250 adjuvantc
1679 1179 1850 1248 capite
1898 1187 2064 1234 totum

475 1293 669 1347 corpus
695 1292 870 1342 suum,
896 1277 1115 1347 pusillos
1141 1291 1260 1330 cum
1285 1275 1506 1346 magnis.
1537 1273 1590 1327 In
1619 1273 1842 1328 veritate
1869 1272 2064 1341 itaque,

473 1386 584 1426 non
634 1371 686 1424 in
732 1368 990 1435 falsitate,
1037 1376 1268 1438 potestas
1321 1366 1583 1421 diabolica
1635 1365 1968 1420 exorcizatur
2015 1365 2067 1419 in

476 1463 710 1534 parvulis
743 1479 756 1515 :
787 1460 942 1532 eique
981 1461 1320 1525 renuntiant,
1364 1459 1484 1530 quia
1532 1474 1626 1529 per
1665 1473 1759 1513 sua
1796 1472 1902 1512 non
1942 1471 2068 1528 pos-

474 1563 632 1623 Sunt,
664 1569 762 1626 per
791 1555 950 1609 corda
980 1563 1034 1608 et
1071 1570 1165 1609 ora
1202 1553 1551 1625 gestantium;
1582 1560 1640 1607 ut
1665 1550 1801 1607 eruti
1846 1566 1876 1605 a
1915 1559 2067 1622 potes

475 1657 615 1704 state
649 1645 984 1703 tenebrarum
1003 1646 1054 1699 in
1075 1660 1292 1715 regnum
1321 1643 1400 1699 sui
1428 1643 1636 1698 Domini
1663 1641 2066 1700 transferantur.

479 1739 617 1807 Quid
662 1754 787 1809 ergo
822 1736 873 1792 in
911 1737 989 1792 eis
1029 1746 1140 1802 est,
1175 1751 1270 1805 per
1299 1734 1439 1806 quod
1471 1735 1522 1789 in
1566 1741 1828 1804 potestate
1872 1731 2067 1788 diaboli

475 1839 794 1894 teneantur,
840 1825 1013 1882 donec
1059 1835 1316 1881 eruantur
1359 1823 1482 1879 inde
1534 1837 1632 1894 per
1676 1832 2067 1884 sacramentum

474 1920 819 1991 Baptismatis
849 1917 1082 1973 Christi?
1117 1917 1254 1984 Quid
1297 1924 1411 1982 est,
1453 1916 1553 1970 nisi
1594 1914 1907 1988 peccatum?
1952 1912 2068 1970 Non

475 2014 620 2069 enim
657 2010 802 2066 aliud
832 2011 1032 2066 invenit
1070 2010 1346 2074 diabolus,
1391 2008 1533 2064 unde
1556 2017 1739 2080 posset
1783 2006 2069 2062 humanam

475 2120 580 2161 suo
616 2102 722 2173 juri
766 2101 1070 2171 mancipare
1129 2111 1404 2166 naturam,
1453 2114 1611 2170 quam
1658 2098 1852 2153 bonam
1901 2097 2070 2152 bonus

477 2204 666 2251 auctor
703 2194 953 2249 instituit.
997 2191 1206 2247 Nullum
1247 2200 1424 2246 autent
1455 2199 1730 2261 peccatum
1771 2188 1972 2260 parvuli
2018 2189 2070 2244 in

476 2305 577 2349 sua
609 2289 718 2343 vita
745 2290 1019 2359 proprium
1045 2285 1449 2340 commiserunt.
1489 2283 1747 2338 Remanet
1779 2281 1940 2353 igitur
1967 2282 2074 2336 ori-

479 2381 662 2453 ginale
714 2389 1020 2452 peccatum,
1082 2393 1176 2448 per
1221 2376 1363 2448 quod
1411 2377 1512 2432 sub
1560 2374 1755 2431 diaboli
1813 2382 2074 2445 potestate

481 2475 676 2548 captivi
702 2482 846 2540 sunt,
871 2471 974 2528 nisi
995 2470 1119 2526 inde
1135 2470 1348 2526 lavacro
1368 2467 1790 2540 regenerationis
1809 2476 1863 2522 et
1877 2465 2075 2520 Christi

479 2567 742 2640 Sanguine
770 2565 1119 2630 redimantur,
1147 2572 1202 2620 et
1230 2571 1506 2618 transeant
1535 2562 1588 2615 in
1615 2574 1837 2632 regnum
1868 2559 2078 2614 redem-

480 2661 654 2734 ptoris
681 2659 786 2728 sui,
814 2657 1066 2714 frustrata
1091 2662 1355 2727 potestate
1381 2651 1720 2724 captivatoris
1747 2651 1849 2718 sui,
1879 2658 1936 2706 et
1954 2647 2076 2704 data

481 2763 748 2827 potestate
769 2768 872 2825 qua
898 2751 1026 2806 ﬁant
1045 2763 1113 2805 ex
1129 2747 1252 2804 filiis
1284 2747 1440 2817 hujus
1466 2743 1645 2801 saeculi
1667 2744 1759 2799 filii
1781 2742 1874 2798 Dei
1896 2739 2076 2826 (Jun.

484 2849 552 2912 t,
589 2845 699 2919 te).

463 2977 465 2979 ι
557 2934 784 2994 CAPUT
807 2931 945 2990 XXI.
965 2961 1039 2972 —
1053 2930 1146 2986 23.
1165 2928 1249 2984 Ea;
1265 2928 1408 2984 bonis
1428 2927 1652 3000 conjugii
1669 2943 1768 2981 non
1791 2941 1895 2980 esse
1914 2932 2078 2979 ortum

485 3042 767 3107 peccatum.
797 3027 1047 3085 Connubii
1074 3033 1442 3081 sacramentum
1470 3023 1523 3077 in
1549 3019 1748 3077 Christo
1775 3030 1820 3076 et
1844 3017 2080 3075 Ecclesia

488 3142 768 3199 magnum,
823 3124 878 3177 in
927 3122 1034 3176 uiro
1072 3129 1119 3176 et
1158 3135 1317 3174 uxore
1359 3119 1644 3172 minimum.
1694 3115 1809 3171 Jam
1853 3127 1992 3169 nunc
2034 3113 2080 3168 sl

489 3217 722 3289 quodam
747 3213 908 3271 modo
934 3212 1321 3284 interrogemus
1349 3208 1487 3265 bona
1509 3207 1599 3262 illa
1621 3204 1875 3277 nuptialia
1893 3245 1908 3270 ,
1941 3203 2082 3262 unde

488 3311 560 3366 ab
598 3308 677 3365 eis
715 3305 948 3378 potuerit
976 3312 1251 3376 peccatum
1281 3300 1334 3356 in
1363 3299 1609 3372 parvulos
1636 3295 1948 3369 pr0pagari;
1991 3310 2079 3352 re-

489 3400 777 3474 spondebit
810 3397 963 3455 nobis
997 3395 1237 3468 operatio
1267 3392 1617 3465 propagandae
1645 3389 1811 3462 prolis
1843 3408 1858 3445 :
1889 3389 2001 3460 Ego
2027 3388 2082 3443 in

487 3493 741 3566 paradiso
769 3491 938 3562 magis
967 3488 1098 3545 felix
1123 3502 1321 3554 essem,
1361 3486 1407 3541 si
1440 3492 1716 3555 peccatum
1753 3496 1860 3538 non
1895 3479 2098 3536 fuisset

490 3585 807 3654 admissum.
826 3581 909 3638 Ad
928 3595 1016 3636 me
1035 3594 1263 3649 namque
1289 3579 1518 3648 pertinet
1538 3575 1628 3630 illa
1645 3571 1946 3630 benedictio
1964 3572 2080 3638 Dei,

493 3679 728 3744 Crescite,
759 3687 803 3731 et
832 3671 1245 3744 multiplicamini
1275 3669 1426 3741 (Gen.
1457 3686 1508 3737 ι,
1543 3667 1660 3739 28).
1693 3667 1774 3723 Ad
1803 3666 1906 3724 hoc
1947 3681 2084 3737 opus

490 3770 697 3827 bonum
725 3765 924 3823 diversi
967 3778 1128 3820 sexus
1155 3762 1363 3818 diversa
1399 3759 1640 3815 membra
1678 3768 1804 3814 sunt
1840 3758 2082 3826 condita,

494 3877 615 3935 quae
659 3859 876 3932 quidem
911 3865 1037 3913 ante
1072 3862 1348 3926 peccatum
1372 3852 1484 3924 jam
1507 3859 1691 3920 erant,
1720 3850 1817 3908 sed
1839 3849 2084 3922 pudenda

475 3969 603 4017 .non
643 3959 816 4009 erant.
857 3946 1221 4020 Respondebit
1243 3943 1508 4017 pudicitiae
1535 3943 1777 4000 ﬁdes:Si
1807 3951 2084 4015 peccatum

492 4062 602 4102 non
639 4043 860 4109 fuisset,
905 4039 1029 4112 quid
1059 4053 1147 4095 me
1183 4038 1238 4094 in
1273 4035 1520 4108 paradiso
1559 4035 1797 4091 securius
1828 4049 1949 4091 esse
1987 4049 2084 4107 po-

493 4138 709 4202 suisset,
732 4134 822 4190 ubi
849 4146 950 4188 nec
971 4129 1270 4187 stimularet
1292 4143 1431 4196 mea,
1455 4141 1555 4184 nec
1572 4125 1793 4182 alterius
1813 4141 1899 4181 me
1923 4124 2085 4182 libido

494 4235 752 4286 tentaret.
784 4221 1151 4295 Respondebit
1180 4222 1342 4278 ctiam
1367 4218 1620 4276 connubii
1646 4217 2084 4274 Sacramentum:

490 4320 576 4378 De
603 4335 688 4375 me
722 4326 848 4373 ante
886 4321 1163 4387 peccatum
1195 4313 1394 4369 dictum
1420 4310 1583 4368 estin
1609 4309 1878 4381 paradiso,
1908 4308 2086 4364 Relin-

493 4423 611 4483 quet
641 4415 790 4465 homo
826 4417 1020 4480 patrem
1056 4415 1103 4459 et
1130 4415 1342 4460 matrem
1361 4445 1376 4470 ,
1413 4413 1459 4457 et
1481 4401 1754 4457 adluerebit
1775 4400 1923 4456 uxori
1945 4415 2093 4468 suat,

495 4513 546 4559 et
574 4510 717 4556 erunt
743 4500 843 4554 duo
870 4498 922 4552 in
947 4511 1098 4550 carne
1122 4511 1226 4549 una
1266 4491 1379 4565 (Id.
1406 4509 1474 4562 tt,
1519 4491 1636 4562 Ἡ).
1667 4490 1820 4560 Quod
1846 4507 2094 4562 magnum,

493 4596 891 4653 Sacramentum
915 4590 1046 4645 dicit
1068 4586 1356 4658 Apostolus
1390 4587 1443 4640 in
1482 4582 1680 4641 Christo
1705 4594 1751 4640 et
1780 4585 1832 4639 in
1858 4582 2088 4640 Ecclesia

497 4683 719 4756 (Ephes.
738 4699 792 4749 v,
818 4682 929 4752 52).
953 4679 1103 4748 Quod
1127 4692 1253 4751 ergo
1273 4685 1353 4734 est
1378 4676 1430 4731 in
1450 4675 1661 4732 Christo
1690 4682 1743 4730 et
1767 4675 1822 4729 in
1845 4673 2086 4732 Ecclesia

495 4777 786 4848 magnum,
826 4774 928 4830 hoc
958 4773 1010 4828 in
1048 4771 1269 4842 singulis
1294 4768 1591 4841 quibusque
1612 4767 1743 4824 viris
1765 4775 1926 4839 atque
1951 4782 2084 4822 uxo~

494 4871 646 4927 ribus
675 4866 977 4932 minimum,
1007 4864 1102 4921 sed
1135 4873 1313 4919 tamen
1340 4859 1732 4932 conjunctionis
1757 4858 2085 4930 inseparabi-

492 4962 596 5020 lis‘
627 4961 1051 5018 Sacramentum.
1079 4956 1216 5024 Quid
1258 4957 1449 5012 horum
1484 4963 1567 5010 est
1596 4955 1649 5008 in
1693 4953 1918 5024 nuptiis,
1949 4953 2089 5010 unde

493 5053 710 5126 peccati
734 5050 1003 5108 vinculum
1027 5049 1284 5106 transiret
1303 5047 1360 5102 in
1388 5046 1671 5117 posteros?
1692 5044 1893 5115 Nempe
1920 5044 2049 5100 nihil
2070 5063 2083 5100 :

496 5154 562 5202 et
581 5152 743 5200 certe
762 5141 856 5197 his
883 5140 1054 5197 tribus
1081 5139 1236 5195 bonis
1263 5136 1494 5210 perfecte
1528 5151 1592 5194 se
1631 5136 1852 5194 haberet
1879 5135 2088 5204 bonitas

493 5237 837 5310 nuptiarum,
863 5233 1058 5306 quibus
1091 5233 1246 5292 bonis
1281 5232 1446 5290 etiam
1480 5247 1622 5289 nunc
1653 5232 1808 5289 bona;
1837 5240 1963 5288 sunt
1986 5247 2086 5287 nu-

493 5330 647 5401 ptis.

526 5495 534 5500 ⁸
569 5416 810 5478 CAPUT
830 5415 1197 5478 XXﬂ.—24.
1239 5413 1420 5472 Libido
1459 5424 1506 5472 et
1547 5415 1712 5486 pudor
1750 5431 1813 5471 et
1859 5425 2085 5485 peccato.

497 5512 608 5576 Leu
664 5515 872 5584 peccati.
935 5511 1262 5584 lmpudentia
1315 5510 1627 5582 cgnloomm.
1684 5509 1852 5564 Porro
1906 5517 2086 5564 autem

496 5604 549 5663 si
585 5605 942 5680 interrogetur
976 5583 1067 5668 illa
1102 5583 1277 5661 carnis
1321 5600 1748 5672 concupiscentia
1781 5640 1798 5667 ,
1843 5615 1944 5670 qua
1987 5616 2086 5670 pu-

438 5733 446 5748 .
495 5693 673 5751 denda
722 5695 858 5751 facta
901 5704 1046 5762 sunt,
1097 5708 1216 5764 quite
1257 5692 1402 5764 prius
1431 5690 1674 5761 pudenda
1706 5706 1812 5746 non
1845 5690 2084 5760 fuerant;

415 5959 470 6060 μ.

496 5801 679 5844 nonne
715 5786 1090 5858 respondebit,
1117 5801 1175 5843 se
1200 5785 1254 5842 in
1275 5785 1530 5850 membris
1561 5782 1790 5842 hominis
1817 5794 1936 5856 post
1958 5801 2086 5857 pec-

469 5942 487 5978 ἱ
563 5925 584 5958 ⁸
615 5930 694 5978 Ir.
720 5930 775 5976 et
793 5936 885 5975 sea
908 5930 1039 5987 uss,

1298 414 1387 473 DE
1423 411 1690 473 NUB’I‘IIS
1726 405 1818 466 ET
1854 402 2461 478 CONCUPISCENTIA,
2501 410 2559 468 S.
2605 407 2978 468 AUGUSTINI

3671 409 3780 464 ηδ

2177 539 2355 586 catum
2384 543 2502 585 esse
2530 529 2789 600 coepisse?
2844 528 2911 582 Et
2968 525 3090 584 ideo
3133 524 3307 600 legem
3344 512 3558 601 peccati
3589 531 3776 596 verbis

2176 620 2481 694 apostolicis
2527 629 2880 691 nuncupatam
2931 619 3109 690 (Rom.
3164 634 3260 684 vn,
3309 619 3429 694 25),
3478 623 3622 694 quod
3662 624 3770 686 lto-

2175 717 2375 772 minem
2417 717 2517 772 sibi
2546 715 2815 773 subditum
2857 713 3075 784 fecerit,
3119 718 3243 786 quia
3271 717 3383 776 Deo
3437 733 3538 775 suo
3584 721 3776 778 subdi-

2177 818 2261 865 tus
2297 825 2417 866 esse
2447 809 2650 866 noluit:
2676 823 2841 879 seque
2861 800 2981 863 esse
3010 808 3078 864 de
3106 823 3208 879 qua
3235 818 3289 864 et
3318 810 3472 880 primi
3495 811 3776 883 coniugati

2177 911 2302 958 tunc
2321 901 2670 968 erubucrunt,
2700 899 2913 971 quando
2937 900 3188 974 pudenda
3220 909 3467 960 texerunt
3497 901 3654 974 (Gen.
3684 921 3770 973 tu,

2176 996 2254 1067 7),
2279 1002 2334 1050 ct
2368 1010 2508 1050 nunc
2532 1009 2722 1050 omnes
2760 992 3116 1060 erubescunt,
3155 994 3367 1064 quando
3403 994 3471 1050 ad
3507 1010 3774 1053 concum-

2174 1085 2406 1142 bcndum
2429 1096 2632 1141 secreta
2652 1086 2992 1154 conquirunt,
3021 1100 3195 1156 neque
3215 1085 3374 1156 hujus
3393 1087 3574 1158 operis
3601 1098 3774 1145 testes

2176 1180 2375 1235 audent
2405 1180 2602 1236 habere
2637 1180 2719 1235 vel
2761 1178 2931 1245 filios,
2969 1196 3104 1250 quos
3147 1180 3270 1236 inde
3307 1192 3630 1252 genuerunt.
3671 1184 3774 1238 Cui

2175 1271 2510 1328 verecundia:
2539 1271 2764 1328 naturali
2794 1271 3113 1344 Cynicorum
3143 1288 3294 1328 error
3325 1272 3774 1345 philosophum

2177 1361 2407 1420 mirabili
2466 1362 2791 1431 impudentia
2841 1361 3128 1418 reluctatus
3182 1364 3776 1435 estzquandoquidem

2178 1453 2300 1522 hoc,
2333 1447 2582 1524 quoiiiam
2623 1454 2821 1510 licitum
2851 1463 2995 1510 esset
3025 1454 3452 1526 honestumque,
3483 1472 3604 1512 cum
3633 1472 3774 1512 con-

2171 1545 2300 1619 juge
2327 1547 2498 1617 palam
2535 1544 2838 1617 faciendum
2879 1561 2997 1603 esse
3039 1546 3349 1603 censebant.
3391 1546 3546 1604 Unde
3567 1548 3776 1606 merito

2177 1639 2514 1706 immunditia
2564 1638 2722 1710 hujus
2760 1640 3102 1710 impudentia)
3141 1641 3388 1698 caninum
3432 1657 3631 1700 nomen
3674 1656 3774 1698 ac-

2177 1729 2318 1801 cepit
2342 1747 2356 1786 :
2377 1747 2441 1786 ex
2474 1732 2572 1784 hoc
2593 1730 2789 1801 quippe
2814 1730 3000 1804 Cynici
3029 1730 3315 1804 nuncupati
3335 1741 3478 1787 sunt.

2249 1819 2477 1878 CAPUT
2518 1821 2706 1878 XXIII.
2730 1851 2800 1862 —-
2819 1821 2909 1878 25.
2942 1819 3359 1894 Concupiscentia
3386 1824 3440 1878 in
3467 1826 3776 1896 regeneratis

2178 1915 2289 1974 sine
2321 1932 2568 1974 consensu
2611 1932 2712 1970 non
2759 1927 2830 1971 est
2869 1925 3153 1986 peccatum.
3196 1915 3472 1972 Peccatum
3497 1934 3598 1989 quo
3621 1934 3776 1978 sensu

2178 2010 2584 2080 concupiscentia
2624 2005 2846 2066 vocetur.‘
2887 2009 3144 2082 Quidquid
3180 2027 3270 2082 per
3305 2011 3770 2083 comupiscentian

2179 2101 2425 2167 nascitur,
2456 2117 2554 2155 non
2583 2101 2830 2158 immerita
2859 2100 3120 2173 subjugari
3142 2100 3345 2156 diabolo
3369 2110 3575 2172 propter
3599 2119 3777 2173 pecca-

2181 2203 2309 2247 tum.
2347 2192 2593 2248 Diabolus
2620 2193 2821 2264 grauius
2858 2209 3009 2264 quam
3040 2191 3267 2248 [contines
3295 2195 3604 2264 pwtiendus.
3643 2194 3776 2252 Hac

2181 2284 2402 2340 omnino
2429 2285 2896 2354 concupiscentia,
2941 2284 3053 2338 hinc
3082 2283 3168 2340 lex
3199 2286 3398 2355 peccati
3437 2284 3688 2344 habitans
3718 2287 3776 2343 iu

2180 2378 2459 2444 membris,
2491 2377 2576 2434 cui
2603 2377 2688 2434 lex
2710 2377 2930 2446 iustitia:
2958 2385 3102 2433 vetat
3128 2376 3369 2442 obedire.
3394 2377 3605 2434 dicente
3633 2379 3782 2448 Apo-

2184 2472 2354 2539 stolo,
2385 2469 2506 2526 Non
2535 2487 2652 2544 ergo
2681 2480 2849 2542 regnet
2881 2480 3140 2538 peccatum
3159 2471 3215 2525 in
3246 2480 3406 2528 uestro
3429 2470 3634 2526 ntortali
3660 2487 3783 2528 cor.

2183 2580 2307 2636 pore
2329 2563 2397 2616 ad
2421 2562 2755 2619 obediendum
2781 2562 3042 2618 desideriis
3070 2562 3198 2634 ejus,
3220 2578 3378 2636 neque
3402 2562 3730 2618 exhibueritis
3757 2565 3780 2596 ί

2183 2653 2407 2709 membra
2434 2665 2597 2709 vestra
2635 2670 2780 2710 arma
2821 2653 3100 2722 iniquitatis
3125 2663 3328 2724 peccato
3367 2652 3547 2726 (Rom.
3573 2669 3652 2722 Vt,
3684 2654 3778 2721 l2,

2187 2744 2451 2821 13),ha:c,
2490 2748 2702 2822 inquam
2725 2787 2743 2817 ,
2782 2747 3212 2818 concupiscentia
3233 2789 3250 2814 ,
3283 2763 3406 2818 qua:
3429 2747 3544 2806 solo
3580 2746 3780 2809 Sacra-

2185 2847 2367 2894 mento
2392 2838 2814 2910 regenerationis
2842 2839 3086 2910 expiatur
3104 2878 3120 2906 ,
3163 2837 3400 2909 profecto
3426 2838 3636 2908 peccati
3653 2838 3781 2898 vin-

2186 2931 2364 2988 culum
2395 2931 2798 3003 regeneratione
2825 2929 3020 3002 trajicit
3041 2929 3096 2985 in
3129 2937 3396 3001 posteros,
3425 2929 3527 2986 nisi
3546 2930 3566 2961 ¹¹
3586 2928 3656 2985 ab
3683 2929 3782 2988 illo

2186 3031 2242 3078 et
2281 3022 2383 3093 ipsi
2427 3023 2833 3094 regeneratione
2879 3021 3178 3082 solvantur.
3224 3019 3359 3077 Nam
3403 3021 3520 3091 ipsa
3559 3019 3782 3092 quidem

2186 3116 2616 3187 concupiscentia
2639 3115 2750 3187 jam
2776 3130 2882 3172 non
2906 3125 2988 3172 est
3017 3124 3290 3186 peccatum
3323 3117 3377 3170 in
3413 3117 3780 3186 regeneratus,

2189 3197 2408 3284 quando
2434 3209 2510 3266 nn
2549 3212 2616 3266 ad
2645 3211 2827 3267 illicita
2853 3225 3015 3280 opera
3045 3224 3151 3266 non
3193 3209 3564 3277 consentitur,
3612 3218 3783 3279 atque

2190 3314 2250 3360 ut
2279 3320 2339 3361 ea
2368 3303 2734 3375 perpetrent’,
2765 3317 2796 3358 a
2824 3303 3004 3374 regina
3031 3310 3213 3359 mente
3237 3301 3480 3362 membra
3507 3316 3616 3360 non
3638 3300 3783 3360 dau-

2187 3403 2276 3452 tur
2300 3413 2315 3451 :
2340 3404 2395 3450 ut
2426 3395 2471 3450 si
2501 3408 2608 3448 non
2637 3393 2695 3448 fit
2723 3392 2865 3463 quod
2889 3393 3147 3464 scriptum
3175 3402 3279 3460 est,
3311 3390 3434 3447 Non
3452 3392 3785 3462 concupiscas

2189 3484 2389 3560 (Exod.
2423 3500 2520 3552 xx,
2549 3482 2671 3560 l7),
2703 3483 2795 3540 fiat
2820 3485 3008 3541 saltem
3051 3483 3195 3556 quod
3237 3484 3363 3540 alibi
3399 3484 3610 3556 legitur,
3655 3483 3785 3542 Post

2189 3577 2623 3650 concupiscentias
2656 3586 2772 3632 tuas
2814 3592 2917 3634 non
2951 3593 3035 3633 cas
3079 3574 3271 3649 (Eccli.
3310 3592 3467 3644 avni,
3511 3576 3627 3648 30).
3670 3576 3785 3636 Sed

2190 3672 2314 3743 quia
2331 3670 2354 3702 ⁸
2377 3669 2538 3727 modo
2556 3669 3057 3741 quodamloquendi
3078 3681 3352 3742 peccatum
3373 3682 3612 3739 vocatur,
3633 3673 3785 3742 quod

2190 3775 2244 3823 et
2279 3774 2498 3836 peccato
2534 3763 2672 3822 facta
2709 3773 2812 3832 est,
2847 3775 2902 3822 et
2940 3775 3238 3837 peccatum,
3282 3767 3330 3822 si
3364 3767 3588 3835 vicerit,
3617 3765 3783 3835 facit;

2190 3859 2409 3916 reatus'
2446 3859 2562 3930 ejus
2587 3859 2730 3915 valet
2767 3859 2820 3914 in
2849 3868 3103 3930 generato
3124 3877 3138 3914 :
3157 3874 3316 3930 quem
3345 3867 3552 3916 reatum
3578 3858 3787 3918 Christi

2189 3951 2358 4024 gratia
2388 3965 2486 4022 por
2520 3950 2890 4007 remissionem
2937 3951 3180 4006 omnium
3223 3959 3566 4020 peccatorum
3606 3949 3662 4006 in
3693 3965 3787 4006 neq

2191 4051 2474 4114 generato,
2507 4042 2553 4098 si
2579 4042 2646 4098 ad
2683 4041 2823 4098 mala
2857 4056 3021 4112 opera
3051 4043 3100 4097 ei
3130 4041 3360 4113 quodam
3392 4041 3553 4098 modo
3571 4040 3788 4112 iubenti

2191 4147 2298 4190 non
2343 4133 2591 4199 obediat,
2639 4131 2814 4188 valere
2860 4146 2969 4188 non
3010 4132 3157 4188 sinit.
3200 4132 3290 4190 Sic
3331 4141 3510 4188 autem
3560 4142 3788 4190 vocatu:

2191 4234 2467 4297 peccatum
2487 4267 2503 4293 ,
2530 4225 2654 4296 quia
2692 4232 2911 4294 peccato
2947 4222 3087 4278 facta
3117 4231 3235 4290 est,
3265 4238 3386 4280 cum
3407 4223 3521 4293 jam
3547 4225 3600 4278 in
3626 4237 3788 4294 rege—-

2190 4319 2392 4375 neratis
2420 4333 2526 4374 non
2569 4318 2642 4373 sit
2681 4317 2792 4387 ipsa
2834 4325 3112 4388 peccatum
3136 4334 3150 4372 :
3174 4315 3315 4372 sicut
3351 4324 3571 4372 vocatur
3600 4315 3788 4387 lingua

2191 4411 2409 4478 locutio,
2428 4425 2586 4481 quam
2607 4408 2731 4464 facit
2749 4409 2958 4480 lingua;
2980 4417 3035 4464 et
3049 4423 3236 4464 manus
3255 4416 3474 4463 vocatur
3493 4406 3790 4476 scriptura,

2191 4520 2349 4577 quam
2381 4503 2509 4558 facit
2553 4517 2765 4557 manus.
2810 4499 3048 4571 Itemque
3085 4500 3164 4556 sic
3209 4508 3426 4555 vocatur
3466 4507 3786 4568 peccatum,

2191 4597 2316 4670 quia
2346 4605 2654 4667 peccatum,
2702 4594 2749 4649 si
2779 4593 2962 4661 vincit,
3003 4593 3158 4650 facit:
3183 4592 3321 4648 sicut
3353 4601 3571 4647 vocatur
3610 4590 3787 4662 frigus

2190 4692 2422 4763 pigrum,
2443 4703 2548 4744 non
2569 4687 2711 4760 quod
2734 4702 2764 4742 a
2790 4687 2952 4759 pigris
2979 4687 3089 4753 fiat,
3117 4685 3213 4743 sed
3233 4685 3376 4758 quod
3397 4685 3578 4757 pigros
3597 4686 3786 4742 faciat.

2261 4783 2354 4840 26.
2382 4783 2495 4839 Hoc
2516 4781 2695 4854 generi
2723 4781 2954 4840 humano
2982 4779 3237 4838 inuictum
3260 4779 3453 4836 vulnus
3479 4794 3511 4834 a
3539 4778 3785 4846 diabolo,

2193 4877 2448 4951 quidquid
2488 4891 2584 4948 per
2623 4874 2753 4932 illud
2794 4873 3061 4941 nascitur,
3090 4873 3234 4945 cogit
3271 4887 3390 4929 esse
3418 4872 3518 4928 sub
3543 4869 3788 4938 diabolo,

2193 4979 2446 5039 tanquam
2472 4966 2542 5023 de
2570 4981 2668 5022 suo
2705 4965 2898 5020 frutice
2925 4964 3152 5020 fructum
3183 4963 3308 5034 jure
3347 4962 3598 5032 decerpat
3625 4977 3641 5016 :
3672 4976 3791 5018 non

2193 5061 2337 5134 quod
2367 5061 2434 5118 ab
2460 5058 2556 5116 illo
2585 5059 2656 5115 sit
2681 5067 2866 5115 natura
2897 5057 3127 5114 humana
3147 5099 3161 5125 ,
3189 5071 3310 5130 quae
3334 5071 3442 5114 non
3471 5063 3554 5113 est
3579 5053 3688 5112 nisi
3713 5069 3790 5114 ex

2259 5176 2277 5244 ξ
2312 5176 2385 5225 Sic
2530 5173 2811 5244 Editivero,

2256 5238 2278 5268 ¹
2311 5236 2442 5297 Apud
2465 5242 2595 5297 Lov.,
2617 5240 2664 5287 et

2258 5299 2280 5364 ξ
2312 5299 2499 5364 Aliquot
2519 5303 2648 5358 Mss,
2671 5300 2926 5364 perpetret.

2257 5361 2280 5393 δ
2302 5354 2622 5412 wvanienses
2632 5354 2933 5422 rejeéenmt,
2947 5355 3062 5421 quia
3084 5369 3103 5408 :
3115 5358 3309 5422 tametsi
3327 5354 3684 5422 animum.
3701 5360 3788 5408 nr.

2196 5430 2432 5474 etomnes
2445 5422 2640 5475 codices
2660 5417 3022 5483 manuscriptos.
3049 5427 3189 5471 Forte
3215 5417 3502 5483 legendum}
3533 5417 3617 5469 sed
3649 5430 3788 5477 qua.

2257 5486 2282 5518 ⁸
2312 5486 2633 5548 Benignianns
2651 5489 2755 5548 his,
2791 5494 2956 5532 verum
2972 5489 3168 5548 featus.
3191 5486 3283 5531 Sed
3299 5515 3330 5548 ,_
3349 5493 3545 5548 verum,
3567 5491 3596 5529 a
3613 5486 3792 5548 ρρδιρ-

2193 5549 2328 5598 riore
2360 5540 2504 5596 manu
2535 5540 2847 5594 substitutum
2873 5550 2952 5593 est
2972 5541 3079 5606 loco
3105 5543 3228 5594 alius
3257 5542 3519 5606 cujusdam
3540 5540 3786 5606 vocabuli.

2194 5615 2315 5660 Sunt
2354 5607 2461 5658 libri
2507 5609 2590 5664 qui
2638 5607 2852 5664 habent,
2898 5603 3016 5664 facit
3049 5619 3189 5658 reum
3225 5617 3244 5656 :
3269 5602 3434 5656 riam
3473 5603 3578 5664 eius
3619 5602 3784 5663 υωια,

2197 5615 2315 5660 Sunt
2355 5615 2461 5658 libri
2578 5615 2587 5619 '
2638 5615 2852 5664 habent,
2918 5615 3016 5656 acet
3049 5619 3189 5658 reum
3225 5617 3244 5656 :
3269 5615 3434 5656 ream
3619 5615 3784 5663 vaca,

2197 5679 2315 5739 etc;
2339 5621 2666 5739 minusfgnc.
2691 5693 2758 5718 η,
2774 5615 2960 5739 Itur-el“
2985 5666 3132 5739 Elcm.
3285 5680 3423 5739 pggq

2195 5725 2322 5797 legit
2363 5733 2494 5784 hunc
2549 5731 2710 5780 locum
2752 5745 2764 5780 :
2806 5729 2900 5797 sed
2946 5725 3068 5794 quia
3119 5725 3507 5797 modo'q'uudatn
3534 5725 3794 5797 loquutus

2195 5792 2446 5860 peccatum
2472 5799 2707 5860 pacatur,
2732 5792 2860 5860 quod
2899 5798 2948 5842 et
2968 5792 3185 5854 peccato
3219 5793 3352 5860 facta
3389 5795 3562 5860 esset
3601 5800 3791 5854 pecca-

2195 5849 2326 5969 m,
2367 5854 2630 5967 savium,
2671 5849 2786 5918 facit
2827 5849 3020 5915 man;
3051 5849 3506 5918 reatus'ejusvalct
3537 5849 3792 5918 itm-

2197 5931 2320 5970 falO.
2386 5931 2439 5967 Ill.
