4012 6470
479 440 608 525 ut

507 562 596 619 vel
637 557 814 618 cordis
855 561 1108 610 assensus
1151 545 1243 603 ubi
1287 551 1508 616 regnet,
1533 540 1622 598 vel
1661 536 1900 595 membra
1939 533 2088 589 velut

508 668 656 711 arma
683 651 874 724 quibus
900 644 1180 715 impleatur
1202 637 1344 710 quod
1370 635 1539 706 iubet.
1565 631 1685 704 Agit
1708 638 1906 692 autem,
1933 623 2085 724 quid,

509 745 613 802 nisi
639 718 753 814 ipsa
776 737 1040 795 desideria
1065 733 1205 791 mala
1230 738 1285 787 et
1308 727 1526 799 turpia?
1567 725 1682 780 Non
1709 723 1850 780 enim
1879 719 1925 775 si
1948 718 2089 772 bona

509 849 568 898 ot
615 811 757 894 licita
809 840 1010 897 essent,
1057 829 1137 884 eis
1183 824 1402 880 obedire
1451 818 1758 891 prohiberet
1801 811 2089 884 Apostolus

510 931 696 988 dicens
723 944 738 985 :
761 923 884 982 Non
907 930 1076 996 regnet
1105 927 1364 992 peccatum
1389 915 1444 969 in
1467 921 1628 968 vestro
1653 907 1856 964 mortali
1881 919 2094 975 corpore

510 1024 582 1078 ad
608 1017 940 1077 obedientium
965 995 1224 1069 desideriis
1250 1011 1378 1081 ejus.
1427 1005 1542 1062 Non
1570 1003 1711 1060 enim
1737 1001 1842 1067 ait,
1870 997 1951 1055 Ad
1992 995 2092 1050 ba-

510 1113 686 1171 benda
716 1108 978 1167 desideria
1011 1106 1166 1177 ejus;
1210 1101 1304 1158 sed
1324 1143 1340 1168 ,
1368 1098 1436 1154 ad
1474 1093 1804 1152 obediendum
1832 1085 2095 1143 desideriis

512 1207 659 1276 ejus:
684 1211 743 1258 ut
766 1201 1017 1272 quoniam
1041 1205 1164 1252 sunt
1188 1196 1244 1248 in
1267 1193 1387 1248 aliis
1406 1189 1628 1259 majora,
1651 1186 1703 1240 in
1728 1183 1847 1238 aliis
1862 1179 2092 1244 minora,

512 1267 674 1369 prout
704 1267 926 1365 quisque
964 1289 1019 1344 in
1059 1285 1289 1342 hominis
1326 1279 1595 1337 interioris
1637 1275 1872 1330 novitate
1910 1267 2092 1341 profe-

515 1367 670 1450 cerit,
703 1385 758 1439 in
787 1383 889 1438 hoc
914 1393 1136 1450 agonem
1162 1373 1380 1445 iustitiae
1404 1367 1778 1442 pudicitiaeque
1800 1372 2095 1425 servemus,

517 1493 588 1532 ne
613 1476 717 1530 illis
741 1471 1071 1528 obediamus.
1115 1465 1184 1522 Ut
1209 1473 1386 1520 tamen
1415 1476 1515 1516 nec
1538 1459 1652 1528 ipsa
1677 1455 1786 1511 sint
1811 1450 2094 1515 desideria,

516 1567 653 1623 velle
693 1565 970 1626 debemus,
1001 1560 1164 1616 etiam
1201 1557 1247 1612 si
1287 1556 1340 1610 in
1371 1566 1596 1622 corpore
1639 1547 1826 1604 mortis
1863 1543 2019 1613 huius
2047 1540 2100 1596 id

519 1658 762 1716 obtinere
787 1670 892 1709 non
922 1665 1226 1722 possumus.
1255 1646 1388 1701 Hinc
1417 1642 1559 1698 enim
1593 1648 1649 1695 et
1683 1639 1789 1692 alio
1813 1637 1929 1690 loco
1956 1632 2100 1688 idem

519 1749 795 1821 apostolus
835 1746 1060 1815 loquens
1106 1739 1252 1796 velut
1300 1753 1364 1792 ex
1409 1749 1520 1790 sum
1569 1745 1811 1803 personae
1857 1724 2102 1782 introdu-

520 1815 702 1898 ciioue
727 1851 826 1893 nos
861 1835 1108 1901 instruit,
1134 1832 1338 1894 dicens,
1377 1824 1498 1880 Non
1523 1823 1655 1878 enim
1679 1819 1813 1890 quod
1837 1817 1948 1872 voto
1965 1857 1982 1884 ,
2011 1815 2106 1869 hoc

523 1947 657 2004 ago;
700 1928 789 1984 sed
815 1925 950 1998 quod
977 1923 1094 1988 odi,
1125 1919 1256 1975 illud
1295 1918 1468 1988 facio;
1512 1913 1565 1969 id
1599 1919 1714 1978 est,
1744 1907 2102 1977 concupisco:

523 2001 646 2094 quia
685 2027 742 2078 et
783 2019 886 2073 hoc
929 2015 1094 2071 nollet
1140 2014 1335 2074 facere,
1380 2015 1440 2061 ut
1478 2012 1621 2062 esset
1656 2001 1802 2058 omni
1849 2015 1916 2054 ex
1957 2005 2106 2068 parte

526 2090 811 2184 perlectus.
843 2107 904 2162 Si
931 2113 1096 2160 autem
1121 2100 1256 2175 quod
1282 2100 1421 2164 nolo,
1451 2095 1644 2167 inquit,
1675 2093 1770 2148 hoc
1798 2090 1950 2162 facio,
1982 2103 2107 2142 con-

526 2178 687 2261 sentio
714 2203 813 2275 tegi
849 2200 1088 2272 quoniam
1115 2197 1243 2251 bona
1267 2208 1288 2249 :
1315 2191 1437 2263 quia
1481 2189 1585 2243 hoc
1625 2195 1681 2242 et
1721 2184 1808 2239 illa
1843 2197 1950 2237 non
1975 2178 2106 2246 vult,

528 2295 670 2368 quod
709 2273 776 2349 eti
799 2307 900 2363 ego
934 2289 1079 2345 nolo.
1125 2285 1242 2343 Non
1265 2283 1380 2341 vult
1425 2280 1568 2336 enim
1611 2286 1670 2333 ut
1711 2273 2108 2344 concupiscam,

528 2364 648 2456 qua:
672 2383 820 2447 dicit,
841 2379 963 2435 Non
980 2377 1304 2447 concupisces
1324 2387 1345 2429 :
1363 2379 1420 2428 et
1440 2385 1541 2442 ego
1561 2369 1688 2424 nolo
1709 2364 2108 2434 concupiscere.

530 2480 592 2534 lu
635 2477 738 2532 hoc
782 2476 959 2545 itaque
997 2468 1358 2531 consentiunt,
1387 2463 1637 2519 voluntas
1677 2459 1829 2530 legis,
1873 2464 1930 2511 et
1971 2469 2109 2510 mea.

532 2569 732 2626 Verum
760 2568 883 2638 quia
911 2562 1292 2633 concupiscere
1318 2557 1553 2621 nolebat,
1599 2561 1655 2609 et
1695 2561 1872 2607 tamen
1913 2562 2112 2604 concu-

532 2663 792 2736 piscebat,
824 2659 920 2716 sed
943 2657 1117 2715 eidem
1143 2649 1589 2724 concupiscentiae
1617 2657 1955 2718 nequaquam
1983 2655 2115 2696 con-

533 2735 814 2813 sentiendo
841 2750 1139 2815 serviebat,
1165 2745 1404 2816 adiunxit
1428 2751 1589 2813 atque
1617 2739 1695 2795 ait
1720 2754 1737 2794 :
1765 2735 1921 2792 Nunc
1948 2741 2117 2788 autem

533 2863 641 2918 1am
680 2863 783 2902 non
809 2860 904 2916 ego
944 2857 1125 2916 operor
1164 2837 1329 2904 illud,
1353 2835 1442 2890 sed
1467 2834 1522 2888 id
1549 2831 1685 2906 quod
1725 2832 1781 2885 in
1815 2844 1896 2883 me
1927 2825 2118 2880 habitat

536 2950 814 3015 peccatum.

608 3029 837 3090 CAPUT
875 3024 1115 3084 XXVIII.
1152 3052 1226 3066 —
1260 3021 1352 3077 5i.
1393 3019 1522 3086 Quis
1571 3016 1738 3072 dicere
1783 3012 1975 3084 possit,
2005 3009 2119 3083 jam

540 3139 642 3179 non
667 3137 762 3194 ego
789 3135 972 3190 operor
993 3115 1146 3172 illud.
1165 3145 1238 3157 —
1259 3112 1479 3169 Multum
1505 3115 1684 3163 autem
1709 3103 1912 3160 fallitur
1936 3100 2117 3194 homo,

541 3211 635 3286 qui
664 3187 1006 3269 consentiens
1043 3201 1488 3276 concupiscentia:
1525 3197 1702 3254 carnis
1737 3209 1878 3259 suae,
1903 3199 1959 3247 et
1980 3187 2121 3262 quod

541 3278 921 3364 iilatlesiderat
943 3300 1238 3357 decernens
1261 3293 1437 3350 facere
1475 3298 1529 3346 et
1555 3295 1819 3351 statuens,
1845 3289 1994 3353 putat
2019 3278 2122 3334 sibi

542 3397 716 3453 adhuc
737 3409 856 3450 esse
888 3389 1168 3448 dicendum
1185 3429 1202 3455 ,
1229 3384 1352 3440 Non
1379 3399 1470 3455 ego
1495 3395 1675 3453 operor
1709 3375 1840 3432 illud
1863 3391 1884 3429 :
1911 3368 2124 3428 etiamsi

542 3488 716 3545 oderit
757 3485 880 3557 quia
904 3481 1189 3539 consentit.
1233 3477 1402 3534 Simul
1435 3474 1576 3532 enim
1607 3479 1692 3528 est
1728 3476 2030 3536 utrumque,
2069 3472 2126 3520 et

543 3580 662 3651 ipse
686 3556 820 3643 odit,
852 3575 977 3645 quia
1009 3573 1211 3628 malum
1234 3583 1356 3626 esse
1376 3566 1562 3630 novit;
1601 3571 1656 3618 et
1689 3562 1803 3651 ipse
1829 3559 1971 3625 facit,
1999 3556 2125 3627 quia

544 3646 725 3726 facere
751 3664 955 3720 statuit.
993 3661 1111 3716 Jam
1139 3674 1268 3714 vero
1296 3657 1342 3712 si
1367 3664 1422 3712 et
1449 3653 1579 3710 illud
1604 3650 1787 3718 addat,
1810 3648 1954 3722 quod
1979 3646 2124 3702 Scri-

547 3767 703 3830 ptura
739 3754 1024 3829 prohibet,
1068 3752 1286 3817 dicens,
1325 3745 1505 3818 Neque
1546 3742 1866 3798 exhibueritis
1906 3738 2129 3794 membra

547 3861 712 3906 sesua
739 3863 885 3902 arma
925 3843 1202 3916 iniquitatis
1230 3847 1431 3912 peccato
1456 3835 1632 3910 (Rom.
1657 3850 1710 3889 γι
1727 3875 1744 3900 ,
1770 3832 1871 3900 12,
1897 3830 2032 3900 15),
2070 3837 2129 3884 ut

547 3939 693 4014 quod
717 3938 894 3995 facere
918 3936 1102 3993 statuit
1123 3935 1174 3988 in
1197 3931 1382 3995 corde,
1407 3929 1568 3984 etiam
1588 3939 1813 4007 egrpore
1831 3921 2124 3994 compleat;

549 4013 607 4091 et
643 4032 766 4089 illeo
805 4030 965 4093 dicat,
991 4025 1113 4081 Non
1151 4041 1242 4097 ego
1267 4038 1447 4094 operor
1485 4017 1635 4085 illud,
1664 4017 1754 4072 sed
1779 4015 1912 4087 quod
1941 4013 2130 4068 habitat

549 4126 610 4181 in
636 4140 716 4178 me
746 4130 1024 4194 peccatum,
1051 4117 1174 4190 quia
1199 4131 1319 4194 cum
1346 4115 1399 4170 id
1428 4113 1669 4170 decernit
1695 4119 1750 4167 et
1772 4109 1917 4176 facit,
1947 4107 2132 4178 diSpli.

553 4224 643 4274 cet
683 4193 821 4281 sibi;
855 4221 1058 4269 tantum
1103 4218 1269 4276 errat,
1312 4193 1372 4263 ut
1409 4220 1511 4262 nec
1534 4220 1594 4261 se
1627 4203 1798 4274 ipsum
1836 4209 2127 4272 agnoscat;

550 4324 613 4376 at
667 4307 770 4363 ..do
811 4321 930 4361 cum
976 4319 1042 4360 ex
1068 4309 1182 4358 toto
1223 4301 1338 4370 ipse
1379 4299 1477 4362 sit,
1505 4306 1560 4352 et
1589 4295 1752 4351 corde
1775 4301 2041 4348 statuente
2077 4299 2134 4349 et

548 4425 637 4459 Lux
653 4415 782 4471 pore
805 4398 1081 4467 implente,
1107 4393 1284 4449 adhuc
1320 4406 1379 4446 se
1407 4391 1577 4461 ipsum
1610 4401 1730 4444 esse
1757 4401 1863 4441 non
1889 4393 2059 4456 putat.

623 4487 852 4546 CAPUT
889 4484 1082 4542 XXIX.
1107 4481 1400 4537 ——Bonum
1435 4477 1638 4552 quando
1679 4476 1989 4548 perficiatur.
2033 4474 2134 4540 Qui

553 4595 686 4651 ergo
716 4578 864 4645 dicit,
888 4575 1011 4629 1am
1043 4590 1146 4628 non
1169 4589 1260 4643 ego
1293 4585 1473 4642 aperor
1500 4567 1650 4633 illud,
1676 4566 1766 4621 sed
1789 4565 1921 4635 quod
1946 4563 2135 4618 habitat

557 4672 613 4726 in
640 4686 718 4724 me
741 4675 1044 4738 peccatum:
1072 4664 1118 4719 si
1153 4659 1520 4717 tantummodo
1553 4657 1913 4727 concupiscit,
1947 4671 2132 4711 verum

557 4759 727 4826 dicit;
767 4772 873 4812 non
899 4756 944 4812 si
973 4753 1151 4810 cordis
1179 4750 1533 4808 consensione
1558 4747 1817 4816 decernit,
1860 4747 2134 4804 autetiam

555 4847 802 4918 Corporis
841 4845 1141 4900 ministerio
1182 4842 1408 4914 perlicit.

627 4939 718 4994 52.
758 4937 961 4993 Deinde
1007 4934 1246 5006 adiungit
1286 4932 1573 5002 Apostolus
1613 4947 1626 4984 :
1672 4930 1794 4986 Scio
1841 4930 1973 4984 enim
2017 4930 2136 5002 quia

559 5049 660 5088 non
691 5031 882 5085 habitat
907 5031 961 5082 in
985 5044 1085 5095 me,
1117 5027 1211 5082 hoc
1239 5035 1312 5080 est
1335 5026 1390 5079 in
1415 5040 1567 5078 carne
1591 5038 1729 5099 mea,
1756 5024 1938 5079 bonum
1963 5039 1985 5078 :
2012 5021 2138 5077 uelle

559 5124 695 5178 enim
717 5121 914 5193 adjacet
941 5119 1085 5184 mihi,
1114 5118 1355 5190 perficere
1376 5123 1541 5170 autem
1567 5114 1753 5170 bonum
1789 5132 1890 5170 non
1916 5114 2134 5170 invenio.

559 5211 675 5270 Hoc
718 5211 838 5268 ideo
881 5207 1079 5265 dictum
1125 5216 1240 5275 est,
1281 5207 1402 5279 quia
1444 5216 1568 5262 tunc
1611 5205 1878 5278 perﬁcitur
1915 5205 2136 5273 bonum,

559 5303 771 5375 quando
817 5299 1078 5357 desideria
1119 5300 1255 5354 mala
1284 5298 1426 5353 nulla
1467 5305 1592 5352 sunt
1629 5315 1643 5352 :
1675 5297 1812 5352 sicut
1855 5306 1978 5350 tunc
2018 5311 2139 5366 per-

559 5393 736 5452 ﬁcitur
790 5391 1018 5457 malum,
1070 5389 1282 5461 quando
1331 5387 1485 5444 malis
1539 5386 1816 5443 desideriis
1869 5385 2136 5441 obeditur.

561 5486 787 5555 Quando
815 5494 993 5541 autem
1038 5492 1162 5540 sunt
1203 5482 1414 5555 quidem
1437 5522 1452 5548 ,
1483 5480 1578 5536 sed
1606 5495 1712 5536 non
1741 5479 1820 5534 eis
1847 5478 2095 5534 obeditur
2119 5495 2136 5545 ;

559 5592 662 5635 nec
697 5579 896 5634 malum
943 5575 1249 5649 perﬁcitur,
1283 5577 1406 5646 quia
1446 5589 1551 5631 non
1599 5573 1678 5628 eis
1718 5571 1995 5638 obeditur;
2042 5586 2142 5628 nec

566 5669 764 5726 bonum
786 5713 801 5738 ,
829 5670 950 5741 quia
979 5678 1103 5724 sunt
1131 5687 1144 5723 :
1176 5667 1271 5724 sed
1315 5666 1374 5722 iit
1413 5682 1480 5721 ex
1515 5665 1690 5736 aliqua
1731 5670 1882 5734 parte
1918 5664 2138 5731 bonum,

561 5761 682 5831 quia
733 5763 1175 5833 concupiscentia
1221 5761 1376 5816 malae
1425 5776 1529 5815 non
1570 5757 1936 5824 consentitur;
1977 5766 2033 5813 et
2073 5773 2141 5814 ex

562 5852 738 5923 aliqua
765 5862 914 5924 parte
939 5861 1181 5911 remanet
1208 5853 1425 5920 malum,
1457 5850 1579 5923 quia
1606 5850 1688 5906 vel
1718 5849 2131 5922 concupiscitur.

1273 499 1278 503 ι
1320 425 1410 485 DE
1443 419 1710 484 NUPTUS
1744 417 1836 476 ET
1870 403 2472 480 CONCUPISCENTIA,
2509 407 2568 466 S.
2607 400 2975 465 AUGUSTINI

3665 388 3773 451 852

2199 527 2324 584 ideo
2357 540 2486 599 ergo
2516 521 2798 598 Apostolus
2836 535 2943 576 non
2979 516 3054 574 sit
3087 513 3265 573 facere
3296 512 3495 572 bonum
3521 509 3624 566 sibi
3657 525 3770 568 non

2195 619 2459 691 adiacere,
2508 616 2600 673 sed
2645 613 2919 687 perlicere.
2969 608 3190 667 Multum
3230 607 3373 664 enim
3401 605 3530 661 boni
3571 604 3699 662 facit
3724 605 3768 673 ',

2196 713 2285 784 qui
2312 711 2441 767 facit
2467 709 2606 781 quod
2640 707 2892 777 scriptum
2920 711 3023 770 est,
3046 701 3173 758 Post
3200 699 3628 772 concupiscentia
3655 707 3771 755 tuas

2197 821 2299 861 non
2328 822 2412 860 eas
2437 802 2624 876 (Eccli.
2651 816 2806 867 xvm,
2829 797 2918 871 30)
2951 814 2966 852 :
2996 795 3091 853 sed
3117 809 3224 852 non
3250 793 3488 865 perﬁcit,
3515 793 3637 865 quia
3661 808 3771 849 non

2200 897 2390 969 implet
2431 894 2573 966 quod
2617 892 2872 962 scriptum
2913 896 3024 955 est,
3055 885 3180 942 Non
3219 885 3537 957 concupisces
3563 883 3770 956 (Exod.

2198 1003 2291 1054 xx,
2321 983 2432 1056 l7).
2461 984 2542 1039 Ad
2580 983 2683 1038 hoc
2717 996 2846 1053 ergo
2871 978 3003 1036 dixit
3044 979 3163 1046 lex,
3195 975 3318 1031 Non
3345 976 3686 1046 concupisces,
3715 983 3775 1031 ut

2199 1093 2299 1135 nos
2341 1078 2395 1132 in
2443 1075 2544 1132 hoc
2589 1074 2778 1130 morbo
2827 1070 3162 1128 invenientes
3207 1068 3407 1140 iacere,
3455 1066 3774 1124 medicinam

2199 1170 2383 1242 gratia:
2409 1181 2807 1238 quaereremus;
2855 1163 2990 1219 etin
3028 1176 3094 1218 eo
3131 1167 3397 1232 prmeepto
3422 1159 3684 1216 sciremus
3723 1164 3777 1214 ct

2201 1275 2307 1331 quo
2335 1259 2626 1316 debeamus
2653 1259 2706 1312 in
2737 1258 2838 1311 hac
2872 1252 3194 1310 mortalitate
3221 1249 3550 1322 proﬁciendo
3572 1249 3776 1317 conari,

2201 1360 2257 1406 et
2283 1364 2388 1420 quo
2413 1349 2586 1420 possit
2611 1363 2641 1402 a
2671 1347 2829 1418 nobis
2857 1345 2910 1400 in
2940 1345 3026 1400 illa
3057 1342 3453 1399 immortalitate
3476 1341 3781 1398 beatissima

2203 1441 2467 1512 perveniri
2497 1458 2511 1495 :
2542 1439 2646 1494 nisi
2685 1438 2827 1494 enim
2855 1435 3174 1507 quandoque
3199 1432 3585 1505 perliciendum
3611 1440 3778 1502 esset,

2205 1549 2474 1605 nunquam
2498 1531 2789 1603 iubendum
2821 1537 2984 1585 esset.

2275 1622 2500 1681 CAPUT
2525 1621 2694 1678 XXX.
2712 1650 2788 1662 —-
2803 1621 2894 1677 53.
2915 1616 3327 1689 Concupiscentia
3350 1615 3600 1686 quomodo
3621 1615 3786 1685 capti-

2205 1715 2352 1772 uabat
2376 1714 2690 1786 Apostolum.
2738 1711 2847 1765 Lex
2886 1709 3077 1780 peccati
3102 1694 3344 1779 Apostoto
3391 1706 3532 1778 quid.
3577 1705 3784 1762 Deinde

2207 1815 2455 1878 repetens
2479 1804 2802 1876 Apostolus,
2829 1811 2889 1857 ut
2923 1800 3152 1871 amplius
3192 1799 3532 1856 commendet
3565 1806 3785 1855 senten-

2210 1900 2334 1954 tiam
2362 1897 2691 1968 superiorem
2730 1913 2745 1951 ;
2785 1893 2908 1948 Non
2935 1894 3064 1948 enim
3094 1893 3230 1964 quod
3256 1893 3390 1959 volo,
3420 1891 3624 1962 inquit,
3653 1891 3786 1964 facio

2211 1993 2431 2056 bonum;
2458 1989 2546 2046 sed
2569 1988 2706 2059 quod
2731 1987 2847 2042 nolo
2875 1987 3085 2052 malum,
3113 1985 3210 2038 hoc
3230 2001 3347 2056 ago.
3379 1983 3441 2040 Si
3464 1993 3634 2039 autem
3655 1983 3789 2054 quod

2211 2083 2329 2138 noto
2357 2099 2446 2153 ego
2477 2081 2570 2135 hoc
2597 2079 2750 2150 facio,
2771 2079 2887 2148 jam
2911 2093 3014 2132 non
3041 2092 3130 2145 ego
3155 2091 3336 2146 operor
3364 2075 3514 2143 illud,
3537 2075 3628 2130 sed
3653 2073 3790 2144 quod

2213 2174 2404 2228 habitat
2431 2173 2485 2226 in
2510 2187 2589 2225 me
2614 2177 2892 2240 peccatum.
2925 2167 2995 2222 Et
3031 2166 3308 2237 sequitur:
3337 2163 3550 2220 Invenio
3575 2181 3694 2236 ergo
3721 2165 3791 2219 le-

2213 2283 2324 2338 gem
2352 2264 2496 2331 mihi,
2523 2262 2709 2340 uolenti
2737 2261 2922 2329 facere,
2946 2257 3165 2323 bonum;
3193 2257 3430 2328 quoniam
3455 2256 3645 2310 malum
3666 2255 3792 2310 mihi

2214 2360 2413 2430 adjacet
2440 2375 2459 2413 :
2484 2357 2586 2412 hoc
2609 2363 2712 2421 est,
2741 2354 2956 2410 invenio
2980 2353 3150 2424 legem
3175 2350 3305 2405 mihi
3329 2366 3450 2406 esse
3477 2350 3672 2406 bonum
3701 2365 3796 2406 vo-

2215 2453 2344 2510 lenti
2387 2451 2564 2508 l'acere
2604 2448 2747 2520 quod
2789 2447 2875 2503 lex
2918 2447 3062 2512 vult;
3103 2444 3355 2516 quoniam
3397 2444 3642 2514 nonipsi
3688 2443 3796 2515 legi

2215 2566 2334 2622 qua:
2362 2550 2520 2616 dicit,
2556 2547 2680 2603 Non
2701 2547 3053 2618 concupisces,
3083 2544 3180 2600 sed
3204 2543 3337 2600 mihi
3365 2541 3567 2613 adiacet
3592 2538 3798 2594 malum

2217 2642 2360 2713 quod
2389 2641 2514 2697 nolo
2536 2682 2551 2706 ,
2580 2640 2702 2711 quia
2741 2647 2796 2694 et
2835 2638 3022 2694 nolens
3061 2636 3382 2705 concupisco
3401 2635 3444 2686 ’.
3469 2629 3800 2688 Condetector

2218 2733 2352 2790 enim
2369 2775 2387 2801 ,
2415 2732 2615 2803 inquit,
2647 2731 2746 2802 tegi
2769 2728 2866 2784 Dei
2894 2727 3170 2783 secundum
3196 2727 3484 2780 interiorem
3512 2721 3762 2776 hominem
3780 2733 3800 2772 :

2219 2826 2362 2880 uideo
2389 2833 2557 2878 autem
2583 2821 2739 2876 aliam
2765 2821 2922 2891 legem
2944 2819 2999 2872 in
3022 2816 3253 2872 membris
3278 2815 3404 2870 meis
3437 2818 3801 2884 repugnantem

2221 2916 2320 2987 legi
2351 2913 2528 2969 mentis
2560 2925 2710 2977 mea,
2738 2919 2787 2966 et
2824 2909 3161 2977 captivantem
3185 2922 3265 2961 me
3296 2904 3387 2961 sub
3429 2904 3534 2975 tege
3573 2899 3798 2972 peccati,

2220 3023 2334 3081 qua:
2357 3007 2508 3062 estin
2532 3003 2763 3059 membris
2789 3003 2932 3057 meis.
2979 3001 3084 3058 Ista
3123 2996 3510 3056 eondelectatio
3550 2994 3651 3065 legi
3700 2992 3800 3049 Dei

2223 3099 2514 3158 secundum
2537 3096 2849 3153 interiorem
2873 3093 3162 3158 hominem,
3188 3091 3256 3146 de
3275 3104 3464 3161 magna
3485 3087 3636 3142 nobis
3654 3085 3801 3141 venit

2223 3191 2390 3263 gratia
2417 3189 2532 3245 Dei.
2556 3187 2613 3243 ln
2639 3203 2700 3242 ea
2725 3186 2922 3256 quippe
2947 3184 3170 3240 interior
3189 3182 3351 3238 homo
3371 3188 3552 3235 noster
3577 3190 3802 3233 renova-

2225 3294 2314 3340 tur
2340 3284 2408 3340 de
2432 3282 2520 3338 die
2543 3281 2596 3336 in
2622 3279 2945 3358 diem,.cum
2970 3278 3023 3332 in
3049 3292 3111 3332 ea
3137 3274 3346 3346 prolicit
3374 3279 3801 3344 perseveranter.

2223 3375 2343 3432 Non
2367 3374 2510 3430 enim
2542 3372 2704 3426 timor
2727 3378 2811 3426 est
2841 3367 3095 3440 torquens
3120 3367 3164 3434 ³,
3195 3364 3289 3422 sed
3319 3379 3471 3419 amor
3496 3362 3686 3418 libens.
3729 3359 3806 3416 lbi

2225 3481 2408 3522 sumus
2431 3463 2698 3520 veraciter
2721 3460 2899 3527 liberi,
2927 3460 3018 3515 ubi
3048 3474 3153 3514 non
3179 3457 3511 3512 delectamur
3535 3453 3712 3509 inviti.

2297 3558 2387 3613 34.
2417 3555 2616 3611 Verum
2642 3553 2772 3608 illud
2801 3551 2942 3624 quod
2969 3551 3065 3620 ait,
3096 3548 3254 3604 Video
3279 3556 3442 3602 autem
3466 3546 3620 3599 aliam
3647 3544 3809 3616 legem

2227 3651 2282 3704 in
2307 3647 2540 3704 membris
2557 3645 2681 3700 meis
2701 3653 3064 3716 repugnantem
3084 3641 3180 3712 legi
3201 3639 3382 3694 mentis
3405 3652 3528 3692 mete
3539 3652 3560 3701 ,°
3587 3636 3704 3706 ipsa
3728 3641 3810 3691 est

2229 3734 2331 3800 ista
2359 3743 2428 3799 de
2455 3757 2558 3813 qua
2587 3739 2853 3812 loquimur
2893 3735 3322 3806 concupiscentia
3342 3775 3358 3800 ,
3391 3733 3475 3788 lex
3514 3730 3719 3802 peccati
3757 3729 3811 3784 in

2230 3849 2389 3891 carne
2424 3833 2649 3905 peccati.
2691 3829 2844 3898 Quod
2886 3837 3063 3884 autem
3099 3825 3265 3892 dixit,
3295 3833 3343 3879 et
3375 3824 3709 3894 captivantem
3734 3835 3814 3875 me

2231 3927 2320 3982 sub
2345 3927 2452 3998 lege
2477 3924 2701 3996 peccati;
2731 3922 2834 3977 hoc
2857 3929 2959 3987 est,
2988 3919 3087 3976 sub
3112 3933 3171 3974 se
3190 3917 3325 3988 ipsa,
3347 3931 3463 3986 qua:
3481 3922 3553 3970 est
3578 3915 3635 3968 in
3656 3928 3818 3968 meas-

2231 4018 2334 4073 bris
2360 4017 2500 4072 meis.
2531 4017 2638 4070 Aut
2660 4014 2988 4085 captivantem
3011 4010 3164 4075 dixit,
3191 4009 3460 4080 captivare
3485 4013 3774 4060 conantem
3795 4043 3812 4070 ,

2233 4107 2287 4164 id
2313 4115 2427 4173 est,
2458 4105 2526 4160 ad
2565 4102 3007 4160 consentiendum
3037 4098 3470 4170 implendumque
3495 4102 3814 4166 cogentem:

2233 4209 2328 4255 aut
2357 4198 2552 4269 potius,
2579 4195 2720 4267 quod
2745 4211 2851 4251 non
2881 4194 3044 4250 liabet
3066 4190 3512 4256 controversiam,
3541 4179 3819 4258 captivan-

2235 4301 2342 4348 tem
2384 4289 2678 4347 secundum
2716 4303 2968 4355 carnem,
2997 4301 3156 4358 quam
3197 4285 3298 4340 nisi
3340 4291 3549 4340 teneret
3584 4280 3820 4336 carnalis

2235 4381 2665 4455 concupiscentia
2685 4424 2702 4448 ,
2728 4397 2885 4452 quam
2912 4380 3088 4451 legem
3115 4377 3322 4450 peccati
3345 4385 3534 4442 vocat,
3571 4389 3676 4430 non
3712 4374 3821 4430 uti-

2236 4491 2340 4548 que
2368 4475 2422 4530 in
2451 4489 2514 4529 ea
2537 4473 2706 4528 ullum
2737 4471 2975 4526 illicitum
3003 4469 3327 4525 desiderium
3347 4510 3362 4536 ,
3393 4467 3478 4524 cui
3503 4480 3655 4522 mens
3678 4465 3821 4521 obe-

2236 4565 2352 4620 dire
2381 4578 2489 4619 non
2518 4562 2738 4626 debeat,
2775 4567 3159 4616 commoveret.
3190 4559 3341 4628 Quod
3371 4566 3545 4613 autem
3571 4571 3677 4612 non
3710 4555 3820 4621 ait,

2237 4654 2606 4727 Captivantem
2650 4668 2866 4710 carnem
2907 4667 3118 4718 meam;
3164 4651 3293 4719 sed,
3325 4650 3658 4721 captivantem
3702 4660 3825 4702 me:

2237 4749 2364 4806 hinc
2390 4747 2588 4804 factum
2613 4754 2698 4802 est
2719 4753 2780 4801 ut
2807 4761 2998 4802 sensus
3017 4745 3106 4800 hic
3129 4743 3266 4799 alius
3286 4749 3633 4814 quaereretur,
3654 4749 3718 4794 et
3736 4752 3826 4793 ac.

2238 4842 2540 4914 ciperemus
2562 4840 2928 4912 captivantem,
2960 4838 3106 4893 velut
3129 4836 3382 4901 dixisset,
3414 4833 3704 4904 Captivare
3729 4845 3828 4886 (τοι

2239 4943 2474 4991 nantem.
2517 4932 2623 4990 Sed
2669 4947 2764 4988 cur
2802 4946 2908 4986 non
2951 4928 3185 4995 diceret,
3226 4927 3557 4997 captivantem
3585 4938 3705 4990 me,
3736 4921 3830 4977 ubi

2239 5027 2401 5083 vellet
2441 5025 2664 5096 intelligi
2708 5037 2926 5081 carnem
2969 5021 3156 5078 suam?
3198 5020 3388 5076 Annon
3413 5018 3612 5074 dictum
3640 5025 3729 5071 est
3760 5013 3831 5071 de

2240 5117 2405 5185 Jesu,
2433 5131 2553 5172 cum
2594 5115 2648 5170 in
2688 5119 3038 5170 monumento
3074 5126 3184 5167 non
3223 5109 3411 5165 fuisset
3436 5123 3563 5164 caro
3588 5107 3711 5178 eius
3740 5106 3831 5161 in—

2240 5216 2398 5265 venta
2415 5250 2431 5278 ,
2460 5206 2706 5262 Tuterunt
2734 5199 3008 5261 Dominum
3034 5220 3198 5258 meum
3216 5244 3232 5270 ,
3263 5211 3310 5256 et
3335 5199 3501 5255 nescio
3526 5198 3610 5253 ubi
3637 5213 3832 5270 posue-

2240 5314 2363 5360 runt
2389 5320 2502 5359 cum
2533 5299 2712 5373 (Ioan.
2737 5316 2840 5368 xx,
2866 5301 2972 5372 2)?
3000 5297 3134 5354 Num
3167 5295 3288 5352 ideo
3313 5311 3418 5350 non
3445 5300 3592 5350 recte
3620 5290 3834 5346 dictum

2243 5404 2359 5462 est,
2387 5394 2513 5466 quia
2536 5409 2641 5449 non
2667 5391 2863 5448 dictum
2890 5399 3002 5458 cst,
3031 5390 3291 5458 Carnem,
3321 5387 3444 5456 vel,
3475 5385 3682 5455 Corpus
3717 5382 3812 5438 Do

2243 5486 2374 5542 mini
2399 5485 2535 5551 mei;
2565 5485 2689 5551 sed,
2721 5482 2994 5537 Dominum
3020 5481 3224 5536 meum?

2315 5574 2540 5632 CAPUT
2579 5573 2772 5631 XXXI.
2798 5604 2872 5615 —
2898 5574 2988 5630 55.
3015 5573 3167 5642 Caro,
3199 5571 3366 5627 carnis
3391 5568 3620 5640 aﬂ'ectus.
3647 5567 3840 5638 Quan-

2310 5734 2328 5802 ξ
2361 5729 2528 5802 aures
2548 5737 2654 5802 μεθ.
2682 5743 2696 5781 =
2723 5728 2924 5802 "suum
2942 5729 3069 5802 eam
3089 5729 3262 5802 tam
3291 5727 3424 5802 recit-

2308 5796 2329 5858 ?
2361 5792 2678 5858 Pluresgatss"
2700 5791 2815 5856 quia
2835 5801 2880 5843 et
2910 5793 3036 5853 nolo,
3057 5800 3103 5846 et

2313 5857 2334 5889 ⁸
2363 5854 2538 5918 Belgici
2561 5855 2658 5905 duo
2677 5854 2802 5917 Mss,
2827 5861 3035 5920 torpens.
