4012 6472
192 592 349 654 quam
391 573 561 648 paulo
604 575 890 647 superius,
933 584 986 630 et
1028 573 1142 643 ipse
1185 569 1471 642 Apostolus
1516 568 1784 640 quomodo

193 680 334 729 recte
362 669 606 742 potuerit
631 669 702 724 de
724 684 885 724 carne
909 683 1006 724 sua
1031 666 1211 721 dicere
1229 705 1246 732 ,
1292 665 1626 734 captivantem
1673 677 1750 715 me
1769 703 1784 728 ,

195 765 327 822 satis
349 762 634 819 evidenter
657 764 888 834 aperuit.
911 759 1042 816 Cum
1068 759 1210 814 enim
1234 756 1478 821 dixisset,
1508 756 1632 811 Scio
1657 755 1790 809 enim

195 859 316 931 quia
347 874 451 912 non
491 855 687 910 habitat
713 856 767 910 in
796 871 910 922 me;
955 853 1185 926 idipsum
1211 866 1484 924 exponens
1514 849 1784 920 adjunxit,

196 958 253 1006 et
284 949 386 1015 ait,
417 949 516 1002 hoc
540 959 614 1003 cst
639 949 693 1002 in
719 964 871 1001 carne
897 962 1038 1012 mea,
1071 946 1275 999 bonum.
1306 943 1430 998 llaec
1458 956 1586 1012 ergo
1617 939 1790 1010 capti~

197 1053 353 1098 vatur
386 1041 492 1096 sub
535 1041 655 1112 lege
699 1040 936 1111 peccati,
978 1039 1031 1093 in
1056 1051 1160 1109 qua
1188 1053 1294 1091 non
1323 1035 1525 1090 habitat
1550 1034 1749 1089 bonum
1771 1075 1788 1100 ,

199 1134 305 1189 hoc
331 1142 437 1196 est,
470 1148 618 1187 caro.
647 1129 875 1187 Carnem
899 1140 1080 1186 autem
1108 1143 1248 1184 nunc
1266 1127 1575 1199 appellavit,
1597 1126 1681 1180 ubi
1709 1133 1792 1179 est

197 1224 477 1280 morbidus
497 1223 714 1297 quidam
741 1224 918 1279 carnis
941 1222 1192 1288 allectus;
1225 1237 1332 1276 non
1358 1219 1528 1290 ipsam
1549 1217 1790 1288 corporis

197 1315 714 1382 conformationem,
737 1315 888 1385 cujus
931 1315 1169 1370 membra
1197 1329 1305 1368 non
1336 1311 1636 1369 adhibenda
1665 1319 1792 1368 sunt

196 1417 346 1456 anna
377 1410 622 1471 peccato,
653 1401 704 1456 id
730 1410 832 1464 est,
853 1400 1027 1456 eidem
1055 1400 1156 1470 ipsi
1179 1398 1647 1470 concupiscentiae,
1669 1411 1790 1467 qua‘

197 1494 303 1549 hoc
327 1494 546 1550 carnale
581 1505 822 1550 nostrum
861 1495 1126 1564 captivum
1158 1503 1322 1550 tenet.
1357 1493 1493 1549 Nam
1531 1501 1790 1563 quantum

197 1587 390 1642 attinet
413 1586 480 1642 ad
507 1586 678 1656 ipsam
708 1591 1042 1656 corporalem
1071 1585 1423 1641 substantiam
1454 1593 1612 1654 atque
1635 1593 1793 1638 natu-

198 1693 333 1744 ram,
365 1678 422 1732 in
445 1678 574 1732 viris
595 1677 860 1742 ﬁdelibus,
890 1678 1004 1734 sive
1027 1677 1340 1748 conjugatis,
1372 1677 1485 1732 sive
1509 1675 1790 1732 continen-

201 1769 360 1837 tibus,
393 1770 504 1840 jam
537 1771 793 1841 templum
821 1770 915 1826 Dei
943 1779 1044 1826 est.
1074 1772 1324 1825 Attamen
1345 1768 1390 1824 si
1415 1769 1634 1824 omnino
1655 1767 1789 1823 nihil

200 1862 374 1917 carnis
413 1871 615 1918 nostra:
653 1863 918 1934 captivum
957 1871 1249 1929 teneretur,
1278 1878 1386 1918 non
1425 1861 1642 1932 quidem
1685 1860 1788 1918 sub

199 1952 433 2019 diabolo,
461 1954 583 2022 quia
615 1963 669 2008 et
699 1953 772 2007 ibi
794 1953 933 2009 facta
960 1962 1044 2008 est
1066 1953 1272 2024 peccati
1303 1953 1570 2020 remissio,
1595 1961 1652 2007 ut
1673 1967 1790 2022 pec-

201 2053 373 2099 catum
402 2060 512 2098 non
537 2046 846 2115 imputetur,
865 2045 1008 2116 quod
1033 2046 1250 2116 proprie
1281 2044 1366 2099 lex
1398 2045 1600 2115 peccati
1629 2059 1790 2099 voca-

201 2147 314 2203 tur;
349 2147 528 2192 tamen
565 2138 663 2193 sub
704 2139 818 2209 ipsa
849 2138 967 2210 lege
995 2139 1218 2209 peccati,
1247 2138 1350 2193 hoc
1379 2147 1494 2206 est,
1524 2139 1624 2194 sub
1653 2154 1784 2194 con-

199 2230 528 2299 cupiscentia
552 2245 668 2297 sua,
695 2231 796 2286 nisi
816 2230 1144 2302 aliquantum
1167 2240 1439 2287 teneretur
1455 2247 1581 2287 caro
1603 2241 1786 2286 nostra

200 2321 425 2390 captiva,
456 2321 726 2390 quomodo
752 2331 896 2377 esset
921 2338 1104 2378 verum
1132 2322 1275 2394 quod
1301 2323 1374 2378 ait
1403 2322 1543 2378 idem
1573 2332 1787 2393 aposto-

203 2410 309 2478 lus,
351 2411 694 2481 Adoptionem
729 2422 1070 2483 exspectantes
1091 2455 1107 2481 ,
1134 2413 1527 2486 redemptionem
1559 2415 1786 2486 corporis

201 2502 353 2556 nostri
378 2501 561 2575 (Rom.
593 2519 703 2568 vni,
728 2500 860 2578 23)?
887 2503 943 2558 lu
973 2514 1175 2560 tantum
1204 2506 1364 2576 igitur
1389 2505 1563 2561 adhuc
1592 2522 1784 2577 exspe-

202 2604 367 2650 ctatur
394 2595 701 2666 redemptio
729 2598 971 2668 corporis
999 2600 1167 2654 nostri
1186 2639 1201 2664 ,
1234 2599 1288 2654 in
1317 2610 1575 2670 quantum
1611 2600 1787 2656 adhuc

200 2704 261 2744 es
289 2688 466 2760 aliqua
499 2698 650 2760 parte
679 2691 946 2761 captivum
975 2701 1058 2748 est
1086 2693 1186 2748 sub
1215 2693 1334 2764 lege
1375 2693 1600 2764 peccati.
1630 2692 1785 2750 Unde

199 2791 248 2838 et
274 2781 363 2838 hic
387 2783 698 2839 exclamans
722 2784 798 2839 ait
821 2801 833 2837 :
857 2782 1053 2856 Infelix
1079 2802 1170 2858 ego
1196 2786 1347 2840 homo
1368 2829 1384 2852 ,
1412 2788 1524 2858 quis
1556 2803 1634 2842 me
1658 2787 1785 2841 libe-

198 2875 320 2929 rabit
353 2875 420 2929 de
451 2893 668 2948 corpore
701 2879 877 2932 mortis
919 2879 1108 2949 hujus?
1151 2878 1329 2935 Gratia
1355 2880 1448 2936 Dei
1490 2899 1580 2952 per
1604 2880 1785 2937 Iesum

199 2963 451 3021 Christum
482 2965 759 3022 Dominum
787 2979 1032 3024 nostrum.
1062 2969 1162 3026 Ubi
1193 2971 1316 3042 quid
1344 2971 1664 3028 intellecturi
1688 2989 1782 3028 su-

199 3075 342 3128 mus,
375 3060 480 3115 nisi
521 3061 644 3131 quia
685 3076 880 3130 corpus
919 3062 1059 3132 quod
1105 3065 1484 3135 corrumpitur,
1536 3077 1786 3138 aggravat

198 3151 422 3206 animam
451 3150 613 3222 (Sap.
638 3169 712 3219 ix,
736 3153 862 3222 15)?
887 3152 1021 3209 Cum
1050 3170 1178 3226 ergo
1202 3156 1432 3226 idipsum
1457 3173 1652 3229 corpus
1671 3159 1783 3232 jam

198 3244 603 3316 incorruptibile
646 3246 954 3317 recipietur,
995 3249 1150 3319 plena
1192 3252 1294 3306 erit
1333 3252 1577 3309 liberatio
1603 3271 1634 3309 a
1661 3271 1784 3311 cor-

198 3354 318 3410 pore
347 3340 541 3394 mortis
567 3339 725 3410 hujus
752 3358 764 3393 :
789 3355 818 3395 a
845 3357 952 3412 quo
974 3357 1080 3396 non
1103 3341 1418 3413 liberantur,
1448 3347 1537 3418 qui
1564 3358 1691 3403 sunt
1715 3349 1783 3404 ad

198 3447 403 3502 pinnam
425 3433 799 3488 resurrecturi.
824 3433 904 3488 Ad
929 3448 1124 3504 corpus
1149 3451 1277 3507 ergo
1307 3439 1496 3495 mortis
1523 3439 1680 3510 hujus
1701 3441 1783 3496 in-

198 3525 448 3595 telligitur
476 3524 784 3594 pertinere,
818 3534 874 3580 ut
900 3526 1004 3580 alia
1033 3525 1120 3581 lex
1149 3527 1203 3582 in
1233 3528 1492 3586 membris
1518 3542 1784 3602 repugnet

198 3618 404 3688 quidem
443 3617 551 3690 legi
591 3619 823 3686 mentis,
860 3618 988 3675 dum
1013 3635 1140 3676 caro
1164 3624 1494 3695 concupiscit
1527 3624 1784 3684 adversus

198 3710 469 3780 spiritum;
503 3711 605 3765 etsi
633 3720 864 3767 mentem
897 3728 1005 3767 non
1034 3712 1301 3784 subjuget,
1329 3716 1453 3786 quia
1481 3725 1537 3773 et
1563 3719 1784 3790 spiritus

197 3801 522 3873 concupiscit
547 3801 804 3859 adversus
828 3818 1045 3860 carnem
1067 3803 1263 3880 (Galat.
1285 3823 1336 3874 ν,
1371 3806 1461 3882 17)
1487 3827 1501 3864 z
1527 3821 1686 3882 atque
1710 3812 1784 3868 ita

199 3896 433 3966 quamvis
455 3895 542 3952 lex
570 3897 687 3967 ipsa
715 3899 917 3968 peccati
941 3900 1210 3969 captivum
1233 3911 1413 3959 teneat
1436 3905 1639 3976 aliquid
1665 3923 1785 3963 car-

199 3991 308 4055 nis,
339 3987 482 4044 unde
525 3989 738 4043 resistat
778 3989 882 4060 legi
913 3990 1136 4057 ruentis;
1168 4009 1275 4048 non
1303 4003 1482 4050 tamen
1510 4009 1696 4068 regnat
1725 3999 1778 4054 in

200 4088 378 4134 nostro
414 4078 542 4134 licet
578 4079 790 4135 mortali
816 4095 1060 4152 corpore,
1092 4084 1137 4137 si
1161 4099 1268 4139 non
1295 4085 1541 4142 obeditur
1567 4089 1782 4148 deside-

202 4169 288 4223 riis
313 4168 455 4240 ejus.
495 4168 683 4226 Soleut
705 4170 850 4227 enim
880 4179 935 4227 et
973 4171 1156 4230 hostes
1181 4176 1437 4232 adversus
1460 4194 1594 4249 quos
1623 4180 1784 4237 dimi-

202 4271 364 4328 catur,
394 4272 452 4318 et
477 4263 764 4319 inferiores
791 4280 914 4321 esse
940 4265 991 4320 in
1022 4269 1338 4336 certamine,
1361 4280 1416 4326 et
1437 4271 1560 4327 victi
1582 4273 1782 4343 aliquid

204 4362 379 4410 tenere
419 4355 725 4426 captivum:
751 4356 895 4427 quod
921 4357 974 4412 in
1004 4368 1190 4414 nostra
1217 4375 1378 4416 carne
1406 4365 1650 4432 quamvis
1679 4365 1781 4421 sub

203 4446 400 4515 peccati
424 4446 540 4518 lege
562 4457 828 4513 teneatur,
854 4458 1030 4505 tamen
1056 4451 1110 4506 in
1139 4467 1235 4522 spe
1265 4451 1647 4524 redemptionis
1667 4467 1781 4525 est;

203 4539 317 4608 quia
346 4538 463 4610 ipsa
488 4539 676 4594 vitiosa
703 4540 1133 4612 concupiscentia
1175 4543 1320 4600 nulla
1351 4547 1574 4603 omnino
1602 4564 1783 4605 rema-

204 4631 362 4694 nebit,
381 4646 509 4686 caro
529 4639 707 4686 autem
737 4641 920 4687 nostra
941 4633 1008 4687 ab
1033 4649 1096 4688 ea
1125 4644 1273 4706 peste
1301 4639 1594 4711 morboque
1623 4657 1784 4698 sana-

202 4731 251 4776 ta
270 4764 286 4789 ,
315 4734 370 4780 et
400 4733 507 4780 tota
536 4724 935 4782 immortalitate
960 4727 1150 4783 vestita
1169 4767 1185 4795 ,
1214 4728 1268 4784 in
1297 4739 1500 4786 aeterna
1543 4733 1780 4792 beatitu-

202 4812 320 4870 dine
344 4815 695 4886 permanebit.
1319 4839 1322 4842 '

266 4927 355 4985 56.
377 4929 659 5001 Subjungit
687 4938 864 4986 autem
886 4931 1199 5002 Apostolus,
1229 4944 1284 4989 et
1305 4933 1435 4992 dicit
1457 4953 1472 4990 :
1493 4935 1666 5009 Igitur
1686 4957 1780 5011 ego

201 5019 304 5090 ipse
340 5029 504 5074 mente
539 5022 702 5075 servio
742 5021 840 5094 legi
883 5021 978 5077 Dei
997 5065 1012 5090 ,
1043 5041 1194 5079 carne
1217 5036 1384 5080 autem
1423 5028 1520 5100 legi
1565 5032 1778 5100 peccati.

200 5111 348 5179 Quod
371 5113 451 5168 sic
472 5113 877 5184 intelligendum
898 5126 979 5172 est
1001 5134 1014 5169 :
1036 5127 1198 5171 mente
1217 5118 1376 5172 servio
1403 5119 1500 5190 legi
1531 5119 1642 5188 Dei,
1667 5137 1778 5194 non

198 5206 578 5262 consentiendo
616 5208 722 5278 legi
770 5209 1011 5279 peccati;
1052 5225 1203 5264 carne
1240 5220 1409 5265 autem
1450 5213 1628 5268 servio
1677 5213 1781 5287 legi

199 5301 382 5368 peccati
403 5340 420 5364 ,
445 5299 695 5355 habendo
738 5299 998 5355 desideria
1038 5302 1275 5370 peccati,
1305 5303 1498 5374 quibus
1526 5307 1626 5360 etsi
1669 5323 1776 5362 non

197 5392 504 5458 consentio,
549 5390 788 5446 nondum
835 5399 1012 5447 tamen
1054 5393 1268 5463 penitus
1311 5410 1488 5450 careo.
1537 5398 1778 5471 Denique

197 5485 318 5552 quid
349 5493 470 5554 post
492 5483 608 5538 haec
634 5485 890 5550 intulerit,
919 5485 1256 5542 attendamus
1281 5504 1294 5541 :
1326 5487 1488 5544 Nulla
1515 5507 1635 5563 ergo
1656 5535 1670 5561 ,
1697 5494 1779 5549 in-

195 5576 325 5642 quit,
351 5575 703 5630 condemnatio
721 5584 792 5630 est
817 5592 950 5630 nunc
979 5577 1056 5631 his
1075 5577 1160 5647 qui
1188 5587 1304 5632 sunt
1328 5579 1381 5633 in
1402 5579 1603 5636 Christo
1621 5581 1769 5639 Iesu.

199 5664 363 5722 Etiam
391 5683 555 5734 nunc,
584 5667 773 5736 inquit,
797 5667 1008 5738 quando
1036 5669 1122 5724 lex
1149 5669 1202 5724 in
1230 5671 1486 5727 membris
1514 5685 1780 5746 repugnat

194 5755 292 5827 legi
336 5758 568 5826 mentis,
610 5767 666 5814 et
709 5759 972 5828 captivum
1016 5760 1215 5830 aliquid
1261 5770 1406 5818 tenet
1451 5765 1505 5818 iu
1553 5781 1779 5836 corpore

195 5855 380 5907 mortis
425 5852 614 5923 hujus,
644 5853 786 5908 nulla
820 5854 1194 5911 condemnatio
1219 5865 1302 5912 est
1334 5857 1398 5912 iis
1435 5861 1527 5930 qui
1560 5873 1686 5918 sunt
1713 5865 1769 5920 in

199 5943 408 6035 Christo
434 5947 584 6006 Jesu.
615 5947 754 6005 Audi
778 5964 941 6022 quare
965 5965 978 6004 :
1003 5947 1111 6009 Lex
1137 5951 1271 6008 enim
1294 5953 1504 6026 spiritus
1533 5956 1664 6027 vita,
1691 5957 1776 6016 in-

1613 453 1818 511 LIBER
1854 451 2122 512 PRIMUS.

3378 471 3488 531 ιιι

1902 566 2038 637 quit,
2060 566 2112 620 in
2137 565 2335 622 Christo
2356 566 2482 623 Iesu
2507 568 2729 624 liberavit
2759 587 2837 626 me
2855 589 2887 626 a
2911 573 3020 646 lege
3040 579 3233 649 peccati
3262 590 3308 635 et
3334 599 3479 639 mor-

1899 659 1962 713 tis
1986 659 2163 731 (Rom.
2191 677 2264 716 vn
2282 703 2298 729 ,
2329 662 2553 730 l5-vut,
2575 663 2668 732 2).
2700 665 3001 739 Liberavit,
3041 673 3310 741 quomodo
3331 716 3348 742 ,
3381 676 3487 734 nisi

1901 751 2025 821 quia
2069 750 2186 822 ejus
2234 763 2441 808 reatum
2490 765 2830 825 peccatorum
2878 761 3115 816 omnium
3166 765 3486 824 remissione

1897 841 2173 912 dissolvit,
2208 853 2264 900 ut
2312 848 2554 917 quamvis
2600 849 2776 905 adhuc
2818 863 3065 922 maneat,
3100 865 3156 912 et
3198 857 3264 914 de
3304 860 3388 915 die
3431 863 3487 917 in

1896 936 2038 992 diem
2069 940 2239 1010 magis
2268 942 2542 1013 magisque
2570 943 2840 1000 minuatur
2860 988 2876 1015 ,
2904 946 2960 1004 in
2997 961 3272 1020 peccatum
3308 963 3485 1013 tamen

1897 1042 2003 1082 non
2044 1029 2330 1098 imputetur
2359 1032 2383 1085 ?

1968 1121 2193 1178 CAPUT
2231 1124 2446 1180 XXXII.
2482 1157 2556 1168 —
2595 1128 2685 1183 '57.
2718 1128 2828 1184 Lex
2867 1135 3058 1203 peccati
3093 1151 3207 1190 cum
3249 1149 3389 1193 reatu
3431 1141 3486 1196 in

1895 1217 2120 1285 parvulis
2159 1234 2258 1271 non
2310 1219 2594 1289 baptisatis.
2652 1220 2870 1276 Peccato
2894 1223 3023 1280 Adin
3063 1227 3342 1284 humanum
3393 1250 3484 1302 ge-

1896 1323 1990 1361 nus
2036 1308 2320 1366 oleastrum.
2354 1314 2545 1383 factum
2589 1323 2681 1368 est.
2731 1314 2852 1370 llaec
2882 1315 3061 1387 itaque
3087 1319 3334 1376 remissio
3369 1339 3486 1394 pec-

1895 1407 2134 1455 calorum
2159 1402 2409 1472 quamdiu
2441 1420 2547 1458 non
2576 1404 2635 1460 lit
2663 1406 2715 1460 in
2745 1408 2916 1477 prole,
2950 1410 3027 1464 sic
3053 1411 3124 1466 ibi
3152 1422 3234 1468 est
3265 1414 3348 1470 lex
3379 1416 3476 1471 ista

1894 1491 2135 1561 peccati,
2166 1501 2223 1546 ut
2251 1495 2411 1548 etiam
2441 1495 2495 1549 in
2524 1504 2802 1566 peccatum
2831 1498 3160 1570 imputetur,
3194 1503 3245 1558 id
3285 1517 3360 1561 es:
3382 1549 3398 1573 .,
3431 1515 3491 1562 ut

1895 1581 2057 1636 etiam
2078 1592 2259 1638 reatus
2278 1584 2395 1656 ejus
2415 1601 2536 1640 cum
2559 1587 2644 1641 illa
2671 1587 2764 1656 sit,
2786 1589 2878 1660 qui
2903 1599 3082 1647 teneat
3108 1595 3125 1624 ⁸
3156 1595 3341 1650 :ntcrni
3368 1613 3490 1668 sup-

1896 1674 2041 1746 plicii
2079 1675 2398 1733 debitorem.
2441 1678 2554 1734 Hoc
2578 1680 2724 1735 enim
2753 1681 2949 1752 trajicit
2972 1699 3166 1755 parens
3193 1687 3246 1741 in
3281 1689 3487 1758 prolem

1895 1769 2164 1823 carnalem
2185 1811 2200 1837 ,
2229 1770 2372 1841 quod
2400 1779 2484 1826 est
2513 1771 2628 1842 ipse
2653 1774 2944 1830 carnaliter
2970 1787 3127 1832 natus
3145 1820 3163 1846 ,
3196 1796 3302 1835 non
3341 1781 3486 1852 quod

1897 1859 2249 1929 spiritualiter
2273 1871 2358 1917 est
2384 1872 2626 1918 renatus.
2660 1863 2794 1932 Quia
2825 1865 3057 1937 idipsum
3081 1871 3223 1941 quod
3249 1874 3486 1930 carnali-

1893 1957 1976 2004 ter
2001 1958 2156 2006 natus
2183 1963 2288 2019 est,
2312 1953 2554 2022 quamvis
2580 1962 2732 2010 reatu
2756 1956 2932 2012 soluto
2959 1973 3064 2014 non
3094 1960 3350 2031 impediat
3375 1964 3488 2021 l'ru-

1891 2053 2036 2097 ctum
2081 2043 2233 2114 ejus,
2265 2054 2440 2120 tamcn
2487 2054 2736 2118 tanquam
2781 2048 2835 2104 in
2875 2052 3080 2108 semine
3119 2054 3274 2110 oliva:
3317 2056 3484 2128 latet,

1891 2135 2099 2191 etiamsi
2144 2147 2360 2207 propter
2390 2139 2766 2196 remissionem
2811 2153 3154 2213 peccatorum
3196 2147 3328 2204 nihil
3363 2152 3488 2208 oleo

1891 2236 2051 2282 nocet
2077 2229 2122 2296 ’,
2151 2228 2200 2283 ei
2230 2229 2434 2286 scilicet
2451 2231 2596 2299 νίιτε,
2621 2249 2726 2304 Qua
2754 2236 3049 2292 secundum
3071 2237 3370 2310 Christum,
3392 2245 3486 2315 qui

1891 2326 1977 2372 est
1999 2318 2296 2388 appellatus
2325 2320 2394 2374 ab
2419 2321 2560 2391 oleo,
2590 2323 2644 2378 id
2666 2333 2771 2390 est,
2800 2340 2832 2380 a
2856 2325 3152 2385 chrismate
3171 2373 3186 2398 ,
3213 2331 3389 2402 justus
3419 2351 3486 2391 ex

1890 2407 1996 2462 ﬁde
2016 2408 2140 2463 vivit
2167 2407 2278 2482 (Id.
2308 2427 2344 2479 t,
2371 2413 2483 2484 17).
2509 2413 2623 2470 Hoc
2641 2425 2819 2471 autem
2844 2418 3058 2489 quodin
3087 2433 3306 2490 parente
3333 2441 3484 2498 rcge-

1889 2510 2100 2568 Ierato,
2125 2510 2375 2572 tanquam
2401 2505 2452 2559 in
2477 2505 2610 2560 olea:
2637 2508 2862 2576 semine,
2886 2511 3004 2566 sine
3030 2511 3139 2566 ullo
3163 2523 3333 2584 reatu,
3358 2519 3483 2589 quia

1891 2594 2173 2648 remissum
2203 2604 2305 2659 est,
2343 2597 2566 2666 tegitur;
2599 2598 2841 2667 profecto
2869 2601 2922 2654 in
2954 2603 3104 2672 prole
3130 2605 3364 2661 nondum
3392 2625 3483 2664 re-

1889 2693 2163 2756 generata,
2183 2686 2328 2741 velut
2352 2686 2404 2741 in
2431 2688 2682 2754 oleastro,
2705 2704 2825 2746 cum
2853 2701 3004 2747 reatu
3035 2694 3284 2766 habetur,
3309 2697 3482 2757 donec

1889 2777 2050 2832 etiam
2099 2776 2205 2831 illic
2249 2777 2438 2834 eadem
2484 2781 2652 2850 gratia
2696 2782 3019 2839 remittatur.
3066 2785 3146 2840 Ex
3190 2804 3296 2858 quo
3337 2793 3483 2848 enim

1887 2865 2058 2921 Adam
2080 2883 2145 2922 ex
2173 2868 2290 2924 olea
2318 2868 2434 2937 tali,
2455 2869 2507 2924 in
2534 2887 2638 2941 qua
2660 2887 2761 2928 nec
2787 2887 2972 2931 semen
3001 2887 3118 2932 erat
3147 2878 3474 2951 bujusmodi,

1890 2960 2031 3017 unde
2051 2963 2350 3018 amaritudo
2373 2975 2686 3021 nasceretur
2703 2966 2942 3036 oleastri,
2969 2971 3020 3024 in
3043 2971 3336 3030 oleastrum
3359 2993 3482 3046 pce-

1888 3055 2060 3110 caado
2080 3070 2374 3112 conversus
2391 3069 2502 3124 est;
2525 3059 2648 3130 quia
2668 3068 2774 3114 tam
2796 3076 3046 3133 magnum
3065 3076 3339 3135 peccatum
3361 3068 3481 3138 fuit,

1888 3149 1980 3204 ubi
2024 3164 2216 3220 magna
2252 3151 2407 3206 fleret
2440 3151 2494 3206 in
2522 3151 2763 3209 deterius
2787 3156 3014 3211 mutatio
3043 3167 3282 3226 naturas;
3313 3169 3480 3219 totum

1886 3253 2056 3310 genus
2084 3239 2376 3296 humanum
2418 3242 2544 3298 fecit
2570 3243 2894 3300 oleastrum:
2923 3248 2994 3302 ita
3023 3258 3078 3304 ut
3105 3250 3478 3322 (quemadmo-

1889 3329 2015 3386 dum
2045 3347 2189 3388 nunc
2214 3333 2266 3386 in
2297 3332 2427 3402 ipsis
2456 3333 2702 3390 videmus
2726 3337 3100 3414 arboribus),si
3121 3343 3245 3413 quid
3277 3345 3400 3401 inde
3425 3349 3479 3403 in

1889 3422 2061 3478 oleam
2090 3423 2261 3494 gratia
2287 3423 2467 3478 divina
2497 3427 2784 3496 convertit,
2815 3427 2886 3482 ibi
2913 3428 3098 3486 vitium
3129 3434 3314 3502 prima:
3341 3437 3481 3493 uati-

1887 3515 2086 3581 vitatis,
2121 3515 2264 3586 quod
2286 3526 2403 3571 erat
2425 3517 2688 3590 originale
2717 3531 2992 3589 peccatum
3020 3523 3088 3579 de
3113 3527 3314 3582 carnali
3350 3544 3479 3585 con-

1888 3607 2212 3677 cupiscentia
2236 3607 2538 3664 traductum
2564 3618 2619 3665 et
2645 3619 2951 3680 attractum,
2976 3617 3296 3687 remittatur,
3328 3628 3478 3693 tega-

1889 3707 2005 3766 tur,
2056 3713 2164 3754 non
2222 3698 2542 3770 imputetur;
2604 3701 2731 3756 insit
2780 3712 2956 3759 tamen
2990 3747 3005 3772 ,
3057 3708 3197 3764 unde
3246 3709 3480 3770 oleaster

1887 3799 2141 3846 nascatur
2159 3789 2202 3860 ³,
2244 3789 2346 3847 nisi
2384 3801 2438 3848 et
2461 3792 2650 3864 ipsein
2675 3794 2850 3851 oleam
2869 3797 3058 3854 eadem
3099 3803 3269 3872 gratia
3317 3821 3478 3863 rena-

1887 3892 2087 3941 scatur.

1959 3974 2187 4033 CAPUT
2222 3974 2542 4033 XXXIII.—
2563 3978 2654 4035 38.
2675 3979 2936 4052 Baptismo
2966 3988 3129 4042 omnis
3157 4002 3480 4060 peccatorum

1888 4070 2114 4125 remissio
2135 4112 2150 4138 ,
2197 4072 2444 4142 plenaque
2489 4073 2544 4126 in
2595 4078 2957 4132 resurrectione
2994 4083 3225 4152 sanatio,
3272 4098 3479 4158 accepta

1887 4162 2068 4232 referri
2090 4161 2250 4216 debet.
2283 4161 2592 4228 Quotidiana
2613 4166 2894 4222 mundatio.
2935 4172 3096 4227 Beata
3125 4174 3305 4247 itaque
3332 4179 3474 4249 olea,

1889 4251 2043 4320 cujus
2085 4253 2326 4307 remissa:
2365 4265 2491 4310 sunt
2535 4256 2874 4328 iniquitates,
2901 4269 2955 4315 et
2984 4263 3135 4332 cujus
3173 4276 3309 4322 tecta
3352 4281 3482 4327 sunt

1890 4351 2107 4412 peccata
2133 4361 2146 4396 :
2173 4343 2360 4410 beata,
2386 4346 2472 4399 cui
2513 4362 2618 4401 non
2663 4348 2942 4418 imputavit
2984 4352 3241 4413 Dominus
3279 4374 3478 4431 pecca-

1892 4442 2002 4488 tum
2044 4432 2211 4505 (Psal.
2250 4451 2374 4490 xxxr
2395 4477 2411 4504 ,
2445 4438 2496 4503 1,
2528 4437 2621 4509 2).
2653 4437 2760 4495 Sed
2791 4440 2918 4496 illud
2944 4445 3084 4513 quod
3111 4449 3394 4506 remissum
3423 4464 3480 4510 et

1890 4533 2087 4580 tectum
2115 4535 2198 4582 est
2234 4535 2289 4582 et
2328 4543 2434 4583 non
2476 4529 2790 4601 imputatur,
2822 4533 2993 4590 donec
3021 4537 3111 4593 ﬁat
3139 4539 3190 4595 in
3217 4550 3474 4602 aeternam

1889 4618 2343 4675 immortalitatem
2384 4622 2540 4692 plena
2582 4625 2840 4693 mutatio,
2873 4626 3032 4684 habet
3059 4631 3165 4685 vim
3192 4637 3478 4704 quamdam

1888 4712 2152 4767 occultam
2178 4755 2193 4780 ,
2224 4713 2366 4773 unde
2409 4716 2705 4772 seminetur
2745 4733 2960 4776 amarus
2999 4723 3248 4795 oleaster,
3281 4729 3383 4784 nisi
3423 4740 3480 4787 et

1888 4802 1996 4858 illic
2026 4804 2211 4860 eadem
2258 4805 2351 4861 Dei
2391 4807 2711 4877 agricultura
2757 4811 3077 4882 remittatur,
3109 4825 3333 4888 tegatur,
3367 4838 3478 4879 non

1890 4893 2203 4965 imputetur.
2225 4895 2340 4950 Non
2369 4897 2473 4952 erit
2497 4907 2673 4955 autem
2699 4902 2920 4959 omnino
2943 4906 3142 4978 aliquid
3170 4911 3254 4966 vel
3278 4912 3331 4968 in
3356 4929 3478 4970 car-

1887 4986 1994 5042 nali
2029 4987 2237 5042 semine
2258 4988 2530 5059 vitiosum,
2549 5007 2672 5048 cum
2697 4995 2884 5050 eadem
2908 5003 3331 5073 regeneratione,
3355 5023 3476 5078 qua:

1887 5094 2030 5134 nunc
2057 5079 2116 5134 lit
2147 5095 2241 5150 per
2269 5095 2480 5138 sacrum
2511 5085 2802 5156 lavacrum,
2831 5105 3000 5160 usque
3026 5093 3077 5148 in
3107 5095 3263 5153 linem
3284 5111 3476 5160 cuncta

1887 5172 2026 5227 mala
2071 5171 2304 5228 hominis
2347 5186 2608 5247 purgante
2645 5187 2805 5250 atque
2843 5191 3098 5253 sanante,
3129 5188 3316 5244 eadem
3344 5204 3476 5249 caro

1886 5283 1984 5337 per
2016 5282 2175 5338 quam
2220 5267 2356 5324 facta
2399 5281 2486 5327 est
2525 5273 2700 5328 anima
2745 5278 3012 5347 carnalis,
3051 5281 3145 5338 (iet
3185 5285 3475 5356 spiritualis

1886 5359 2046 5413 etiam
2083 5359 2198 5430 ipsa
2217 5402 2232 5428 ,
2263 5362 2462 5418 nullam
2493 5364 2597 5436 legi
2629 5371 2823 5425 mentis
2847 5373 3183 5431 resistentem
3211 5381 3468 5450 concupi-

1885 5450 2142 5505 scentiam
2169 5454 2348 5509 carnis
2373 5453 2638 5526 habitura,
2665 5460 2794 5515 nihil
2816 5465 3044 5520 carnalis
3069 5467 3291 5522 seminis
3312 5472 3470 5529 emis.

1886 5555 2031 5596 sura.
2062 5541 2150 5597 Sic
2179 5544 2322 5599 enim
2347 5547 2717 5618 accipiendum
2746 5561 2828 5608 est
2855 5556 2995 5624 quod
3037 5557 3110 5610 ait
3154 5558 3293 5613 idem
3333 5576 3469 5632 apo-

1885 5635 2054 5690 stolus
2079 5654 2090 5689 :
2120 5636 2350 5694 Christus
2379 5641 2553 5696 dilexit
2577 5643 2881 5712 Ecclesiam,
2907 5658 2951 5700 et
2980 5665 3033 5702 se
3061 5650 3225 5718 ipsum
3256 5656 3469 5710 tradidit.

1953 5727 2256 5808 f‘fditi,__qm
2295 5746 2405 5783 eum
2433 5741 2604 5808 teneat:
2631 5739 2778 5788 Abest
2795 5776 2808 5800 ,
2835 5753 2945 5789 eum
2965 5753 2993 5790 a
3016 5746 3388 5808 manuscriptis:
3415 5755 3468 5803 et

1897 5799 1960 5835 ex
1984 5788 2061 5836 his
2074 5788 2241 5850 plures
2263 5807 2364 5855 pro,
2455 5795 2505 5856 i,
2528 5798 2728 5857 habent,
2752 5788 2877 5863 qtae.

1950 5851 1971 5880 ³
2006 5849 2171 5900 Plures
2336 5808 2593 5906 uigiliam:
2615 5868 2765 5906 nocet.

1950 5851 1971 5911 ξ
2006 5849 2171 5900 Plures
2186 5849 2312 5911 Mss'.,
2336 5849 2593 5909 nihilotea:
2615 5849 2765 5911 nocet.

1951 5909 2074 6004 τί
2270 5909 2428 5970 οὸάθι
2469 5909 2803 5984 Benignianus.
2829 5927 2947 5978 aliti
2967 5941 3102 5993 vero,
3131 5931 3256 5984 unde
3275 5939 3434 6004 tamen
3457 5974 3468 6002 ,

1890 5973 2085 6036 omisso,
2099 5971 2228 6026 insit.
