4012 6502
512 494 617 553 ιτνῦ

513 626 609 669 oro
641 625 703 667 ea
720 650 739 682 ,
777 618 836 666 at
874 624 985 667 αιπι
1027 609 1365 683 sanctiﬁcaret
1388 650 1408 679 ,
1448 613 1704 667 mandans
1750 626 1865 666 eam
1905 612 2109 668 Macro

513 717 664 770 aqua
696 705 753 758 in
786 707 959 773 verba,
992 706 1048 758 an
1076 702 1327 760 exhiberet
1356 703 1451 757 sibi
1482 703 1593 772 ipse
1619 702 1898 777 gloriosam
1926 700 2109 759 Eccle-

512 796 677 864 sium,
703 811 804 851 non
842 794 1104 852 habentem
1142 796 1398 853 maculam
1435 804 1525 851 aut
1558 813 1774 869 rugam,
1798 806 1888 851 aut
1913 794 2111 869 aliquid

516 886 768 960 ejusmodi
796 884 1013 959 (Ep/res.
1042 903 1101 963 ν,
1128 887 1345 962 25-27).
1387 886 1477 944 Sic
1498 928 1513 954 ,
1545 888 1759 961 inquam
1778 930 1792 956 ,
1822 887 1926 944 hoc
1965 889 2109 943 acci-

512 978 769 1050 piendum
814 988 932 1048 est,
978 991 1037 1039 ut
1079 983 1267 1040 eodem
1315 983 1528 1040 lavacro
1582 984 2005 1056 regenerationis
2055 992 2111 1041 et

518 1071 688 1128 verbo
711 1072 1148 1135 sanctiﬁcationis
1172 1076 1352 1132 omnia
1380 1091 1604 1148 prorsus
1646 1076 1788 1139 mala
1830 1076 2109 1135 hominum

514 1175 955 1236 regeneratorum
998 1166 1325 1231 mandentur
1360 1175 1521 1241 atque
1555 1177 1844 1236 sanentur;
1878 1184 1984 1223 non
2014 1182 2109 1223 so-

515 1255 627 1313 lum
651 1267 866 1327 peccata
884 1275 1003 1335 trita:
1020 1260 1198 1316 omnia
1216 1274 1359 1317 nunc
1375 1262 1722 1319 remittuntur
1738 1264 1793 1317 in
1811 1261 2104 1336 Baptismo,

516 1348 613 1406 sed
640 1349 800 1406 etiam
826 1366 945 1425 quac
970 1353 1236 1422 posterius
1266 1352 1496 1411 humana
1527 1354 1825 1427 ignorantia
1851 1356 1936 1411 vel
1964 1353 2111 1412 inﬁr-

518 1442 706 1500 mitate
725 1442 1113 1501 contrahuntur
1137 1463 1150 1500 :
1175 1462 1281 1501 non
1309 1455 1367 1502 ut
1391 1446 1662 1519 Baptisms
1681 1448 1895 1521 quoties
1921 1463 2113 1523 pecca-

519 1539 629 1605 tur,
654 1534 813 1592 toties
838 1544 1139 1608 repetatur;
1162 1536 1253 1593 sed
1278 1538 1400 1613 quia
1429 1539 1547 1611 ipso
1570 1537 1713 1617 quod
1734 1539 1907 1597 semel
1928 1541 2108 1613 datur,

522 1625 584 1683 iit
614 1636 673 1687 ut
713 1642 816 1683 non
839 1628 1016 1686 solum
1042 1639 1221 1700 antea,
1244 1645 1432 1688 verum
1457 1630 1619 1691 etiam
1648 1638 1833 1704 postea
1857 1648 2114 1705 quorum-

516 1719 647 1785 libet
664 1728 999 1793 peccatorum
1016 1722 1173 1779 venia
1192 1720 1438 1779 ﬁdelibus
1455 1724 1786 1796 impetretur.
1807 1723 1946 1793 Quid
1966 1725 2112 1780 enim

519 1810 799 1885 prodesset
818 1813 901 1870 vel
923 1823 1048 1870 ante
1082 1813 1412 1886 Baptismum
1446 1816 1781 1891 pmnitentia,
1805 1814 1907 1879 nisi
1934 1815 2115 1889 Bapti-

517 1924 669 1973 smus
691 1922 1036 1987 sequeretur;
1055 1915 1137 1983 vel
1162 1925 1370 1989 postea,
1392 1915 1495 1973 nisi
1521 1913 1888 1987 praecederet?
1918 1912 1974 1971 ln
1999 1913 2116 1985 ipsa

519 2018 736 2079 quoque
761 2005 1003 2069 oratione
1031 2006 1321 2073 dominica,
1348 2022 1468 2079 qua:
1489 2006 1798 2081 quotidiana
1827 2013 1909 2062 est
1933 2012 2114 2062 nostra

518 2094 817 2179 inundatio,
846 2111 954 2170 quo
984 2099 1177 2167 fructu,
1209 2112 1317 2169 quo
1345 2096 1538 2157 eilectu
1567 2098 1869 2169 diceretur,
1904 2097 2118 2157 Dimitte

518 2186 664 2247 nobis
704 2187 871 2245 debita
915 2199 1085 2247 nostra
1127 2186 1361 2264 (Matth.
1384 2206 1472 2259 vt,
1508 2187 1649 2264 i2),
1683 2191 1784 2253 nisi
1823 2190 1892 2249 ab
1916 2190 1995 2253 eis
2023 2191 2117 2263 qui

520 2277 771 2350 baptizati
786 2288 931 2346 sunt,
951 2279 1253 2347 diceretur?
1274 2279 1513 2351 itemque
1528 2281 1993 2355 eieemosynarum
2012 2282 2118 2339 lar-

518 2373 661 2445 gitas
686 2380 742 2430 et
767 2373 1115 2435 beneﬁcentia
1143 2375 1510 2445 quantalibet,
1544 2376 1631 2443 cui
1668 2375 1885 2435 tandem
1920 2377 1988 2435 ad
2030 2377 2114 2435 di-

522 2465 778 2533 mittenda
820 2482 915 2525 sua
963 2474 1178 2543 peccata
1223 2468 1539 2540 prodesset,
1576 2470 1622 2527 si
1666 2464 1967 2543 baptizatus
2008 2486 2119 2541 non

520 2554 698 2614 esset?
727 2556 1005 2617 Postremo
1022 2559 1171 2633 regni
1190 2561 1451 2623 cmlorum
1476 2562 1593 2634 ipsa
1620 2562 1867 2629 felicitas,
1891 2562 1979 2620 ubi
2008 2578 2117 2631 non

521 2646 739 2709 habebit
758 2648 995 2711 Ecclesia
1021 2652 1286 2715 maculam
1306 2660 1400 2715 aut
1423 2668 1608 2724 rugam
1633 2661 1727 2715 aut
1753 2653 1955 2726 aliquid
1974 2654 2119 2727 ejus-

523 2739 689 2807 modi,
709 2741 797 2809 ubi
817 2740 951 2816 nihil
976 2741 1434 2821 reprehensionis,
1452 2744 1586 2807 nihil
1606 2745 1970 2813 simulationis
1990 2746 2114 2819 erit,

524 2834 613 2893 ubi
659 2850 766 2895 non
808 2837 982 2895 solum
1026 2845 1244 2911 reatus,
1277 2837 1374 2897 sed
1410 2852 1511 2901 nec
1547 2838 1986 2910 concupiscentia
2015 2839 2119 2903 erit

522 2927 629 2987 ulla
660 2930 880 3001 peccati.
910 2944 1137 3001 quorum
1165 2930 1288 2999 erit,
1317 2929 1419 2991 nisi
1450 2930 1889 3003 baptizatorum?

595 3020 820 3081 CAPUT
861 3020 1101 3089 XXXIV.
1124 3051 1194 3064 -—
1217 3022 1308 3081 39.
1340 3020 1595 3091 Baptismi
1622 3023 1884 3081 sanctitate
1902 3039 2004 3079 non
2029 3039 2116 3081 so-

527 3114 634 3181 lum
654 3124 876 3187 peccata,
908 3118 997 3173 sed
1024 3116 1159 3181 mala
1182 3131 1390 3189 prorsus
1415 3115 1586 3179 omnia
1618 3114 1862 3175 tollenda.
1891 3115 2120 3177 Ecclesia

526 3212 752 3264 nondum
770 3217 904 3265 σανα
924 3210 1061 3269 omni
1085 3207 1303 3269 macula.
1327 3208 1406 3269 Ac
1430 3222 1526 3279 per
1547 3204 1653 3271 hoc
1672 3222 1781 3265 non
1808 3206 1983 3265 solum
2003 3223 2119 3269 om-

530 3298 616 3367 nia
647 3309 881 3370 peccata,
910 3300 1006 3357 scd
1036 3301 1213 3361 omnia
1242 3314 1463 3375 prorsus
1486 3300 1762 3369 hominum
1789 3302 1953 3371 mala,
1982 3300 2122 3367 citri.-

531 3387 690 3446 stiani
712 3386 909 3449 lavacri
938 3389 1219 3453 sanctitate
1240 3390 1519 3459 tolluntur,
1537 3404 1646 3463 quo
1666 3389 1887 3455 mundat
1914 3390 2111 3451 Eccle-

530 3480 665 3555 siam
690 3495 842 3539 suam
863 3479 1129 3549 Christus,
1152 3489 1212 3538 ut
1234 3480 1486 3540 exhibeat
1507 3496 1626 3541 eam
1647 3482 1771 3549 sibi,
1790 3496 1894 3541 non
1924 3480 1979 3538 in
2012 3482 2117 3541 ista

529 3573 748 3643 sseculo,
780 3573 878 3632 sed
909 3574 961 3635 in
987 3572 1189 3643 futuro,
1232 3589 1339 3631 non
1380 3572 1667 3637 habentem
1717 3574 1978 3633 maculam
2026 3582 2121 3637 aut

530 3681 715 3737 rugam
742 3674 835 3723 aut
860 3664 1059 3737 aliquid
1086 3665 1371 3739 ejusmodi.
1396 3665 1535 3725 Nam
1576 3665 1670 3738 qui
1698 3665 1856 3722 modo
1884 3681 2003 3725 eam
2033 3674 2119 3725 ta-

532 3752 636 3814 lem
665 3772 785 3815 esse
810 3756 1014 3825 dicunt,
1054 3766 1109 3815 et
1148 3765 1326 3815 tamen
1353 3758 1406 3815 in
1436 3755 1527 3825 illa
1566 3764 1723 3824 sunt;
1769 3756 2021 3841 quoniam
2066 3764 2121 3813 et

535 3851 631 3919 ipsi
662 3849 894 3906 fatentur
921 3866 980 3907 se
1010 3851 1210 3907 habere
1235 3860 1473 3923 peccata,
1497 3851 1543 3907 si
1560 3866 1746 3906 verum
1771 3848 1976 3916 dicunt,
1996 3864 2122 3925 pro-

534 3940 671 3997 lucto
709 3942 959 4016 quoniam
1003 3942 1186 4009 mundi
1214 3957 1323 4002 non
1351 3951 1476 4005 sunt
1499 3957 1532 3999 ι
1560 3943 1816 4013 peccatis,
1862 3942 2025 4007 habet
2065 3942 2122 4000 in

534 4034 611 4089 cis
643 4033 881 4090 Ecclesia
913 4033 1177 4091 maculam
1208 4052 1222 4091 :
1257 4035 1302 4091 si
1327 4042 1507 4095 autem
1536 4034 1727 4095 falsum
1754 4034 1961 4103 dicunt,
1990 4034 2123 4109 quia

530 4116 694 4173 corde
722 4116 921 4189 duplici
948 4116 1257 4191 loquuntur,
1282 4118 1443 4177 habet
1468 4139 1520 4179 in
1547 4138 1626 4181 eis
1658 4125 1758 4181 Ecc
1783 4124 1889 4189 esia
1913 4142 2117 4198 rugam.

530 4204 593 4265 Si
629 4216 811 4265 autem
837 4224 896 4266 se
923 4208 1108 4266 dicunt
1152 4209 1353 4273 habere
1372 4213 1492 4281 ista,
1526 4230 1632 4283 non
1661 4216 1831 4288 ipsam
1862 4234 1875 4272 :
1904 4233 2033 4290 ergo
2061 4232 2121 4275 se

530 4313 639 4357 non
677 4315 799 4359 esse
838 4301 1077 4377 membra
1116 4304 1265 4371 eius,
1299 4319 1400 4363 nec
1428 4320 1487 4364 se
1516 4306 1585 4367 ad
1622 4323 1820 4381 corpus
1846 4309 1961 4380 ejus
1993 4326 2118 4382 per-

532 4393 706 4452 tinere
746 4393 1047 4465 fateantur,
1079 4405 1140 4453 ut
1166 4397 1326 4455 etiam
1362 4412 1457 4455 sua
1486 4398 1822 4461 confessione
1858 4402 2121 4465 damnen-

524 4494 635 4543 tur.

591 4574 821 4641 CAPUT
863 4577 1080 4645 XXXV.
1097 4610 1169 4623 -—
1186 4579 1275 4639 40.
1303 4581 1483 4641 Carnis
1510 4585 1987 4659 concupiscentiam,
2018 4588 2123 4649 uei-

747 4707 1486 4717 π

1547 4741 2076 4752 Μ

1323 492 1414 550 DE
1449 490 1718 551 murras
1758 490 1848 551 er
1885 464 2491 560 concupiscam-1A,
2528 493 2588 550 s.
2631 492 2993 552 AUGUSTINI

1275 4799 1467 4946 In
1525 4766 2462 4986 Subsequcutcm
2539 4766 3012 4945 natm

3697 483 3825 555 πθ

2218 620 2274 664 ιιι
2303 609 2535 664 naturate
2553 610 2740 664 bonum
2775 613 3044 666 laudantes
3067 608 3355 684 Pelagiani,
3384 612 3684 688 refelluntur
3708 630 3819 670 ιν

2217 702 2445 758 claritate
2460 700 2522 757 Β.
2539 701 2808 758 Ambrosii.
2831 702 2908 759 De
2926 704 3026 760 hac
3043 715 3220 760 autem
3242 705 3668 777 cuneupiscentia
3686 722 3817 764 car-

2217 796 2323 864 nis,
2350 811 2510 867 quam
2540 797 2845 853 curavimus
2874 811 2903 851 a
2931 800 3253 868 nuptialibus
3280 799 3435 854 bonis
3460 807 3569 854 tam
3598 800 3819 871 prolixa

2215 886 2575 958 disputatione
2619 888 2984 961 distinguere,
3019 901 3236 962 propter
3276 906 3445 947 novos
3490 892 3812 960 hmticos,

2215 981 2306 1051 qui
2338 995 2459 1036 cum
2490 981 2607 1037 hrrc
2636 981 3045 1052 reprehenditur
3072 984 3493 1049 calumniantur,
3521 984 3672 1056 quasi
3710 1000 3819 1041 uua

2218 1073 2341 1143 ptize
2367 1071 2857 1141 reprehendantur;
2887 1084 2947 1130 ut
2968 1075 3171 1131 scilicet
3193 1090 3311 1130 eam
3338 1086 3585 1147 tanquam
3613 1077 3817 1135 bonum

2216 1163 2460 1220 naturale
2485 1163 2793 1231 laudando,
2843 1180 2998 1222 suum
3039 1166 3349 1237 pestiferum
3394 1168 3583 1238 dogma
3614 1175 3817 1226 contir-

2216 1266 2399 1323 ment,
2430 1271 2538 1327 quo
2576 1270 2823 1315 asserunt
2867 1260 3071 1330 prolem
3103 1277 3223 1333 qua:
3250 1276 3346 1333 per
3375 1262 3515 1318 illam
3543 1265 3777 1319 nascitur
3798 1307 3816 1333 ,

2218 1347 2421 1402 nullum
2450 1348 2666 1405 trahere
2690 1351 2951 1423 originale
2974 1360 3251 1421 peccatum
3286 1372 3299 1408 :
3332 1353 3400 1410 de
3421 1354 3519 1410 hac
3544 1371 3673 1426 ergo
3697 1370 3821 1411 car-

2218 1438 2303 1494 nis
2328 1440 2760 1511 concupiscentia
2788 1484 2802 1509 ,
2852 1442 3041 1499 beatus
3072 1445 3386 1501 Ambrosius
3410 1445 3820 1503 Medmianensis

2219 1531 2506 1613 episcopus
2531 1575 2545 1599 ,
2573 1534 2727 1603 cuius
2752 1534 3068 1592 sacerdotali
3096 1537 3393 1594 ministerio
3418 1538 3682 1596 lavacrum
3723 1557 3822 1599 re-

2222 1626 2583 1696 generationis
2613 1628 2817 1700 accepi,
2845 1629 2923 1684 sic
2950 1628 3184 1687 breviter
3206 1639 3291 1687 est
3316 1631 3546 1700 locutus,
3573 1649 3694 1688 cum
3718 1649 3821 1690 ex-

2219 1729 2425 1791 ponens
2456 1714 2646 1772 lsaiam
2678 1717 3021 1788 prophetam,
3052 1724 3319 1777 carnalem
3343 1721 3541 1779 Christi
3569 1726 3822 1781 natiVitau

2220 1804 2329 1864 tem
2357 1810 2667 1866 insinuaret.
2716 1830 2734 1863 ι
2762 1811 2906 1877 ldco,
2940 1833 2960 1868 ι
2998 1814 3185 1885 inquit,
3221 1834 3240 1869 ‹
3271 1826 3325 1873 et
3354 1819 3504 1885 quasi
3538 1818 3698 1875 homo
3723 1834 3823 1891 per

2219 1900 2469 1956 universa
2516 1910 2750 1957 tentatus
2792 1912 2911 1969 est,
2963 1915 3017 1960 et
3054 1909 3108 1962 in
3153 1908 3500 1966 similitudine
3541 1908 3823 1969 hominum

2220 2000 2411 2047 cuncta
2438 1990 2690 2047 sustinuit
2720 2012 2733 2049 :
2776 1996 2869 2051 sed
2897 1997 3048 2065 quasi
3088 1996 3156 2053 dc
3196 1996 3398 2070 Spiritu
3446 2009 3623 2069 natus,
3649 2002 3823 2058 absti—

2222 2084 2338 2139 nuit
2362 2100 2393 2140 a
2425 2096 2644 2155 peccato
2670 2084 2856 2159 (Hebr.
2885 2090 3087 2162 :v,15).
3112 2089 3299 2149 Omnis
3323 2109 3464 2149 enim
3490 2095 3651 2152 homo
3670 2112 3825 2153 men-

2221 2175 2323 2233 dax
2355 2176 2533 2249 (Psal.
2566 2178 2806 2244 ουχὶ),
2850 2190 2904 2237 et
2932 2197 3093 2238 nemo
3131 2184 3248 2239 sine
3290 2196 3506 2255 peccato
3538 2189 3637 2243 nisi
3682 2202 3827 2246 unus

2223 2266 2389 2324 Deus.
2420 2267 2697 2325 Servatum
2728 2280 2812 2327 est
2852 2273 3014 2343 igitur
3039 2283 3099 2330 ut
3136 2289 3204 2331 ex
3237 2277 3353 2332 viro
3391 2288 3444 2333 et
3472 2279 3696 2337 muliere
3718 2323 3734 2344 .
3768 2278 3826 2338 id

2222 2368 2325 2429 est,
2368 2375 2465 2432 per
2490 2362 2637 2418 illam
2668 2378 2951 2435 corporum
2981 2369 3413 2425 commixtionem
3451 2386 3607 2428 nemo
3631 2373 3826 2431 videa-

2227 2458 2315 2508 tur
2339 2469 2531 2524 expers
2560 2469 2680 2512 esse
2717 2456 2918 2513 delicti.
2949 2458 3050 2526 Qui
3072 2469 3248 2523 autem
3277 2478 3467 2535 expers
3493 2474 3574 2521 est
3601 2465 3824 2541 delicti,

2223 2561 2422 2618 expers
2441 2558 2524 2604 est
2547 2550 2707 2605 etiam
2735 2548 3037 2620 huiusmodi
3062 2555 3444 2624 conceptionis.
3474 2574 3495 2609 ι
3524 2557 3830 2631 Numquid-

2228 2654 2351 2695 nam
2379 2649 2433 2695 et
2462 2649 2680 2697 sanctus
2705 2640 3021 2698 Ambrosius
3064 2645 3365 2716 miptiarum
3396 2646 3686 2709 bonitatem
3713 2691 3729 2715 ,
3761 2638 3830 2707 ac

2229 2748 2333 2811 non
2362 2733 2535 2800 potius
2574 2732 2797 2790 istorum
2823 2734 3220 2807 haereticorum,
3262 2741 3505 2811 quamvis
3534 2751 3658 2799 tunc
3682 2759 3830 2803 non-

2223 2810 2349 2881 dum
2376 2828 2745 2898 apparentium
2769 2828 3079 2901 vanitatem,
3107 2828 3267 2901 hujus
3282 2810 3396 2887 sua:
3425 2838 3701 2899 sententia:
3728 2830 3830 2892 vei-

2224 2918 2384 2974 ritate
2403 2918 2717 2974 damnavit?
2741 2919 2894 2988 Quod
2917 2922 3038 2979 ideo
3065 2910 3592 2985 commemorandum
3619 2929 3827 2999 putavi,

2222 3010 2346 3081 quia
2375 3009 2623 3074 Pelagius
2643 3012 2723 3067 sic
2752 3012 2935 3069 laudat
2960 3015 3323 3083 Ambrosium,
3347 3025 3409 3073 ut
3434 3018 3575 3074 dicat
3599 3038 3612 3073 :
3643 3039 3661 3073 ι
3692 3019 3830 3076 Βετις

2224 3112 2309 3160 tus
2338 3102 2652 3161 Ambrosius
2677 3108 2982 3178 episcopus,
3012 3108 3063 3163 in
3084 3108 3234 3181 cujus
3254 3112 3521 3182 prmcipue
3540 3110 3691 3168 libris
3714 3111 3831 3171 Ro-

2224 3208 2381 3251 mana
2406 3196 2579 3253 elucet
2622 3197 2788 3266 fides;
2814 3199 2904 3269 qui
2947 3200 3264 3270 scriptorum
3304 3203 3442 3257 inter
3481 3200 3699 3259 Latinos
3724 3204 3831 3265 llos

2223 3288 2439 3360 quidam
2470 3290 2746 3360 speciosus
2771 3293 2997 3367 enituit,
3035 3294 3188 3363 cujus
3217 3294 3374 3351 iidem
3399 3303 3453 3350 et
3476 3297 3832 3368 purissimum

2222 3383 2278 3437 in
2320 3382 2611 3455 Scripturis
2640 3400 2857 3441 sensum
2899 3403 2968 3443 ne
3014 3387 3260 3444 inimicus
3289 3388 3500 3465 quidem
3539 3405 3699 3445 ausus
3742 3400 3831 3448 est

2224 3475 2620 3548 reprehendere
2653 3498 2671 3529 ι
2707 3479 2844 3554 (Lib.
2878 3481 2913 3536 5
2943 3498 3035 3553 pro
3057 3480 3235 3549 Libero
3260 3482 3526 3555 Arbitrio).
3557 3483 3832 3560 Pmtiiteat

2224 3586 2352 3644 ergo
2382 3587 2527 3641 eum,
2558 3574 2702 3645 quod
2733 3576 2901 3630 sensit
2935 3576 3194 3637 adversus
3217 3576 3579 3645 Ambrosium,
3613 3593 3683 3633 ne
3710 3594 3832 3651 pus-

2223 3664 2391 3720 niteat
2417 3679 2561 3731 eum,
2611 3665 2753 3745 quod
2797 3666 2874 3722 sic
2904 3666 3139 3721 laudavit
3165 3667 3525 3723 Ambrosium.
3558 3668 3737 3725 Habes
3764 3670 3832 3725 li-

2223 3755 2381 3812 brum
2403 3766 2458 3813 et
2481 3758 2727 3814 molestia
2758 3760 3127 3831 longitudinis,
3155 3768 3209 3817 et
3232 3759 3540 3817 difﬁcultate
3568 3762 3834 3832 quaestio—

2224 3850 2329 3918 nis,
2360 3863 2521 3923 quam
2549 3849 2683 3905 mihi
2711 3851 2807 3906 fuit
2831 3852 2896 3906 ad
2928 3851 3256 3920 dictandum,
3287 3862 3393 3907 tam
3426 3853 3520 3907 tibi
3546 3851 3610 3907 ad
3639 3852 3833 3924 legen-

2222 3940 2349 3996 dum
2402 3943 2775 4014 negotiosum,
2834 3944 3026 4014 quibus
3083 3942 3354 4014 particulis
3411 3951 3714 4015 temporum
3773 3955 3833 4002 te

2222 4033 2466 4091 invenire
2495 4035 2665 4105 potuit
2692 4043 2782 4090 aut
2812 4036 3045 4106 potuerit
3074 4035 3323 4090 otiosum.
3356 4035 3524 4104 Quem
3556 4036 3827 4108 profecto,

2223 4138 2480 4200 quantum
2526 4145 2612 4185 me
2642 4129 2898 4185 Dominus
2925 4126 3179 4203 adjuvare
3224 4128 3470 4201 dignatus
3498 4139 3601 4198 est,
3630 4130 3833 4187 elabo-

2224 4229 2398 4275 ratum
2431 4220 2570 4276 inter
2597 4221 2990 4277 ecclesiasticas
3020 4237 3175 4277 curas
3204 4236 3372 4288 meas,
3409 4236 3514 4276 non
3548 4221 3641 4276 tibi
3674 4222 3833 4293 inge-

2224 4327 2398 4367 rerem
2440 4313 2578 4369 inter
2609 4313 2845 4385 publicas
2889 4322 3026 4379 tuas,
3055 4312 3155 4369 nisi
3183 4314 3250 4394 ab
3280 4313 3492 4369 homine
3524 4313 3617 4368 Dei
3648 4315 3741 4384 qui
3774 4323 3835 4371 te

2188 4426 2193 4437 -
2225 4404 2534 4461 familiarius
2560 4406 2743 4473 novit,
2774 4405 3037 4461 audissem
3069 4405 3209 4478 quod
3237 4414 3342 4460 tam
3375 4405 3606 4461 libenter
3632 4404 3789 4477 legas
3814 4449 3830 4475 ,

2223 4503 2287 4552 ut
2314 4497 2473 4551 etiam
2518 4506 2807 4553 nocturnas
2847 4495 3052 4570 aliquas
3084 4498 3243 4552 horas
3281 4495 3499 4552 lectioni
3540 4495 3835 4569 vigilanter

2227 4587 2523 4660 impendas.
2974 4576 2977 4579 ’

3012 4708 3832 4741 ___________..__I__.,

3587 4741 3837 4758 Ξ

3012 4758 3669 4773 Γ-υ-ν-τ--τ-νν-τ--τ-ἣ-τ-Ϋγτ·
3740 4758 3833 4771 νὴ

1281 4994 1591 5067 Augustinus
1614 4999 1667 5053 in
1686 5000 1989 5072 praefatione
2016 4999 2200 5071 Operis
2220 5000 2519 5074 Imperfecti
2542 5012 2721 5057 contra
2744 5003 3034 5063 lulianum.

596 5107 804 5185 Scripsi
840 5109 1033 5168 librum
1059 5109 1127 5168 ad
1156 5112 1407 5171 comitem
1446 5114 1716 5171 Valerium
1741 5158 1758 5184 ,
1789 5118 1941 5190 cujus
1966 5117 2087 5173 libri
2114 5117 2304 5177 titulus
2328 5127 2431 5185 est,
2465 5119 2539 5177 De
2558 5117 2775 5190 Nuptiis
2801 5128 2857 5175 et
2888 5118 3333 5192 Concupiseentia
3360 5134 3376 5174 :
3403 5131 3473 5173 eo
3491 5115 3633 5187 quod
3660 5117 3731 5173 ad
3760 5120 3839 5176 il.

523 5206 638 5265 lum
669 5209 976 5282 pervenisse
1003 5224 1381 5283 cognoveram,
1414 5212 1593 5269 dicere
1641 5212 1977 5285 Pelagianos,
2010 5213 2351 5271 damnatores
2380 5228 2480 5269 nos
2508 5227 2628 5269 esse
2653 5217 2979 5284 nuptiarum.
3022 5214 3261 5284 Daunique
3304 5214 3359 5269 in
3387 5212 3691 5281 illrropere,
3724 5230 3841 5269 rm~

517 5302 751 5375 ptiarnm
778 5304 979 5360 bonum
1010 5320 1039 5361 a
1064 5308 1510 5379 concupiscentia:
1553 5308 1784 5363 carnalis
1812 5308 1973 5371 malo,
2003 5322 2108 5381 quo
2131 5305 2266 5362 bene
2291 5308 2456 5363 utitur
2483 5308 2735 5378 pudicitia
2756 5307 3072 5379 coniugalis,
3101 5306 3243 5378 quali
3272 5306 3419 5377 potui
3440 5304 3828 5373 disputationg

523 5394 773 5453 discrevi.
804 5396 922 5467 Quo
952 5398 1088 5455 libro
1114 5410 1359 5473 accepto,
1393 5410 1719 5457 memoratus
1757 5400 1839 5456 vir
1867 5401 2089 5455 illustris
2119 5400 2262 5456 misit
2289 5401 2417 5456 mihi
2445 5402 2497 5455 in
2537 5401 2778 5456 chartula
2805 5400 3091 5456 nonnullas
3112 5400 3408 5454 sententias
3435 5397 3727 5465 decerpas
3764 5414 3841 5454 ex

523 5502 688 5561 opere
714 5490 908 5550 Juliani
945 5493 1180 5552 haeretici
1204 5493 1477 5567 Pelagiani
1510 5491 1593 5567 (in
1627 5509 1733 5565 quo
1758 5510 1920 5565 Opere
1945 5493 2095 5549 libris
2119 5502 2346 5566 quatuor
2376 5494 2713 5563 respondisse
2754 5493 2857 5548 sibi
2883 5493 3027 5548 visus
3050 5501 3132 5547 est
3170 5490 3249 5545 illi
3275 5492 3365 5545 uni
3391 5503 3534 5552 meo.
3559 5502 3729 5557 quem
3765 5489 3848 5546 de

522 5584 730 5654 Nuptiis
776 5592 830 5640 et
872 5586 1316 5659 Concupiscentia
1362 5603 1448 5642 rue
1478 5586 1757 5661 scripsisse
1802 5588 2179 5659 memoravi),
2210 5588 2403 5643 missas
2440 5588 2540 5642 sibi
2586 5603 2616 5641 a
2664 5587 2846 5641 nescio
2884 5601 3030 5656 quo,
3079 5585 3169 5656 qui
3216 5599 3349 5650 eas,
3396 5591 3460 5638 ut
3493 5582 3710 5644 voluit,
3762 5600 3846 5639 ex

522 5676 700 5747 primo
741 5675 938 5733 Juliani
982 5678 1122 5735 libro
1149 5676 1517 5749 decet-pendas
1547 5678 1751 5732 euravit
1780 5696 1793 5733 :
1820 5678 2011 5748 quibus
2042 5690 2098 5734 ut
2141 5680 2459 5751 quantocius
2502 5678 2922 5748 responderem,
2958 5678 3099 5733 idem
3140 5675 3389 5732 Valerius
3430 5674 3707 5745 poposcit.
3764 5675 3851 5731 Et

520 5766 717 5827 factum
745 5779 830 5828 est
854 5781 910 5828 ut
936 5772 1037 5829 sub
1058 5774 1249 5830 eodem
1283 5772 1437 5829 titulo
1463 5771 1625 5831 etiam
1655 5771 1947 5829 secundum
1978 5775 2179 5831 librum
2210 5774 2525 5838 scriberem,
2558 5780 2743 5829 contra
2767 5788 2926 5849 quem
2953 5772 3195 5828 Julianus
3218 5770 3353 5827 alios
3381 5778 3510 5824 ceto
3537 5767 3711 5822 nimia
3744 5773 3845 5823 to-

519 5867 787 5937 quacitatc
811 5868 1147 5940 conscripsit.
1638 5936 1696 5949 _.
1803 5939 1814 5949 ,
1949 5941 1959 5949 _
2049 5941 2061 5949 _
2564 5940 2591 5949 ,,

1628 5936 1775 5993 Idem
1800 5939 1851 5994 in
1880 5941 2091 6011 cpistola
2121 5954 2278 6001 ccvu.
2313 5941 2380 5994 ad
2409 5940 2698 5994 Claudium.

596 6028 849 6104 Quisquis
876 6047 1004 6106 ergo
1031 6041 1085 6093 et
1127 6032 1277 6091 illum
1305 6032 1597 6091 secundum
1627 6034 1822 6092 librum
1851 6050 2026 6093 meum
2057 6035 2123 6093 ad
2149 6036 2398 6095 comitem
2443 6033 2731 6090 identidem
2761 6032 3024 6089 Valerium
3046 6072 3061 6099 ,
3094 6032 3233 6088 sicut
3273 6028 3536 6103 primum,
3567 6037 3850 6092 conseri.
