4012 6468
497 420 608 481 ιω

495 533 662 593 tionis
686 533 945 590 abluatur.
973 548 992 584 ι
1025 529 1224 585 Omnes
1248 525 1392 582 enim
1417 524 1484 579 ad
1511 522 1791 579 ecclesiam
1819 535 1926 574 non
1954 532 2080 586 pro-

496 638 622 702 pter
681 625 822 683 aliud
867 639 986 681 cum
1039 618 1272 694 parvulis
1337 625 1588 681 currunt,
1643 615 1746 670 nisi
1793 620 1853 668 ut
1902 612 1954 666 in
2001 610 2080 665 eis

499 720 760 793 originale
810 723 1086 788 peccatum
1152 711 1500 784 generatione
1553 708 1737 779 prima:
1789 702 2079 759 nativitatis

499 821 781 869 attractum
799 849 816 876 ,
870 803 1271 877 regeneratione
1337 799 1584 858 secundae
1647 795 1935 854 nativitatis
1984 807 2082 849 ex—

498 903 698 976 pietur.

571 994 626 1052 5.
679 990 879 1048 Deinde
919 988 988 1046 ad
1029 998 1212 1045 nostra
1244 987 1517 1059 superiora
1559 982 1721 1039 verba
1759 977 2078 1044 revertitur,

497 1103 620 1162 qua:
639 1087 820 1144 nescio
843 1101 940 1141 cur
964 1092 1205 1156 repetat:
1238 1103 1258 1136 ‹
1287 1083 1392 1138 Eos
1416 1091 1594 1137 autem
1615 1079 1704 1150 qui
1731 1077 1800 1132 de
1820 1076 1909 1132 tali
1929 1089 2080 1130 com-

497 1181 758 1238 mixtione
785 1186 1095 1243 nascuntur,
1123 1177 1349 1232 dicimus
1373 1174 1589 1230 trahere
1611 1170 1868 1243 originale
1887 1182 2080 1240 pecca-

498 1283 648 1342 tum;
675 1290 894 1344 eosquc,
925 1271 994 1328 de
1022 1270 1328 1342 parentibus
1355 1268 1824 1339 qualibuscumque
1853 1277 2082 1318 nascan-

499 1376 613 1435 tur,
652 1381 760 1421 non
786 1379 1040 1433 negamus
1079 1362 1253 1417 adhuc
1293 1375 1415 1415 esse
1453 1357 1554 1413 sub
1593 1355 1835 1421 diabolo,
1862 1353 1962 1409 nisi
1992 1368 2081 1408 re-

498 1465 793 1515 nascantur
835 1455 888 1510 in
925 1453 1159 1510 Christo.
1189 1470 1210 1504 »
1246 1450 1373 1506 Haec
1407 1448 1570 1504 verba
1609 1454 1790 1502 nostra
1831 1454 1888 1501 et
1927 1443 2083 1513 paulo

501 1557 630 1604 ante
649 1547 761 1618 jam
789 1547 1015 1601 dixerat.
1042 1543 1245 1600 Deinde
1286 1541 1558 1611 subjungit
1594 1537 1737 1609 quod
1764 1535 1834 1592 de
1871 1534 2085 1591 Christo

501 1639 756 1704 diximus,
785 1657 803 1690 ι
828 1638 928 1706 Qui
947 1637 1016 1693 de
1035 1635 1221 1692 eadem
1238 1647 1396 1690 sexus
1416 1632 1688 1702 utriusque
1708 1627 2086 1685 commixtione

500 1733 654 1790 nasci
697 1731 886 1787 noluit.
917 1748 936 1782 ι
967 1728 1073 1786 Sed
1111 1727 1271 1783 etiam
1311 1725 1396 1780 hic
1427 1722 1765 1796 praetermisit
1807 1718 1946 1790 quod
1987 1733 2086 1789 ego

501 1824 691 1896 posui,
725 1842 743 1875 ι
768 1821 839 1879 Ut
865 1837 962 1894 per
989 1820 1104 1891 ejus
1139 1818 1364 1890 gratiam
1388 1816 1457 1872 de
1486 1822 1748 1886 potestate
1772 1811 1909 1868 eruti
1935 1818 2085 1866 tene-

502 1916 747 1983 brarum,
776 1915 828 1970 in
860 1929 1083 1989 regnum
1109 1911 1270 1979 illius,
1296 1910 1385 1980 qui
1411 1925 1478 1964 ex
1501 1908 1688 1963 eadem
1713 1919 1874 1962 sexus
1893 1903 2088 1958 utrius-

504 2024 611 2081 que
636 2007 1015 2064 commixtione
1039 2005 1188 2060 nasci
1218 2003 1402 2068 noluit,
1435 1999 1838 2056 transferantur.
1870 2015 1888 2048 ι
1923 1994 2084 2062 Vide,

501 2101 732 2158 obsecro
758 2109 809 2155 te
827 2140 842 2166 ,
878 2115 998 2170 qua:
1027 2099 1044 2131 ⁸
1071 2106 1256 2154 nostra
1276 2095 1440 2152 verba
1469 2093 1672 2160 vitavit,
1707 2102 1957 2162 tanquam
1984 2088 2088 2144 ini-

505 2197 683 2254 micus
707 2194 926 2250 omnino
952 2191 1136 2265 gratia:
1159 2190 1276 2260 Dei,
1302 2204 1423 2261 qua:
1449 2187 1597 2244 venit
1619 2201 1713 2256 per
1735 2185 1915 2240 Jesum
1933 2181 2090 2237 Chri-

503 2298 647 2346 stum
677 2287 956 2344 Dominum
997 2295 1259 2340 nostrum.
1300 2282 1414 2338 Scit
1439 2281 1583 2337 enim
1625 2278 1692 2333 ab
1720 2277 1805 2332 illa
1844 2273 2090 2345 Apostoli

503 2381 771 2438 sententia
791 2420 806 2445 ,
853 2393 956 2450 qua
985 2377 1118 2432 dixit
1141 2375 1209 2430 de
1252 2374 1363 2428 Deo
1393 2373 1548 2428 Patre
1566 2411 1582 2434 ,
1627 2367 1726 2435 Qui
1754 2367 1882 2422 eruit
1905 2382 1997 2420 nos
2026 2364 2090 2419 de

504 2479 750 2543 potestate
777 2469 1110 2533 tenebrarum,
1140 2476 1188 2522 et
1211 2463 1468 2519 transtulit
1497 2463 1551 2517 in
1576 2476 1784 2532 regnum
1811 2457 1936 2512 Filii
1963 2458 2088 2511 cha-

503 2564 673 2619 ritatis
697 2578 804 2619 sure
831 2560 1047 2636 (Coloss.
1071 2577 1110 2627 t,
1135 2557 1250 2630 15),
1281 2555 1672 2627 improbissime
1696 2562 1750 2608 et
1779 2551 2090 2620 impiissime

503 2657 757 2726 parvulos
783 2655 1020 2725 separari
1045 2671 1058 2709 :
1088 2653 1207 2716 ideo
1241 2650 1426 2722 procul
1451 2649 1613 2705 dubio
1638 2646 1798 2704 verba
1824 2646 1922 2702 ista
1949 2660 2090 2714 prte-

505 2750 806 2808 termittere
833 2763 991 2818 quam
1021 2760 1220 2816 ponere
1249 2743 1454 2798 maluit.

581 2843 636 2899 6.
681 2841 810 2896 Post
836 2841 950 2895 haec
980 2837 1107 2893 illud
1155 2845 1393 2890 nostrum
1423 2834 1631 2903 posuit,
1685 2831 1776 2886 ubi
1819 2830 2087 2884 diximus:

515 2956 535 2990 ι
565 2936 690 2992 Haec
713 2935 855 2990 enim
894 2947 1013 3002 quas
1043 2931 1110 2984 ab
1138 2927 1532 2999 impudentibus
1555 2925 1892 2995 impudenter
1912 2924 2095 2980 laudav

507 3039 596 3085 tur
621 3026 866 3099 pudenda
897 3023 1354 3095 concupiscentia,
1400 3022 1545 3076 nulla
1574 3029 1747 3087 esset,
1789 3019 1890 3075 nisi
1930 3019 2092 3075 homo

511 3131 637 3176 ante
679 3127 989 3190 peccasset:
1029 3118 1228 3186 nuptiae
1262 3129 1390 3171 vero
1427 3121 1638 3179 essent,
1684 3113 1890 3169 etiamsi
1935 3127 2094 3168 nemo

511 3221 823 3284 peccasset;
869 3211 1019 3266 ﬁeret
1061 3210 1256 3280 quippe
1288 3208 1406 3264 sine
1447 3208 1550 3262 isto
1592 3207 1778 3262 morbo
1815 3207 2094 3262 seminatio

509 3303 762 3360 ﬁliorum.
793 3322 814 3355 ι
849 3302 962 3358 Huc
987 3316 1155 3372 usque
1183 3301 1270 3356 ille
1304 3299 1462 3355 verba
1500 3313 1616 3355 mea
1659 3299 1854 3368 posuit.
1899 3298 2097 3354 Timuit

510 3397 658 3452 enim
682 3394 823 3466 quod
851 3394 1089 3465 adjunxi,
1127 3412 1147 3446 ς
1174 3393 1232 3449 In
1260 3408 1484 3463 corpore
1507 3393 1629 3448 vitae
1656 3392 1818 3459 illius,
1846 3393 1963 3448 sine
1989 3407 2096 3462 quo

513 3501 659 3543 nunc
689 3485 804 3542 ﬁeri
829 3500 934 3541 non
969 3493 1146 3556 potest
1182 3485 1234 3538 in
1263 3498 1488 3554 corpore
1528 3483 1716 3537 mortis
1760 3481 1932 3554 hujus.
1964 3501 1984 3536 ›
2029 3483 2098 3538 Et

514 3580 606 3637 hic
631 3588 692 3634 ut
719 3594 890 3634 meam
913 3578 1229 3633 sententiam
1251 3591 1358 3632 non
1383 3576 1580 3644 ﬁniret,
1602 3575 1698 3632 sed
1720 3591 1839 3632 eam
1866 3575 2098 3646 quodam

519 3672 682 3727 modo
711 3669 1072 3734 detruncaret,
1105 3668 1232 3723 illud
1259 3667 1501 3739 Apostoli
1523 3665 1885 3750 testimonium
1914 3666 2100 3722 formi-

517 3762 698 3828 davit,
741 3759 830 3816 ubi
859 3761 965 3815 ait:
1000 3758 1160 3814 Miser
1199 3775 1290 3831 ego
1331 3759 1501 3827 homo,
1532 3761 1643 3829 quis
1681 3776 1760 3813 me
1788 3759 2012 3814 liberabit
2037 3759 2101 3814 de

519 3871 729 3926 corpore
760 3854 934 3908 mortis
961 3852 1154 3924 hujus?
1183 3849 1361 3908 Gratia
1397 3851 1493 3906 Dei
1521 3870 1611 3923 per
1636 3851 1811 3907 Jesum
1847 3850 2102 3908 Christum

519 3946 797 4001 Dominum
819 3953 1064 3999 nostrum.
1084 3943 1205 4000 Non
1225 3944 1368 3999 enim
1391 3953 1504 4000 erat
1521 3959 1714 4014 corpus
1738 3943 1924 3999 mortis
1946 3943 2102 4014 hujus

519 4038 579 4095 in
606 4037 851 4110 paradiso
893 4047 1018 4094 ante
1062 4046 1371 4108 peccatum,
1402 4047 1622 4108 propter
1659 4037 1801 4108 quod
1837 4035 2098 4102 diximus,

528 4148 548 4182 ‹
576 4131 630 4185 in
665 4119 889 4200 corpore
924 4132 1047 4186 vitae
1076 4129 1249 4195 illius,
1283 4147 1302 4180 ι
1337 4145 1456 4198 quae
1492 4128 1564 4184 ibi
1605 4137 1753 4195 erat,
1791 4147 1812 4182 ί
1839 4129 1955 4185 sine
1999 4129 2102 4185 isto

523 4222 712 4278 morbo
741 4223 1145 4278 seminationem
1172 4220 1286 4276 fieri
1316 4219 1548 4290 potuisse
1573 4219 1821 4287 ﬁliorum,
1854 4220 1970 4276 sine
1998 4235 2104 4290 quo

523 4315 740 4370 nuncin
765 4328 990 4384 corpore
1009 4313 1196 4369 mortis
1215 4311 1374 4382 hujus
1400 4313 1514 4369 ﬁeri
1535 4327 1637 4368 non
1665 4321 1891 4383 potest.»
1916 4312 1985 4369 Ut
2007 4327 2101 4367 au-

524 4413 635 4461 tem
673 4403 741 4460 ad
783 4405 936 4461 istam
980 4404 1539 4460 commemorationem
1583 4403 1827 4459 humanae
1873 4404 2102 4460 miseriae

521 4503 580 4552 et
615 4495 808 4552 divinae
848 4497 1032 4567 gratiae
1060 4497 1264 4552 veniret
1302 4497 1616 4565 Apostolus,
1658 4511 1816 4567 supra
1855 4496 2098 4552 dixerat:

534 4587 694 4644 Video
722 4589 874 4642 aliam
903 4589 1060 4658 legem
1085 4589 1139 4642 in
1165 4587 1398 4642 membris
1426 4588 1577 4654 meis,
1606 4596 1968 4658 repugnantem
2005 4589 2104 4660 legi

525 4679 709 4734 mentis
733 4693 877 4742 mete,
904 4687 953 4732 et
981 4679 1316 4746 captivantem
1344 4693 1422 4730 me
1444 4677 1497 4730 in
1525 4677 1632 4748 lege
1655 4677 1867 4747 peccati,
1897 4694 2012 4749 quia
2031 4688 2104 4732 est

521 4773 581 4827 in
609 4771 842 4827 membris
868 4773 1010 4827 meis.
1056 4772 1183 4827 Post
1206 4771 1322 4826 haec
1361 4780 1536 4826 autem
1566 4770 1724 4826 verba
1749 4772 2100 4827 exclamavit:

527 4863 688 4920 Miser
711 4881 802 4934 ego
829 4864 998 4931 homo,
1022 4865 1131 4934 quis
1151 4880 1229 4918 me
1253 4863 1478 4919 liberabit
1504 4865 1566 4918 de
1584 4881 1791 4934 corpore
1813 4866 1986 4920 mortis
2011 4865 2106 4919 hu-

521 4957 648 5028 jus?
672 4954 848 5011 Gratia
877 4955 974 5010 Dei
1000 4972 1089 5026 per
1109 4955 1286 5010 Jesum
1306 4955 1560 5010 Christum
1587 4955 1861 5010 Dominum
1879 4965 2105 5011 nostrum

529 5049 708 5120 (Rom.
732 5064 826 5116 vn,
855 5047 1070 5120 23-25).
1113 5045 1170 5102 In
1216 5063 1440 5118 corpore
1487 5047 1643 5119 igitur
1688 5048 1873 5103 mortis
1915 5047 2102 5117 hujus,

529 5141 686 5213 quale
719 5141 772 5196 in
811 5141 1057 5211 paradiso
1084 5148 1208 5196 ante
1251 5149 1526 5210 peceatum
1567 5138 1692 5205 fuit,
1728 5138 1969 5210 profecto
1997 5154 2104 5194 non

527 5241 647 5288 erat
669 5229 770 5286 alia
796 5230 882 5286 lex
904 5231 954 5286 in
978 5230 1230 5286 membris
1248 5231 1447 5286 nostris
1466 5244 1766 5301 repugnans
1792 5230 1893 5298 legi
1913 5228 2106 5285 mentis

529 5333 728 5382 nostra:
755 5326 815 5379 ἐ
847 5325 968 5396 quia
1008 5333 1062 5380 ct
1087 5324 1298 5395 quando
1340 5324 1620 5392 nolumus,
1667 5332 1722 5380 et
1751 5323 1962 5394 quando
1996 5338 2104 5379 non

595 5525 613 5556 ι
648 5529 838 5583 tantas,
867 5522 967 5583 qui,
1545 5555 1550 5560 ο

595 5588 616 5618 ³
648 5537 1084 5647 ΐυξῗῖἒὲιῗέᾶτὶριί
1110 5590 1162 5633 et
1191 5583 1434 5647 editiones
1455 5555 1796 5647 Polemicorum
1817 5582 1926 5630 duae
1944 5615 1960 5642 ,
1985 5583 2108 5630 Pari-

531 5649 710 5697 siensis
728 5650 840 5696 anni
860 5647 997 5705 1644,
1018 5643 1075 5696 'et
1105 5646 1408 5695 Lovaniensis
1436 5646 1548 5693 anni
1572 5643 1710 5702 1647,
1733 5648 1842 5693 ante
1862 5650 2107 5706 peccatum

533 5722 625 5758 non
649 5707 764 5770 fuit,
787 5709 999 5771 profecto
1021 5721 1113 5758 non
1136 5713 1257 5764 erat,
1284 5715 1377 5771 etc.
1405 5713 1503 5771 Duo
1518 5718 1551 5771 _e
1577 5707 1809 5771 vaticanis
1847 5712 1979 5771 Mss,
2000 5712 2107 5756 ante

535 5765 1013 5832 peccatmit'nrofecto
1033 5783 1128 5819 non
1147 5775 1271 5832 erat,
1288 5767 1387 5817 alia
1409 5767 1489 5817 lea:
1510 5765 1561 5816 in
1589 5765 1813 5832 membris
1828 5766 2003 5832 nostris
2026 5781 2106 5816 re-

536 5829 718 5904 pugnat
745 5830 856 5904 legi,
884 5829 1107 5904 (ξω-ιβιδ
1127 5832 1230 5895 ipsa
1244 5829 1392 5882 lectio
1406 5837 1514 5880 erat
1536 5832 1586 5879 in
1623 5831 1743 5881 libro
1767 5831 1918 5895 primo
1938 5834 2108 5896 Operis

539 5894 826 5957 imperfecti,
850 5906 956 5956 cap.
975 5895 1057 5944 7t.

1315 410 1404 466 DE
1440 404 1707 464 NUPTllS
1745 402 1834 460 ET
1872 396 2472 468 CONCUPISCENTIA,
2512 399 2570 457 S.
2610 398 2983 459 AUGUSTINI

2193 518 2584 586 consentimus,
2627 533 2726 574 nec
2749 518 2800 575 ei
2827 519 3064 576 membra
3088 527 3269 576 nostra
3297 528 3355 576 ut
3379 519 3595 592 impleat
3620 522 3760 593 quod
3845 555 3858 563 -

3660 402 3767 462 “0

2189 609 2392 679 appetit
2415 609 2745 678 exhibemus,
2775 611 2976 667 habitat
3002 622 3178 668 tamen
3214 613 3267 668 in
3311 615 3419 680 eis,
3449 623 3505 670 et
3531 624 3762 672 mentem

2189 699 2528 756 resistentem
2548 712 3034 773 repugmnwmque
3050 703 3300 759 sollicitat
3322 722 3335 757 :
3361 713 3422 759 ut
3440 704 3555 775 ipse
3572 705 3763 762 conﬁi-

2189 799 2326 859 ctus,
2347 792 2555 847 etiamsi
2571 807 2676 848 non
2691 792 2760 848 sit
2773 792 3232 866 damnabilis,quia
3245 810 3349 850 non
3363 796 3568 867 perlicit
3583 796 3768 869 iniqui-

2190 889 2388 950 tatem;
2417 883 2488 939 sit
2516 892 2693 940 tamen
2723 885 3066 954 miserabilis,
3097 887 3220 955 quia
3243 904 3353 943 non
3376 887 3537 945 habet
3551 905 3761 960 pacem.

2189 972 2332 1028 Satis
2359 975 2516 1045 igitur
2538 975 2906 1032 admonuerim
2925 1018 2941 1046 ,
2972 977 3052 1033 sic
3079 977 3240 1034 istum
3279 980 3449 1035 verba
3475 996 3594 1037 mea
3622 983 3764 1038 velut

2189 1065 2479 1123 refellenda
2502 1068 2602 1124 sibi
2627 1083 2925 1139 proponere
2951 1069 3215 1138 voluisse,
3247 1079 3305 1126 ut
3342 1071 3536 1127 alicubi
3576 1072 3764 1129 mediis

2189 1157 2472 1224 detractis,
2502 1162 2796 1216 sententias
2820 1162 3264 1233 interrumperet;
3293 1163 3484 1219 alicubi
3511 1165 3768 1222 extremis

2188 1264 2297 1304 non
2323 1251 2516 1307 additis
2539 1253 2838 1318 decurtaret
2861 1271 2874 1309 :
2904 1262 2959 1310 et
2980 1269 3078 1310 cur
3094 1253 3197 1311 hoc
3215 1253 3419 1323 fecerit,
3442 1255 3766 1314 sufficienter

2189 1341 2534 1398 ostenderim.

2261 1433 2487 1492 CAPUT
2524 1435 2611 1491 ιιι.
2640 1467 2712 1477 -
2741 1437 2794 1490 7.
2830 1436 2982 1494 Nunc
3023 1437 3092 1494 ad
3127 1453 3188 1494 ea
3232 1454 3351 1509 qua:
3393 1439 3532 1496 sicut
3567 1440 3764 1509 voluit,

2189 1537 2373 1584 nostra
2401 1529 2697 1600 pr0posuit,
2723 1545 2843 1601 qua:
2877 1544 2971 1584 sna
2999 1531 3324 1601 opposuerit,
3352 1531 3642 1588 videamus.
3672 1532 3770 1588 Se-

2189 1627 2426 1691 quuntur
2452 1620 2592 1675 enim
2614 1619 2724 1690 jam
2751 1620 2911 1674 verba
2941 1620 3086 1690 ejus;
3115 1629 3171 1676 et
3198 1621 3331 1676 sicut
3357 1621 3458 1678 iste
3487 1621 3770 1677 insinuavit

2189 1711 2282 1781 qui
2313 1711 2406 1766 tibi
2429 1711 2725 1767 chartulam
2752 1712 2928 1778 misit,
2957 1711 3103 1782 prius
3130 1711 3326 1783 aliquid
3356 1711 3424 1768 de
3457 1711 3768 1783 pratfatione
3799 1747 3807 1754 -

2189 1805 2539 1875 conscripsit,
2567 1805 2751 1876 procul
2775 1805 2936 1861 dubio
2961 1805 3219 1861 librorum
3246 1805 3460 1860 illorum
3488 1806 3556 1860 de
3579 1806 3769 1876 quibus

2190 1911 2359 1967 pauca
2396 1895 2682 1966 decerpsit.
2725 1896 2781 1950 ld
2819 1907 2995 1952 autem
3041 1896 3112 1951 ita
3141 1912 3260 1953 sese
3296 1896 3494 1952 habet:
3532 1915 3551 1950 ι
3576 1897 3768 1953 Docto-

2192 2004 2302 2055 res,
2335 2007 2354 2042 ι
2389 1988 2586 2059 inquit,
2626 2007 2645 2042 ‹
2669 1990 2833 2044 nostri
2861 1990 3148 2060 temporis,
3179 1989 3343 2046 frater
3361 1990 3688 2056 beatissime,
3715 1999 3768 2046 et

2192 2078 2409 2133 nefariae
2435 2093 2553 2148 quae
2581 2077 2752 2134 adhuc
2777 2078 2944 2135 fervet
2967 2080 3242 2135 seditionis
3268 2091 3512 2136 auctores
3528 2122 3544 2148 ,
3574 2081 3643 2136 ad
3671 2081 3769 2136 ho-

2192 2168 2416 2236 minum,
2443 2184 2666 2240 quorum
2686 2171 2882 2226 sanctis
2921 2171 3109 2228 studiis
3148 2181 3390 2239 uruntur,
3417 2172 3766 2228 contumelias

2193 2269 2250 2317 ct
2291 2261 2510 2317 exitium
2548 2262 2898 2342 decreverunt
2943 2279 3038 2334 per
3063 2267 3273 2318 ruinam
3317 2265 3476 2319 totius
3517 2264 3770 2320 Ecclesia:

2192 2356 2505 2426 pervenire;
2537 2370 2640 2411 non
2669 2355 3025 2426 intelligentes
3053 2365 3307 2427 quantum
3337 2353 3420 2412 his
3446 2355 3770 2413 contulerint

2193 2445 2432 2515 honoris,
2452 2464 2680 2519 quorum
2696 2449 3043 2504 ostenderunt
3067 2449 3292 2520 gloriam
3321 2449 3421 2505 nisi
3443 2465 3562 2506 cum
3588 2450 3774 2507 catho-

2193 2541 2294 2597 lica
2332 2542 2584 2613 religione
2621 2558 2725 2598 non
2752 2543 2987 2613 potuisse
3012 2543 3257 2598 convelli.
3286 2542 3418 2598 Nam
3459 2543 3504 2598 si
3528 2543 3648 2614 quis
3673 2552 3775 2600 aut

2193 2633 2417 2689 liberum
2446 2633 2498 2688 in
2528 2631 2830 2689 hominibus
2858 2633 3156 2699 arbitrium,
3183 2643 3275 2688 aut
3302 2633 3467 2688 Deum
3493 2647 3616 2690 esse
3669 2648 3768 2688 na-

2199 2727 2460 2783 scentium
2483 2726 2812 2782 conditorem
2840 2724 3053 2792 dixerit,
3072 2725 3422 2781 Ctelestianus
3451 2733 3506 2779 et
3530 2723 3774 2795 Pelagia-

2199 2834 2301 2875 nus
2325 2826 2564 2874 vocatur.
2595 2816 2671 2872 Nc
2691 2816 2849 2886 igitur
2876 2825 3129 2872 vocentur
3153 2813 3385 2872 haeretici
3407 2857 3420 2881 ,
3450 2815 3582 2870 fiunt
3605 2815 3774 2870 Mani-

2194 2910 2363 2978 chaai;
2395 2919 2450 2966 et
2477 2910 2609 2964 dum
2637 2907 2825 2962 falsam
2848 2917 3099 2962 verentur
3126 2905 3428 2971 infamiam,
3459 2920 3646 2960 verum
3672 2905 3776 2960 cri-

2195 3017 2320 3056 men
2360 3000 2676 3055 incurrunt:
2707 2998 2872 3053 instar
2907 2997 3179 3062 ferarum,
3221 3012 3340 3066 qua:
3382 2994 3776 3051 circumdantur

2197 3094 2402 3166 pinnis,
2443 3102 2504 3149 ut
2533 3100 2792 3164 cogantur
2819 3093 2872 3146 in
2915 3091 3082 3158 retia;
3125 3089 3318 3162 quibus
3352 3089 3600 3161 quoniam
3628 3089 3776 3144 deest

2199 3189 2362 3255 ratio,
2408 3189 2460 3243 in
2489 3202 2674 3243 verum
2715 3186 2934 3242 exitium
2963 3199 3099 3240 vana
3137 3182 3422 3240 formidine
3448 3182 3776 3238 contrudun-

2199 3289 2336 3405 mrs.’
2365 3277 2480 3404 ﬁgi)
2500 3357 2581 3404 est
2606 3348 2678 3403 ita
2713 3357 2772 3402 ut
2801 3345 3036 3416 loqueris
3053 3388 3068 3414 ,
3095 3345 3415 3417 quicumque
3439 3343 3539 3400 ista
3562 3342 3775 3410 dixisti;

2199 3457 2308 3499 non
2361 3450 2444 3497 est
2479 3441 2553 3495 ita
2583 3458 2598 3495 :
2624 3439 2849 3495 multum
2878 3437 3096 3502 falleris,
3123 3437 3210 3492 vel
3249 3436 3434 3492 fallere
3465 3435 3778 3492 meditaris:

2200 3549 2308 3590 non
2351 3532 2576 3588 liberum
2607 3545 2863 3602 negamus
2889 3529 3202 3595 arbitrium;
3232 3527 3328 3584 sed
3349 3569 3366 3596 ,
3399 3528 3459 3584 Si
3491 3544 3576 3582 vos
3612 3527 3783 3583 Filius

2201 3625 2499 3691 liberaverit,
2528 3623 2602 3678 ait
2630 3621 2854 3685 Veritas,
2878 3631 2996 3675 tunc
3022 3636 3130 3675 vere
3151 3619 3295 3675 liberi
3308 3620 3446 3675 eritis
3471 3618 3651 3691 (Joan.
3669 3635 3781 3686 vni,

2204 3715 2319 3788 '56).
2353 3716 2504 3771 Hunc
2542 3730 2638 3771 vos
2667 3712 2914 3768 invidetis
2943 3711 3277 3768 liberatorem
3297 3751 3312 3778 ,
3341 3709 3530 3781 quibus
3557 3710 3783 3781 captivis

2201 3823 2395 3864 vanam
2423 3807 2654 3863 tribuitis
2695 3805 3014 3862 libertatem.
3054 3804 3099 3856 A
3135 3820 3233 3874 quo
3258 3804 3390 3857 enim
3410 3803 3521 3874 quis
3560 3803 3784 3858 devictus

2203 3911 2299 3967 est,
2341 3900 2480 3954 sicut
2505 3898 2633 3954 dicit
2665 3897 2960 3967 Scriptura,
2997 3895 3113 3950 huic
3135 3911 3308 3950 servus
3335 3894 3566 3948 addictus
3589 3903 3669 3950 est
3693 3893 3713 3966 (
3742 3893 3784 3949 ll

2206 3990 2349 4046 Petr.
2377 4007 2435 4057 ιι,
2470 3990 2597 4061 19);
2627 4003 2726 4044 nee
2745 3989 3021 4058 quisquam
3047 3985 3150 4041 nisi
3175 4001 3270 4056 per
3292 3985 3512 4058 gratiam
3533 3984 3786 4043 liberato-

2203 4083 2280 4138 ris
2309 4083 2412 4138 isto
2443 4081 2666 4136 solvitur
2701 4079 2916 4134 vinculo
2949 4077 3237 4144 servitutis,
3266 4093 3296 4132 a
3325 4093 3430 4149 quo
3456 4079 3472 4109 ί
3493 4088 3576 4132 est
3607 4078 3783 4134 homi-

2205 4190 2332 4231 num
2358 4175 2534 4230 nullus
2563 4173 2834 4228 immunis.
2863 4170 2968 4226 Per
2992 4189 3149 4226 unum
3167 4171 3362 4242 quippe
3386 4172 3644 4227 hominem
3665 4189 3783 4243 pee-

2206 4279 2373 4326 eatum
2391 4268 2593 4324 intravit
2620 4268 2674 4321 in
2693 4266 2956 4330 mundum,
2980 4275 3030 4320 et
3053 4283 3142 4336 per
3165 4275 3425 4336 peccatum
3449 4281 3583 4319 mors
3602 4282 3627 4330 ;
3648 4275 3696 4320 et
3715 4266 3788 4320 ita

2183 4363 2259 4416 ‘in
2279 4377 2449 4415 omnes
2477 4359 2702 4413 homines
2732 4357 3034 4427 pertransiit,
3053 4356 3107 4410 in
3132 4372 3231 4427 quo
3255 4373 3426 4411 omnes
3455 4364 3787 4428 peccauerunt

2207 4451 2382 4526 (Rom.
2408 4466 2464 4518 v,
2496 4449 2609 4521 12).
2635 4450 2722 4506 Sic
2743 4458 2828 4506 est
2853 4463 2982 4520 ergo
3009 4449 3150 4504 Deus
3169 4449 3498 4504 nascentium
3517 4449 3786 4518 conditor,

2205 4551 2265 4598 ut
2289 4557 2478 4598 omnes
2524 4556 2590 4596 ex
2639 4556 2743 4595 uno
2769 4548 2893 4595 eant
2931 4539 2986 4595 in
3013 4538 3530 4606 condemnationem,
3555 4555 3786 4610 quorum

2207 4649 2313 4690 non
2339 4634 2499 4689 fuerit
2525 4631 2914 4688 renascentium
2945 4630 3214 4686 liberator.
3239 4630 3355 4701 Ipse
3387 4631 3582 4702 quippe
3612 4632 3788 4689 dictus

2207 4735 2291 4783 est
2315 4724 2525 4797 ﬁgulus,
2553 4740 2619 4780 ex
2645 4723 2832 4779 eadem
2873 4737 3046 4778 massa
3084 4721 3284 4779 faciens
3313 4723 3453 4778 aliud
3481 4738 3573 4778 vas
3602 4725 3659 4780 in
3688 4724 3787 4779 ho-
3831 4783 3854 4803 .

2208 4831 2391 4872 norem
2409 4814 2697 4872 secundum
2715 4813 3154 4892 misericordiam,
3176 4813 3318 4869 aliud
3336 4813 3388 4868 in
3408 4816 3786 4872 contumeliam

2208 4908 2498 4966 secundum
2519 4907 2774 4978 judicium
2802 4905 2911 4978 (Id.
2944 4922 3019 4972 1x,
3044 4905 3136 4978 21)
3163 4924 3176 4961 :
3203 4906 3287 4960 cui
3313 4916 3495 4962 cantat
3520 4907 3785 4975 Ecclesia,

2211 4997 2610 5055 Misericordiam
2633 5008 2680 5052 et
2694 4997 2949 5068 judicium
2972 4997 3139 5069 (Psal.
3158 5012 3211 5063 c,
3241 4998 3316 5068 1).
3339 4997 3454 5053 Non
3475 4999 3660 5070 itaque
3684 4999 3791 5055 sic-

2209 5103 2270 5148 ut
2318 5101 2368 5148 te
2401 5101 2558 5160 atque
2592 5091 2724 5145 alios
2752 5089 2943 5145 fallens
2970 5090 3224 5160 loqueris,
3261 5108 3280 5142 ‹
3315 5091 3371 5146 Si
3394 5092 3514 5161 quis
3542 5102 3637 5148 aut
3656 5094 3791 5151 libe-

2215 5203 2235 5237 ι
2268 5199 2384 5239 rum
2401 5182 2458 5236 in
2477 5181 2777 5237 hominibus
2795 5181 3092 5249 arbitrium,
3117 5190 3207 5236 aut
3236 5182 3402 5238 Deum
3427 5197 3546 5238 esse
3558 5198 3791 5241 nascen-

2217 5296 2237 5331 ι
2275 5277 2407 5332 tium
2427 5274 2754 5331 conditorem
2775 5274 2985 5339 dixerit,
3010 5273 3365 5331 Caelestianus
3394 5284 3448 5329 et
3469 5275 3792 5346 Pelagianus

2171 5407 2174 5410 ~
2216 5389 2236 5423 ι
2271 5379 2491 5426 vocatur
2520 5386 2534 5422 :
2575 5386 2594 5421 ι
2631 5369 2729 5424 ista
2753 5367 2948 5438 quippe
2971 5367 3230 5422 catholica
3259 5366 3393 5423 ﬁdes
3418 5366 3565 5422 dicit.
3593 5366 3705 5425 Sed
3745 5370 3792 5424 si

2164 5462 2167 5466 ’
2210 5463 2328 5533 quis
2355 5461 2422 5515 ad
2450 5460 2730 5516 colendum
2777 5468 2922 5513 recte
2960 5459 3123 5513 Deum
3146 5499 3161 5524 ,
3189 5459 3304 5514 sine
3332 5459 3495 5529 ipsius
3524 5459 3793 5546 adjutorio

2210 5558 2338 5614 dicit
2355 5571 2476 5612 esse
2496 5555 2548 5609 in
2566 5553 2866 5609 hominibus
2885 5553 3111 5609 liberum
3131 5553 3435 5618 arbitrium;
3467 5562 3522 5608 et
3543 5553 3792 5625 quisquis

2211 5653 2282 5707 ita
2307 5649 2437 5704 dicit
2457 5649 2622 5703 Deum
2652 5647 2973 5701 nascentium
2991 5645 3340 5712 conditorem,
3363 5655 3420 5700 ut
3443 5645 3793 5715 parvulorum

2276 5830 2293 5860 ι
2328 5828 2400 5875 sic
2422 5834 2542 5885 Am.,
2567 5831 2641 5874 Er.
2662 5830 2714 5875 et
2730 5833 2834 5875 mss.
2862 5833 2916 5877 At
2935 5827 3232 5886 posteriores
3247 5826 3502 5884 editiones,
3529 5837 3561 5873 a
3575 5836 3695 5885 qua.

2274 5890 2346 5952 (τι)
2379 5889 2495 5945 Vide
2510 5886 2630 5942 inira
2651 5895 2778 5952 Opus
2798 5885 3150 5957 tmpcn‘fectum,
3181 5885 3267 5938 lib.
3294 5890 3339 5951 l,
3367 5899 3471 5950 cap.
3497 5887 3539 5939 3.
