4012 6476
236 448 333 506 ω

239 565 387 631 neget
410 571 441 612 a
465 564 739 628 potestate
763 556 957 614 diaboli
975 557 1366 628 redemptorem
1386 597 1401 626 ,
1432 557 1546 629 ipse
1574 557 1815 628 Pelagia-

240 666 334 707 nus
355 659 410 706 et
434 649 799 707 Caelestianus
823 659 1062 706 vocatur.
1092 649 1339 706 Liberum
1370 650 1545 721 itaque
1565 651 1620 705 in
1647 650 1820 706 homi-

239 742 388 796 nibus
410 755 536 797 esse
558 740 863 806 arbitrium,
885 749 942 796 et
961 740 1127 797 Deum
1148 755 1270 797 esse
1292 741 1619 796 nascentium
1644 742 1820 798 condi-

240 846 424 900 torem,
458 833 679 904 utrique
705 831 962 900 dicimus;
990 848 1096 889 non
1123 833 1249 889 hinc
1277 835 1404 889 estis
1433 833 1739 892 Caelestiani
1767 844 1823 891 et

240 928 505 1000 Pelagiani
540 943 555 980 :
586 926 817 983 liberum
845 935 1024 983 autem
1049 942 1171 984 esse
1199 943 1518 1000 quemquam
1559 928 1627 985 ad
1663 944 1824 1000 agen-

241 1022 360 1078 dum
384 1021 592 1077 bonum
619 1021 737 1076 sine
761 1021 1029 1092 adiutorio
1059 1021 1184 1088 Dei,
1211 1029 1265 1078 et
1293 1037 1398 1078 non
1429 1022 1544 1077 erui
1572 1023 1823 1092 parvulos

241 1128 270 1168 a
297 1120 559 1184 potestate
586 1112 948 1179 tenebrarum,
975 1121 1032 1170 et
1071 1114 1150 1169 sic
1193 1115 1467 1170 transferri
1509 1115 1564 1170 in
1599 1129 1821 1184 regnum

245 1205 332 1262 Dei
357 1203 586 1276 (Coloss.
610 1221 648 1268 1,
683 1204 804 1279 i3),
830 1206 932 1261 hoc
956 1220 1052 1261 vos
1085 1205 1297 1271 dicitis;
1327 1205 1450 1261 hinc
1481 1207 1612 1263 estis
1643 1203 1822 1264 Cale-

243 1297 392 1353 niani
419 1305 479 1352 et
506 1296 798 1368 Pelagiani.
835 1297 972 1364 Quid
999 1297 1244 1354 obtendis
1266 1299 1334 1354 ad
1360 1299 1646 1355 fallendum
1675 1313 1824 1356 com-

244 1389 412 1444 munis
435 1389 708 1461 dogmatis
738 1399 970 1461 tegmen,
993 1399 1050 1445 ut
1075 1391 1285 1461 operias
1300 1392 1571 1462 preprium
1594 1392 1820 1458 crimen,

244 1481 378 1536 unde
402 1481 560 1537 vobis
586 1480 817 1536 inditum
848 1489 932 1537 est
967 1495 1193 1549 nomen;
1236 1490 1396 1554 atque
1417 1490 1478 1538 ut
1505 1481 1712 1538 nefario
1734 1497 1824 1540 vo-

244 1573 428 1632 mbulo
455 1583 663 1630 terreas
699 1574 995 1645 imperitos,
1025 1573 1158 1631 dicis
1178 1614 1194 1642 ,
1227 1592 1247 1627 ι
1273 1573 1350 1631 Ne
1373 1574 1535 1646 igitur
1569 1582 1824 1631 vocentur

247 1665 496 1731 haeretici,
526 1667 663 1720 iiunt
679 1665 995 1723 Manichaei‘i
1021 1685 1042 1720 ι

308 1757 360 1813 9.
401 1757 547 1812 Audi
578 1773 708 1827 ergo
732 1757 987 1825 breviter,
1016 1759 1144 1828 quid
1179 1759 1232 1814 in
1260 1759 1360 1814 ista
1385 1759 1678 1830 quaestione
1705 1775 1825 1816 ver-

250 1856 409 1902 setur.
437 1847 700 1903 Catholici
735 1847 918 1903 dicunt
951 1848 1233 1903 humanam
1255 1858 1496 1904 naturam
1525 1865 1556 1904 a
1582 1858 1826 1907 creatore

249 1935 348 1993 Deo
367 1938 515 1994 bono
542 1935 810 1993 conditam
835 1939 1053 2008 bonam,
1094 1940 1186 1996 sed
1216 1949 1434 2011 peccato
1456 1942 1687 1997 vitiatam
1708 1959 1824 2000 me-

249 2025 358 2086 dico
404 2030 626 2085 Christo
679 2030 936 2102 indigere.
985 2031 1258 2086 Manichaai
1310 2031 1494 2087 dicunt
1538 2032 1825 2089 humanam

249 2130 508 2187 naturam,
533 2136 639 2175 non
670 2137 702 2176 a
727 2122 838 2177 Deo
876 2121 1146 2178 conditam
1176 2122 1375 2178 bonam
1402 2133 1726 2196 peccatoque
1747 2125 1827 2179 vi-

249 2212 442 2282 tiatam,
480 2211 578 2266 sed
623 2211 693 2266 ab
740 2220 1059 2266 mternarum
1107 2212 1345 2285 principe
1379 2214 1714 2270 tenebrarum
1759 2215 1826 2272 dc

249 2302 626 2357 commixtione
661 2301 887 2357 duarum
931 2313 1268 2372 naturarum,
1302 2321 1420 2376 qua:
1463 2320 1680 2376 semper
1706 2307 1827 2363 fue-

250 2402 382 2459 runt,
409 2407 517 2446 una
549 2392 688 2447 bona
719 2403 773 2448 et
807 2408 908 2448 una
943 2394 1103 2460 mala,
1128 2394 1397 2452 hominem
1436 2409 1690 2454 creatum.
1721 2399 1825 2456 Pe-

251 2485 434 2556 [agiani
459 2495 517 2540 et
534 2484 841 2540 C(elestiani
864 2486 1046 2542 dicunt
1071 2486 1355 2543 humanam
1377 2499 1618 2545 naturam
1633 2506 1664 2544 a
1685 2490 1827 2546 bono

252 2575 351 2630 Deo
400 2575 674 2630 conditam
725 2575 939 2645 bonam,
989 2577 1084 2634 sed
1137 2579 1209 2633 ita
1250 2594 1369 2636 esse
1406 2580 1461 2634 in
1488 2583 1827 2638 nascentibus

249 2666 477 2737 parvulis
496 2681 705 2732 sanam,
735 2675 792 2721 ut
831 2667 1026 2724 Christi
1057 2685 1162 2725 non
1208 2670 1438 2727 habeant
1472 2674 1827 2731 necessariam

249 2753 297 2812 in
330 2759 416 2813 illa
459 2767 624 2814 aetate
668 2757 1009 2814 medicinam.
1041 2763 1285 2832 Agnosce
1316 2762 1476 2834 igitur
1511 2764 1562 2818 in
1608 2775 1699 2820 tuo
1731 2765 1828 2820 do-

249 2858 422 2919 gmate
440 2866 643 2905 nomen
664 2843 835 2919 tuum,
861 2862 916 2908 et
933 2851 1222 2909 Catholicis
1249 2869 1280 2908 a
1305 2855 1497 2925 quibus
1512 2857 1825 2927 confutaris,

249 2941 426 2997 desine
453 2941 692 3012 objicere
720 2952 774 2998 ct
801 2943 989 3015 dogma
1009 2954 1064 3000 et
1083 2960 1276 3002 nomen
1291 2946 1540 3004 alienum.
1561 2949 1694 3004 Nam
1726 2949 1830 3006 Ve-

249 3032 371 3088 ritas
397 3043 660 3104 utrosque
689 3033 987 3105 redarguit;
1011 3046 1066 3091 et
1084 3037 1420 3107 Manichznos,
1442 3048 1496 3094 et
1519 3056 1633 3097 vos.
1663 3042 1832 3097 Mani-

247 3131 409 3186 chais
432 3131 579 3186 enim
617 3131 781 3186 dicit:
814 3131 935 3187 Non
960 3133 1146 3205 legistis
1183 3136 1302 3205 quia
1330 3137 1418 3206 qui
1445 3138 1508 3190 ab
1533 3138 1676 3192 initio
1713 3139 1832 3208 fecit

251 3223 520 3290 hominem,
548 3223 828 3277 masculum
848 3233 894 3278 et
913 3227 1151 3295 feminam
1175 3226 1292 3296 fecit
1307 3244 1388 3282 eos
1405 3227 1432 3282 .’
1449 3237 1496 3282 et
1517 3229 1664 3293 dixit,
1701 3228 1832 3285 Pro-

252 3325 354 3386 pter
375 3317 472 3371 hoc
499 3316 744 3388 relinquet
768 3317 916 3370 homo
946 3327 1140 3385 patrem
1164 3328 1210 3372 et
1236 3329 1464 3386 matrem,
1483 3329 1529 3374 et
1556 3322 1832 3378 adliwrebit

252 3409 399 3462 ueri
423 3423 567 3472 sua;
601 3417 648 3462 et
671 3417 820 3462 erunt
845 3409 945 3462 duo
964 3409 1018 3463 in
1055 3425 1206 3464 carne
1231 3427 1335 3464 una
1359 3427 1380 3465 :
1405 3413 1572 3484 itaque
1595 3412 1711 3483 jam
1731 3431 1834 3470 non

253 3509 363 3554 sunt
407 3500 535 3564 duo,
579 3499 668 3554 sed
693 3517 797 3554 una
843 3515 982 3554 caro.
1012 3500 1162 3568 Quod
1204 3519 1322 3576 ergo
1367 3502 1503 3559 Deus
1548 3506 1832 3577 conjunxit,

256 3592 402 3645 homo
417 3608 522 3644 non
549 3601 746 3661 separet
768 3590 980 3664 (Matth.
1005 3608 1121 3660 xix,
1144 3593 1286 3664 4-6).
1301 3595 1374 3648 ita
1387 3595 1581 3666 quippe
1602 3597 1835 3653 ostendit

258 3691 310 3738 et
336 3681 620 3737 hominum
658 3682 1009 3752 conditorem,
1054 3693 1109 3738 et
1147 3685 1430 3756 conjugum
1473 3687 1834 3758 copulatorem

259 3777 446 3844 Deum,
473 3776 733 3831 adversus
751 3775 1090 3844 Manichmos,
1119 3778 1208 3848 qui
1236 3788 1517 3850 utrumque
1543 3780 1731 3836 horum
1750 3796 1838 3838 ne-

260 3877 401 3940 gant.
432 3867 601 3924 Vobis
639 3878 819 3924 autem
861 3869 1028 3924 dicit:
1071 3868 1216 3924 Venit
1245 3869 1412 3927 Filius
1452 3873 1666 3930 hominis
1693 3892 1835 3945 qua:-

262 3977 364 4016 rere
387 3972 432 4016 et
455 3962 654 4017 salvere
680 3962 815 4029 quod
843 3961 1096 4035 perierat(
1122 3961 1246 4017 Luc.
1278 3979 1394 4032 xix,
1423 3965 1488 4021 i0
1509 3964 1551 4038 ).
1583 3965 1689 4022 Sed
1717 3983 1833 4038 vos,

265 4053 454 4124 egregii
483 4051 778 4119 christiani,
824 4053 1142 4122 reapondete
1181 4054 1395 4110 Christo
1421 4074 1435 4110 :
1459 4056 1513 4111 Si
1544 4057 1683 4128 quod
1705 4074 1831 4130 per-

267 4143 394 4199 ierat
427 4159 670 4214 quazrerc
697 4152 752 4198 et
791 4143 994 4199 salvare
1021 4146 1231 4213 venisti,
1250 4146 1316 4200 ad
1343 4147 1590 4216 parvulos
1612 4165 1718 4205 non
1745 4167 1835 4208 vc-

269 4236 411 4302 uisti;
439 4237 525 4292 isti
550 4251 652 4291 nec
679 4236 976 4306 perierant,
1006 4245 1062 4293 et
1097 4239 1228 4293 salvi
1269 4241 1377 4294 nati
1406 4248 1533 4295 sunt
1563 4258 1576 4294 :
1606 4243 1738 4299 vade
1763 4245 1831 4300 ad

289 4329 520 4398 uajores,
547 4327 616 4382 de
652 4328 830 4382 verbis
872 4328 976 4383 tuis
1007 4329 1100 4383 tibi
1140 4330 1575 4400 praescribimus:
1606 4331 1726 4388 Non
1767 4346 1838 4392 est

287 4435 390 4487 »ραι
407 4418 545 4472 sanis
560 4418 804 4486 medicus,
835 4419 924 4472 sed
941 4421 1073 4473 male
1086 4419 1374 4475 habentibus
1399 4421 1609 4493 (Matth.
1631 4441 1704 4493 ix,
1726 4425 1834 4502 i2).

295 4518 340 4563 ta
366 4509 422 4563 fit
445 4517 503 4563 ut
526 4508 847 4564 Manichzeus
873 4510 962 4580 qui
989 4509 1189 4566 homini
1205 4512 1542 4569 commixtam
1574 4515 1700 4572 dicit
1722 4533 1842 4574 esse

292 4608 505 4655 naturam
537 4600 754 4667 malam,
786 4600 916 4656 velit
952 4599 1076 4656 inde
1112 4601 1300 4658 saltem
1329 4604 1522 4660 salvari
1564 4621 1596 4662 a
1629 4606 1841 4665 Christo

293 4692 494 4746 :nimam
521 4691 716 4746 bonam
748 4708 763 4746 :
796 4700 851 4746 tu
881 4707 1006 4748 vero
1037 4693 1088 4747 in
1118 4695 1368 4764 parvulis,
1407 4711 1528 4752 cum
1568 4699 1698 4756 salvi
1737 4701 1844 4757 sint

298 4797 489 4854 ,orpore
512 4785 528 4815 ⁸
547 4825 562 4849 ,
595 4782 725 4838 nihil
746 4798 777 4838 a
805 4783 1021 4841 Christo
1058 4785 1368 4842 salvandum
1396 4804 1516 4845 esse
1540 4793 1838 4850 contendis.

297 4889 345 4930 ιο
375 4892 468 4946 per
489 4875 590 4931 hoc
609 4875 930 4931 Manichacus
949 4877 1162 4948 quidem
1187 4887 1428 4933 naturam
1446 4879 1726 4938 humanam
1749 4885 1845 4941 dc-

301 4967 584 5022 estahiliter
613 4967 910 5038 vituperat;
951 4967 1046 5023 sed
1078 4977 1131 5023 tu
1159 4969 1444 5026 crudeliter
1483 4972 1688 5029 laudas.
1716 4977 1844 5042 Qui-

293 5074 494 5129 :umque
513 5059 656 5114 enim
689 5059 781 5114 tibi
816 5059 1141 5114 crediderint
1169 5060 1450 5130 laudatori,
1473 5062 1702 5121 infantes
1719 5082 1845 5124 suos

299 5165 376 5206 non
414 5151 670 5207 offerrent
714 5150 996 5206 Salvatori.
1040 5150 1174 5207 Tam
1219 5139 1524 5208 scelerata"
1550 5157 1840 5226 sentienti,

297 5241 399 5310 [uid
423 5231 518 5297 tibi
543 5241 764 5312 prodest
790 5257 896 5297 non
923 5251 1161 5298 metuere
1187 5243 1326 5314 quod
1353 5244 1444 5299 tibi
1470 5245 1528 5301 lit
1553 5258 1612 5302 ut
1628 5249 1847 5307 salubri-

281 5343 357 5390 ter
375 5347 600 5404 metuas,
623 5345 680 5392 et
703 5345 754 5391 te
775 5335 1045 5392 hominem
1074 5335 1199 5391 facit
1236 5351 1354 5392 esse
1371 5337 1393 5369 ³
1413 5379 1428 5404 ,
1467 5354 1571 5394 non
1597 5340 1838 5412 bestiam,

335 5473 350 5503 ι
375 5471 545 5535 Abest,
574 5484 775 5535 corpore
786 5471 860 5535 ab
876 5471 1100 5535 omnibus
1124 5481 1274 5535 prope
1297 5477 1403 5520 uss.
1428 5473 1518 5522 Sed
1552 5483 1632 5525 est
1653 5477 1701 5525 in
1723 5476 1847 5528 libro

301 5534 417 5582 crtio
435 5535 605 5597 Operis
621 5530 893 5596 Imperfecti
911 5539 1076 5597 contra
1098 5530 1350 5594 lulianum,
1376 5547 1480 5597 cap.
1505 5537 1609 5586 1⁸57.

335 5597 356 5628 ³
389 5593 709 5657 Beriignianus
728 5601 834 5654 Its.,
853 5593 1098 5645 scelerate.

342 5657 366 5726 ξ
386 5656 1163 5726 anet‘wv.cum-posterioribus
1186 5656 1494 5726 editionibus,
1512 5674 1610 5726 non
1620 5668 1844 5726 metuere.

296 5717 400 5784 min
421 5717 504 5767 tibi
523 5716 596 5784 ﬁt,
621 5724 672 5768 ut
687 5716 1168 5784 salubritermetuas,
1187 5725 1238 5784 et
1261 5727 1306 5768 te
1328 5716 1563 5774 hominem
1584 5723 1704 5784 facis
1725 5738 1842 5774 esse.

305 5781 441 5828 selius
461 5782 829 5849 Cygirannensis
871 5781 1024 5849 quies
1043 5820 1055 5838 ,
1099 5783 1213 5844 facit
1249 5797 1351 5836 esse
1377 5799 1393 5835 :
1417 5799 1525 5834 cum
1559 5781 1654 5849 quo
1681 5789 1847 5849 eti-teri

302 5855 381 5889 νει-υ
404 5855 572 5912 omnes
591 5844 905 5912 inauusa'ipti
938 5845 1143 5904 habent,
1171 5858 1262 5895 non
1290 5856 1499 5912 metuere
1521 5844 1646 5911 (μῐοιι
1669 5848 1755 5899 tibi
1774 5849 1845 5911 Iit,

299 5916 444 5955 anas
477 5904 730 5968 videlicet,
767 5917 859 5957 seu
885 5905 1030 5971 leges
1048 5915 1214 5960 contra
1260 5904 1545 5974 Pelagianos
1585 5904 1844 5964 haereticos

1587 440 1793 499 LIBER
1825 439 2204 502 SECUNDUS.

3393 449 3505 508 “2

1925 573 2046 630 quae
2089 557 2446 617 circumdatur
2481 562 2692 632 pinnis,
2721 571 2784 620 ut
2803 570 3025 636 cogatur
3051 561 3108 621 in
3146 563 3322 621 retia?
3353 564 3502 638 Opus

1925 662 2042 710 erat
2077 662 2138 711 ut
2179 656 2453 712 veritatem
2483 666 2724 725 teneres,
2755 658 2979 734 ejusque
3009 659 3188 717 studio
3210 675 3318 716 non
3345 661 3503 718 time-

1925 761 2014 803 res
2043 763 2056 800 :
2087 761 2229 803 nunc
2247 762 2376 806 vero
2399 749 2473 805 ita
2488 765 2595 808 non
2615 751 2789 818 times,
2819 759 2877 808 ut
2897 753 2943 808 si
2971 754 3211 821 timeres,
3243 753 3503 812 evaderes

1925 836 2101 906 potius
2140 838 2274 893 retia
2311 839 2529 911 maligni
2561 840 2612 908 ³,
2646 856 2806 913 quam
2852 844 3170 900 incurreres.
3203 844 3372 901 Mater
3397 845 3502 900 Ca-

1927 925 2122 985 tholica
2145 937 2195 984 te
2225 929 2346 986 ideo
2371 939 2570 997 terret,
2599 933 2722 1001 quia
2749 941 2802 989 et
2827 933 2923 989 tibi
2946 942 3001 989 et
3021 935 3141 990 aliis
3163 950 3195 990 a
3220 943 3274 991 te
3300 936 3449 992 timet
3481 953 3497 990 :

1925 1028 1981 1076 et
2005 1020 2049 1075 si
2077 1035 2173 1090 per
2198 1021 2336 1078 filios
2360 1037 2487 1078 suos
2514 1026 2568 1079 in
2597 1024 2770 1096 aliqua
2797 1033 3060 1098 potestate
3087 1028 3290 1098 positos
3311 1029 3418 1099 agit
3437 1036 3501 1086 ut

1926 1113 2137 1182 timeas,
2169 1130 2274 1170 non
2297 1115 2351 1170 id
2377 1117 2483 1187 agit
2505 1117 2842 1185 crudelitate,
2879 1117 2975 1174 sed
2999 1117 3276 1175 charitate.
3297 1119 3377 1175 Tu
3400 1134 3500 1175 au-

1926 1211 2032 1258 tem
2061 1204 2148 1258 vir
2171 1204 2491 1262 fortissimus
2517 1207 2710 1264 timere
2737 1208 2981 1266 homines
2999 1251 3016 1276 ,
3057 1207 3302 1280 ignavum
3326 1218 3499 1280 putas.

1926 1293 2095 1351 Deum
2120 1311 2248 1367 ergo
2277 1298 2426 1366 time,
2456 1307 2512 1355 et
2537 1299 2646 1355 noli
2689 1302 2905 1370 antiqua
2933 1299 3056 1356 ﬁdei
3085 1299 3359 1356 catholicae
3385 1299 3505 1355 fun-

1924 1385 2173 1444 damenta
2199 1391 2379 1445 conari
2411 1400 2554 1447 tanta
2579 1393 2940 1450 obstinatione
2967 1392 3296 1449 subvertere.
3325 1393 3504 1462 Quan-

1925 1491 2084 1548 quam
2125 1477 2228 1535 iste
2263 1489 2384 1536 tuus
2422 1481 2632 1538 animus
2663 1482 2970 1550 animosus,
3003 1484 3203 1539 utinam
3233 1483 3422 1540 saltem
3447 1484 3503 1540 in

1925 1565 2027 1622 hac
2051 1581 2208 1624 causa
2230 1567 2476 1627 homines
2501 1571 2753 1628 timeret:
2785 1571 3010 1638 utinam,
3040 1572 3280 1645 inquam,
3310 1573 3503 1631 saltem

1925 1667 2141 1728 paveret
2166 1659 2370 1730 ignavia
2393 1662 2448 1729 ⁸,
2477 1676 2636 1732 quam
2662 1663 2858 1732 periret
2879 1663 3119 1720 audacia.
3151 1699 3154 1703 ι

1995 1748 2223 1807 CAPUT
2249 1750 2338 1804 iV.
2367 1779 2438 1793 -
2464 1752 2551 1808 i0.
2584 1751 2870 1808 Videamus
2903 1761 2961 1810 et
2994 1765 3188 1811 caetera
3224 1769 3343 1825 qua:
3369 1769 3501 1812 con-

1927 1841 2110 1897 nectit.
2140 1842 2247 1898 Sed
2275 1843 2402 1913 qnid
2438 1842 2665 1900 faciam?
2705 1855 2882 1902 utrum
2920 1848 3124 1918 singula
3155 1847 3274 1918 ejus
3305 1862 3504 1919 propo-

1927 1947 2082 2000 nam,
2114 1933 2307 2003 quibus
2343 1935 2730 2006 respondeam;
2768 1953 2836 1993 an
2861 1938 2942 1996 eis
2970 1939 3346 2010 praetenuissis
3385 1954 3505 2010 qua:

1927 2022 2184 2079 catholica
2215 2025 2348 2081 iides
2395 2027 2668 2095 continet,
2709 2043 2776 2084 ea
2816 2029 2933 2085 sola
2985 2037 3303 2100 pertractem
3345 2039 3506 2102 atque

1927 2115 2220 2185 confutem,
2251 2117 2305 2173 in
2327 2119 2519 2190 quibus
2542 2135 2574 2174 a
2604 2121 2814 2178 tramite
2855 2122 3097 2179 veritatis
3125 2121 3417 2191 exorbitat,
3453 2132 3508 2180 et

1929 2205 2174 2264 hmresim
2222 2209 2581 2282 Pelagianam,
2637 2222 2884 2284 tanquam
2932 2228 3200 2271 venenosa
3244 2214 3504 2286 virgulta,

1928 2297 2206 2356 fruticibus
2244 2301 2519 2358 catholicis
2551 2311 2777 2359 conatur
2823 2303 3099 2360 inserere?
3142 2302 3256 2360 Hoc
3290 2303 3507 2375 quidem

1929 2402 2077 2450 certe
2122 2393 2339 2449 brevius
2373 2404 2458 2451 est
2489 2412 2504 2449 :
2532 2393 2627 2452 sed
2663 2396 3092 2466 prospiciendum
3140 2396 3392 2465 arbitror,
3438 2412 3509 2454 ne

1929 2489 2210 2557 quisquam
2239 2487 2376 2542 libro
2405 2503 2526 2544 meo
2554 2489 2715 2557 lecto,
2741 2498 2796 2545 et
2813 2505 2921 2544 non
2951 2489 3105 2545 lectis
3123 2489 3368 2547 omnibus
3388 2506 3508 2562 qua:

1929 2578 1998 2633 ab
2023 2579 2112 2632 illo
2139 2578 2279 2634 dicta
2300 2587 2445 2646 sunt,
2464 2579 2734 2636 existimet
2751 2595 2814 2635 ea
2835 2595 2919 2635 me
2934 2595 3234 2651 proponere
3248 2581 3506 2648 noluisse,

1930 2683 1996 2725 ex
2027 2669 2220 2740 quibus
2247 2670 2346 2725 ista
2376 2670 2492 2741 ejus
2518 2670 2770 2740 pendent,
2796 2678 2852 2726 et
2873 2685 2939 2727 ex
2963 2671 3155 2742 quibus
3179 2670 3332 2742 quasi
3365 2685 3502 2726 con-

1929 2770 2215 2831 sequenter
2237 2776 2362 2816 vera
2386 2775 2506 2817 esse
2525 2769 2904 2829 monstrantur,
2933 2777 3050 2832 qua:
3070 2761 3199 2817 falsa
3224 2761 3508 2832 redarguo.

1929 2851 2045 2908 Non
2067 2853 2242 2923 itaque
2261 2853 2433 2924 pigeat
2452 2862 2676 2924 utraque
2692 2851 2816 2908 huic
2833 2853 3090 2923 opuscqu
3115 2861 3298 2909 nostro
3318 2852 3506 2922 indita,

1931 2954 1987 3001 et
2009 2960 2071 3001 ea
2088 2944 2292 3001 scilicet
2317 2961 2437 3016 qua:
2458 2945 2549 3001 ille
2573 2944 2726 3009 dixit,
2754 2955 2810 3000 et
2827 2959 2890 3000 ea
2911 2959 3030 3015 quae
3047 2944 3165 3016 ipse
3185 2944 3506 3015 respondeo,

1933 3035 2180 3091 universa
2202 3035 2482 3092 attendere
2506 3043 2562 3090 et
2580 3033 2922 3090 considerare
2941 3034 3215 3090 lectorem.

2004 3127 2092 3182 ii.
2133 3127 2262 3194 Quae
2301 3136 2596 3197 sequuntur
2629 3140 2776 3196 ergo,
2809 3126 2882 3181 ita
2908 3125 3244 3196 praenotavit,
3278 3125 3366 3198 qui
3407 3136 3510 3183 tua:

1933 3216 2211 3273 Dilectioni
2257 3216 2553 3272 chartulam
2589 3216 2734 3270 misit
2765 3233 2779 3271 :
2811 3233 2830 3268 ι
2863 3215 3064 3272 Contra
3111 3231 3225 3283 eos,
3257 3235 3276 3270 ι
3315 3217 3508 3289 inquit,

1940 3331 1962 3366 ι
1995 3312 2086 3384 qui
2113 3312 2322 3382 nuptias
2341 3311 2626 3374 damnant,
2657 3317 2711 3365 et
2737 3309 2938 3366 fructus
2963 3325 3146 3366 earum
3173 3310 3390 3366 diabolo
3419 3325 3510 3366 as-

1935 3405 2168 3476 signant.
2198 3421 2218 3457 ι
2249 3402 2367 3458 Non
2397 3401 2556 3472 igitur
2581 3410 2766 3456 contra
2795 3415 2896 3456 nos
2915 3441 2929 3467 ,
2956 3401 3047 3472 qui
3085 3415 3258 3472 neque
3293 3401 3506 3472 nuptias

1939 3496 2274 3561 damnamus,
2297 3507 2431 3564 quas
2457 3493 2616 3548 etiam
2638 3492 2691 3547 in
2709 3490 2900 3547 ordine
2928 3505 3028 3546 suo
3049 3489 3228 3547 debita
3251 3489 3509 3561 praedica-

1937 3587 2082 3644 tione
2107 3585 2383 3646 laudamus
2412 3600 2426 3636 :
2456 3597 2554 3640 nec
2579 3597 2763 3639 earum
2789 3582 2992 3638 fructus
3027 3581 3238 3638 diabolo
3273 3581 3512 3653 assigna-

1937 3697 2057 3739 mus
2084 3697 2098 3735 :
2123 3683 2327 3735 fructus
2370 3679 2567 3750 quippe
2612 3681 2914 3749 nuptiarum
2955 3675 3199 3732 homines
3237 3684 3381 3742 sunt,
3421 3677 3513 3747 qui

1937 3773 2180 3831 ordinate
2221 3771 2342 3828 inde
2374 3779 2717 3842 generantur,
2754 3785 2859 3825 non
2902 3777 3119 3842 peccata
3163 3784 3284 3824 eum
3322 3768 3514 3839 quibus
3546 3781 3555 3796 '

1939 3875 2229 3921 nascuntur
2254 3879 2269 3916 :
2293 3878 2394 3918 nec
2418 3851 2553 3917 ideo
2575 3870 2698 3916 sunt
2734 3859 2980 3917 homines
3006 3861 3106 3916 sub
3130 3860 3359 3926 diabolo,
3389 3861 3514 3930 quia

1941 3956 2184 4012 homines
2209 3962 2352 4022 sunt,
2384 3952 2472 4008 ubi
2497 3961 2622 4008 sunt
2663 3951 2864 4007 fructus
2901 3952 3229 4023 nuptiarum;
3270 3950 3366 4006 sed
3391 3952 3514 4021 quia

1941 4057 2248 4120 peccatores
2283 4054 2429 4113 sunt,
2456 4045 2544 4100 ubi
2574 4053 2656 4099 est
2691 4058 2925 4116 propago
2951 4043 3225 4100 vitiorum.
3258 4041 3512 4099 Diabolus

1939 4141 2082 4197 enim
2105 4141 2275 4210 culpa:
2302 4147 2486 4194 auctor
2506 4149 2609 4206 est,
2639 4150 2746 4193 nan
2774 4148 2998 4194 naturae.

2011 4232 2100 4288 i2.
2130 4231 2359 4287 Attende
2397 4239 2452 4287 et
2491 4241 2705 4296 caetera,
2735 4233 2926 4302 quibus
2951 4245 3011 4286 se
3036 4230 3304 4286 existimat
3329 4231 3519 4287 adver-

1941 4339 2036 4380 sus
2079 4337 2178 4380 nos
2221 4321 2681 4392 huic'praemisso
2710 4321 2862 4378 titulo
2890 4335 3203 4376 consonare.
3235 4338 3256 4371 ι
3292 4320 3452 4386 Deus,
3489 4339 3510 4374 ι

1942 4414 2131 4485 inquit,
2166 4431 2185 4466 ι
2217 4411 2308 4483 qui
2333 4411 2502 4466 Adam
2528 4426 2594 4467 ex
2635 4413 2763 4467 limo
2810 4411 2979 4466 fuerat
3017 4409 3322 4476 fabricatus,
3347 4407 3516 4465 Evam

1943 4505 2240 4563 construxit
2266 4520 2299 4564 e
2323 4514 2470 4561 costa
2491 4503 2645 4576 (Gen.
2675 4519 2732 4572 n,
2753 4503 2868 4577 22),
2891 4511 2945 4558 et
2967 4502 3100 4557 dixit
3124 4519 3138 4556 :
3168 4499 3294 4556 Haec
3321 4500 3520 4555 vocabi-

1946 4609 2028 4654 tur
2066 4597 2199 4664 Vita,
2226 4599 2465 4670 quoniam
2499 4606 2658 4652 mater
2680 4606 2751 4652 est
2775 4597 2999 4651 omnium
3034 4595 3320 4650 viventium.
3351 4613 3372 4648 ι
3401 4593 3519 4650 Non

1945 4691 2160 4763 quidem
2184 4691 2257 4746 ita
2282 4691 2536 4760 scriptum
2567 4697 2649 4746 est
2670 4706 2684 4742 :
2702 4687 2797 4745 sed
2821 4686 2948 4758 quid
2971 4687 3038 4741 ad
3058 4686 3194 4741 nos?
3219 4685 3358 4742 solet
3371 4686 3516 4741 enim

1945 4782 2189 4839 accidere
2215 4791 2273 4836 ut
2298 4781 2552 4837 memoria
2583 4780 2729 4840 fallat
2754 4781 2806 4834 in
2827 4779 3026 4846 verbis,
3057 4778 3182 4833 dum
3211 4787 3387 4834 tamen
3402 4792 3522 4834 sen-

1946 4873 2113 4931 tentia
2145 4881 2385 4928 teneatur
2401 4871 2442 4924 ‘.
2470 4871 2578 4926 Nec
2630 4870 2753 4926 Eva:
2798 4886 3022 4936 nomen,
3067 4880 3125 4926 ut
3166 4871 3521 4941 appellaretur

1947 4964 2088 5032 Vita,
2110 4965 2249 5020 Deus
2265 4964 2534 5033 imposuit,
2552 4962 2644 5019 sed
2667 4963 2905 5018 maritus.
2935 4962 3024 5020 Sic
3039 4961 3179 5018 enim
3203 4962 3395 5033 legitur
3415 4979 3428 5014 :
3446 4959 3522 5016 Et

1948 5057 2137 5111 vocavit
2157 5055 2322 5109 Adam
2347 5072 2525 5110 nomen
2547 5056 2720 5111 uxoris
2741 5071 2846 5110 suta
2869 5053 3004 5124 Vita,
3022 5055 3261 5125 quoniam
3275 5055 3388 5124 ipsa
3403 5069 3518 5108 ma-

1943 5236 2043 5298 jam
2084 5234 2147 5298 a_b
2185 5235 2392 5284 Honorio
2433 5236 2731 5298 imperatore
2771 5234 3074 5298 constitutas,
3110 5244 3316 5298 quarum
3333 5239 3526 5298 terrore

1950 5247 2043 5298 iam
2084 5247 2147 5283 an
2185 5247 2392 5284 Honorio
2433 5247 2731 5345 imperatore
2771 5247 3074 5292 consumas,
3110 5247 3312 5295 quarum
3333 5247 3524 5283 terrore

1950 5295 2211 5366 perculsos
2221 5302 2450 5366 Romanos
2490 5297 2674 5366 _ericos
2703 5308 2798 5366 non
2833 5295 3087 5366 erubuisse
3118 5293 3524 5366 praevaricationis

1950 5355 2136 5408 crimen
2153 5357 2426 5417 admittere,
2451 5364 2507 5407 ut
2540 5359 2905 5418 pronuntiarent
2933 5355 3375 5418 malamhominum
3413 5365 3526 5418 esse

1950 5426 2169 5486 Pataram
2188 5455 2202 5478 ν
2248 5415 2622 5486 calumniabatur
2664 5417 2909 5486 Julianus,
2955 5423 3010 5467 ut
3050 5415 3320 5486 videbimus
3363 5415 3521 5486 infra“,

1951 5481 2001 5528 in
2026 5480 2146 5530 libro
2162 5474 2374 5530 secundo
2391 5487 2554 5531 contra
2591 5481 2710 5530 duas
2740 5474 2966 5542 Epistolas
2995 5476 3354 5538 Pelagianorum
3370 5507 3385 5534 ,
3405 5488 3454 5522 n.
3471 5474 3520 5523 5.

2019 5543 2034 5574 ι
2073 5551 2170 5591 Am.
2197 5548 2270 5591 Er.
2297 5551 2348 5592 et
2370 5555 2542 5592 omnes
2567 5550 2689 5606 Mss.,
2715 5540 2943 5606 maligna.
3095 5596 3123 5606 Α,
3223 5605 3254 5606 η
3428 5601 3437 5606 ,
3466 5595 3476 5604 .

2015 5607 2036 5635 ³
2060 5611 2133 5654 Er.
2160 5611 2212 5653 et
2233 5607 2530 5666 posteriores
2549 5605 2786 5653 editiones
2806 5601 3002 5661 addunt,
3025 5601 3199 5663 potius.
3222 5605 3321 5650 Non
3339 5601 3515 5649 eratin

1953 5671 2081 5725 Mss,
2102 5679 2195 5715 nec
2211 5665 2518 5728 ineleganter
2540 5667 2790 5728 omittitur,

1946 5761 1951 5768 .
2020 5725 2833 5792 §Editi,h_oc.'l’luresliss.,
3031 5790 3038 5792 ξ
3165 5790 3172 5792 _
3286 5782 3296 5792 ,
3469 5780 3479 5791 ,

2017 5789 2038 5818 δ
2081 5782 2204 5855 t.ov.:
2226 5789 2431 5855 alia-que
2464 5782 2694 5855 deinceps
2722 5787 2990 5855 editiones,
3263 5782 3329 5855 _in

1956 5859 2110 5899 Hocce
2149 5841 2474 5898 additani'enw
2517 5841 2744 5902 carebant
2793 5841 2993 5900 veteres
3020 5845 3147 5896 libri.
3193 5845 3308 5899 vide
3359 5844 3445 5896 lib.
3493 5841 3532 5898 4

1951 5922 2098 5975 Oper.
2127 5911 2336 5976 imperil,
2355 5925 2459 5976 cap.
2483 5914 2531 5962 4.
