4012 6486
1814 296 1846 312 ιιι
1878 305 1882 308 .

493 392 605 471 μδ»

1290 326 1684 450 DEiNUPTllS
1723 392 1812 449 ET
1848 391 2453 477 ΩΟΝΩυΡΙβΟΕΝΤΙΔ,
2493 395 2551 453 8.
2596 394 2959 456 AUGUSTINI

3642 400 3759 477 ωι

678 508 902 579 omnium
917 505 1181 575 viventium
1197 502 1347 577 (Gen.
1366 521 1445 575 ιιι,
1463 504 1578 578 20).
1599 503 1707 563 Sed
1733 506 1836 563 hoc
1865 504 2057 563 tortas-
2174 472 2243 597 an
2266 505 2696 571 commixtionem
2716 551 2734 579 ,
2775 524 2845 571 an
2868 511 3037 582 ipsam
3063 510 3457 579 fecunditatem.
3499 488 3759 597 Respon;

493 603 568 671 sis
593 600 664 675 ita
695 588 1036 671 intellexerit,
1065 605 1124 671 ut
1171 597 1310 655 Deus
1354 613 1449 671 per
1484 598 1657 654 Adam
1706 614 1898 687 nomen
1931 597 2064 657 illud

494 694 617 771 Eva:
642 690 959 765 imposuisse
982 690 1251 758 credatur,
1279 699 1528 765 tanquam
1557 706 1653 764 per
1688 690 2004 763 prophetam
2022 691 2063 746 ¹.

489 781 621 847 Nam
649 783 701 855 in
727 782 829 849 hoc
857 780 999 854 quod
1029 782 1293 854 appellata
1320 791 1403 839 est
1434 782 1549 841 Vita
1580 792 1858 855 materque
1881 777 2065 843 viven-

491 856 641 942 tium,
671 891 916 949 magnum
938 885 1021 933 est
1040 875 1291 943 Ecclesia:
1320 884 1730 945 sacramentum,
1761 876 1902 933 unde
1925 890 2068 933 nunc

486 953 749 1041 disserere
784 968 1001 1043 longum
1027 976 1126 1037 est,
1159 976 1213 1037 et
1236 977 1487 1041 suscepto
1509 969 1657 1042 operi
1685 984 1795 1027 non
1821 983 2067 1026 necessa-

487 1058 642 1115 rium.
674 1056 805 1129 Nam
830 1068 882 1117 et
917 1059 1045 1121 illud
1088 1060 1228 1135 quod
1277 1060 1403 1117 dicit
1429 1063 1733 1141 Apostolus,
1760 1061 2065 1125 Sacramen-

486 1164 591 1225 tmn
620 1154 713 1223 hoc
739 1173 977 1233 magnum
1002 1165 1095 1226 est,
1124 1173 1216 1238 ego
1242 1166 1412 1213 autem
1440 1157 1551 1215 dico
1594 1157 1648 1211 in
1692 1155 1889 1211 Christo
1927 1166 1971 1217 et
2010 1157 2064 1213 in

489 1245 752 1317 Ecclesia;
782 1249 895 1327 ipse
921 1248 1088 1309 Adam
1118 1248 1271 1315 dixit,
1292 1247 1512 1320 Propter
1530 1249 1626 1309 hoc
1646 1248 1888 1320 relinquet
1913 1249 2063 1304 Immo

483 1348 691 1397 matrem
734 1350 779 1401 et
819 1351 1043 1412 patrari,
1068 1349 1120 1404 et
1164 1340 1436 1397 adhaerebit
1477 1340 1623 1394 uxori
1667 1355 1809 1407 suae;
1844 1349 1889 1399 et
1915 1346 2063 1395 erunt

483 1431 584 1489 duo
608 1432 659 1487 in
679 1449 830 1491 carne
852 1450 972 1491 una.
997 1421 1147 1501 Quod
1168 1441 1341 1493 tamen
1367 1433 1621 1491 Dominus
1636 1432 1791 1489 .lesus
1816 1433 1871 1497 in
1892 1433 2063 1509 Evan-

481 1522 623 1601 gelia
650 1522 814 1597 Deum
852 1522 1052 1601 dixisse
1098 1533 1484 1597 commemorat
1514 1523 1727 1596 (Ephes.
1760 1540 1813 1590 ν,
1840 1524 1931 1593 51,
1957 1525 2059 1593 52;

484 1590 610 1667 ἆεη.
645 1629 702 1680 ιι,
733 1590 820 1680 24,
856 1590 903 1669 et
949 1590 1135 1673 dfattlt.
1179 1590 1297 1682 xix,
1341 1615 1397 1681 4,
1436 1616 1491 1684 5)
1520 1590 1681 1689 ξᾳιιὶε
1708 1614 1852 1673 Deus
1878 1590 2061 1689 utique

479 1716 576 1773 ρει
599 1702 875 1779 hominem
901 1704 1054 1779 dixit,
1081 1706 1222 1779 quod
1266 1705 1428 1765 homo
1472 1706 1841 1778 prophetando
1868 1707 2061 1783 pracdi-

481 1795 575 1865 xit.
600 1796 741 1871 Ergo
768 1813 887 1868 qua:
930 1808 1225 1869 sequuntur
1269 1799 1509 1867 intuere:
1535 1818 1557 1854 ι
1589 1800 1789 1867 Prima,
1819 1820 1840 1854 ›
1867 1802 2057 1873 inquit,

485 1906 505 1942 ι
531 1888 906 1963 appellatione,
948 1892 1035 1969 cui
1073 1893 1222 1965 aperi
1261 1901 1654 1963 parata,esset,
1695 1894 1949 1963 ostendit,
2003 1904 2060 1952 et

478 1979 613 2053 dixit
653 1998 666 2033 :
707 1980 921 2049 Crescite
958 1992 1005 2041 et
1047 1983 1484 2055 mltiplicamini,
1513 1993 1559 2040 et
1588 1984 1775 2055 replete
1812 1994 1998 2041 terram
2030 2006 2051 2041 ι

479 2069 635 2141 (Gen.
666 2087 706 2137 ι.
748 2072 861 2145 28).
891 2073 1021 2143 Quis
1066 2075 1209 2139 enim
1257 2083 1496 2145 nostrum
1531 2087 1687 2150 negat
1716 2077 1784 2133 ad
1817 2093 1953 2149 opus
1972 2094 2060 2151 pa-

478 2161 650 2219 riendi
675 2178 707 2223 a
731 2164 958 2229 Domino
984 2165 1096 2227 Deo
1115 2174 1359 2223 creatore
1378 2168 1613 2223 omnium
1636 2166 1897 2227 bonorum
1913 2170 2057 2226 bono

479 2262 828 2325 [imparatam
854 2256 1019 2331 fuisse
1042 2257 1365 2321 mulierem?
1394 2259 1583 2319 Adhuc
1619 2259 1742 2317 vide
1784 2261 1910 2333 quid
1962 2261 2058 2319 ad-

473 2343 658 2425 iungat
679 2355 694 2402 :
718 2365 738 2399 ι
768 2348 906 2409 Deus
934 2348 1113 2425 igitur,
1141 2368 1161 2404 ι
1182 2351 1398 2423 inquit,t
1418 2354 1583 2410 maris
1603 2363 1811 2412 creator
1833 2362 1889 2412 et
1905 2356 2057 2411 femi-

475 2422 560 2497 nas
589 2432 960 2507 convenientia
972 2422 1417 2517 generationibus
1437 2445 1674 2507 membra
1698 2445 1967 2512 formavit,
2000 2455 2055 2504 et

474 2529 618 2607 gigni
663 2544 888 2599 corpora
930 2532 999 2591 de
1046 2535 1358 2607 corporibus
1396 2536 1691 2609 ordinavit;
1722 2554 1948 2610 quorum
1986 2549 2056 2595 ta-

474 2635 599 2681 men
660 2620 960 2686 eiﬂcieutite
1015 2627 1251 2696 potentia
1320 2630 1643 2699 operationis
1709 2630 1990 2689 intervenit
2005 2633 2071 2698 ⁸,.

410 2762 417 2769 .
473 2725 632 2771 omne
659 2712 801 2789 quod
831 2727 913 2775 est
931 2731 993 2773 ea
1016 2716 1396 2777 administrans
1413 2722 1608 2777 virtute
1632 2736 1737 2793 qua
1755 2722 2071 2791 condidit.i_

476 2804 650 2885 Etiam
700 2805 802 2873 hoc
860 2823 980 2865 esse
1029 2809 1348 2867 catholicqu
1399 2811 1737 2871 conﬁtemur.
1793 2814 1862 2869 Et
1908 2814 2054 2885 quod

482 2872 677 2969 deinde
720 2900 1043 2973 subiungit:
1078 2921 1098 2959 ι
1146 2903 1202 2961 Si
1248 2904 1429 2976 igitur,
1476 2924 1497 2960 ι
1556 2907 1745 2977 inquit,
1781 2926 1800 2960 ι
1838 2909 2054 2967 nonnisi

483 2976 580 3060 per
605 3006 789 3047 sexum
823 2995 980 3061 fetus,
1014 2997 1225 3055 nonnisi
1268 3013 1361 3068 per
1395 3014 1591 3070 corpus
1624 2976 1807 3071 sexus,
1834 3004 2054 3069 nonnisi

475 3093 571 3148 per
599 3080 771 3153 Deum,
804 3098 1030 3155 corpus,
1068 3087 1190 3163 quis
1241 3089 1476 3161 ambigat
1519 3090 1898 3153 fecunditatem
1940 3097 2052 3153 Deo

469 3169 593 3241 iure
617 3173 892 3243 reputari?
928 3194 949 3243 ι

547 3262 632 3319 15.
666 3263 793 3329 Post
822 3265 939 3333 haec
960 3283 1081 3340 qua:
1100 3271 1357 3339 veraciter
1379 3282 1433 3329 et
1455 3274 1715 3339 catholica
1740 3278 1881 3343 dicta
1905 3288 2050 3350 sunt,

473 3353 582 3413 imo
605 3355 661 3425 in
688 3356 880 3421 divinis
905 3360 1052 3423 libris
1078 3364 1339 3423 veraciter
1371 3366 1565 3438 scripta
1586 3410 1600 3436 ,
1632 3379 1941 3433 nouantem
1983 3374 2053 3431 ab

471 3450 575 3509 isto
595 3449 855 3517 catholica
878 3453 1019 3519 dicta
1043 3465 1168 3521 sunt
1183 3497 1202 3523 ,
1226 3458 1350 3527 quia
1387 3474 1497 3517 non
1534 3460 1839 3525 intentione
1861 3465 2051 3525 catho-

470 3539 560 3598 lici
587 3544 813 3614 pectoris
855 3544 994 3611 dicta
1036 3556 1191 3614 sunt;
1233 3549 1347 3619 jam
1372 3560 1587 3621 propter
1613 3554 1753 3623 quod
1780 3570 1843 3613 ea
1869 3556 2051 3623 dixit,

470 3629 755 3704 Pelagiana
796 3643 850 3703 et
877 3636 1197 3703 Caelestiana
1238 3640 1457 3705 haeresis
1495 3643 1678 3714 incipit
1722 3645 2048 3707 introduci‘.

470 3721 709 3794 Namque
732 3727 951 3793 attende
972 3728 1113 3798 quod
1133 3731 1371 3800 sequitur
1401 3748 1417 3786 :
1455 3752 1477 3785 ι
1512 3734 1591 3790 Τιι
1618 3752 1766 3804 vero,
1803 3758 1824 3790 ι
1858 3739 2049 3811 inquit,

478 3815 624 3885 μιαί
667 3814 836 3883 dicis.
864 3817 1080 3889 Eosqwe
1122 3821 1190 3876 de
1233 3824 1541 3891 parentibus
1580 3829 2055 3902 qualibuscumque

470 3917 779 3987 nascantug,
808 3926 916 3977 non
942 3927 1199 3984 negamus
1224 3914 1398 3979 adhuc
1424 3933 1544 3979 esse
1570 3920 1670 3985 sub
1692 3921 1923 3989 diabolo,
1948 3925 2053 3983 nisi

469 4011 817 4069 renascantur
837 4003 891 4063 in
913 4004 1126 4065 Christo
1146 4025 1160 4062 :
1179 4010 1400 4069 ostende
1422 4026 1550 4082 ergo
1568 4028 1728 4079 nunc,
1748 4015 1873 4085 quid
1893 4031 2051 4079 suum

470 4090 714 4148 diabolus
736 4106 1019 4164 cognoscat
1042 4098 1094 4152 in
1136 4100 1382 4166 sesibus,
1413 4118 1508 4172 per
1535 4104 1677 4175 quod
1701 4105 1928 4169 frudem
1952 4123 2053 4167 eoa

470 4196 615 4251 rum,
645 4191 709 4247 ut
729 4184 880 4253 dicis,
903 4186 1025 4258 jure
1065 4190 1351 4260 possideat.
1382 4192 1754 4259 Diversitatem
1783 4202 2049 4265 sexuum?

470 4272 713 4368 seum
740 4276 792 4341 in
817 4280 1129 4351 corporibus
1153 4291 1266 4351 est.
1291 4300 1408 4356 quae
1432 4287 1583 4368 Deus
1602 4288 1747 4355 fecit
1773 4290 2050 4357 θρωιηίις

471 4366 713 4437 ἐἰπεφῖ
735 4369 976 4439 Seduni:
1020 4376 1196 4433 etiam
1235 4366 1621 4443 benedictimis
1646 4384 2049 4453 eminentes

473 4457 639 4527 lionis
673 4463 951 4535 privilegio.
979 4465 1295 4533 vindicetur.
1325 4468 1440 4533 Vox
1479 4473 1621 4539 enim
1659 4474 1755 4540 Dei
1783 4484 1865 4539 est
1896 4494 1914 4532 :
1942 4477 2049 4535 Rea

470 4554 661 4627 Ml
699 4558 850 4621 homo
893 4568 1091 4627 patrm
1125 4571 1174 4617 et
1220 4570 1461 4632 rnatum,
1507 4575 1557 4625 et
1593 4567 1864 4631 metu
1901 4572 2049 4633 umori

469 4655 861 4713 tantaan
896 4648 1263 4715 drmian
1299 4670 1423 4717 una.
1462 4654 2049 4723 VoxDeiestzcﬂh

470 4735 598 4805 cits.
643 4747 690 4799 et
730 4738 1170 4810 umhipﬁqautini.
1218 4754 1264 4799 ει
1305 4746 1491 4817 replete
1534 4757 1739 4811 terram.
1785 4754 1873 4813 An
1909 4753 2049 4813 torte

470 4826 642 4897 ipsam
669 4827 1084 4897 facunditatem?
1112 4834 1217 4891 Sed
1244 4837 1358 4906 ipsa
1382 4846 1466 4894 est
1486 4839 1710 4903 instituti
1737 4856 1897 4903 causa
1921 4859 2050 4903 con-

464 4934 621 4991 m“.
659 4940 681 4974 ι

539 5009 767 5077 CAPUT
798 5012 863 5071 Υ.
892 5045 962 5056 -
991 5016 1077 5099 ῌ.
1113 5018 1277 5077 Vides
1300 5019 1924 5094 igiturquemadmodum
1949 5044 2046 5089 nos

469 5100 781 5175 interroget,
810 5106 936 5177 quid
966 5122 1118 5163 suum
1147 5110 1389 5170 diabolus
1415 5126 1701 5186 cognoscat
1727 5120 1780 5174 in
1809 5121 2044 5190 sexibus,

467 5209 568 5265 per
590 5194 739 5267 quod
756 5198 863 5254 sub
886 5200 985 5263 illa
1014 5204 1155 5269 sint,
1198 5206 1287 5274 qui
1330 5206 1398 5262 de
1443 5211 1747 5278 parentibus
1771 5214 2045 5283 qualibuee

468 5297 696 5359 cumque
716 5301 1024 5362 nascuntur,
1043 5295 1144 5361 nisi
1162 5310 1503 5356 renascantur
1529 5303 1578 5357 in
1605 5301 1817 5362 Christo
1837 5324 1850 5361 :
1869 5316 2046 5365 utrum

468 5377 828 5440 diversitatem
855 5400 1075 5445 sexuum
1100 5388 1337 5448 dicamus
1362 5393 1427 5448 ad
1448 5395 1713 5453 diabolum
1737 5400 2004 5469 pertinens
2024 5443 2041 5471 ,

476 5602 483 5611 ’
528 5557 551 5642 ξ
584 5558 1102 5642 ἐξειπῖζῖξμὶξέτίὲἒ
1244 5566 1599 5642 ’.Ρτορὴβιξσθηο
1650 5630 1660 5642 .

528 5614 961 5699 Ἓὶιὲμξρέςῖιῖῖαῂ
993 5614 1089 5677 ῦεῖ
1733 5634 1904 5697 Abest.
1922 5637 2047 5699 -na'.

465 5684 882 5768 amasene
906 5684 1154 5768 meum
1172 5684 1303 5768 lib":
1336 5700 1509 5768 anno
1535 5695 1720 5768 .QPeris
1756 5684 2046 5768 ιωρξετᾱοῡῖ

467 5744 1640 5834 υὲ-ἓληῗεξξὲθέέξθυεὲξξξίὲιὲἓξιιὶ.ίιὲίξγεςξξὲἒε
1816 5744 1981 5825 ait}:

504 5803 554 5872 ,³
582 5803 799 5875 anttttlli
817 5815 941 5870 Mss,
965 5803 1276 5876 Pelagianam
1294 5820 1342 5865 et

466 5869 583 5924 mm
604 5866 924 5919 mtt'odttcere.

689 5879 877 5919 ὀαυεετ
877 5882 924 5919 ε.

2172 593 2361 653 demus
2383 597 2580 669 itaque,
2597 599 2731 661 nihil
2757 600 2975 665 horum:
2996 603 3118 679 quia
3146 613 3201 662 et
3218 605 3496 671 diversitas
3523 593 3763 675 sextium

2172 690 2400 760 pertinet
2425 690 2493 747 ad
2520 705 2644 753 vasa
2665 693 2992 769 gignentium
3010 736 3027 764 .
3056 704 3113 759 et
3138 697 3411 772 utriusque
3440 704 3763 763 commixtio

2170 779 2237 841 ad
2257 782 2661 843 seminationem
2682 785 2913 857 pertinet
2936 787 3168 849 ﬁliorum
3189 829 3208 858 ,
3234 797 3289 847 et
3312 790 3427 862 ipsa
3452 792 3763 855 fecunditas

2169 865 2236 931 ad
2257 874 2679 936 benedictionem
2697 879 2927 951 pertinet
2945 881 3267 954 nuptiarum.
3292 882 3417 943 litae
3435 894 3615 961 autem
3633 903 3764 947 om-

2169 967 2256 1025 nia
2281 984 2346 1026 ex
2372 970 2481 1027 Deo
2512 986 2527 1024 :
2559 971 2654 1028 sed
2680 971 2782 1029 iste
2818 974 2871 1029 in
2899 973 2982 1030 bis
3004 975 3249 1037 omnibus
3275 977 3445 1035 noluit
3471 981 3760 1041 nominare

2167 1060 2646 1132 concupiscentiam
2674 1063 2871 1131 carnis,
2897 1080 3015 1136 quae
3045 1080 3153 1129 non
3178 1075 3260 1122 est
3287 1082 3317 1121 a
3347 1067 3525 1136 Patre,
3559 1070 3655 1131 sed
3681 1083 3763 1135 ex

2166 1151 2366 1209 mundo
2394 1161 2474 1209 est
2497 1152 2542 1226 (Ι
2564 1151 2721 1211 Joan.
2749 1171 2823 1223 ιι,
2855 1154 2983 1227 16);
3014 1156 3171 1227 cujus
3193 1158 3372 1219 mundi
3394 1159 3643 1233 princeps
3665 1160 3764 1225 di-o

2166 1250 2283 1297 ctus
2318 1250 2401 1297 est
2440 1241 2683 1311 diabolus
2712 1262 2725 1298 :
2760 1246 2848 1319 qui
2878 1260 2996 1301 eam
3025 1246 3078 1303 in
3106 1246 3332 1307 Domino
3371 1264 3476 1315 non
3504 1250 3710 1311 invenit
3731 1292 3760 1323 ,

2165 1330 2287 1402 quia
2313 1332 2564 1389 Dominus
2588 1335 2605 1367 ¹
2635 1332 2796 1390 homo
2826 1351 2930 1390 non
2971 1351 3068 1408 per
3092 1337 3261 1409 ipsam
3286 1337 3353 1397 ad
3382 1339 3626 1399 homines
3652 1358 3759 1399 ve-

2166 1421 2243 1475 nit
2273 1439 2286 1474 :
2319 1422 2458 1478 unde
2486 1422 2613 1477 dicit
2639 1425 2797 1480 etiam
2840 1425 2986 1499 ipse,
3017 1424 3149 1491 Ecpe
3175 1429 3305 1487 venit
3333 1428 3566 1504 princeps
3593 1431 3757 1504 latius

2164 1511 2372 1579 mundi,
2404 1522 2454 1568 et
2478 1513 2532 1570 in
2558 1532 2637 1570 me
2665 1514 2792 1571 nihil
2817 1516 3041 1574 invenit‘
3074 1514 3251 1591 (Joan.
3283 1537 3405 1590 xw,
3435 1524 3529 1597 50)
3563 1542 3576 1579 :
3612 1525 3756 1591 nihil.

2163 1602 2343 1674 utique
2367 1606 2587 1675 peccati,
2611 1621 2709 1662 nec
2735 1606 2877 1678 quod
2896 1624 2926 1663 a
2947 1618 3196 1667 nascente
3219 1610 3466 1682 trahitur,
3483 1629 3583 1672 nec
3601 1614 3758 1687 quod

2162 1708 2194 1749 a
2231 1696 2445 1752 vivente
2481 1696 2712 1753 additur.
2746 1699 2892 1757 Hanc
2919 1700 3019 1757 iste
3058 1702 3228 1759 noluit
3269 1706 3548 1765 nominare
3575 1707 3631 1763 in
3659 1707 3755 1769 bis

2162 1788 2408 1845 omnibus
2425 1830 2442 1858 ,
2466 1806 2584 1861 quae
2610 1794 3082 1863 commemoravit,
3115 1797 3444 1857 naturalibus
3466 1800 3621 1861 bonis
3637 1843 3654 1870 ,
3676 1803 3757 1863 de

2161 1893 2262 1949 qua
2281 1880 2441 1935 etiam
2468 1881 2665 1952 nuptiae
2684 1880 3097 1952 confunduntur,
3116 1902 3234 1959 qua:
3259 1887 3327 1945 de
3349 1889 3431 1946 bis
3454 1889 3608 1949 bouis
3625 1908 3755 1949 om-

2162 1970 2314 2027 nibus
2337 1972 2647 2044 gloriantur.
2679 1973 2811 2031 Nam
2833 1992 2996 2049 quare
3027 1976 3153 2035 illud
3182 1996 3317 2052 opus
3339 1984 3750 2057 coniugatorum

2160 2062 2488 2120 subtrahitur
2512 2074 2566 2122 et
2586 2066 2931 2125 absconditur
2954 2070 3113 2129 etiam
3141 2072 3311 2129 oculis
3340 2073 3572 2133 filiorum
3590 2118 3608 2145 ,
3638 2078 3752 2139 nisi

2159 2154 2282 2227 quia
2305 2170 2409 2211 non
2432 2169 2653 2228 possunt
2680 2176 2801 2217 esse
2823 2161 2875 2217 in
2899 2161 3160 2221 laudanda
3186 2168 3598 2241 commixtione,
3625 2174 3753 2231 sine

2160 2246 2405 2317 pudenda
2431 2248 2686 2306 libidine?
2712 2249 2788 2309 De
2811 2250 2911 2308 hac
2936 2254 3262 2313 erubuerunt
3287 2259 3445 2315 etiam
3469 2260 3560 2333 qui
3584 2264 3750 2333 primi

2160 2336 2406 2410 pudenda
2442 2347 2688 2398 texerunt
2734 2340 2883 2415 (Gen.
2915 2360 3005 2411 ιιι,
3035 2345 3124 2417 7),
3164 2363 3283 2429 quae
3310 2350 3457 2427 prius
3492 2352 3749 2424 pudenda

2158 2446 2265 2486 non
2298 2432 2541 2502 fuerunt,
2570 2434 2665 2491 sed
2706 2444 2951 2507 tanquam
2984 2438 3077 2499 Dei
3102 2454 3266 2510 opera
3296 2443 3627 2512 praedicanda
3654 2456 3751 2503 at-

2157 2538 2261 2593 que
2284 2522 2556 2594 glorianda
2577 2524 2617 2577 ⁸.
2646 2522 2795 2585 Tunc
2820 2543 2947 2598 ergo
2975 2537 3220 2587 texerunt
3238 2572 3255 2598 ,
3277 2534 3485 2603 quando
3510 2538 3752 2597 erubue-

2157 2622 2326 2671 runt:
2359 2621 2487 2671 tunc
2522 2625 2699 2674 autem
2738 2619 3094 2687 erubuerunt,
3135 2622 3349 2695 quando
3389 2634 3508 2696 post
3548 2627 3747 2688 inobea

2156 2704 2409 2763 dientiam
2447 2723 2598 2764 suam
2636 2709 2993 2771 inobedientia
3034 2715 3274 2773 membra
3313 2726 3615 2779 senserunt.
3659 2720 3749 2779 De

2157 2799 2257 2856 hac
2305 2800 2518 2859 erubuit
2572 2801 2731 2859 etiam
2787 2804 2890 2861 iste
2939 2805 3181 2867 laudator
3232 2825 3250 2865 :
3302 2815 3748 2887 commemoravit

2154 2889 2298 2948 enim
2351 2907 2580 2949 sexuum
2635 2894 3001 2953 diversitatem
3025 2937 3043 2967 ,
3099 2904 3536 2960 commemoravit
3584 2920 3745 2963 com-

2156 2981 2498 3050 mixtionem,
2530 2988 2968 3049 commemoravit
2994 2988 3405 3061 fecunditatem;
3436 2993 3583 3053 illam
3610 3010 3745 3059 vero

2155 3090 2576 3132 commemorem
2604 3079 2990 3135 verccundatus
3028 3090 3132 3138 est.
3175 3081 3291 3143 Nec
3313 3086 3508 3147 mirum
3548 3087 3595 3144 si
3634 3104 3745 3161 pu-

2153 3166 2245 3224 det
2291 3164 2565 3226 laudantes
2587 3211 2605 3239 ,
2659 3170 2801 3242 quod
2846 3172 3090 3237 videmus
3136 3177 3282 3246 ipsos
3328 3177 3529 3249 pudere
3572 3197 3746 3254 ganeo

2153 3269 2354 3327 rantes.
2586 3258 2589 3261 “

2227 3355 2314 3411 15.
2346 3353 2456 3411 Sed
2485 3353 2756 3428 adjungit,
2800 3366 2855 3413 et
2882 3358 3011 3417 dicit
3042 3378 3056 3415 :
3094 3379 3115 3417 ι
3150 3361 3256 3420 Per
3280 3365 3407 3435 quid
3444 3365 3601 3439 igitur
3640 3369 3748 3428 sub

2155 3444 2365 3507 diabolo
2390 3455 2537 3515 sunt,
2557 3462 2691 3519 quos
2717 3449 2857 3507 Dens
2882 3450 3039 3509 fecit?
3067 3471 3087 3506 ι
3113 3452 3331 3525 Sibique
3355 3457 3518 3515 veluti
3542 3474 3614 3523 ex
3641 3475 3747 3517 no-

2154 3544 2264 3592 stra
2294 3552 2424 3594 voce
2451 3540 2776 3610 respondet:
2805 3559 2826 3594 ι
2853 3541 2957 3599 Per
2985 3555 3284 3616 peccatum,
3312 3568 3333 3603 ι
3359 3549 3550 3622 inquit,
3581 3569 3602 3605 ι
3631 3568 3747 3612 non

2154 3643 2252 3700 per
2278 3638 2539 3684 naturam.
2579 3648 2599 3684 ι
2635 3631 2834 3687 Deinde
2870 3643 3067 3693 nostra:
3095 3640 3430 3709 responsioni
3456 3657 3609 3697 suam
3648 3659 3748 3707 re-

2153 3716 2336 3775 ferens
2367 3739 2380 3775 :
2419 3739 2438 3773 ι
2475 3719 2580 3778 Sed
2608 3732 2663 3776 ut
2684 3738 2790 3778 non
2810 3732 3007 3795 potest,
3047 3746 3071 3781 ι
3102 3728 3292 3800 inquit,
3329 3750 3348 3786 ι
3384 3732 3501 3791 sine
3526 3735 3749 3796 sexibus

2154 3824 2275 3866 esse
2302 3810 2457 3881 fctus,
2482 3813 2548 3869 ita
2576 3829 2676 3869 nec
2701 3814 2816 3870 sine
2846 3816 3117 3875 voluntate
3140 3819 3413 3879 delictum.
3442 3843 3463 3878 ι
3490 3825 3565 3887 Ita
3588 3843 3747 3901 vero,

2155 3899 2226 3955 ita
2247 3906 2347 3957 est:
2377 3900 2466 3958 Sic
2493 3904 2633 3961 enim
2661 3922 2751 3977 per
2788 3923 2944 3962 unum
2970 3908 3222 3975 hominem
3255 3927 3514 3986 peceatum
3537 3899 3749 3979 intravit

2155 3992 2208 4045 in
2237 3994 2501 4063 ntundum,
2531 4004 2578 4048 et
2606 4013 2695 4066 per
2714 4009 2974 4068 peccatum
3002 4017 3138 4057 mors
3153 4021 3174 4070 ;
3202 4016 3254 4059 et
3276 4006 3348 4061 ita
3372 4008 3426 4063 in
3454 4026 3625 4069 omnes
3648 4012 3751 4069 Ito-

2156 4081 2314 4137 mincs
2341 4086 2663 4154 pertransiit,
2695 4088 2749 4142 in
2786 4106 2885 4158 quo
2913 4106 3083 4147 omnes
3103 4107 3435 4164 peccaverunt
3461 4100 3634 4172 (Rom.
3665 4118 3749 4175 γ,

2156 4170 2269 4246 12).
2297 4170 2401 4231 Per
2429 4177 2584 4232 unius
2621 4178 2761 4233 illius
2787 4180 3113 4239 voluntatem
3145 4187 3337 4242 malam
3365 4170 3552 4247 omnes
3580 4192 3639 4253 in

2156 4276 2528 4335 peccaverunt,
2556 4268 2767 4339 quando
2794 4286 2980 4329 omnes
3005 4267 3095 4332 ille
3123 4292 3262 4345 unus
3287 4277 3521 4351 fuerunt,
3545 4282 3613 4340 de
3634 4298 3749 4356 quo

2156 4369 2434 4431 propterea
2460 4360 2651 4432 singuli
2684 4373 2959 4437 peccatum
2990 4366 3246 4438 originale
3269 4377 3566 4431 traxerunt.
3604 4392 3624 4427 ι
3652 4375 3750 4434 Di-

2154 4448 2233 4505 cis
2261 4450 2421 4517 enim,
2465 4470 2484 4503 ι
2520 4451 2705 4524 inquit,
2745 4472 2765 4506 α
2803 4454 2922 4511 ideo
2944 4456 3063 4513 illos
3091 4474 3210 4516 esse
3239 4462 3340 4517 sub
3363 4462 3597 4535 diabolo,
3617 4468 3749 4538 quia

2154 4538 2222 4597 de
2264 4557 2423 4599 sexus
2470 4544 2742 4615 utriusque
2781 4538 3161 4606 eommixtione
3208 4563 3519 4612 nascuntur.
3555 4574 3576 4609 ι
3614 4557 3749 4617 Dico

2154 4630 2344 4705 plane,
2373 4642 2585 4704 prepter
2612 4633 2863 4693 delictum
2891 4652 2985 4693 eos
3027 4654 3148 4698 esse
3191 4642 3294 4699 sub
3322 4643 3538 4703 diabolo
3570 4663 3585 4701 :
3616 4646 3749 4707 idco

2154 4732 2332 4779 autem
2359 4734 2605 4797 expertes
2636 4743 2740 4784 non
2767 4743 2886 4786 esse
2910 4731 3108 4801 delicti,
3128 4722 3249 4804 quia
3276 4734 3345 4793 de
3369 4736 3456 4793 illa
3481 4740 3749 4807 commix-

2155 4814 2298 4872 tione
2324 4816 2450 4872 sunt
2477 4819 2609 4887 nati,
2629 4835 2747 4891 quae
2773 4822 2889 4877 sine
2910 4823 3155 4893 pudenda
3184 4826 3405 4884 libidine
3432 4844 3538 4888 non
3562 4840 3750 4902 potest

2153 4905 2312 4961 etiam
2331 4907 2471 4979 quod
2492 4907 2772 4966 honestum
2796 4921 2877 4967 est
2897 4914 3127 4983 operari.
3148 4915 3290 4972 Dixit
3312 4917 3413 4975 hoc
3430 4920 3590 4976 etiam
3613 4922 3749 4985 bea-

2153 4992 2373 5052 tissimze
2400 5000 2671 5056 memoria:
2710 5002 3027 5073 Ambrosius
3056 5002 3307 5065 Ecclesiae
3331 5010 3746 5074 Mediolanensis

2154 5090 2469 5161 episcopus,
2496 5107 2617 5147 cum
2643 5093 2840 5165 Christi
2866 5098 3133 5163 carnalem
3160 5102 3488 5161 nativitatem
3515 5106 3637 5162 ideo
3658 5108 3746 5165 di-

2153 5189 2300 5239 ceret
2324 5191 2597 5253 expertem
2623 5200 2743 5242 esse
2769 5186 2972 5255 delicti,
2989 5189 3111 5261 quia
3142 5203 3435 5267 conceptus
3460 5196 3575 5269 ejus
3603 5201 3748 5257 utri-

2146 5265 2323 5343 usque
2351 5288 2509 5331 sexus
2538 5277 2931 5335 commixtionis
2958 5290 3039 5336 est
3064 5296 3289 5353 expers;
3313 5265 3526 5346 nullum
3556 5298 3747 5350 autem

2154 5363 2430 5421 hominum
2455 5383 2575 5423 esse
2615 5369 2731 5425 sine
2759 5370 2951 5425 delicto
2969 5412 2985 5438 ,
3012 5375 3103 5444 qui
3130 5375 3197 5431 de
3223 5376 3313 5431 illa
3357 5381 3749 5443 commixtione

2152 5466 2443 5530 conceptus
2463 5460 2551 5515 sit.
2577 5459 2709 5516 Nam
2733 5462 2848 5532 ejus
2877 5464 3040 5520 verba
3070 5466 3169 5521 ista
3195 5477 3357 5525 sunt:
3384 5489 3404 5523 ι
3433 5471 3576 5541 Ideo,
3609 5494 3629 5527 ι
3657 5478 3749 5536 in-

2153 5548 2300 5619 quit,
2337 5567 2357 5601 t
2392 5558 2446 5605 et
2470 5551 2621 5621 quasi
2667 5551 2827 5608 homo
2856 5569 2951 5624 per
2981 5557 3227 5616 universa
3258 5570 3493 5622 tentatus
3535 5577 3619 5623 est
3639 5609 3654 5635 ,
3686 5578 3751 5628 et

2220 5704 2237 5735 ι
2262 5704 2625 5813 Anticptissimus
2644 5709 2843 5778 Benign.
2867 5716 2970 5774 Is,
3009 5720 3151 5765 Dm.

2220 5767 2241 5798 ²
2272 5763 2366 5814 Soli
2407 5779 2495 5815 ere
2511 5767 2883 5823 editi.mvent'et.

2937 5842 3062 5902 διεδ-ν
3086 5837 3333 5893 mam
3370 5848 3512 5909 ασθαι
3552 5848 3752 5911 Prm-

2155 5887 2333 5953 eanda,
2355 5902 2518 5954 misso,
2530 5897 2669 5958 atque
2688 5894 2961 5959 glorianda.
