4012 6468
236 495 331 560 445

326 610 680 672 similitudine
703 607 980 668 hominum
1009 605 1198 662 cuncta
1223 593 1474 656 sustinuit
1501 608 1516 648 :
1549 589 1644 648 sed
1668 583 1821 688 quasi

233 683 296 778 de
319 710 513 784 Spiritu
555 715 752 774 natus,
782 698 1036 760 abstinuit
1063 712 1092 752 a
1124 699 1342 766 peccato
1369 687 1555 764 (Hebr.
1584 700 1635 740 tv
1657 725 1670 750 ,
1702 677 1818 750 15).

233 779 408 864 Omnis
435 800 584 860 enim
613 797 779 864 homo
823 792 1048 850 mendax
1078 785 1252 858 (Paul.
1280 798 1381 840 cxv
1400 822 1418 850 ,
1441 779 1500 850 2)
1521 819 1538 846 ,
1567 785 1620 832 et
1661 785 1821 830 nemo

233 901 340 960 sine
363 901 594 972 peccato
611 932 630 960 ,
657 890 758 952 nisi
787 901 926 946 unus
949 885 1114 938 Deus.
1142 877 1422 936 Servatum
1453 880 1536 928 est
1563 869 1720 940 igitur
1739 906 1755 932 ,
1795 882 1815 916 ι

235 961 428 1062 inquit,
472 1005 492 1042 ι
521 995 580 1044 ιιι
606 999 672 1040 ex
699 981 816 1044 viro
845 987 898 1036 et
922 975 1146 1034 muliere
1164 1015 1179 1038 ,
1212 971 1264 1026 id
1284 975 1399 1032 est,
1423 979 1516 1036 per
1543 961 1684 1018 illam
1706 973 1823 1016 cor-

298 1096 420 1138 rum
454 1075 898 1136 commixtionem
925 1083 1084 1134 nemo
1109 1063 1352 1120 videatur
1377 1069 1568 1128 expers
1590 1067 1707 1108 esse
1729 1049 1824 1104 dc-

237 1144 356 1248 iicti.
389 1171 496 1242 Qui
523 1177 708 1228 autem
735 1176 934 1236 expers
963 1167 1046 1218 est
1073 1154 1288 1220 delicti,
1320 1163 1510 1222 expers
1541 1153 1622 1202 est
1663 1144 1825 1198 etiam

235 1235 542 1340 huiusmodi
567 1255 934 1332 conceptionis
960 1251 1058 1324 (a).
1090 1269 1107 1302 ι
1143 1243 1410 1318 Numquid
1437 1241 1596 1296 etiam
1623 1235 1780 1290 istum
1807 1273 1824 1300 ,

233 1323 554 1436 tiﬁclagiaui
571 1363 622 1410 et
637 1323 1243 1413 le-cstianimudebitis
1261 1337 1442 1392 dicere
1453 1323 1826 1388 Manichmum?

235 1427 374 1522 quod
399 1425 526 1504 cum
570 1443 780 1500 dicebat
805 1454 925 1496 esse
951 1433 1263 1494 Jovinianus
1289 1425 1572 1484 haereticus
1593 1463 1607 1488 ,
1638 1426 1826 1476 contra

236 1519 384 1618 cuius
409 1539 746 1612 impietatem
772 1534 852 1590 vir
895 1531 983 1588 ille
1026 1534 1243 1586 sanctus
1270 1521 1429 1580 etiam
1473 1523 1592 1588 post
1617 1519 1827 1584 partum

239 1602 644 1704 ite-unauentem
671 1623 1028 1698 virginitatem
1059 1623 1257 1673 sanctm
1289 1611 1468 1668 Marias
1490 1602 1826 1662 defendebat.

238 1701 288 1804 Si
309 1739 437 1796 ergo
461 1722 613 1778 illum
635 1717 986 1778 Manicheum
1005 1711 1182 1766 dicere
1205 1721 1308 1762 non
1333 1701 1572 1764 audetis;
1591 1711 1688 1752 nos
1708 1707 1831 1750 cum

239 1793 288 1896 in
308 1787 506 1874 eadem
527 1825 710 1878 causa,
728 1808 916 1866 eadem
937 1802 1202 1862 sententia
1226 1798 1381 1856 tidem
1405 1791 1720 1849 catholicam
1739 1787 1832 1844 de-

241 1883 558 1978 iendamus,
598 1921 694 1962 cur
719 1902 893 1960 dicitis
919 1893 1276 1954 Manichreos?
1309 1893 1412 1946 Aut
1440 1889 1482 1944 si
1507 1895 1562 1943 et
1591 1887 1735 1940 illum
1766 1883 1832 1938 [i-

241 1985 576 2076 delis5imum
603 2001 774 2054 virum
801 1995 904 2048 hoc
931 1988 1222 2048 secundum
1250 1983 1568 2040 Manichmos
1593 1977 1834 2048 sapuisse

241 2073 472 2176 iactatis,
499 2090 720 2162 iactate,
745 2087 962 2156 iactate,
995 2089 1050 2138 ut
1078 2091 1380 2136 mensuram
1419 2069 1680 2130 Joviniani
1709 2083 1834 2138 pera

243 2163 424 2248 iectius
447 2187 468 2219 ί
501 2182 766 2256 impleatis
789 2199 804 2238 :
827 2195 924 2238 nos
945 2192 1066 2234 cum
1094 2175 1186 2232 illo
1214 2172 1426 2228 homine
1454 2167 1546 2222 Dei
1573 2163 1836 2238 patienter

244 2286 416 2335 vestra
436 2252 720 2332 maledicta
741 2281 796 2328 et
814 2269 1050 2326 convicia
1072 2265 1415 2320 sustinemus.
1440 2259 1506 2316 Et
1527 2267 1704 2312 tamen
1725 2252 1836 2308 hac-

245 2369 544 2438 miarches
559 2372 737 2424 vester
753 2360 996 2432 Pelagius
1014 2357 1168 2414 fidem
1193 2361 1246 2410 et
1263 2350 1602 2424 purissimum
1625 2347 1677 2402 iu
1694 2342 1838 2400 Scri-

247 2433 412 2536 pturis
435 2474 658 2518 sensum
685 2457 761 2516 sic
788 2453 968 2510 laudat
993 2446 1295 2510 Ambrosii,
1327 2451 1388 2500 ut
1415 2441 1587 2508 dicat,
1619 2453 1688 2494 ne
1731 2433 1836 2490 ini-

249 2559 440 2614 micum
485 2552 700 2625 quidem
729 2563 918 2618 ausum
943 2559 1064 2600 esse
1106 2535 1518 2612 reprehendere.
1547 2532 1662 2602 Quo
1707 2539 1836 2600 ergo

249 2619 520 2724 progressi
561 2642 768 2700 fueritis
811 2637 1102 2702 attendite,
1133 2641 1185 2690 et
1213 2647 1308 2688 vos
1350 2629 1418 2686 ab
1444 2625 1660 2682 ausibus
1689 2619 1836 2677 Jovi-

250 2711 388 2796 niani
416 2736 638 2800 tandem
675 2730 958 2804 aliquando
987 2726 1252 2784 cohibete.
1281 2718 1534 2792 Quamvis
1563 2716 1649 2772 ille
1681 2711 1840 2770 nimis

252 2833 516 2892 laudando
545 2828 791 2902 nuptias,
819 2834 1015 2882 sanctce
1041 2821 1160 2876 illas
1185 2815 1472 2890 virginitati
1502 2807 1840 2882 adaequavit;

253 2941 302 3008 et
325 2941 504 2988 tamen
529 2925 832 2998 nuptiarum
863 2915 1118 2976 fructibus
1147 2913 1213 2968 ab
1237 2920 1389 2968 utero
1415 2907 1574 2962 ctiam
1607 2901 1838 2958 recenti-

253 3003 348 3082 bus
373 2996 652 3079 Christum
681 3015 999 3074 salvatorem
1029 3017 1084 3068 et
1125 3007 1192 3064 de
1219 3009 1484 3078 potestate
1511 2996 1706 3056 diaboli
1750 3009 1838 3052 rc-

253 3117 588 3188 demptorem
617 3105 978 3168 necessarium
1018 3115 1125 3156 non
1155 3095 1368 3168 negavit
1401 3112 1412 3147 :
1445 3089 1587 3164 quod
1617 3102 1713 3142 vos
1743 3100 1839 3142 nc-

257 3179 418 3286 pus}
435 3213 492 3262 et
517 3203 642 3276 quia
661 3198 812 3258 vobis
833 3210 931 3268 pro
947 3207 1134 3252 eorum
1160 3188 1350 3254 salute,
1369 3183 1458 3256 qui
1485 3179 1721 3238 nondum
1745 3189 1842 3246 pro

257 3268 314 3364 se
335 3268 484 3374 latini
513 3268 770 3372 possunt,
813 3300 868 3350 et
893 3303 990 3362 pro
1017 3285 1140 3344 ﬁdei
1169 3280 1444 3340 catholicae
1485 3268 1844 3336 fundamentis

259 3363 560 3474 resistimus
579 3431 594 3458 ,
621 3383 942 3444 Manichacus
965 3393 1062 3436 nos
1087 3389 1208 3434 esse
1231 3367 1458 3444 iactatis.
1494 3363 1598 3420 Sed
1625 3365 1734 3430 iant
1762 3373 1846 3414 seu

262 3487 472 3562 quentia
499 3481 800 3550 videamus.

589 3573 679 3630 Vl.
710 3545 781 3612 ζ-
811 3566 896 3634 16.
930 3564 1136 3624 Rursus
1168 3556 1363 3630 quippe
1401 3551 1736 3618 interrogans
1763 3540 1848 3638 di:

267 3679 332 3738 cit
359 3692 375 3732 :
411 3693 432 3728 ι
471 3671 644 3740 Quem
671 3665 830 3736 igitur
873 3656 1214 3732 parvulorum
1242 3643 1514 3706 conﬁteris
1533 3635 1850 3694 auctorem?

271 3727 430 3826 Deam
457 3727 644 3820 vcrum
661 3727 727 3814 ᾗ
747 3727 1068 3822 Respondeo
1085 3747 1130 3816 ¹,
1153 3762 1172 3796 ι
1193 3743 1358 3798 Deum
1375 3749 1579 3792 verum.
1607 3750 1626 3782 ι
1647 3727 1852 3784 Deinde

271 3823 536 3938 itibiungit
567 3871 582 3910 :
619 3869 639 3904 ι
677 3847 784 3906 Sed
819 3845 1018 3902 malum
1043 3837 1130 3896 ille
1171 3847 1280 3890 nou
1323 3827 1468 3938 fecit.
1508 3844 1526 3878 ι
1563 3823 1642 3928 Ac
1665 3831 1853 3938 rgrsus

273 3913 596 4020 interrogat,
635 3962 654 3996 ι
695 3951 870 3998 utrum
899 3931 1166 3994 diabolum
1211 3922 1550 3998 parvulorum
1595 3913 1854 3972 conﬁtea-

417 4008 716 4098 au-ctorem.
753 4053 772 4088 δ
805 4031 1114 4096 Rursusque
1139 4016 1461 4092 respondet,
1499 4031 1516 4064 ι
1553 4008 1658 4066 Sed
1697 4015 1856 4062 natu-

275 4155 388 4200 ram
413 4132 650 4196 hominis
675 4129 790 4200 ipse
829 4139 934 4182 non
961 4115 1218 4178 condidit.
1259 4131 1278 4168 ι
1315 4107 1514 4166 Deinde
1545 4103 1697 4200 quasi
1722 4115 1857 4200 con-

475 4235 640 4297 atque
663 4190 824 4280 infert
851 4231 866 4269 :
905 4233 924 4266 ι
960 4211 1018 4268 Si
1060 4207 1198 4264 mala
1227 4199 1534 4260 commixtio
1557 4238 1572 4262 ,
1603 4190 1860 4298 deformis

277 4283 592 4384 gtweonditib
619 4323 902 4384 corporum
923 4349 938 4376 ,
977 4313 1030 4362 et
1073 4301 1194 4358 ideo
1218 4308 1442 4366 corpora
1467 4304 1679 4362 quoque
1721 4283 1862 4340 malo

279 4379 394 4474 ate
413 4379 738 4482 deputantur
775 4398 998 4460 auctori.
1037 4415 1056 4448 ι
1091 4393 1188 4450 Cui
1225 4384 1525 4482 respondeo
1559 4400 1572 4436 :
1604 4379 1740 4436 Malo
1765 4392 1863 4432 au-

285 4471 416 4565 ctori
445 4471 780 4568 nondeputo
805 4505 1050 4561 corpora,
1081 4482 1176 4542 sed
1205 4479 1420 4542 delicta,
1452 4471 1680 4545 quorum
1705 4481 1866 4526 causa

507 4601 594 4650 est
615 4561 680 4656 ui,
699 4601 820 4644 cum
843 4584 898 4640 in
920 4575 1254 4652 corporibus,
1280 4569 1386 4626 hoc
1411 4577 1512 4634 est,
1539 4567 1596 4620 in
1625 4561 1714 4656 Dei
1739 4574 1869 4656 cpe-

287 4648 934 4754 ribuztotum'plaecret,
965 4648 1230 4724 accideret
1255 4671 1434 4746 tamen
1459 4654 1694 4712 masequ
1720 4659 1774 4708 et
1793 4648 1872 4707 l‘e—

473 4772 616 4848 quod
647 4741 902 4840 puderet;
934 4769 991 4814 ut
1028 4773 1134 4816 non
1184 4741 1338 4810 esset
1369 4745 1677 4806 commixtio
1705 4741 1874 4814 qualis

293 4831 621 4939 $8.3m
647 4831 700 4918 in
743 4867 970 4926 corpore
1007 4849 1128 4904 vita:
1157 4845 1332 4908 illius,
1364 4837 1458 4896 sed
1486 4835 1696 4908 qualem
1724 4831 1875 4888 vide-

293 4977 414 5022 mus
450 4923 930 5016 erubescentes—in
972 4953 1195 5011 corpore
1231 4932 1422 4992 mortis
1467 4929 1642 4998 hujus.
1682 4943 1700 4978 ‹
1739 4923 1876 4979 Deus

301 5069 444 5122 vero,
483 5070 504 5104 ι
539 5045 730 5116 inquit,
767 5060 786 5094 ι
823 5036 1004 5094 divisit
1031 5033 1084 5088 in
1115 5045 1270 5096 sexu,
1299 5021 1439 5096 quod
1485 5020 1538 5074 iu
1567 5014 1879 5090 operatione

301 5115 662 5219 coniungeret.
693 5134 775 5192 Ab
801 5132 920 5204 ipso
963 5127 1120 5197 igitur
1166 5115 1473 5176 commixtio
1501 5123 1782 5219 corpor‘um
1803 5148 1816 5172 ,
1851 5119 1882 5159 a

305 5199 417 5313 qut;
429 5199 524 5294 es:
535 5231 686 5302 origo
725 5199 1030 5294 corporum.
1067 5235 1083 5269 ι
1121 5214 1237 5270 .lam
1278 5223 1436 5278 supra
1467 5199 1841 5313 respondimus
1865 5238 1879 5260 ,

305 5290 418 5392 ita:
435 5290 510 5386 ex
529 5290 650 5382 Det;
665 5290 932 5380 essm-sed
960 5323 1068 5364 non
1098 5304 1368 5364 delictum,
1391 5311 1496 5352 non
1523 5290 1882 5348 membrorum

311 5389 720 5482 inobedieutiam
748 5423 845 5479 per
885 5400 1062 5460 carnis
1089 5389 1606 5464 concupiscentiam,
1633 5397 1752 5452 quae
1782 5395 1888 5434 non

311 5477 637 5574 estaPatre.
663 5477 862 5560 Deinde
891 5494 1054 5552 dicit:
1085 5510 1104 5544 ι
1131 5489 1234 5546 Tot
1259 5499 1384 5554 ergo
1406 5495 1581 5538 rerum
1605 5477 1887 5536 bonarum,

315 5607 366 5663 id
391 5611 492 5671 est,
513 5609 824 5668 corporum,
853 5599 1096 5650 sexuum,
1129 5575 1557 5648 coniunctionum
1588 5567 1758 5622 malos
1779 5564 1892 5618 fru-

313 5707 428 5756 etus
451 5655 576 5753 esse
603 5655 708 5746 non
737 5697 912 5756 posse,
932 5691 1032 5734 nec
1056 5673 1304 5730 homines
1327 5667 1396 5724 ob
1424 5666 1528 5720 hoc
1555 5677 1587 5718 a
1615 5661 1726 5716 Deo
1755 5655 1891 5720 ﬁeri,

301 5873 308 5884 .
381 5835 402 5867 ι
437 5829 628 5902 Aliquot
645 5831 752 5874 Ms.
769 5807 1291 5926 omitmultagerfccrim
1319 5817 1336 5857 :
1361 5805 1498 5870 cuius
1517 5802 1624 5852 loco
1647 5795 1899 5862 Benignita-

317 5907 408 5926 ης..
437 5898 671 5926 “meum
693 5897 723 5926 ρ
739 5891 942 5926 remoue
1061 5879 1129 5926 et.
1146 5871 1372 5926 defectus.

317 5907 410 5946 nus
437 5871 942 5953 sapiumeregione
961 5871 1130 5953 habet,
1146 5871 1372 5932 defectus.

383 5941 409 5989 ἶ
437 5941 581 6016 apud
591 5958 700 6016 nov.
728 5941 1003 6016 Respondet.

387 6019 456 6084 (α)
475 6008 766 6066 ’Λιιὼτοδιιιε
787 6008 836 6056 in
858 6008 1032 6054 laniatu.

1494 479 1506 490 ‘
1595 468 1800 530 LIBER
1834 461 2211 525 SECUNDUS.

3406 453 3512 516 μϐ

1925 585 2040 634 uta
2067 575 2298 644 diabolo,
2327 575 2463 632 sicut
2490 573 2643 644 dicis,
2680 589 2700 626 ι
2733 567 2924 648 inquit,
2962 587 2982 624 ε
3018 567 3255 642 legitimo
3280 569 3399 640 iure
3426 575 3510 626 te-

1928 680 2173 730 neantur.
2213 690 2234 724 ι
2267 669 2382 726 Jam
2430 668 2626 724 dictum
2672 673 2793 734 est,
2833 678 2940 720 non
2989 677 3083 720 eos
3131 661 3252 717 ideo
3300 661 3510 730 teneri,

1928 755 2052 836 quia
2093 761 2340 819 homines
2379 769 2540 826 sunt,
2583 757 2726 832 quod
2765 763 2967 814 naturae
3003 769 3198 812 nomen
3243 761 3365 820 est,
3413 767 3514 809 cu-

1924 855 2012 928 ius
2059 864 2243 912 auctor
2288 851 2529 908 diabolus
2570 865 2680 906 non
2725 857 2845 916 est;
2894 847 2988 904 sed
3035 847 3158 920 quia
3204 853 3516 920 peccatores

1929 955 2092 1018 sunt,
2136 945 2278 1020 quod
2321 945 2490 1018 culpae
2534 957 2730 1000 nomen
2773 949 2893 1012 est,
2937 940 3090 1014 cuius
3132 937 3372 998 diabolus
3416 954 3514 994 au-

1931 1051 2046 1100 (ξιον
2075 1052 2173 1098 ρει.

2002 1131 2226 1190 CAPUT
2256 1129 2368 1188 VII.
2401 1159 2469 1171 -—
2499 1129 2586 1186 l7.
2615 1127 2722 1184 Sed
2750 1125 2888 1184 inter
2911 1130 2992 1182 tot
3015 1123 3232 1182 nomina
3255 1121 3516 1182 bonarum

1933 1219 2109 1282 rerum
2132 1266 2146 1291 ,
2178 1221 2231 1280 id
2259 1229 2373 1292 est,
2405 1227 2687 1293 corporum
2707 1262 2720 1286 ,
2751 1231 2973 1275 sexuum
2994 1259 3010 1285 ,
3039 1215 3474 1285 coniunctionum
3495 1254 3516 1282 ,

1933 1316 2204 1400 libidinem
2243 1314 2328 1370 vel
2359 1310 2839 1384 concupiscentiam
2867 1308 3044 1364 carnis
3069 1307 3170 1364 iste
3207 1319 3314 1362 non
3341 1303 3520 1360 nomi‘

1933 1393 2042 1462 nat.
2072 1407 2255 1474 Tacet,
2284 1403 2404 1477 quia
2429 1403 2592 1476 pudet
2621 1421 2632 1456 :
2666 1411 2718 1457 et
2743 1401 2876 1456 mira
2907 1398 2973 1472 (si
3003 1397 3108 1454 dici
3133 1393 3328 1469 potest)
3354 1395 3521 1468 pudo:

1935 1501 2008 1556 ris
2053 1499 2378 1570 impudentia
2400 1541 2414 1565 ,
2442 1495 2582 1568 quod
2615 1495 2891 1550 nominare
2929 1491 3127 1564 pudet,
3171 1489 3388 1545 laudare
3411 1501 3521 1546 non

1935 1591 2116 1664 pudet.
2141 1590 2381 1661 Denique
2407 1589 2531 1644 vide
2552 1631 2565 1652 ,
2593 1583 3038 1660 quemadmodum
3072 1581 3240 1654 magis
3264 1593 3381 1637 eam
3411 1581 3520 1636 cir-

1937 1681 2326 1753 cumloquendo
2343 1679 2590 1734 maluerit
2605 1675 2920 1748 signiﬁcare,
2941 1689 3099 1746 quam
3114 1673 3313 1728 dicere.
3335 1689 3356 1724 ι
3375 1669 3522 1726 Post.

1937 1789 2098 1846 quam
2124 1781 2298 1829 autem
2327 1771 2428 1836 vir,
2471 1791 2489 1822 ι
2523 1767 2712 1838 inquit,
2750 1785 2770 1819 ‹
2806 1765 3032 1821 naturali
3063 1763 3298 1836 appetitu
3322 1775 3524 1833 cogno-

1939 1867 2014 1922 vit
2035 1881 2275 1922 uxorem.
2319 1885 2336 1917 ι
2371 1863 2513 1920 Ecce
2539 1863 2729 1916 iterum
2761 1859 2942 1915 dicere
2966 1855 3157 1924 noluit,
3184 1854 3372 1910 Carnis
3397 1867 3526 1910 con-

1940 1961 2264 2031 cupisccntia
2295 1957 2545 2029 cognovit
2571 1967 2790 2010 uxorem
2811 1951 2952 2020 ;'sed
2973 1991 2988 2012 ,
3023 1965 3042 2000 ι
3081 1945 3344 2012 naturali,
3383 1963 3403 1998 ι
3437 1945 3526 2000 iu-

1941 2053 2086 2124 quit,
2123 2069 2144 2104 ι
2183 2050 2415 2122 appetitu
2449 2067 2462 2102 :
2503 2067 2522 2100 ι
2555 2046 2646 2102 ubi
2692 2043 2865 2100 adhuc
2909 2055 3191 2114 possumus
3233 2035 3529 2109 intelligere

1941 2145 2110 2217 ipsam
2135 2145 2462 2199 voluntatem
2505 2141 2699 2210 iustam
2727 2147 2780 2194 et
2805 2137 3084 2192 honestam
3104 2175 3119 2200 ,
3147 2147 3250 2204 qua
3273 2132 3438 2188 voluit
3463 2129 3530 2187 ﬂ-

1943 2235 2043 2292 lios
2081 2249 2400 2308 procreare;
2433 2249 2536 2288 non
2579 2231 2721 2287 illam
2749 2229 3022 2286 libidinem
3044 2270 3058 2295 ,
3101 2225 3168 2282 de
3191 2239 3294 2297 qua
3323 2224 3422 2280 iste
3450 2223 3530 2280 sic

1943 2327 2232 2395 erubescit,
2262 2335 2320 2382 ut
2345 2325 2591 2396 ambigue
2613 2323 2629 2356 ί
2663 2321 2816 2378 nobis
2843 2319 2986 2390 loqui
3016 2317 3186 2382 malit,
3217 2329 3375 2386 quam
3401 2327 3528 2386 per-

1944 2421 2124 2492 .spieue
2150 2419 2289 2492 quod
2317 2419 2478 2476 sentit
2497 2417 2815 2488 exprimere.
2850 2411 2988 2482 Quid
3015 2419 3096 2466 est
3129 2428 3148 2462 ‹
3187 2405 3412 2463 naturali
3437 2421 3533 2478 ap-

1945 2515 2148 2588 petitu?
2187 2533 2204 2568 ι
2241 2515 2434 2568 Annon
2459 2519 2512 2567 et
2537 2511 2672 2567 velle
2696 2523 2816 2566 esse
2860 2507 3099 2572 salvum,
3129 2511 3182 2559 et
3205 2503 3344 2560 velle
3387 2503 3534 2572 ipsos

1945 2611 2216 2682 Suscipere
2235 2650 2249 2674 ,
2279 2607 2482 2661 nutrire
2503 2647 2516 2670 ,
2545 2603 2760 2660 erudire
2784 2601 2916 2656 filios
2936 2643 2950 2666 ,
2975 2597 3229 2654 naturalis
3263 2603 3342 2650 est
3365 2608 3532 2664 appe-

1947 2703 2106 2770 titus,
2141 2701 2384 2772 idemque
2411 2697 2631 2754 rationis
2657 2703 2772 2762 est,
2817 2709 2923 2750 non
2967 2687 3240 2745 libidinis?
3277 2685 3381 2742 Sed
3408 2685 3534 2756 quia

1947 2793 2106 2866 huius
2147 2793 2390 2848 novimus
2417 2789 2762 2846 intentionem
2788 2829 2801 2854 ,
2841 2784 2962 2840 ideo
2991 2797 3096 2837 non
3123 2795 3243 2836 eum
3283 2785 3536 2850 putamus

1947 2885 2030 2943 his
2056 2885 2232 2944 verbis
2251 2928 2264 2952 ,
2296 2885 2396 2940 nisi
2425 2881 2699 2940 libidinem
2727 2875 3089 2934 membrorum
3121 2869 3429 2946 genitalium
3456 2867 3535 2924 sl-

1949 2979 2198 3052 gnilicare
2217 2978 2472 3033 voluisse.
2495 2975 2681 3031 Nonne
2704 2971 2795 3028 tibi
2825 2969 3069 3025 videntur
3087 2967 3206 3021 haec
3228 2963 3388 3022 verba
3411 2961 3537 3018 l'olia

1950 3051 2069 3131 esse
2097 3073 2319 3128 ﬁculnea
2341 3073 2396 3134 ',
2428 3069 2525 3125 sub
2551 3067 2738 3142 quibus
2759 3065 2915 3129 latet,
2945 3060 3071 3134 quid
3094 3057 3234 3115 aliud
3254 3101 3268 3126 ,
3299 3071 3456 3128 quam
3483 3051 3539 3110 id

1949 3165 2094 3237 quod
2121 3165 2317 3237 pudet?
2347 3165 2424 3220 lta
2447 3163 2641 3233 quippe
2669 3163 2768 3215 iste
2799 3157 2899 3214 sibi
2925 3149 3414 3212 circumlocutionis
3439 3148 3541 3204 hu-

1947 3259 2035 3328 ius
2061 3257 2332 3313 obstacula
2352 3299 2366 3324 ,
2397 3257 2532 3312 sicut
2559 3255 2632 3308 illi
2657 3249 3008 3307 succinctoria
3029 3249 3370 3302 consuerunt.
3399 3239 3541 3298 Con-

1954 3357 2100 3405 texat
2124 3359 2175 3404 ct
2201 3349 2340 3404 dicat
2361 3347 2380 3379 ³
2406 3367 2417 3401 :
2450 3366 2468 3399 ι
2499 3345 2784 3414 Postquam
2811 3351 2986 3396 autem
3013 3341 3095 3392 vir
3125 3333 3351 3391 naturali
3374 3347 3543 3404 appe-

1953 3439 2056 3496 titu
2081 3439 2330 3512 cognovit
2358 3451 2578 3492 uxorem
2601 3478 2615 3502 ,
2649 3433 2775 3488 dicit
2800 3431 3070 3502 Scriptura
3095 3427 3270 3482 divina
3303 3441 3317 3478 :
3350 3424 3541 3478 Conce-

1957 3535 2030 3606 pit
2061 3511 2172 3587 Evn
2187 3575 2201 3600 ,
2231 3543 2276 3586 et
2305 3529 2492 3602 peperit
2519 3527 2681 3602 ﬁlium
2701 3567 2716 3590 ,
2748 3533 2794 3579 et
2831 3521 3020 3580 uocauit
3045 3535 3226 3574 nomen
3259 3515 3366 3588 ejus
3391 3511 3544 3572 Cain.

1957 3603 2062 3678 Sed
2101 3621 2246 3694 quid,
2287 3641 2305 3674 ι
2341 3619 2533 3692 inquit,
2572 3637 2591 3670 ι
2628 3615 2755 3672 dicit
2783 3613 2971 3682 Adam,
3000 3610 3276 3666 audiamus
3309 3623 3322 3661 :
3355 3603 3544 3676 Aequi-

1957 3715 2050 3774 sivi
2077 3715 2324 3770 hominem
2347 3730 2434 3786 per
2451 3711 2614 3766 Deum
2631 3707 2783 3782 (Gen.
2811 3724 2882 3774 tv,
2905 3705 2980 3778 l).
3003 3701 3153 3761 Unde
3179 3707 3388 3758 constat
3410 3711 3546 3770 opus

1957 3807 2055 3864 Dei
2080 3821 2391 3878 esse,quem
2417 3820 2514 3877 per
2539 3803 2706 3859 Deum
2735 3799 3050 3874 acquisitum
3074 3795 3345 3867 Scriptura
3368 3791 3548 3848 divina

1961 3907 2208 3956 testatur.
2241 3920 2258 3954 ι
2284 3899 2413 3968 Quis
2438 3899 2562 3952 hinc
2589 3893 2826 3952 dubitet?
2844 3893 2960 3966 quis
2991 3891 3093 3947 hoc
3119 3897 3297 3962 neget,
3317 3887 3550 3944 maxime

1963 3993 2259 4050 catholicus
2285 3989 2646 4047 christianos?
2675 3989 2819 4060 Opus
2845 3987 2936 4043 Dei
2966 3993 3048 4040 est
3074 3985 3234 4040 homo
3265 3998 3279 4034 :
3314 3977 3408 4036 sed
3433 3991 3551 4034 car-

1965 4089 2047 4143 nis
2089 4083 2516 4157 concupiscentia
2538 4125 2551 4149 ,
2582 4083 2696 4137 sine
2720 4095 2857 4154 qua,
2889 4078 2934 4132 si
2961 4085 3235 4148 peccatum
3279 4087 3386 4128 non
3413 4083 3552 4142 prae-

1967 4179 2256 4246 cessisset,
2311 4175 2610 4244 tranquilla:
2659 4171 2919 4228 voluntati
2976 4165 3345 4224 obedientibus
3395 4157 3554 4218 sicuti

1969 4279 2161 4326 cmtera
2217 4265 2454 4322 membra
2513 4263 2869 4334 genitalibus,
2933 4257 3285 4314 seminaretur
3339 4253 3547 4320 homo,

1971 4377 2080 4418 non
2125 4369 2207 4416 est
2251 4374 2282 4414 a
2327 4357 2523 4426 Patre,
2570 4353 2662 4410 sed
2701 4369 2769 4409 ex
2811 4350 3008 4406 mundo
3049 4357 3131 4404 est
3178 4345 3236 4418 (1
3277 4345 3431 4399 Joan.
3479 4361 3556 4416 ιι,

1973 4449 2103 4522 l6).

2047 4541 2136 4599 18.
2165 4539 2359 4596 Verum
2399 4551 2539 4592 nunc
2561 4578 2574 4602 ,
2618 4535 2839 4590 obsecro
2878 4539 2966 4600 te,
3006 4527 3163 4600 paulo
3189 4523 3440 4580 attentius
3477 4523 3562 4578 in-

1977 4645 2128 4694 tuere
2150 4677 2164 4702 ,
2205 4631 2346 4704 quod
2385 4644 2580 4686 nomen
2607 4625 2630 4660 δ
2656 4625 2955 4687 invenerit,
2983 4635 3090 4694 quo
3113 4633 3300 4675 rursus
3328 4617 3566 4690 operiret

1981 4719 2124 4793 quod
2153 4701 2418 4775 erubescit
2457 4713 2685 4784 aperire.
2719 4730 2738 4762 ε
2771 4707 3038 4765 Genuerat
3063 4705 3205 4760 enim
3231 4717 3384 4772 eum,
3424 4720 3442 4754 ι
3477 4701 3564 4754 in-

1982 4811 2096 4884 quit
2120 4852 2135 4878 ,
2184 4827 2202 4861 c
2243 4807 2410 4863 Adam
2443 4803 2674 4874 potentia
2701 4799 3062 4870 membrorum
3083 4839 3097 4862 ,
3124 4809 3232 4850 non
3259 4793 3557 4849 diversitatt

1883 4903 1896 4926 '
1983 4905 2317 4961 meritorum.
2344 4919 2363 4952 ι
2396 4895 2534 4965 Quid
2559 4893 2770 4959 dixerit,
2807 4909 2826 4943 ‹
2849 4889 3154 4946 diversitate
3178 4887 3510 4950 meritorum,
3539 4901 3560 4938 ι

1987 4995 2158 5052 fateor
2181 5005 2288 5046 non
2316 4988 2554 5060 intelligo
2589 5005 2601 5041 ε
2631 4983 2726 5042 sed
2750 5027 2764 5052 ,
2808 5002 2828 5038 ι
2861 4983 3092 5054 potentia
3119 4979 3476 5034 membrorum
3497 5015 3512 5044 ,
3542 4993 3562 5030 ι

1989 5085 2184 5152 credo,
2215 5081 2348 5138 illud
2373 5081 2538 5136 voluit
2567 5079 2749 5133 dicere
2773 5119 2786 5142 ,
2835 5073 2976 5145 quod
3001 5072 3163 5144 pudet
3190 5070 3463 5134 evidenter
3491 5067 3548 5122 di

1991 5197 2133 5238 cere.
2167 5175 2350 5232 Maluit
2374 5173 2514 5229 enim
2545 5171 2724 5226 dicere
2747 5210 2763 5236 ,
2799 5186 2819 5220 ι
2857 5165 3214 5222 membrorum
3247 5163 3477 5234 potentia
3499 5201 3512 5226 ,
3547 5176 3566 5211 ι

1993 5287 2150 5345 quam
2171 5314 2184 5337 ,
2213 5269 2387 5324 carnis
2412 5261 2861 5334 concupiscentia.
2904 5259 3086 5322 Plane,
3121 5255 3454 5312 etiamsinon
3483 5265 3574 5306 co-

1994 5343 2179 5436 gitavit
2203 5404 2217 5428 ,
2265 5356 2579 5428 signiﬁcavit
2625 5351 2822 5424 aliquid
2848 5394 2863 5417 ,
2909 5349 3048 5422 quod
3079 5349 3143 5402 ad
3173 5361 3286 5402 rem
3314 5343 3578 5415 pertinere

1997 5431 2255 5510 videatur.
2311 5447 2445 5517 Quid
2491 5445 2634 5502 enim
2693 5443 2961 5514 potentius
3011 5437 3264 5494 membris
3315 5431 3576 5498 hominis,

2001 5545 2211 5618 quando
2241 5557 2344 5596 non
2373 5540 2614 5600 serviunt
2635 5535 2898 5592 voluntati
2925 5530 3152 5586 hominis
3172 5529 3195 5580 ’ὲ
3239 5527 3367 5594 Quae
3395 5534 3576 5580 tamen

2002 5638 2104 5696 etsi
2139 5635 2410 5690 frenentur
2457 5626 2804 5700 temperantia
2827 5623 2911 5680 vel
2937 5618 3260 5677 continentia
3286 5657 3302 5684 ,
3329 5629 3458 5672 usus
3481 5629 3582 5672 eo-

2087 5789 2106 5822 ³
2121 5795 2170 5836 In
2190 5793 2317 5844 Mss,
2341 5778 2708 5846 pro,_a'mbt'gue,
2729 5777 2926 5846 legitur,
2951 5771 3182 5836 mnln'guo.

2085 5851 2106 5882 ³
2123 5857 2221 5896 Am.
2245 5836 2317 5894 Er:
2341 5836 2394 5894 et
2415 5836 2726 5910 pluresjtssg
2747 5836 2978 5902 ﬂoulnew.

2081 5911 2102 5942 ³
2125 5917 2248 5968 Lov.,
2274 5903 2538 5956 conteiritct
2559 5903 2690 5954 dial.

2083 5971 2107 6005 δ
2122 5978 2248 6031 t.ov.,
2271 5979 2438 6019 nomen
2459 5973 2642 6015 nomn.
