4012 6516
426 430 534 493 M7

427 563 548 606 rum
575 547 921 621 aliquantum,
952 554 1130 602 motus
1156 553 1330 600 tamen
1358 560 1544 601 eorum
1583 559 1688 600 non
1713 555 1798 602 est
1825 545 1876 599 in
1907 544 2010 600 ho-

427 642 588 698 minis
618 649 894 712 potestate.
941 637 1136 694 Genuit
1159 653 1288 708 ergo
1312 636 1483 693 Adam
1509 637 1647 693 tilios
1674 637 1794 704 hac,
1828 645 1885 691 ut
1911 636 2013 692 iste

427 731 586 797 dicit,
639 751 658 784 ι
693 732 1051 786 membrorum
1085 749 1103 782 ι
1139 744 1356 786 suorum
1394 749 1411 781 ι
1449 729 1717 800 potentia,
1756 747 1775 782 ι
1817 728 1884 784 de
1908 743 2014 799 qua

427 823 735 894 priusquam
766 822 886 876 illos
915 821 1182 893 gigneret,
1227 821 1438 877 erubuit
1467 831 1584 892 post
1609 831 1906 892 peccatum.
1952 820 2013 877 Si

427 924 604 968 autem
634 927 742 966 non
771 921 1074 982 peccasset,
1102 928 1211 967 non
1237 927 1330 967 eos
1354 913 1625 983 genuisset
1648 913 2012 968 membrorum

431 1005 699 1078 potentia,
751 1005 845 1062 sed
889 1001 1250 1062 membrorum
1293 1006 1614 1062 obedientia.
1665 1005 1783 1076 Ipse
1818 1006 2013 1076 quippe

428 1108 571 1157 esset
612 1106 836 1168 potens,
883 1108 942 1153 ut
967 1099 1046 1156 eis
1083 1099 1333 1170 subjectis
1374 1099 1646 1154 voluntate
1688 1099 2009 1169 imperaret,

430 1193 476 1246 si
517 1192 803 1262 potentiori
830 1200 885 1248 et
923 1193 1038 1263 ipse
1075 1192 1345 1264 subjectus
1369 1192 1557 1248 eadem
1595 1190 1866 1248 voluntate
1891 1206 2009 1247 ser-

429 1287 582 1343 viret.

493 1378 722 1436 CAPUT
771 1379 902 1434 Vlll.
930 1408 1001 1420 —-
1041 1378 1130 1435 19.
1167 1397 1187 1431 ι
1215 1379 1343 1434 Post
1366 1377 1634 1449 aliquanta
1662 1377 1855 1434 iterum
1885 1377 2014 1434 dicit

425 1468 702 1540 Scriptura
745 1469 923 1524 divina
948 1512 962 1538 ,
999 1489 1017 1523 ι
1065 1469 1276 1539 inquit:
1316 1487 1334 1521 ι
1363 1466 1605 1541 Cagnovit
1642 1467 1808 1523 Adam
1847 1467 2012 1524 Evam

427 1576 638 1616 uxorem
675 1577 850 1628 suam,
892 1570 938 1614 et
957 1561 1212 1630 concepit,
1256 1569 1304 1615 et
1329 1561 1518 1630 peperit
1547 1561 1742 1629 ﬁlium,
1783 1569 1828 1614 et
1857 1576 2008 1615 voca-

423 1651 495 1705 vit
517 1668 699 1707 nomen
737 1653 846 1722 ejus
873 1651 1029 1718 Selh,
1069 1652 1238 1706 dicens
1266 1668 1285 1707 :
1315 1651 1588 1708 Suscitavit
1615 1653 1736 1707 mihi
1757 1652 2008 1710 Dominus

425 1762 596 1801 semen
635 1745 778 1800 aliud
827 1763 918 1816 pro
955 1745 1110 1814 Abel,
1155 1762 1302 1816 quem
1321 1745 1499 1800 occidit
1523 1743 1650 1801 Cain
1682 1764 1703 1799 ι
1733 1744 1883 1820 (Gen.
1925 1763 2003 1815 tv,

427 1837 543 1908 9.5).
595 1838 795 1893 Deinde
849 1838 1029 1906 addit,
1074 1847 1127 1893 et
1168 1838 1338 1894 dicit:
1373 1857 1391 1890 ‹
1418 1838 1501 1893 Ad
1521 1837 1899 1894 documentum
1928 1839 2014 1893 in-

431 1932 601 1988 stituti
617 1933 806 1996 coitus,
831 1932 1002 2001 ipsum
1024 1946 1207 1987 semen
1228 1931 1474 1986 divinitas
1486 1930 1680 1986 dicitur
1694 1932 2007 1988 excitasse.»

425 2024 542 2082 Non
581 2024 846 2080 intellexit
878 2025 1038 2080 homo
1069 2025 1170 2081 istc
1207 2024 1349 2095 quod
1374 2024 1632 2094 scriptum
1657 2033 1740 2078 est
1769 2043 1782 2079 :
1810 2023 2018 2096 putavit

425 2117 569 2175 enim
608 2117 676 2172 ad
722 2116 825 2171 hoc
864 2132 982 2172 esse
1022 2114 1256 2182 dictum,
1308 2116 1582 2171 Suscitauit
1617 2116 1742 2170 mihi
1766 2114 2016 2171 Dominus

424 2228 594 2271 semen
618 2211 762 2265 aliud
784 2227 874 2280 pro
897 2208 1042 2276 Abel,
1075 2217 1133 2264 ut
1152 2208 1460 2265 crederetur
1485 2209 1626 2264 Deus
1655 2207 1731 2263 illi
1753 2207 2017 2264 excitasse

427 2303 704 2360 libidinem
741 2302 968 2358 coeundi
992 2343 1008 2371 ,
1057 2301 1208 2373 cujus
1256 2311 1405 2356 motu
1443 2301 1765 2356 excitaretur
1805 2316 2012 2368 semen,

434 2403 490 2451 ut
511 2394 715 2465 gremio
764 2393 976 2450 feminae
1019 2403 1199 2463 posset
1247 2391 1474 2447 infundi.
1522 2383 1704 2448 Nescit
1743 2407 1850 2448 non
1893 2407 2016 2449 esse

428 2486 630 2544 dictum
653 2487 691 2552 ¹,
715 2485 967 2540 Excitavit
989 2486 1114 2539 mihi
1134 2499 1337 2549 semen;
1359 2484 1479 2551 nisi,
1501 2483 1653 2538 Dedit
1674 2483 1806 2538 mihi
1824 2483 2014 2540 lilium.

429 2576 669 2648 Denique
698 2576 800 2631 hoc
821 2576 989 2632 Adam
1014 2591 1121 2632 non
1149 2576 1284 2630 dixit
1322 2583 1444 2646 post
1468 2575 1666 2631 coitum
1693 2590 1846 2631 suum
1867 2616 1884 2642 ,
1911 2589 2018 2647 quo

429 2683 617 2727 semen
642 2667 853 2732 emisit,
899 2667 992 2723 sed
1027 2675 1147 2737 post
1169 2666 1410 2738 conjugis
1441 2676 1648 2737 partum
1669 2707 1686 2734 ,
1717 2681 1822 2737 quo
1848 2666 2017 2722 lilium

427 2760 543 2819 Deo
566 2761 798 2817 donante
834 2761 1084 2832 suscepit.
1136 2760 1266 2815 Nam
1297 2775 1415 2830 quae
1440 2759 1722 2830 gratulatio
1749 2767 1868 2825 est,
1915 2759 2018 2816 nisi

428 2852 568 2910 forte
611 2853 1014 2909 libidinosorum
1058 2859 1113 2907 et
1149 2865 1303 2905 suum
1330 2866 1424 2905 vas
1454 2850 1510 2904 in
1547 2850 1738 2906 morbo
1767 2850 2020 2920 concupi-

429 2945 671 3012 scentiae,
693 2943 835 3014 quod
865 2951 1006 2998 vetat
1026 2941 1333 3012 Apostolus,
1363 2940 1744 3011 possidentium
1773 2940 2014 3012 (lThess.

430 3050 508 3104 tv,
534 3036 611 3106 5),
643 3037 688 3091 si
711 3051 894 3090 semen
923 3043 1160 3090 extrema
1176 3034 1399 3089 coeundi
1416 3034 1686 3104 voluptate
1707 3033 1954 3090 fundatur
1969 3037 2014 3104 ³,

429 3142 532 3183 nec
570 3137 824 3198 sequatur
866 3136 1156 3197 conceptus
1183 3134 1275 3181 aut
1314 3134 1536 3196 partus,
1583 3127 1675 3182 ubi
1713 3129 2017 3198 nuptiarum

430 3231 589 3273 verus
615 3226 697 3273 est
724 3217 961 3273 fructus?

499 3307 589 3363 20.
618 3307 801 3378 Neque
826 3307 927 3366 hoc
954 3308 1072 3364 ideo
1100 3307 1325 3364 dixerim
1350 3349 1366 3373 ,
1415 3309 1560 3380 quod
1587 3309 1725 3366 alius
1753 3309 2018 3382 putandus

428 3401 501 3457 sit
529 3411 722 3472 praeter
749 3417 1016 3456 summum
1041 3411 1095 3456 et
1119 3417 1304 3457 verum
1333 3401 1532 3468 Deum,
1568 3402 1656 3457 vel
1684 3402 1902 3456 humani
1929 3416 2019 3457 se.

429 3491 590 3548 minis
612 3533 626 3560 ,
672 3493 756 3548 vel
783 3494 948 3563 ipsius
971 3493 1202 3548 hominis
1243 3501 1452 3548 creator
1487 3508 1554 3548 ex
1599 3493 1804 3548 semine
1826 3492 1848 3524 ³
1876 3511 1890 3547 :
1921 3493 2017 3549 sed

431 3580 535 3639 hoc
577 3584 860 3654 tranquilla
887 3584 955 3639 de
983 3584 1201 3639 homine
1230 3583 1530 3640 obedientia
1563 3584 1922 3640 membrorum
1949 3584 2017 3641 ad

428 3685 618 3730 nutum
648 3675 944 3737 voluntatis
988 3675 1222 3739 exisset,
1265 3673 1310 3730 si
1339 3683 1611 3745 peccatum
1650 3691 1754 3730 non
1792 3692 2017 3748 praeces-

429 3769 608 3822 sisset.
647 3764 830 3836 Neque
859 3781 1001 3820 nunc
1039 3767 1210 3837 agitur
1238 3765 1306 3822 de
1344 3777 1530 3824 natura
1573 3770 1793 3826 seminis
1817 3769 1873 3839 δ,
1918 3772 2014 3829 sed

429 3855 500 3912 de
528 3856 674 3911 vitio.
725 3857 820 3911 Illa
846 3858 1040 3927 quippe
1067 3856 1228 3914 habet
1251 3867 1522 3916 auctorem
1563 3862 1765 3928 Deum;
1807 3879 1874 3918 ex
1915 3863 2017 3922 isto

428 3956 606 4004 autem
648 3948 876 4003 trahitur
921 3949 1180 4019 originale
1223 3961 1520 4023 peccatum.
1566 3953 1696 4008 Nam
1737 3954 1783 4009 si
1831 3971 2016 4013 semen

429 4038 605 4109 ipsum
634 4039 840 4094 nullum
871 4040 1032 4096 habet
1058 4039 1276 4110 vitium,
1324 4043 1562 4122 quid’est
1590 4045 1730 4116 quod
1757 4049 2015 4119 scriptum

427 4138 516 4184 est
552 4129 605 4184 in
647 4129 786 4186 libro
829 4130 1114 4201 Sapientia:
1147 4149 1161 4185 :
1197 4130 1320 4188 Non
1361 4135 1601 4206 ignorans
1646 4139 1884 4207 quoniam
1923 4157 2015 4194 ne-

427 4236 581 4290 quam
615 4231 687 4280 est
719 4225 856 4276 natio
893 4223 1135 4291 illorum,
1180 4233 1227 4278 et
1264 4227 1510 4303 naturalis
1537 4228 1732 4282 malitia
1764 4229 2012 4300 ipsorum,

426 4323 478 4370 et
497 4317 734 4386 quoniam
760 4333 858 4370 non
884 4326 1080 4386 poterat
1109 4318 1296 4371 mutari
1318 4319 1552 4390 cogitatio
1579 4321 1785 4375 illorum
1811 4322 1862 4377 in
1899 4340 2016 4394 per-

429 4417 674 4479 petuum;
713 4424 878 4462 semen
903 4408 1036 4463 enim
1063 4409 1084 4441 ⁵
1110 4417 1216 4464 erat
1241 4410 1563 4464 maledictum
1590 4411 1651 4466 ab
1687 4412 1832 4469 initio
1853 4413 2012 4488 (Sap.

426 4516 524 4569 xu,
558 4501 644 4568 l0,
679 4501 808 4573 ll)?
847 4501 1049 4571 Nempe
1073 4502 1140 4557 de
1167 4501 1588 4574 quibuscumque
1619 4505 1763 4561 dicat
1786 4507 1918 4575 ista,
1944 4508 2014 4566 de

427 4587 733 4642 hominibus
760 4584 906 4640 dicit.
948 4587 1227 4655 Quomodo
1253 4598 1336 4643 est
1362 4605 1490 4660 ergo
1524 4590 1811 4661 cujuslibet
1839 4594 2014 4649 homi-

427 4679 512 4735 nis
540 4680 737 4733 malitia
775 4679 1030 4733 naturalis
1055 4670 1109 4735 et
1136 4695 1321 4758 semen
1359 4683 1695 4740 maledictum
1732 4685 1799 4740 ab
1839 4687 2009 4756 initio,

426 4772 530 4830 nisi
556 4771 621 4827 ad
650 4772 777 4828 illud
803 4773 1134 4841 respiciamr,
1161 4775 1302 4846 quod
1326 4793 1413 4846 per
1434 4794 1587 4832 unum
1614 4779 1867 4834 hominem
1891 4798 2007 4851 pec-

428 4874 597 4920 catum
626 4864 827 4918 intravit
852 4865 904 4919 in
941 4866 1185 4921 mundum
1205 4908 1220 4934 ,
1263 4878 1310 4922 et
1339 4886 1428 4936 per
1460 4880 1719 4942 peccatum
1756 4889 1928 4939 mors;
1964 4883 2014 4930 et

426 4956 500 5011 ita
525 4956 579 5010 in
615 4973 784 5011 omnes
813 4957 1038 5012 homines
1075 4960 1390 5029 pertransiit,
1424 4959 1478 5014 in
1502 4977 1602 5031 quo
1640 4979 1809 5018 omnes
1839 4981 2014 5035 pecca-

427 5057 602 5102 verunt
645 5048 815 5118 (Rom.
853 5064 922 5116 v,
964 5047 1098 5120 12)?
1141 5048 1351 5121 Cujus“
1378 5061 1554 5107 autem
1600 5053 1830 5109 hominis
1873 5055 2012 5111 mala

429 5139 679 5212 cogitatio
710 5155 814 5194 non
843 5148 1017 5210 potest
1052 5141 1104 5195 in
1149 5151 1458 5212 perpetuum
1485 5143 1713 5210 mutari,
1763 5146 1864 5202 nisi
1887 5147 2010 5216 quia

429 5244 527 5301 per
570 5245 629 5287 se
658 5230 824 5302 ipsam
867 5246 974 5285 non
1020 5239 1231 5301 potest,
1277 5232 1372 5288 sed
1402 5233 1448 5288 si
1484 5235 1653 5305 gratia
1679 5221 1862 5292 divina
1885 5236 2011 5292 sub-

491 5430 509 5461 ¹
543 5431 624 5479 Hic
645 5431 696 5480 in
717 5429 861 5479 editis
877 5429 1068 5479 additur
1085 5464 1100 5489 ,
1129 5427 1190 5480 ob
1211 5428 1366 5480 aliud.

488 5493 510 5523 ³
542 5500 662 5552 Αιιι.,
688 5489 731 5542 si
751 5504 910 5541 semen
933 5496 1076 5557 extra
1098 5490 1300 5557 coeundi
1320 5489 1604 5557 voluptatem
1643 5492 1890 5556 fwtdatur.
1911 5499 2008 5557 Fax,

424 5552 471 5603 si
484 5551 809 5626 semenextra
823 5551 1033 5626 coeundi
1044 5553 1330 5626 t'oluntatent
1335 5551 1594 5626 fundatur.

487 5615 510 5685 ξ
539 5622 640 5685 Δέιιιι.
663 5621 738 5663 Er.
766 5624 818 5664 et
832 5615 998 5685 plures
1021 5623 1146 5685 Mss,
1163 5615 1367 5685 nonanis
1399 5622 1587 5685 creator
1619 5617 1842 5668 existere.

486 5677 508 5708 ⁸
540 5681 670 5744 Lo_v.,
706 5689 767 5727 ae
799 5683 973 5744 natura
1009 5677 1202 5744 seminis
1245 5677 1458 5728 humani.
1501 5685 1598 5728 Am.
1633 5685 1707 5728 Er.
1753 5687 1805 5730 et
1841 5679 2008 5744 plures

426 5743 554 5798 Mss,
578 5739 641 5789 de
657 5746 830 5788 natura
846 5737 1064 5788 hominis.

479 5801 507 5871 .5
540 5801 675 5872 Editi,
699 5800 1005 5872 seruauenim
1026 5799 1248 5862 illorum,
1274 5802 1448 5862 Abest,
1473 5800 1666 5853 illorum
1690 5817 1717 5853 a
1740 5811 2006 5860 manuscri-

421 5865 518 5926 ptis
542 5870 593 5910 et
615 5875 642 5910 a
657 5865 805 5912 sata-is
824 5863 997 5912 Bibliis.

485 5925 509 5989 9
543 5931 648 5974 ων.
672 5932 722 5975 et
746 5926 1040 5986 posteriores
1056 5932 1242 5979 tantum
1260 5926 1398 5998 editi,
1426 5939 1530 5979 cur.
1621 5982 1623 5984 .

1213 431 1301 487 DE
1338 429 1608 488 NUPTIIS
1645 431 1733 488 ET
1770 426 2374 496 CONCUPISCENTIA,
2415 427 2471 484 S.
2514 428 2880 490 AUGUSTINI

3593 442 3709 505 ιιι

2122 540 2329 606 veniat;
2361 556 2462 613 qua
2491 558 2596 599 non
2627 543 2975 602 subveniente
2997 546 3122 618 quid
3144 557 3274 606 sunt
3297 549 3564 622 homines,
3595 555 3710 616 nisi

2118 631 2260 700 quod
2295 633 2369 687 ait
2396 635 2664 703 apostolus
2689 635 2910 704 Petrus,
2959 636 3107 693 Velut
3139 649 3281 714 muta
3313 644 3558 700 animalia
3585 663 3712 718 pro-

2118 733 2285 776 creata
2309 723 2606 779 naturaliter
2628 727 2681 780 in
2702 728 3044 796 captivitatem
3069 739 3119 785 et
3136 731 3395 788 interitum
3424 736 3442 767 ί
3467 735 3537 808 (ιι
3555 737 3707 796 Petr.

2117 829 2193 884 ιι,
2222 815 2352 886 12)?
2394 810 2558 873 Unde'
2577 833 2683 874 uno
2723 819 2843 876 loco
2870 820 3067 878 Paulus
3109 825 3380 894 apostolus
3419 837 3711 896 utrumque

2117 921 2578 976 commemorans,
2620 920 2675 966 et
2711 911 2843 966 iram
2873 912 2969 969 Dei
2997 927 3118 969 cum
3151 930 3253 986 qua
3303 918 3600 987 nascimur,
3653 928 3714 977 et

2117 1001 2339 1071 gratiam
2383 1015 2485 1072 qua
2521 1002 2809 1058 liberamur
2841 1019 2854 1057 :
2889 1003 2956 1058 Et
2996 1021 3088 1060 nos
3114 1021 3316 1072 omnes,
3361 1007 3568 1078 inquit,
3609 1011 3713 1065 ali-

2115 1092 2320 1164 quando
2361 1098 2638 1148 conversati
2681 1111 2854 1150 sumus
2904 1095 2958 1150 in
2987 1096 3250 1152 desideriis
3292 1100 3463 1154 carnis
3494 1111 3706 1169 nostrte,

2116 1182 2355 1253 facientes
2391 1182 2697 1238 uoluntatem
2735 1173 2902 1239 carnis
2939 1195 2987 1240 et
3023 1185 3347 1254 a/I'ectionum
3365 1205 3388 1255 ;
3423 1198 3470 1244 et
3508 1207 3713 1247 eramus

2118 1285 2302 1329 natura
2339 1276 2436 1346 ﬁlii
2461 1277 2585 1344 iraa,
2627 1277 2757 1332 sicut
2785 1288 2829 1332 et
2856 1279 3039 1332 caeteri.
3088 1277 3225 1334 Deus
3259 1289 3425 1334 autent
3459 1282 3547 1352 qui
3570 1283 3712 1338 dives

2118 1375 2189 1421 est
2228 1368 2282 1420 in
2323 1367 2702 1436 misericordia,
2753 1378 2958 1439 propter
2998 1371 3210 1424 multam
3251 1371 3569 1428 dilectionem
3605 1390 3713 1444 qua

2117 1457 2294 1511 dilexit
2321 1474 2413 1512 nos
2433 1498 2448 1524 ,
2496 1467 2683 1513 etcum
2710 1475 2930 1514 essemus
2966 1462 3152 1516 mortui
3191 1463 3440 1532 peccatis,
3483 1466 3710 1520 convivi-

2115 1549 2286 1617 ﬁcauit
2333 1565 2424 1603 nos
2471 1548 2672 1605 Christo
2697 1592 2712 1616 ,
2777 1552 2925 1620 cujus
2978 1553 3143 1622 gratia
3190 1569 3363 1608 sumus
3413 1556 3539 1609 salvi
3585 1557 3713 1627 facti

2118 1637 2334 1714 (Ephes.
2362 1656 2400 1696 ιι
2421 1682 2435 1709 ,
2466 1641 2546 1713 5).
2590 1641 2729 1710 Quid
2762 1652 2845 1697 est
2894 1658 3020 1713 ergo
3069 1644 3269 1698 malitia
3315 1646 3573 1702 naturalis
3602 1646 3706 1703 ho-

2117 1733 2276 1788 minis
2303 1775 2319 1802 ,
2361 1742 2416 1789 et
2458 1749 2640 1790 semen
2668 1735 3008 1791 maledictum
3034 1737 3101 1792 ab
3129 1737 3280 1793 initio
3301 1778 3317 1804 ,
3359 1747 3414 1794 et
3441 1743 3711 1810 procreati

2119 1827 2434 1883 naturaliter
2475 1828 2529 1883 in
2569 1830 2927 1900 captivitatem
2970 1840 3024 1887 et
3064 1832 3370 1900 interitum,
3419 1842 3474 1889 et
3519 1843 3711 1892 natura

2117 1918 2211 1974 lilii
2247 1920 2384 1976 iraa?
2435 1919 2702 1991 Numquid
2747 1923 2800 1977 in
2831 1921 3001 1977 Adam
3043 1933 3229 1979 natura
3266 1924 3367 1978 ista
3392 1925 3469 1979 sic
3495 1926 3711 1983 condita

2119 2012 2240 2068 est?
2281 2013 2435 2068 Absit
2467 2032 2480 2067 :
2509 2014 2605 2069 sed
2643 2015 2767 2086 quia
2807 2015 2858 2069 in
2890 2015 2984 2071 illo
3009 2016 3222 2083 vitiata,
3272 2018 3351 2073 sic
3394 2033 3492 2089 per
3522 2035 3714 2077 omnes

2113 2105 2225 2176 jam
2253 2106 2565 2162 naturaliter
2591 2107 2826 2163 cucurrit
2851 2117 2905 2162 ct
2920 2110 3102 2175 currit,
3135 2117 3193 2164 ut
3210 2109 3278 2164 ab
3293 2109 3392 2165 hac
3411 2110 3714 2180 perditione

2119 2211 2227 2253 non
2252 2197 2479 2266 liberet,
2509 2199 2610 2255 nisi
2643 2199 2814 2270 gratia
2841 2199 2938 2256 Dei
2967 2216 3062 2270 per
3083 2199 3267 2257 Jesum
3300 2201 3574 2258 Christum
3605 2202 3713 2260 Do-

2119 2288 2322 2344 minum
2353 2299 2614 2346 nostrum.

2193 2379 2421 2437 CAPUT
2451 2380 2544 2436 IX.
2573 2412 2646 2424 —
2675 2382 2764 2438 21.
2793 2382 2929 2451 Quid
2966 2396 3050 2441 est
3073 2400 3200 2456 ergo
3227 2373 3368 2456 quod
3393 2387 3492 2443 iste
3516 2386 3715 2458 adjun-

2119 2474 2197 2545 git
2226 2484 2280 2529 et
2307 2473 2436 2530 dicit
2459 2475 2665 2533 dc‘Noe
2692 2489 2747 2532 et
2773 2477 2893 2533 [iliis
2917 2478 3033 2550 ejus
3056 2520 3072 2545 ,
3117 2479 3259 2549 quod
3291 2498 3310 2531 ‹
3340 2480 3585 2536 similiter
3609 2481 3714 2538 be-

2119 2567 2320 2623 nedicti
2347 2569 2455 2624 sint
2493 2577 2552 2624 ut
2577 2569 2746 2625 Adam
2775 2578 2830 2626 et
2863 2571 2970 2627 Eva
2990 2612 3008 2640 ,
3033 2571 3242 2628 dicente
3270 2572 3382 2628 Deo
3405 2613 3420 2639 ,
3467 2572 3709 2642 Crescite,

2121 2669 2168 2714 et
2193 2651 2642 2732 multiplicamini;
2671 2673 2718 2718 et
2736 2665 2924 2734 replete
2952 2674 3154 2731 terram,
3181 2674 3226 2719 et
3251 2665 3580 2720 dominamini
3597 2668 3714 2738 ejus

2127 2749 2280 2823 (Cen.
2311 2767 2385 2819 ix,
2420 2754 2473 2820 l,
2501 2751 2598 2824 3)?
2631 2773 2651 2806 ι
2704 2754 2908 2823 Quibus
2945 2755 3037 2810 Dei
3065 2752 3242 2811 verbis
3275 2756 3422 2812 addit
3457 2771 3549 2813 sua
3571 2799 3585 2822 ,
3626 2758 3712 2813 di-

2120 2856 2250 2899 cens
2284 2860 2298 2898 :
2337 2862 2356 2897 σ
2401 2843 2655 2915 Voluptas
2681 2861 2806 2917 ergo
2832 2847 2930 2902 ista
2951 2887 2966 2914 ,
3008 2862 3168 2917 quam
3201 2857 3254 2903 tu
3284 2848 3601 2906 diabolicam
3629 2850 3712 2907 vis

2121 2936 2326 3004 videri,
2381 2936 2493 3007 jam
2559 2939 2610 2995 in
2658 2939 2977 3009 supradictis
3030 2941 3345 3012 conjugibus
3391 2943 3709 3012 habebatur,

2122 3043 2240 3099 qua:
2266 3037 2324 3084 ut
2348 3030 2680 3088 institutione
2707 3033 2844 3088 bona
2863 3073 2878 3098 ,
2907 3034 2978 3089 ita
3001 3035 3162 3090 etiam
3185 3035 3556 3093 benedictione
3585 3054 3711 3109 per-

2120 3120 2338 3176 mansit.
2385 3120 2502 3177 Non
2543 3123 2686 3178 enim
2727 3123 3030 3192 dubitatur,
3077 3126 3144 3183 de
3188 3129 3286 3183 hac
3319 3127 3386 3183 ad
3410 3128 3522 3184 Noe
3547 3140 3602 3186 et
3640 3131 3710 3187 ad

2121 3210 2260 3267 ﬁlios
2286 3212 2402 3282 ejus
2432 3228 2720 3284 corporum
2749 3217 3129 3273 commixtione
3151 3217 3352 3274 dictum
3376 3261 3391 3285 ,
3421 3220 3574 3296 cujus
3595 3221 3710 3292 jam

2125 3320 2253 3360 usus
2292 3305 2580 3361 inoleverat
2609 3324 2623 3360 :
2652 3306 2889 3376 Crescite,
2916 3318 2961 3363 et
2981 3311 3407 3380 multiplicamini,
3442 3322 3490 3367 et
3515 3315 3713 3384 replete

2122 3401 2329 3450 terram.
2367 3416 2386 3450 ι
2428 3397 2545 3452 Non
2571 3413 2706 3469 opus
2725 3408 2809 3456 est
2835 3400 3021 3456 eadem
3037 3401 3221 3457 multis
3242 3402 3417 3458 verbis
3442 3413 3710 3474 repetere.

2121 3485 2199 3541 De
2224 3487 2353 3543 vitio
2391 3486 2478 3543 hic
2501 3488 2672 3560 agitur
2696 3531 2712 3558 ,
2755 3505 2862 3560 quo
2898 3501 2981 3546 est
3005 3490 3291 3562 depravata
3322 3501 3510 3548 natura
3540 3495 3708 3565 bona,

2121 3578 2272 3649 cujus
2299 3579 2414 3636 vitii
2447 3589 2633 3637 auctor
2663 3591 2748 3638 est
2774 3581 3057 3651 diabolus;
3084 3599 3192 3639 non
3220 3584 3286 3640 de
3311 3594 3513 3641 natura:
3538 3585 3712 3657 ipsius

2120 3670 2385 3738 bonitate,
2438 3674 2590 3744 cujus
2628 3683 2816 3730 auctor
2845 3685 2928 3754 est
2952 3677 3094 3731 Deus
3128 3694 3142 3730 :
3171 3677 3261 3748 qui
3293 3693 3464 3748 neque
3500 3679 3566 3734 ab
3591 3678 3710 3748 ipsa

2119 3765 2301 3821 vitiata
2321 3766 2711 3839 depravataque
2727 3777 2916 3824 natura
2937 3783 3088 3824 suam
3109 3768 3366 3825 abstinuit
3388 3770 3707 3840 bonitatem,

2121 3867 2181 3914 ut
2222 3857 2455 3928 auferret
2495 3860 2562 3915 ab
2597 3859 2814 3916 homine
2841 3863 2864 3894 ⁸
2893 3861 3300 3930 fecunditatem,
3348 3863 3708 3932 vivacitatem,
3763 3865 3766 3867 λ

2119 3950 2402 4006 sanitatem
2427 3992 2443 4019 ,
2491 3951 2767 4023 ipsamque
2790 3953 3142 4009 substantiam
3173 3956 3336 4009 animi
3361 3964 3417 4010 et
3441 3955 3708 4025 corporis,

2120 4057 2309 4099 sensus
2335 4053 2494 4114 atque
2514 4045 2774 4100 rationem
2797 4085 2812 4110 ,
2844 4045 3117 4114 alimenta,
3148 4048 3491 4116 nutrimenta,
3523 4047 3710 4103 incre-

2119 4144 2302 4190 menta
2327 4150 2340 4199 ;
2374 4135 2462 4204 qui
2491 4135 2652 4190 etiam
2679 4134 2805 4190 facit
2823 4135 2954 4191 oriri
2976 4137 3144 4192 solem
3167 4153 3321 4193 suum
3351 4153 3510 4208 super
3534 4137 3711 4195 bonos

2119 4233 2174 4280 et
2200 4225 2369 4280 malos
2389 4265 2403 4290 ,
2444 4235 2498 4280 et
2521 4225 2655 4296 pluit
2676 4241 2838 4295 super
2861 4227 3034 4297 justos
3063 4237 3118 4283 et
3144 4227 3368 4298 injustos
3399 4228 3612 4299 (Matth.
3643 4245 3705 4296 ν,

2118 4317 2210 4388 45)
2237 4359 2252 4384 ,
2297 4325 2352 4372 et
2395 4317 2651 4389 quidquid
2699 4318 2825 4374 boni
2872 4328 2956 4374 est
3001 4329 3202 4376 naturae
3249 4320 3499 4376 humana:
3531 4336 3562 4376 a
3591 4321 3711 4378 Deo

2118 4407 2290 4475 bono,
2327 4408 2485 4463 etiam
2521 4407 2576 4464 in
2618 4409 2724 4464 illis
2753 4409 3055 4467 hominibus
3084 4411 3108 4444 ³
3134 4413 3224 4483 qui
3249 4428 3358 4467 non
3398 4413 3708 4470 liberabun—

2119 4507 2205 4553 tur
2231 4514 2262 4554 a
2289 4499 2448 4554 malo.
3565 4500 3568 4502 ⁷

2188 4588 2278 4643 22.
2312 4590 2650 4662 Voluptatem
2694 4601 2872 4648 tamen
2903 4593 3002 4650 iste
3026 4604 3082 4650 et
3123 4594 3210 4651 hic
3233 4595 3394 4663 dixit,
3445 4598 3566 4668 quia
3607 4613 3711 4669 po-

2119 4691 2225 4740 test
2249 4683 2487 4754 voluptas
2515 4692 2571 4740 et
2599 4684 2821 4744 honesta
2849 4701 2968 4742 esse
2993 4703 3007 4754 ;
3059 4703 3164 4744 non
3203 4688 3338 4744 dixit
3373 4690 3548 4746 carnis
3576 4705 3712 4747 con-

2116 4775 2502 4846 cupiscentiam
2531 4818 2546 4844 ,
2582 4777 2666 4833 vel
2691 4777 2966 4834 libidinem
2988 4821 3002 4845 ,
3041 4797 3159 4851 quae
3184 4781 3428 4851 pudenda
3453 4791 3536 4838 est
3567 4801 3580 4838 :
3608 4785 3709 4840 sed

2117 4867 2172 4922 in
2212 4869 2661 4939 consequentibus
2703 4871 2912 4941 aperuit
2941 4873 3318 4928 verecundiam
3367 4889 3553 4943 suam,
3603 4891 3710 4932 nec

2117 4959 2456 5017 dissimulare
2501 4964 2673 5033 potuit
2699 4963 2767 5018 ab
2791 4979 2886 5031 eo,
2919 4965 3062 5036 quod
3091 4967 3350 5022 violenter
3375 4968 3488 5037 ipsa
3516 4977 3707 5024 natura

2120 5053 2465 5123 przescripsit.
2500 5073 2519 5106 ι
2557 5055 2624 5110 Ει
2652 5055 2798 5123 illud,
2840 5075 2860 5109 ι
2901 5057 3090 5128 inquit,
3129 5077 3148 5110 ι
3192 5057 3406 5128 Propter
3428 5060 3523 5114 hoc
3540 5061 3707 5114 relin-

2116 5152 2232 5215 quet
2257 5145 2406 5198 homo
2437 5155 2632 5218 patrem
2653 5156 2700 5202 et
2735 5158 2977 5214 matrem,
3023 5159 3070 5204 et
3098 5149 3375 5203 adhaerebit
3399 5152 3549 5206 uxori
3571 5165 3708 5221 suae;

2115 5237 2164 5284 et
2201 5239 2346 5284 erunt
2371 5230 2472 5285 duo
2510 5233 2562 5285 in
2581 5249 2731 5287 carne
2750 5249 2852 5286 una
2889 5252 2907 5285 ι
2944 5232 3094 5306 (Gen.
3127 5249 3184 5300 ιι,
3208 5235 3325 5304 24).
3349 5234 3419 5290 Et
3442 5243 3562 5306 post
3586 5235 3710 5295 haec

2117 5319 2212 5376 Dei
2235 5322 2398 5376 verba
2424 5365 2439 5389 ,
2467 5337 2561 5377 sua
2594 5323 2708 5393 ipse
2732 5324 3098 5394 subjungens:
3133 5343 3152 5377 ι
3190 5324 3259 5380 Ut
3286 5329 3639 5396 exprimeret,
3677 5347 3702 5383 ο

2115 5414 2317 5486 inquit,
2364 5435 2383 5468 ι
2419 5417 2578 5472 iidem
2607 5433 2827 5488 operum
2849 5460 2863 5485 ,
2905 5419 3163 5490 propheta
3197 5435 3365 5493 prope
3405 5421 3706 5494 periculum

2115 5507 2334 5577 pudoris
2381 5511 2623 5566 accessit.
2662 5529 2681 5562 ι
2707 5509 2752 5566 Ο
2780 5519 2964 5582 aperta
3022 5528 3239 5582 prorsus
3285 5523 3340 5570 et
3382 5515 3434 5570 vi
3462 5514 3708 5573 veritatis

2121 5746 2161 5769 ὴ
2178 5686 2390 5769 “uiget
2411 5684 2554 5747 paulo
2574 5684 2697 5735 infra
2723 5693 2832 5738 Lov.
2861 5695 2914 5740 et
2930 5688 3112 5754 aliquot
3131 5695 3260 5753 1138.,
3285 5691 3338 5742 in
3359 5691 3632 5757 captivitate
3652 5699 3708 5746 α

2114 5753 2434 5884 Eligam
2476 5807 2699 5874 plerique
2742 5819 2870 5875 Mss,
2909 5813 3168 5865 hominum.
3207 5819 3528 5881 Benignianus
3547 5819 3655 5872 cod.
3681 5851 3712 5884 ν

2115 5874 2368 5994 ηυῗηέΰίίί,
2392 5942 2520 5994 post,
2547 5932 2830 5995 Iwmiuibus,
2856 5937 3052 6003 addunt,
3076 5947 3161 5990 est.
