4012 6486
244 457 339 523 ιω

247 585 441 637 extorta
466 572 769 633 confessio!
795 568 1061 647 Propheta
1077 585 1228 645 ergo,
1250 580 1308 629 ut
1327 572 1647 645 exprimeret
1663 572 1821 630 fidem

252 686 483 743 operum,
510 684 680 742 prope
699 669 995 742 periculum
1025 668 1241 740 pudoris
1266 669 1511 737 accessit,
1527 668 1648 740 quia
1669 667 1820 735 dixit,

257 763 408 827 Erunt
440 762 548 817 duo
575 764 630 817 in
668 779 823 818 carne
860 778 1001 829 una,
1050 762 1139 817 ubi
1185 762 1616 817 commixtionem
1664 761 1826 817 maris

253 866 302 912 et
322 855 536 911 feminae
562 853 787 924 intelligi
818 854 1007 909 voluit.
1054 853 1271 908 Dicatur
1298 868 1455 909 causa
1481 894 1497 921 ,
1525 868 1622 909 cur
1645 852 1698 907 in
1729 867 1827 908 ex-

252 946 536 1018 primendis
560 945 814 1015 operibus
842 944 973 1011 Dei,
1016 943 1277 1015 propheta
1318 958 1487 1015 prepe
1526 942 1823 1015 periculum

251 1038 460 1111 pudoris
512 1038 820 1095 accesserit.
872 1037 1019 1093 Itane
1062 1052 1192 1093 vero
1241 1036 1470 1092 humana
1516 1052 1679 1107 opera
1724 1051 1827 1108 pu-

250 1131 416 1188 denda
446 1145 570 1185 esse
595 1145 703 1185 non
732 1130 966 1197 debent,
1002 1128 1097 1185 sed
1130 1129 1283 1199 plane
1311 1128 1583 1199 glorianda
1604 1170 1619 1194 ,
1667 1136 1721 1184 et
1748 1127 1829 1183 di-

249 1224 361 1277 vina
393 1221 642 1293 pudenda
682 1222 846 1277 sunt?
896 1221 1044 1277 Itane
1066 1235 1196 1277 vero
1225 1221 1276 1275 in
1306 1220 1616 1292 eloquendis
1654 1229 1707 1277 et
1732 1236 1829 1278 ex-

251 1313 540 1385 primendis
587 1312 840 1385 operibus
888 1312 1023 1379 Dei,
1075 1328 1181 1366 non
1227 1311 1519 1366 honoratur
1554 1310 1832 1383 propheta:

252 1406 327 1460 vel
348 1420 504 1461 amor
514 1405 598 1460 vel
625 1404 797 1471 labor,
820 1403 913 1459 sed
941 1404 1273 1475 periclitatur
1292 1403 1504 1474 pudor?
1529 1402 1664 1470 Quid
1688 1404 1833 1459 enim

254 1496 416 1569 potuit
440 1496 585 1551 Deus
623 1495 798 1551 facere
818 1536 833 1561 ,
866 1493 1008 1567 quod
1037 1494 1156 1565 ejus
1199 1494 1602 1565 praedicatorem
1636 1495 1835 1566 pudeat

255 1585 466 1642 dicere?
517 1585 609 1654 Et,
635 1585 781 1657 quod
808 1594 891 1641 est
929 1586 1142 1657 gravius
1165 1628 1181 1655 ,
1214 1586 1409 1657 pudeat
1439 1585 1709 1643 hominem
1739 1588 1837 1643 ali-

255 1677 399 1746 cujus
422 1675 606 1746 operis
623 1717 640 1743 ,
685 1675 827 1746 quod
853 1690 962 1731 non
986 1675 1148 1732 homo
1166 1716 1183 1742 ,
1214 1675 1309 1732 sed
1334 1676 1475 1733 Deus
1505 1676 1630 1734 fecit
1656 1678 1711 1733 in
1738 1676 1835 1733 ho-

254 1770 435 1826 mine:
464 1782 589 1826 eum
633 1783 822 1824 omnes
861 1768 1080 1839 Opifices
1118 1778 1319 1840 quanto
1349 1770 1367 1802 ί
1390 1779 1614 1841 possunt
1654 1770 1837 1827 labore

256 1870 305 1916 et
328 1858 593 1915 industria
616 1858 670 1914 id
699 1868 877 1930 agant,
901 1875 969 1915 ne
992 1859 1059 1916 de
1079 1861 1190 1915 suis
1210 1860 1461 1931 operibus
1484 1861 1837 1917 erubescant?

258 1950 361 2007 Sed
399 1950 647 2020 profecto
684 1949 813 2005 illud
838 1964 938 2005 nos
965 1952 987 1983 ²
1014 1950 1212 2021 pudet,
1256 1950 1397 2022 quod
1424 1951 1606 2021 puduit
1635 1952 1837 2022 primos

259 2042 373 2097 illos
415 2040 665 2096 homines
688 2082 705 2109 ,
756 2039 967 2111 quando
1018 2041 1265 2112 pudenda
1312 2050 1580 2098 texerunt.
1637 2042 1727 2098 Illa
1757 2051 1840 2099 est

258 2148 411 2205 pinna
441 2132 685 2204 peccati,
728 2133 815 2188 illa
854 2133 1005 2204 plaga
1035 2132 1420 2205 vestigiumque
1454 2133 1699 2205 peccati;
1750 2133 1839 2189 illa

262 2223 508 2282 illecebra
557 2221 833 2295 fomesque
870 2226 1110 2295 peccati,
1157 2225 1248 2279 illa
1276 2225 1361 2280 lex
1389 2225 1447 2281 in
1475 2224 1729 2281 membris
1754 2238 1840 2280 re-

265 2332 505 2389 pugnans
532 2316 637 2387 legi
662 2317 881 2383 mentis,
911 2315 1001 2371 illa
1028 2331 1095 2372 ex
1120 2316 1275 2372 nobis
1301 2316 1433 2387 ipsis
1460 2316 1717 2372 adversus
1741 2329 1841 2372 nos
1888 2338 1893 2341 ·

262 2409 401 2480 ipsos
427 2406 787 2464 inobedientia
809 2449 827 2476 ,
850 2406 1148 2477 justissimo
1170 2408 1501 2478 reciprocatu
1532 2407 1843 2464 inobedien-

264 2498 399 2555 tibus
423 2497 654 2555 reddita.
684 2496 851 2569 Hujus
875 2512 972 2553 nos
995 2497 1181 2569 pudet,
1210 2506 1267 2554 et
1292 2499 1483 2554 merito
1502 2498 1681 2569 pudet.
1706 2497 1841 2553 Nam

265 2591 307 2647 si
330 2590 435 2647 hoc
458 2606 565 2646 non
584 2601 749 2659 esset,
768 2590 895 2662 quid
918 2590 1075 2647 nobis
1095 2599 1239 2647 esset
1256 2591 1531 2662 ingratius,
1560 2590 1685 2662 quid
1709 2590 1844 2647 irre-

265 2682 527 2754 ligiosius,
575 2682 621 2738 si
656 2681 710 2736 in
740 2682 995 2738 membris
1021 2682 1219 2737 nostris
1236 2722 1253 2749 ,
1284 2696 1393 2736 non
1419 2681 1487 2738 de
1511 2681 1640 2737 vitio
1664 2681 1748 2737 vel
1774 2681 1844 2739 de

266 2788 417 2843 pana
443 2781 650 2838 nostra,
683 2771 778 2829 sed
806 2771 874 2827 de
900 2771 995 2827 Dei
1021 2770 1476 2829 confunderemur
1500 2770 1794 2843 operibus?

333 2864 562 2922 CAPUT
599 2863 669 2921 Χ.
709 2894 781 2906 -
822 2863 915 2921 25.
946 2864 1083 2919 Dicit
1109 2864 1270 2920 etiam
1319 2865 1419 2920 iste
1455 2865 1619 2919 multa
1648 2862 1844 2921 frustra

269 2956 335 3013 de
360 2955 635 3012 Abraham
661 2962 717 3011 et
743 2955 893 3024 Sara,
919 2953 1188 3026 quomodo
1218 2969 1287 3011 ex
1312 2952 1725 3024 repromissione
1752 2968 1845 3009 ac-

273 3050 512 3121 ceperint
534 3046 739 3116 ﬂlium;
762 3058 815 3105 et
832 3048 1042 3104 tandem
1068 3048 1549 3119 concupiscentiam
1569 3046 1843 3103 nominat:

269 3156 373 3199 non
403 3151 588 3197 tamen
614 3141 762 3196 addit
789 3142 967 3197 carnis
989 3183 1004 3209 ,
1046 3143 1171 3213 quia
1208 3142 1320 3211 ipsa
1351 3140 1598 3211 pudenda
1633 3148 1736 3197 est.
1787 3140 1845 3195 In

271 3231 716 3301 concupiscentia:
745 3239 922 3287 autem
948 3232 1166 3288 nomine
1197 3230 1482 3301 aliquando
1508 3230 1847 3301 gloriandum

270 3334 346 3381 est
377 3343 393 3381 :
419 3326 545 3396 quia
569 3333 657 3380 est
682 3333 739 3380 et
755 3325 1179 3395 concupiscentia
1205 3322 1426 3395 spiritus
1449 3323 1704 3380 adversus
1731 3338 1850 3380 car-

274 3431 388 3471 nem
418 3415 617 3488 (Galat.
652 3431 688 3471 v
708 3456 725 3479 .
756 3416 846 3485 l7)
871 3456 887 3481 ,
936 3423 1021 3471 est
1044 3424 1100 3471 et
1121 3415 1550 3486 concupiscentia
1577 3415 1849 3485 sapientiae

277 3511 428 3582 (Sap.
456 3526 512 3566 vl
533 3552 551 3579 ,
582 3510 698 3583 2i).
736 3510 825 3565 Ait
852 3525 979 3581 ergo
1009 3528 1025 3565 :
1061 3528 1081 3562 ‹
1114 3509 1275 3566 Certe
1304 3509 1440 3566 banc
1466 3509 1849 3579 concupiscen-

274 3601 393 3657 tiam
424 3604 544 3658 sine
572 3617 675 3673 qua
702 3601 846 3656 nulla
865 3600 1162 3657 fecunditas
1181 3609 1263 3657 est
1285 3642 1301 3669 ,
1324 3601 1519 3655 malam
1543 3600 1565 3631 ³
1599 3600 1852 3655 naturali-

277 3702 352 3749 ter
377 3694 616 3751 delinisti
648 3712 663 3748 :
695 3694 838 3750 unde
861 3709 990 3766 ergo
1020 3710 1117 3765 per
1143 3694 1342 3750 donum
1369 3694 1592 3751 caeleste
1617 3696 1671 3751 in
1694 3694 1846 3752 seni-

275 3784 369 3841 bus
395 3785 695 3842 excitatur?
751 3786 944 3841 Astrne
985 3786 1095 3856 jam
1136 3785 1271 3851 hoc,
1320 3786 1365 3840 si
1391 3794 1586 3857 potes,
1627 3786 1696 3841 ad
1719 3800 1854 3857 opus

276 3876 467 3933 diaboli
496 3878 765 3947 pertinere
782 3919 799 3943 ,
823 3877 968 3949 quod
996 3878 1161 3933 Deum
1189 3878 1337 3933 vides
1355 3878 1600 3936 conferre
1625 3894 1723 3950 pro
1746 3895 1857 3935 mu-

279 3984 420 4025 nere.
461 3988 482 4023 ι
514 3970 590 4025 lta
614 3970 718 4026 hoc
747 3969 893 4037 dicit,
925 3972 1073 4041 quasi
1094 3972 1525 4043 concupiscentia
1547 3973 1725 4028 carnis
1750 3973 1856 4029 illis

280 4069 396 4116 ante
422 4060 686 4128 defuerit,
723 4070 778 4117 et
814 4060 953 4118 hanc
979 4063 1058 4118 eis
1085 4062 1362 4119 donaverit
1384 4064 1528 4119 Deus
1553 4081 1568 4118 :
1594 4079 1712 4135 quae
1728 4078 1859 4136 pro-
1898 4096 1903 4097 ί

282 4152 361 4206 cul
388 4152 553 4208 dubio
582 4151 761 4208 inerat
790 4153 842 4207 in
876 4167 1101 4224 corpore
1124 4155 1312 4209 mortis
1335 4154 1530 4225 hujus;
1556 4154 1652 4211 sed
1676 4156 1861 4212 fecun-

283 4242 413 4299 ditas
437 4242 645 4311 defuit,
690 4243 841 4313 cujus
881 4252 1068 4300 auctor
1095 4254 1178 4301 est
1205 4246 1346 4301 Deus
1370 4285 1386 4312 ,
1432 4254 1488 4301 et
1516 4244 1629 4316 ipsa
1659 4245 1855 4303 donata

288 4344 362 4389 est
398 4334 610 4405 quando
653 4335 822 4389 votuit
866 4336 1024 4390 Deus.
1072 4335 1228 4391 Absit
1270 4345 1451 4391 autem
1492 4344 1550 4390 ut
1594 4335 1856 4405 dicamus,

289 4425 417 4494 quod
446 4439 544 4479 nos
576 4424 784 4495 putavit
810 4438 931 4481 esse
950 4424 1207 4493 dicturos,
1236 4425 1383 4481 Isaac
1402 4426 1518 4482 sine
1545 4424 1861 4483 concubitus

289 4518 457 4573 calore
481 4524 814 4588 generatum.

352 4608 576 4666 CAPUT
602 4608 692 4667 Xl.
716 4638 785 4650 —-
810 4610 899 4666 24.
926 4609 1032 4667 Sed
1058 4610 1172 4682 ipse
1192 4611 1301 4681 jam
1329 4610 1489 4679 dicat,
1508 4626 1673 4684 quare
1698 4613 1863 4669 inter-

291 4702 385 4757 iret
421 4704 597 4757 anima
627 4702 744 4773 ejus
782 4702 850 4758 de
893 4718 1092 4775 genere
1127 4717 1224 4759 suo
1246 4744 1263 4771 ,
1308 4704 1355 4759 si
1389 4704 1735 4762 circumcisus
1776 4705 1863 4761 die

293 4809 389 4849 non
418 4803 561 4851 esset
579 4803 771 4851 octavo
802 4812 817 4848 :
848 4796 977 4866 quid
1008 4796 1121 4867 ipse
1146 4807 1445 4867 peccasset,
1470 4798 1595 4868 quid
1614 4798 1865 4854 oli‘endis-

292 4894 368 4941 set
399 4886 565 4941 Deum
586 4927 604 4954 ,
652 4894 710 4941 ut
732 4885 802 4942 de
834 4885 1007 4942 aliena
1033 4887 1086 4942 in
1112 4902 1171 4943 se
1196 4888 1513 4961 negligentia
1549 4896 1657 4944 tam
1678 4903 1865 4945 severa

292 4978 550 5032 sententia
578 4977 892 5048 puniretur,
925 4978 973 5033 si
994 4978 1197 5034 nullum
1225 4989 1367 5035 esset
1393 4979 1653 5051 originale
1680 4996 1868 5050 pecca-

295 5069 447 5123 tum?
493 5069 570 5125 De
614 5068 1061 5126 circumcidendis
1110 5071 1251 5127 enim
1298 5072 1439 5127 Deus
1480 5073 1557 5127 sic
1597 5072 1868 5129 mandavit

294 5154 577 5214 infantibus
604 5175 618 5212 :
654 5157 916 5213 Masculus
958 5161 1042 5231 qui
1079 5176 1180 5214 non
1214 5160 1595 5215 circumcidetur
1619 5178 1822 5216 carnem
1843 5160 1869 5195 δ

294 5252 525 5323 prcpntii
563 5252 642 5306 sui
669 5261 842 5307 octavo
871 5250 981 5320 die,
1014 5251 1248 5325 disperiet
1276 5254 1447 5308 anima
1475 5254 1580 5324 ejus
1605 5254 1667 5308 de
1693 5270 1870 5325 genere

295 5359 403 5410 suo,
430 5344 549 5417 quia
575 5352 921 5399 testamentum
942 5361 1107 5399 meum
1127 5345 1387 5414 dissipavit
1415 5343 1564 5417 (Gen.
1592 5361 1720 5411 xvu,
1753 5344 1867 5417 14).

297 5432 444 5489 Dicat
467 5435 588 5501 iste,
618 5435 661 5490 si
690 5444 899 5505 potest,
927 5436 1193 5505 quomodo
1222 5450 1354 5507 puer
1377 5436 1465 5491 ille
1493 5444 1870 5491 testamentum

296 5524 387 5581 Dei
413 5526 722 5598 dissipavit,
765 5536 887 5583 octo
906 5526 1137 5595 dierum,
1165 5538 1421 5599 quantum
1448 5528 1513 5584 ad
1542 5529 1712 5598 ipsum
1742 5541 1869 5597 pro-

298 5618 410 5683 prie
437 5618 666 5684 attinet,
694 5618 951 5673 innocens
978 5618 1150 5675 infans
1185 5638 1199 5676 :
1234 5628 1289 5676 et
1325 5627 1501 5676 tamen
1530 5619 1678 5675 nullo
1711 5618 1871 5677 modo

359 5753 506 5784 Ibnﬁ

359 5756 380 5784 ⁸
412 5756 626 5801 Potiores
646 5758 771 5815 Mss,
790 5756 1035 5816 qualum.

358 5814 382 5875 ξ
410 5814 629 5863 Nonnulli
650 5821 779 5875 Mss,
797 5827 941 5865 mare.

362 5873 388 5907 ³
416 5879 545 5934 Lov.,
560 5873 759 5924 malum.

363 5933 389 5966 δ
418 5941 494 5987 Ir.
523 5933 671 6000 Lugd.
695 5945 813 5989 ven.
838 5944 891 5989 et
911 5944 1045 6002 Lov.,
1063 5949 1226 5990 carne.
1292 5945 1349 5990 at.

1581 451 1785 516 LIBER
1819 452 2193 519 SECUNDUS.

3395 457 3502 528 450

1931 573 2073 631 Deus
2093 573 2175 629 vel
2197 581 2377 630 sancta
2397 574 2665 648 Scriptura
2684 570 2738 630 id
2762 572 3089 634 mendaciter
3111 577 3333 637 diceret.
3348 581 3502 641 Tunc

1929 680 2059 737 ergo
2083 665 2357 737 dissipavit
2380 677 2754 726 testamentum
2783 670 2913 741 Dei,
2963 687 3069 728 non
3094 672 3197 730 hoc
3224 673 3291 730 de
3328 674 3502 745 impe-

1930 768 2046 815 rata
2072 760 2508 829 circumcisione,
2558 762 2652 819 sed
2699 763 2826 819 illud
2865 763 2933 821 de
2971 764 3503 837 ligniAprohibitione,

1931 851 2145 922 quando
2173 868 2262 924 per
2294 869 2450 908 unum
2484 854 2732 909 hominem
2768 832 3034 926 peccatum
3060 832 3262 910 irit—ram?
3286 857 3339 911 in
3362 832 3509 914 mutt-

1932 942 2053 998 dum
2076 985 2092 1011 ,
2124 952 2168 998 et
2201 961 2291 1015 per
2314 952 2569 1016 peccatum
2607 962 2779 1012 mors;
2824 956 2870 1002 et
2893 946 2963 1001 ita
2985 947 3037 1002 in
3075 964 3245 1003 omnes
3283 950 3511 1005 homines

1932 1036 2259 1107 pertransiit,
2300 1039 2353 1093 in
2380 1054 2478 1106 quo
2503 1055 2674 1095 omnes
2713 1048 3060 1110 peccaverunt.
3106 1040 3172 1095 Et
3205 1040 3307 1097 hoc
3336 1042 3389 1097 in
3420 1041 3511 1098 illo

1934 1127 2332 1199 significabatur
2355 1128 2559 1199 expiari
2594 1130 2997 1186 circumcisione
3029 1132 3201 1187 octavi
3240 1132 3364 1199 diei,
3408 1132 3512 1189 hoc

1934 1228 2050 1286 est,
2103 1229 2438 1277 sacramento
2477 1220 2785 1277 Mediatoris
2827 1223 2879 1276 in
2908 1236 3071 1278 carne
3108 1224 3315 1278 venturi
3345 1242 3359 1279 :
3389 1223 3514 1294 quia

1935 1323 2030 1380 per
2056 1309 2297 1365 eamdem
2325 1310 2483 1366 fidem
2513 1312 2718 1367 venturi
2746 1312 2800 1367 in
2823 1327 2983 1367 carne
3011 1310 3244 1379 Christi,
3277 1320 3332 1369 et
3357 1313 3515 1367 mori-

1935 1401 2038 1455 turi
2067 1415 2164 1471 pro
2188 1402 2340 1458 nobis
2364 1443 2381 1471 ,
2410 1412 2464 1458 et
2489 1403 2646 1460 tertio
2666 1404 2782 1471 die,
2813 1404 2902 1475 qui
2932 1413 3052 1473 post
3081 1405 3363 1475 septimum
3390 1403 3517 1461 sab-

1935 1490 2043 1546 bati
2071 1491 2245 1548 fuerat
2264 1491 2473 1549 futurus
2496 1502 2743 1561 octavus,
2776 1496 3161 1560 resurrecturi,
3188 1496 3347 1551 etiam
3379 1495 3513 1567 justi

1935 1582 2279 1639 salvabantur
2321 1586 2546 1656 antiqui.
2593 1585 2842 1643 Traditus
2866 1595 2949 1642 est
2975 1586 3116 1642 enim
3158 1594 3378 1658 propter
3416 1586 3516 1643 de-

1937 1673 2060 1731 licta
2103 1684 2317 1742 nostra,
2373 1683 2427 1731 et
2472 1678 2764 1733 resurrexit
2815 1686 3032 1747 propter
3078 1678 3518 1748 justificationem

1937 1775 2192 1823 nostram.
2247 1767 2329 1822 Ex
2367 1783 2474 1839 quo
2512 1768 2654 1824 enim
2704 1768 2943 1824 instituta
2984 1778 3068 1825 est
3112 1770 3443 1825 circumcisio
3464 1769 3520 1825 in

1937 1857 2135 1928 populo
2164 1857 2291 1925 Dei,
2321 1857 2464 1928 quod
2491 1868 2607 1915 erat
2634 1868 2759 1914 tunc
2797 1859 3123 1929 signaculum
3148 1860 3368 1929 justitia:
3396 1859 3521 1917 fidei

1940 1947 2116 2018 (Rom.
2144 1963 2227 2016 Iv,
2249 1948 2353 2015 25,
2385 1948 2506 2021 ll),
2534 1949 2605 2004 ita
2637 1950 2655 1982 ί
2684 1949 2750 2005 ad
2775 1950 3218 2020 significationem
3251 1954 3522 2022 purgatio-

1940 2039 2024 2095 nis
2049 2040 2261 2096 valebat
2287 2050 2342 2097 et
2385 2042 2437 2096 in
2478 2042 2709 2112 parvulis
2741 2043 3015 2114 originalis
3056 2044 3358 2116 veterisque
3394 2059 3518 2116 pec-

1940 2133 2064 2199 cati,
2093 2133 2230 2188 sicut
2257 2142 2311 2189 et
2338 2133 2638 2204 Baptismus
2661 2150 2727 2190 ex
2752 2135 2844 2189 illo
2884 2136 3061 2191 valere
3085 2136 3248 2206 cmpit
3273 2136 3339 2190 ad
3367 2136 3521 2192 inno-

1943 2222 2213 2279 vationem
2238 2222 2490 2291 hominis,
2507 2240 2574 2280 ex
2599 2239 2704 2294 quo
2722 2234 2805 2280 est
2824 2224 3115 2281 institutus.
3138 2224 3216 2298 (a)
3241 2225 3356 2282 Non
3377 2224 3520 2297 quod

1942 2322 2066 2371 ante
2107 2315 2565 2372 circumcisionem
2606 2316 2809 2386 justitia
2858 2317 2977 2373 ﬁdei
3020 2318 3163 2373 nulla
3194 2326 3346 2385 erat;
3392 2332 3520 2373 nam

1942 2423 2062 2464 cum
2091 2408 2265 2464 adhuc
2292 2418 2433 2465 esset
2470 2410 2523 2465 in
2552 2410 2845 2480 praeputio,
2878 2426 2943 2465 ex
2972 2410 3079 2481 fide
3100 2410 3420 2480 justiticatus
3440 2418 3525 2466 est

1943 2502 2057 2573 ipse
2084 2501 2350 2557 Abraham
2373 2545 2388 2570 ,
2430 2510 2581 2575 pater
2607 2504 2842 2573 gentium
2870 2518 2989 2573 qua:
3026 2503 3186 2558 fidem
3214 2502 3380 2573 ipsius
3408 2502 3526 2559 fue-

1944 2602 2066 2647 rant
2104 2600 2384 2648 sectaturre
2417 2610 2433 2647 :
2462 2591 2557 2646 sed
2600 2591 2961 2662 superioribus
2998 2592 3327 2663 temporibus
3374 2592 3525 2647 omni

1944 2680 2663 2738 modolatuitsacramentum
2675 2682 3067 2753 justificationis
3090 2698 3152 2738 ex
3172 2682 3295 2738 ﬁde.
3322 2683 3523 2740 Eadem

1946 2781 2122 2829 tamen
2149 2774 2280 2830 fides
2302 2774 2604 2830 Mediatoris
2622 2774 2803 2831 salvos
2821 2774 2996 2845 justos
3016 2774 3241 2831 faciebat
3256 2776 3523 2847 antiquos,

1947 2866 2168 2938 pusillos
2198 2881 2322 2922 cum
2350 2867 2584 2937 magnis;
2627 2881 2733 2921 non
2771 2875 2927 2921 vetus
2951 2866 3345 2922 Testamentum
3385 2865 3528 2937 quod

1946 2961 2001 3014 in
2029 2958 2340 3015 servitutem
2369 2966 2587 3029 generat
2610 2956 2805 3029 (Galat.
2837 2972 2926 3025 IV,
2955 2955 3050 3027 24)
3074 2998 3089 3022 ,
3138 2971 3246 3012 non
3284 2957 3367 3012 lex
3409 2972 3530 3027 qum

1946 3064 2053 3106 non
2080 3050 2158 3105 sic
2193 3059 2277 3105 est
2300 3049 2421 3104 data
2444 3091 2460 3118 ,
2489 3065 2606 3120 qum
2641 3058 2820 3121 posset
2844 3048 3109 3105 vivilicare
3134 3046 3247 3119 (Id.
3280 3064 3335 3103 ιιι
3361 3089 3375 3115 ,
3405 3047 3527 3121 2i),

1945 3144 2043 3200 sed
2084 3143 2251 3215 gratia
2282 3144 2375 3199 Dei
2414 3158 2511 3215 per
2550 3142 2728 3198 Jesum
2774 3141 3045 3198 Christum
3096 3140 3374 3196 Dominum
3421 3154 3525 3195 no-

1948 3246 2114 3294 strum
2146 3234 2325 3308 (Rom.
2350 3250 2426 3291 vu
2447 3276 2463 3303 ,
2488 3234 2603 3305 25).
2633 3234 2767 3301 Quia
2796 3234 2933 3288 sicut
2966 3232 3231 3288 credimus
3258 3245 3359 3287 nos
3377 3230 3535 3287 Chri-

1949 3337 2089 3401 stum
2116 3329 2170 3383 in
2202 3340 2368 3383 carne
2406 3325 2653 3389 venisse,
2696 3324 2775 3379 sic
2815 3323 2893 3379 illi
2921 3332 3198 3378 venturum
3228 3339 3242 3375 :
3272 3322 3408 3378 sicut
3435 3335 3535 3379 nos

1950 3427 2252 3488 mortuum,
2313 3418 2386 3474 ita
2428 3417 2502 3472 illi
2546 3415 2860 3471 moriturum
2898 3432 2912 3469 :
2954 3414 3092 3470 sicut
3130 3429 3228 3469 nos
3283 3429 3525 3470 resurre-

1951 3511 2130 3577 xisse,
2178 3512 2252 3566 ita
2286 3509 2364 3564 illi
2407 3515 2827 3563 resurrecturum
2858 3514 2953 3560 :et
2990 3518 3088 3559 nos
3108 3517 3233 3559 vero
3253 3511 3306 3559 et
3331 3502 3429 3570 illi,
3465 3500 3536 3558 ad

1948 3601 2203 3672 judicium
2230 3609 2560 3656 mortuorum
2582 3598 2929 3666 vivorumque
2951 3604 3253 3650 venturum.
3273 3592 3391 3649 Non
3407 3606 3536 3664 ergo

1954 3694 2061 3750 iste
2097 3694 2383 3749 humanam
2430 3691 2571 3747 male
2618 3687 2959 3745 defendendo
3001 3686 3255 3758 impediat
3294 3701 3325 3741 a
3365 3684 3539 3742 salute

1955 3798 2198 3843 naturam
2235 3805 2248 3843 :
2279 3787 2402 3858 quia
2431 3800 2618 3842 omnes
2644 3785 2744 3840 sub
2772 3790 2991 3855 peccato
3027 3782 3329 3849 nascimur,
3360 3790 3415 3837 et
3438 3794 3535 3851 per

1898 3930 1901 3933 λ
1956 3896 2120 3937 unum
2150 3880 2355 3945 solum,
2397 3879 2489 3950 qui
2516 3878 2632 3934 sine
2660 3884 2877 3948 peccato
2906 3886 3062 3931 natus
3088 3883 3198 3942 est,
3230 3873 3537 3931 liberamur.

2027 3970 2252 4028 CAPUT
2292 3970 2484 4026 Xll.—
2508 3968 2598 4025 25.
2642 3985 2663 4021 ι
2696 3968 2829 4036 Ista,
2858 3985 2877 4020 ι
2929 3966 3116 4039 inquit,
3179 3983 3199 4017 ι
3228 3977 3536 4034 corporum,

1958 4064 2286 4131 commixtio,
2312 4077 2432 4118 cum
2458 4062 2659 4128 calore,
2685 4075 2808 4115 cum
2835 4061 3127 4131 voluptate,
3159 4072 3280 4113 cum
3308 4056 3537 4124 semine,

1959 4173 1991 4213 a
2017 4158 2127 4213 Deo
2150 4156 2309 4221 facta,
2338 4166 2393 4212 et
2416 4171 2514 4226 pro
2557 4169 2654 4211 suo
2680 4154 2841 4210 modo
2869 4151 3149 4209 laudabilis
3190 4150 3539 4221 approbatur,

1961 4265 2079 4320 qua:
2095 4247 2377 4318 aliquando
2390 4249 2551 4301 etiam
2567 4247 2803 4316 amplum
2823 4245 3049 4301 efficitur
3067 4257 3258 4298 munus
3273 4243 3499 4312 piorum.
3514 4260 3536 4296 ι

1963 4342 2154 4406 Dixit,
2208 4360 2229 4393 ‹
2261 4354 2384 4395 cum
2428 4340 2645 4405 calore;
2678 4356 2699 4390 ι
2749 4337 2901 4402 dixit,
2955 4354 2975 4388 ι
3012 4350 3131 4391 cum
3174 4334 3478 4403 voluptate;
3515 4350 3536 4386 ι

1962 4431 2117 4498 dixit,
2152 4450 2173 4485 ‹
2205 4446 2324 4486 cum
2348 4430 2553 4485 semine
2582 4447 2595 4483 :
2632 4447 2652 4482 ι
2683 4442 2789 4483 non
2824 4435 3001 4482 tamen
3031 4420 3210 4480 dicere
3239 4437 3400 4479 ausus
3429 4430 3538 4491 est,

1964 4524 2096 4582 Cum
2120 4522 2372 4589 libidine;
2403 4536 2589 4593 quare,
2622 4520 2727 4576 nisi
2758 4519 2880 4589 quia
2923 4517 3201 4572 nominare
3248 4512 3541 4581 erubescit,

1964 4630 2124 4688 quam
2150 4614 2366 4669 laudare
2395 4628 2498 4669 non
2525 4610 2793 4667 erubescit
2818 4608 2875 4664 ’ἲ
2893 4606 3082 4663 Munus
3107 4612 3287 4661 autem
3328 4604 3540 4674 piorum

1966 4708 2275 4780 propagatio
2301 4714 2384 4763 est
2418 4703 2641 4761 fecunda
2670 4701 2922 4769 filiorum,
2956 4714 3061 4754 non
3114 4696 3407 4752 commotio
3448 4709 3547 4766 pu-

1966 4798 2140 4855 denda
2160 4797 2521 4854 membrorum
2548 4813 2563 4850 :
2594 4808 2753 4865 quam
2775 4808 2882 4848 non
2912 4790 3133 4846 haberet
3156 4789 3209 4845 in
3230 4786 3548 4861 generandis

1969 4893 2093 4949 filiis
2115 4899 2303 4947 natura
2329 4903 2482 4955 sana,
2512 4901 2656 4944 nunc
2678 4896 2856 4942 autem
2876 4882 3038 4940 habet
3081 4896 3198 4937 eam
3238 4888 3425 4936 natura
3471 4878 3549 4935 vi-

1969 4985 2115 5040 tiata.
2139 4984 2217 5039 Ac
2235 4998 2330 5053 per
2349 4981 2452 5037 hoc
2480 4988 2536 5036 et
2562 4980 2653 5052 qui
2700 4977 2825 5034 inde
2856 4977 3094 5033 nascitur
3139 4973 3341 5045 indiget
3383 4986 3547 5028 rena-

1970 5078 2066 5144 sci,
2099 5084 2158 5131 ut
2184 5075 2253 5131 sit
2271 5073 2569 5130 membrum
2602 5068 2829 5134 Christi;
2857 5078 2912 5125 et
2950 5067 3019 5123 de
3058 5080 3165 5137 quo
3214 5064 3472 5131 nascitur,
3500 5061 3550 5119 si

1967 5170 2077 5241 jam
2101 5176 2318 5225 renatus
2329 5176 2413 5224 est
2428 5207 2444 5233 ,
2470 5165 2670 5237 indiget
2693 5161 2907 5218 liberari
2925 5161 2994 5215 ab
3018 5175 3081 5215 ea
3108 5174 3227 5230 qua:
3253 5159 3308 5213 in
3324 5168 3552 5227 corpore

1973 5261 2159 5317 mortis
2184 5259 2342 5330 hujus
2380 5267 2465 5315 est
2506 5259 2622 5329 lege
2670 5255 2893 5327 peccati.
2943 5252 3075 5321 Qua:
3121 5267 3246 5308 cum
3288 5250 3360 5305 ita
3415 5248 3545 5315 sint,-

1974 5350 2241 5424 quomodo
2266 5349 2503 5421 adjungit
2529 5357 2584 5405 et
2606 5346 2752 5415 dicit,
2780 5364 2800 5397 ι
2835 5343 3153 5401 Conlitearis
3173 5355 3301 5411 ergo
3326 5349 3553 5392 necesse

1975 5453 2077 5511 est,
2106 5442 2363 5514 originale
2389 5439 2531 5514 quod
2573 5439 2824 5504 finxeras,
2864 5435 3135 5492 interiisse
3180 5428 3493 5502 peccatum?
3525 5444 3548 5481 ι

1976 5535 2091 5591 Non
2111 5549 2210 5606 ego
2230 5533 2358 5589 finxi
2377 5531 2631 5604 originale
2653 5537 2951 5602 peccatum,
2971 5522 3112 5597 quod
3132 5520 3395 5577 catholica
3422 5516 3554 5574 lldes

1986 5664 2839 5743 _*ExBenignianom.sddimus,
2875 5662 2979 5723 ita;
3016 5669 3206 5711 necnon
3234 5651 3553 5720 particulam,

1978 5740 2200 5843 “32$:
2221 5730 2584 5843 rm...
2625 5798 2766 5850 Mss,
2789 5784 3035 5837 ηοηιξηανε
3070 5778 3556 5844 mmmam

1978 5853 2355 5916 nonerubescit;
2378 5855 2573 5914 omisso,
2598 5863 2756 5916 quam.

2046 5940 2119 6005 (a)
2138 5937 2268 6003 Apud
2289 5945 2391 5988 Am.
2426 5944 2478 5990 et
2497 5943 2569 5986 Er.
2597 5935 2763 5997 incipit
2783 5933 2863 5983 hic
2882 5938 3026 5994 caput
3050 5929 3125 5981 l2.
