4012 6480
477 400 610 464 ,451

475 524 674 591 ,crodit
697 524 716 557 ί
748 521 1076 594 antiquitus:
1100 515 1194 574 sed
1218 524 1296 586 ω,
1322 517 1412 589 qui
1433 516 1535 572 hoc
1566 529 1750 588 negas,
1777 514 1893 570 sine
1918 511 2082 568 dubio

501 630 562 674 es
587 632 754 672 novus
777 613 1080 672 haereticus.
1106 611 1218 668 Sub
1239 609 1450 666 diabolo
1479 616 1658 666 autem
1697 615 1844 674 sunt,
1881 603 2087 680 judicio

472 687 622 778 'Dei,
649 721 834 762 omnes
865 719 984 759 cum
1011 710 1228 773 peccato
1256 704 1522 775 generati,
1568 701 1614 757 si
1640 714 1749 756 non
1784 695 1982 752 fuerint
2031 695 2088 756 in

469 795 478 873 ί
501 800 711 857 Christo
740 797 1061 870 regaierati.

467 964 469 966 _
571 888 798 947 CAPUT
830 887 1162 944 Xlll.—-26.
1199 886 1307 944 Sed
1330 885 1452 958 quia
1473 885 1547 943 de
1584 883 1855 941 Abraham
1903 882 2090 954 loque-

467 1057 470 1061 η
499 984 655 1041 batur
683 992 736 1039 et
755 982 906 1050 Sara,
938 981 1216 1052 subjunxit
1257 989 1416 1051 atque
1445 980 1517 1034 ait
1550 997 1562 1033 :
1594 997 1612 1033 ‹
1641 977 1794 1047 Quod
1834 976 1880 1032 si
1934 975 2090 1031 dixe-

501 1078 598 1145 ris,
625 1075 768 1134 Usus
794 1076 846 1132 in
878 1075 956 1131 eis
978 1075 1212 1147 vigebat,
1253 1082 1308 1130 ct
1351 1073 1486 1129 fetus
1532 1088 1638 1128 non
1679 1080 1835 1128 erat:
1870 1083 2095 1140 respon-

469 1170 662 1237 debo,
689 1172 861 1239 Quem
884 1169 1127 1224 conditor
1157 1166 1420 1238 promisit,
1467 1165 1714 1222 conditor
1756 1162 1924 1229 dedit,
1984 1177 2092 1216 non

501 1262 838 1328 concubitus,
871 1260 965 1315 sed
993 1260 1084 1316 Dei
1111 1275 1242 1330 Opus
1267 1266 1352 1313 est
1387 1257 1478 1328 qui
1510 1257 1767 1312 nascitur.
1797 1254 1898 1323 Qui
1925 1253 2089 1321 enim,

503 1354 734 1426 primum
791 1352 1062 1408 hominem
1130 1350 1254 1404 fecit
1314 1365 1378 1404 ex
1429 1349 1649 1418 pulvere
1725 1344 1879 1417 (Gen.
1931 1362 1990 1413 it,
2013 1342 2091 1416 7),

503 1460 693 1500 omnes
724 1445 1015 1500 fabricatur
1043 1458 1105 1497 ex
1136 1441 1360 1498 semine.
1408 1439 1560 1495 Sicut
1597 1453 1726 1510 ergo
1757 1447 1882 1494 tunc
1912 1437 2092 1503 limus,

464 1596 466 1598 .
496 1537 594 1610 qui
621 1547 926 1608 assumptus
951 1545 1036 1593 est
1070 1535 1316 1603 materia,
1350 1549 1456 1609 non
1487 1541 1674 1588 auctor
1693 1530 1926 1588 hominis
1955 1527 2091 1584 fuit:

469 1672 472 1678 .
503 1631 578 1687 ita
609 1646 750 1685 nunc
777 1629 853 1685 vis
879 1631 966 1684 illa
991 1628 1297 1698 voluptatis,
1314 1625 1606 1682 confectrix
1630 1623 2086 1696 commixtrixque

465 1773 468 1778 .
506 1724 798 1790 seminum,
830 1738 935 1776 non
963 1722 1141 1792 explet
1159 1720 1483 1791 operationis
1510 1717 1712 1782 vicem;
1742 1716 1836 1772 sed
1877 1715 1945 1772 de
1977 1715 2094 1770 tlte-

471 1886 474 1889 _
503 1816 676 1873 sauris
704 1824 904 1870 natura:
931 1813 1086 1868 offert
1115 1814 1245 1877 Deo,
1279 1811 1419 1866 unde
1435 1811 1524 1866 ille
1544 1810 1817 1867 hominem
1848 1808 2096 1880 dignetur

507 1908 741 1978 Operari.
767 1927 785 1959 ι
815 1906 940 1961 Πλιξο
968 1905 1146 1960 omnia
1179 1919 1298 1975 quae
1328 1903 1480 1971 dixit,
1507 1911 1732 1972 excepto
1749 1901 1892 1972 quod
1944 1901 2039 1968 ait,
2066 1915 2098 1954 a

465 2057 470 2062 ,
505 1999 782 2069 voluptate
811 1998 1017 2052 semina
1048 1995 1242 2051 conﬁci
1281 2003 1444 2065 atque
1489 1993 1719 2058 misceri,
1771 1999 1918 2047 recte
1952 1990 2100 2048 dice-

506 2100 611 2159 ret,
632 2092 676 2146 si
700 2092 751 2145 in
775 2091 852 2145 eis
874 2090 1196 2144 catholicum
1225 2103 1442 2144 sensum
1487 2085 1777 2143 defendere
1817 2090 2096 2142 niteretur.

468 2217 474 2252 η,
508 2183 641 2251 Quia
667 2198 794 2239 vero
819 2184 1013 2238 scimus
1039 2181 1163 2252 quid
1191 2197 1258 2238 ex
1281 2181 1364 2236 his
1404 2179 1655 2235 moliatur
1682 2178 1922 2246 efﬁcere,
1966 2193 2090 2249 pro-

471 2273 650 2346 .fccto
675 2275 802 2331 dicit
843 2275 1004 2331 etiam
1048 2283 1193 2330 recta
1245 2286 1519 2343 perverse.
1566 2270 1701 2326 Illud
1739 2271 1940 2342 itaque,
1993 2283 2100 2340 quo
2143 2327 2146 2330 Α

514 2379 738 2440 excepto
757 2378 952 2424 caetera
998 2383 1125 2422 vera
1154 2381 1277 2423 esse
1307 2380 1412 2420 non
1456 2365 1654 2431 abnuo,
1707 2363 1830 2418 ideo
1875 2377 1986 2418 non
2019 2370 2102 2424 est
2145 2413 2148 2415 λ

513 2477 721 2529 verum,
745 2462 869 2532 quia
897 2461 1138 2531 voluptas
1164 2460 1253 2514 illa
1269 2456 1716 2528 concupiscentia:
1732 2454 1966 2510 carnalis
1990 2468 2099 2510 non

513 2556 722 2614 conﬁcit
757 2555 996 2620 semina;
1028 2552 1124 2608 sed
1145 2567 1208 2608 ea
1237 2567 1355 2622 quae
1375 2551 1488 2621 jam
1517 2559 1642 2606 sunt
1683 2550 1737 2604 in
1783 2548 2101 2618 corporibus
2143 2596 2146 2599 .

463 2685 467 2690 -
509 2665 544 2707 a
563 2665 693 2706 vero
723 2650 834 2705 Deo
861 2647 1100 2715 condita,-
1129 2661 1160 2701 a
1188 2661 1294 2716 quo
1313 2654 1369 2702 et
1387 2644 1501 2715 ipsa
1523 2644 1824 2701 conduntur
1847 2657 2098 2714 corpora,
2145 2699 2147 2701 .

462 2801 463 2804 η
509 2757 620 2801 non
646 2744 777 2798 lium.
803 2758 833 2796 a
862 2742 1134 2812 voluptate
1164 2741 1208 2806 ¹,
1235 2738 1330 2796 sed
1350 2738 1650 2792 excitantur
1690 2745 1743 2792 et
1788 2737 2102 2792 emittuntur

511 2850 652 2892 cum
686 2835 973 2904 voluptate.
1028 2831 1213 2888 Utrum
1267 2839 1444 2886 autem
1489 2828 1765 2898 utriusque
1805 2841 1967 2883 sexus
2016 2841 2104 2882 se-

515 2929 661 2984 mina
704 2927 758 2981 in
801 2923 1066 2982 ulielrri’
1095 2932 1248 2979 utero
1274 2933 1394 2977 cum
1420 2920 1706 2991 lvoluptate
1755 2917 2100 2987 misceantur,

460 3071 464 3076 .
511 3018 747 3076 viderint
773 3015 992 3072 feminae
1015 3013 1143 3084 quid
1172 3013 1226 3067 in
1247 3012 1468 3068 secretis
1493 3010 1788 3066 visceribus
1831 3010 2097 3066 sentiant:
2145 3032 2155 3067 ,-

510 3127 614 3169 nos
643 3125 752 3166 non
778 3109 933 3165 decet
973 3107 1204 3164 inaniter
1245 3120 1420 3176 usque
1442 3104 1509 3160 ad
1545 3104 1642 3158 ista
1669 3117 1792 3159 esse
1834 3104 2098 3166 curiosos.

453 3237 458 3242 ~
510 3203 706 3264 Libido
727 3213 903 3258 tamen
927 3200 1016 3256 illa
1065 3197 1453 3263 erubescenda,
1496 3195 1638 3254 unde
1685 3194 1933 3266 pudenda
1983 3195 2102 3266 ipsa

459 3344 464 3348 .
511 3297 777 3370 appellata
807 3303 931 3351 sunt
950 3293 1210 3360 membra,
1239 3306 1346 3348 non
1372 3290 1472 3346 fuit
1500 3291 1554 3345 in
1605 3304 1833 3358 corpore
1876 3289 1998 3344 vitae
2028 3288 2100 3344 il-

512 3392 643 3458 lius,
669 3405 788 3460 quae
810 3389 862 3443 in
897 3387 1145 3458 paradiso
1176 3385 1276 3440 fuit
1319 3393 1443 3441 ante
1470 3391 1769 3454 peccatum,
1815 3381 1912 3439 sed
1940 3381 2103 3452 erepit

457 3485 462 3530 ἰ
511 3498 639 3540 esse
665 3482 718 3537 in
743 3495 968 3551 corpore
1012 3479 1200 3534 mortis
1250 3477 1409 3548 hujus
1444 3476 1700 3532 retributa
1743 3474 2100 3531 inobedientia

453 3597 458 3608 -
523 3572 904 3631 inohedientiae
934 3581 1055 3643 post
1097 3579 1397 3642 peccatum.
1448 3567 1578 3624 Sine
1604 3584 1705 3639 qua
1757 3567 1974 3624 libidine
1999 3584 2098 3640 po-

512 3678 654 3728 terat
669 3683 804 3738 opus
836 3665 950 3722 ﬁeri
977 3663 1264 3735 coniugum
1285 3664 1338 3718 in
1359 3663 1704 3735 generatione
1728 3661 1976 3730 ﬁliorum,
1997 3664 2100 3721 sic-

514 3771 576 3821 ut
604 3761 769 3817 multa
795 3773 957 3830 opera
979 3759 1111 3823 ﬁunt
1138 3757 1442 3814 obedientia
1481 3766 1796 3813 eieterorum
1829 3758 1945 3813 sine
1967 3757 2058 3812 illo
2079 3755 2100 3787 ³

454 3891 466 3900 υ
515 3854 708 3910 ardore
749 3851 1139 3917 membrorum,
1169 3866 1289 3922 quae
1313 3849 1600 3906 voluntatis
1626 3857 1756 3906 nutu
1793 3857 2094 3917 moventur,

454 3981 466 4000 κ
513 3960 624 4005 non
653 3952 789 4001 testu
812 3942 1044 3998 libidinis
1072 3943 1431 3998 concitantur.

581 4039 674 4092 27.
699 4035 934 4110 Attende
971 4045 1164 4091 caetera
1197 4052 1216 4086 ι
1250 4034 1363 4090 Hoc
1385 4034 1567 4102 etiam,
1605 4052 1623 4086 ι
1655 4033 1847 4104 inquit,
1901 4051 1921 4085 ι
1951 4034 2100 4102 Apo-

455 4170 464 4178 -
513 4130 644 4188 stoli
668 4128 950 4185 confirmat
969 4126 1276 4182 auctoritas.
1306 4125 1440 4182 Cum
1484 4126 1628 4181 enim
1684 4125 1874 4180 beatus
1905 4124 2099 4181 Paulus

458 4245 465 4258 ι
510 4223 583 4280 de
629 4228 962 4278 mortuorum
1017 4219 1407 4274 resurrectione
1457 4218 1786 4290 loqueretur,
1817 4217 1891 4272 ait
1919 4235 1933 4273 :
1957 4215 2098 4272 Insi-

461 4351 466 4356 -
514 4317 676 4389 piens,
710 4325 762 4370 tu
783 4315 918 4386 quod
939 4315 1162 4369 sentinas
1188 4329 1291 4368 non
1328 4314 1635 4383 viviﬁcatur.
1665 4314 1732 4368 Et
1758 4312 1894 4368 infra
1919 4331 1933 4367 :
1957 4312 2098 4368 Deus

457 4455 460 4458 .
514 4419 686 4464 autem
712 4409 802 4461 dat
822 4407 899 4461 illi
919 4422 1104 4476 corpus
1127 4416 1274 4476 prout
1295 4407 1419 4473 vult,
1463 4416 1515 4460 et
1545 4406 1814 4477 unicuique
1849 4406 2097 4460 seminum

451 4531 458 4548 ς
511 4501 773 4574 proprium
793 4515 976 4568 corpus
1013 4497 1055 4569 (l
1083 4497 1200 4552 Cor.
1232 4513 1324 4565 xv,
1347 4497 1566 4569 36-38).
1607 4497 1664 4554 Si
1704 4505 1830 4568 ergo
1874 4498 2032 4566 Deus“,
2071 4517 2090 4551 ι

511 4594 704 4663 inquit,
742 4611 760 4644 ε
792 4591 1026 4647 humano
1055 4591 1265 4656 semini,
1293 4591 1435 4660 quod
1486 4605 1645 4646 nemo
1670 4599 1828 4662 negat
1863 4591 1945 4646 vel
1976 4606 2097 4660 pru-

512 4688 753 4744 dentium
782 4688 864 4742 vel
895 4687 1124 4756 piorum,
1147 4685 1425 4755 proprium
1476 4684 1614 4739 sicut
1658 4685 1905 4739 omnibus
1938 4683 2097 4739 rebus

449 4781 452 4786 ’
511 4793 709 4850 corpus
727 4778 987 4844 attribuit,
1019 4776 1164 4832 unde
1191 4789 1514 4848 quemquam
1537 4781 1688 4831 reum
1732 4783 1914 4830 natum
1969 4789 2097 4844 pro-

511 4873 702 4931 babis?
728 4871 973 4928 Tandcmi
993 4883 1095 4924 ore
1116 4870 1389 4940 respicias,
1436 4869 1630 4940 quibus
1658 4869 1868 4938 laqueis
1892 4870 2096 4939 peccati

514 4965 775 5023 naturaiis
814 4962 1104 5020 sullbcctur
1145 4962 1391 5016 assertio.
1437 4959 1635 5014 Verum
1690 4973 1810 5032 age,
1846 4979 1865 5012 ι
1901 4960 2093 5031 inquit,

519 5079 538 5112 ‹
577 5069 774 5124 tecum,
808 5063 1022 5127 precor,
1046 5054 1248 5109 mitius.
1271 5051 1397 5107 Mihi
1424 5051 1604 5122 crede,
1635 5053 1796 5107 etiam
1846 5059 1900 5109 te
1950 5051 2090 5107 Deus

511 5152 640 5208 fecit
667 5171 680 5205 :
711 5150 833 5216 sed,
857 5148 1009 5220 quod
1043 5146 1310 5202 latendum
1349 5145 1662 5217 est,-gravis
1709 5159 1864 5200 error
1891 5142 2092 5200 infecit.

452 5270 454 5272 ·
511 5245 652 5315 Quid
677 5244 818 5300 enim
847 5250 1026 5312 potest
1062 5239 1334 5310 proﬁmius
1375 5239 1495 5306 diei,
1554 5251 1713 5310 quam
1763 5236 1906 5310 quod
1957 5237 2097 5292 Deus

512 5337 782 5394 hominem
803 5342 892 5390 aut
913 5339 1024 5389 non
1059 5331 1263 5396 fecerit,
1287 5341 1399 5397 aut,
1435 5341 1488 5386 ut
1517 5330 1676 5399 dicis,-
1711 5329 1927 5385 diabolo
1956 5328 2100 5386 lece-

453 5437 458 5442 '
510 5432 599 5499 rit;
623 5439 714 5485 aut
737 5437 884 5484 certe
905 5425 1150 5482 diabolus
1168 5425 1272 5481 Dei
1294 5425 1366 5481 sit
1393 5424 1699 5495 imaginem,
1740 5423 1840 5478 hoc
1857 5430 1961 5490 est,
1995 5421 2093 5476 ho-

445 5511 448 5540 ;
510 5523 711 5578 minem
737 5518 1055 5584 fabricatus;
1075 5517 1224 5589 quod
1241 5525 1349 5572 non
1373 5516 1550 5570 minus
1577 5515 1799 5570 stultum
1829 5512 2097 5584 dignosci-

447 5675 452 5682 _
509 5623 596 5672 tttr
621 5627 759 5682 esse,
783 5627 941 5684 quam
980 5610 1238 5684 impium?
1288 5609 1429 5681 Ergo
1481 5616 1590 5664 tam
1631 5607 1806 5678 inops,
1844 5624 1862 5658 ι
1900 5605 2091 5676 inquit,

574 5751 592 5782 ι
627 5751 822 5802 sicitas.
849 5748 1058 5810 Atediti.
1081 5744 1310 5810 credidit-
1415 5797 1420 5804 -
1501 5801 1524 5810 -
1608 5805 1614 5810 .

571 5814 593 5845 ε
630 5819 727 5860 xm.
751 5801 825 5870 ei,
850 5824 959 5861 cum
983 5801 1206 5861 omnibus
1228 5801 1356 5871 Mss,
1379 5801 1473 5860 non
1487 5801 1891 5872 ﬁunt'voluptate;
1914 5808 2092 5860 omissa

507 5874 846 5945 prappositilone
860 5907 875 5931 ,
901 5887 946 5921 α.

572 5937 595 5973 ³
614 5931 757 6000 ’Δμια
780 5941 869 5986 l.ov
894 5968 910 5998 ,
935 5931 1048 5984 ullo.

1276 397 1366 456 DE
1402 393 1670 456 NUPTIIS
1706 395 1794 452 ET
1832 387 2433 478 CDNCUPISCENTIA,
2474 393 2532 452 S.
2573 388 2941 454 AUGUSTINI

3475 317 3479 324 .
3564 317 3601 335 μ,

3677 391 3797 453 4εὲ

2207 530 2228 566 ‹
2259 519 2367 568 tam
2395 511 2783 569 inverecundus
2811 515 2953 589 Deus
2971 518 3166 596 cst,4ut‘
3190 523 3300 594 non
3340 507 3588 588 habuerit
3639 512 3792 584 quod

2198 603 2252 660 in
2278 605 2555 675 praemium
2579 605 2775 660 sanctis
2803 591 3106 660 hominibus
3136 591 3308 669 daret,
3360 602 3462 658 nisi
3489 602 3634 674 quod
3691 602 3796 661 de.

2195 695 2630 769 ceptisdiabolus
2673 694 2864 750 infudit
2910 695 2960 749 in
3013 693 3216 748 vitio‘?
3247 677 3339 749 Vis
3387 703 3569 752 autem
3622 696 3793 764 scire,

2155 857 2163 862 ,
2195 790 2340 862 quod
2365 789 2525 846 etiam
2553 790 2608 845 in
2635 787 2721 844 his
2748 787 2839 859 qui
2867 779 3038 843 saneti
3065 800 3172 842 non
3195 795 3342 854 sunt,
3371 785 3511 843 hanc
3557 804 3796 860 genera-

2159 963 2162 965 _
2196 887 2400 942 tionum
2428 885 2719 956 potentiam
2749 884 2890 958 Deus
2911 882 3162 938 tribuisse
3192 879 3490 954 probetur?
3518 881 3597 937 Eo
3625 882 3794 954 igitur

2197 987 2438 1050 tempore
2468 991 2588 1032 cum
2621 975 2892 1032 Abraham
2920 983 3065 1030 metu
3090 975 3372 1048 perculsus
3391 976 3564 1046 gentis
3589 975 3762 1034 barba

2197 1086 2292 1138 rce,
2317 1070 2502 1124 Saram
2524 1084 2644 1140 qua:
2671 1082 2804 1124 uxor
2831 1075 2968 1137 erat,
2999 1082 3241 1123 sororem
3269 1081 3420 1123 suam
3439 1066 3596 1136 dixit,
3619 1069 3798 1124 refcr-

2199 1173 2283 1218 tur
2305 1162 2611 1218 Abimelech
2640 1177 2735 1218 rex
2756 1161 2896 1217 illius
2923 1161 3212 1232 provincia:
3250 1159 3535 1218 abduxisse
3585 1177 3708 1218 eam
3737 1161 3794 1217 in

2151 1313 2153 1315 ,
2200 1255 2372 1311 noctis
2402 1270 2574 1311 usum.
2603 1253 2709 1310 Sed
2735 1254 2875 1310 Deus
2901 1254 2985 1307 cui
3034 1267 3178 1310 cura:
3214 1260 3330 1308 erat
3376 1251 3551 1308 honor
3588 1263 3797 1309 sancta:

2153 1421 2156 1424 ν
2200 1348 2458 1415 mulieris,
2488 1347 2543 1404 in
2581 1349 2784 1403 somnis
2814 1345 3126 1408 Ahimelcch
3174 1347 3395 1404 veniens
3437 1347 3637 1422 regiam
3673 1347 3797 1404 fre-

2200 1444 2349 1498 navit
2378 1440 2680 1508 audaciam,
2725 1440 3081 1496 comminatus
3115 1439 3410 1506 interitum,
3457 1439 3502 1495 si
3542 1447 3798 1510 pergeret

2146 1593 2154 1598 _
2200 1536 2403 1592 violare
2427 1534 2756 1607 conjugium.
2795 1533 2944 1588 Tunc
2993 1529 3303 1588 Abimelech
3348 1531 3465 1586 ait:
3500 1528 3792 1602 Numquid,

2204 1627 2440 1696 Domine,
2464 1636 2658 1699 gentem
2681 1626 2996 1698 ignorantem
3023 1633 3068 1678 et
3101 1623 3300 1694 justam
3341 1619 3558 1696 perdes?
3604 1621 3800 1682 Nonne

2201 1721 2302 1790 ipsi
2327 1721 2564 1775 dicarunt
2582 1734 2638 1773 se
2657 1716 2988 1789 germanitate
3015 1712 3351 1786 conjunctae?
3377 1711 3622 1785 Surrexit
3663 1728 3798 1784 ergo

2153 1879 2160 1882 _
2202 1828 2358 1868 mane
2387 1810 2717 1876 Abimelech,
2761 1817 2817 1864 ct
2841 1808 3048 1877 accepit
3091 1806 3236 1861 mille
3287 1804 3628 1872 didrachmas
3653 1807 3672 1837 ³
3703 1821 3798 1865 ar-

2203 1905 2369 1976 genti,
2402 1913 2456 1960 et
2485 1918 2635 1969 oves,
2663 1913 2719 1958 et
2760 1901 2972 1967 vitulos,
3009 1909 3065 1954 et
3095 1913 3308 1970 pueros,
3354 1909 3412 1954 et
3451 1898 3698 1962 ancillas,
3741 1907 3800 1953 et

2202 1997 2349 2054 dedit
2378 1996 2626 2062 Abrahae,
2651 2004 2812 2066 atque
2837 2009 2867 2050 a
2888 2009 2948 2050 se
2969 1994 3247 2050 mulierem
3277 1991 3486 2058 remisit
3515 1992 3795 2048 intactam.

2201 2090 2384 2146 Uravit
2405 2105 2531 2146 vero
2559 2090 2725 2144 Deum
2751 2088 3019 2144 Abraham
3044 2101 3140 2156 pro
3166 2085 3477 2150 Abimelech
3513 2104 3528 2142 :
3558 2094 3613 2144 et
3637 2100 3802 2141 sana-

2202 2184 2278 2240 vit
2307 2183 2448 2238 Deus
2487 2182 2818 2249 Abimcl-cch,
2864 2191 2917 2238 ct
2946 2196 3192 2257 uxorem,
3238 2189 3293 2236 et
3333 2180 3557 2238 ancillas
3602 2179 3740 2250 eius.
3772 2199 3792 2232 ι

2203 2274 2312 2331 Cur
2337 2283 2514 2332 autem
2561 2275 2677 2331 hinc
2727 2283 2869 2330 tanta
2908 2275 3212 2345 prolixitate
3261 2273 3578 2340 narraverit,
3612 2273 3801 2343 accipe

2204 2369 2435 2426 breviter
2487 2371 2540 2425 in
2590 2368 2673 2425 his
2701 2369 2720 2400 ³
2747 2383 2868 2439 (μω
2913 2377 3129 2426 secutus
3185 2367 3428 2438 adiunxit
3456 2384 3470 2420 :
3503 2385 3528 2420 ί
3567 2367 3730 2433 Deus,
3775 2386 3796 2420 ι

2203 2463 2396 2534 inquit,
2433 2481 2452 2514 ‹
2490 2472 2682 2518 orante
2703 2461 2970 2516 Abraham
2998 2459 3207 2516 curavit
3232 2459 3466 2530 potentia
3510 2457 3804 2528 dispensa-

2206 2556 2365 2612 tionis
2387 2563 2592 2612 secreta
2606 2553 2650 2621 ’⁸,
2671 2570 2792 2626 quae
2811 2561 2991 2610 amota
3003 2561 3087 2610 est
3103 2552 3352 2608 verendis
3361 2551 3540 2608 vilium
3561 2549 3802 2606 laminae

2204 2667 2361 2718 rum;
2389 2653 2512 2721 quia
2554 2650 2820 2705 clauserat
2855 2649 3000 2704 Deus
3019 2647 3184 2703 aforis
3223 2659 3439 2702 omnem
3486 2645 3700 2700 vulvam
3741 2643 3800 2700 in

2205 2744 2424 2800 domum
2452 2741 2822 2799 Abimeleeha
2852 2738 3004 2811 (Gen.
3027 2739 3140 2811 xx).
3175 2757 3195 2792 ‹
3217 2738 3349 2795 Vide
3365 2751 3516 2808 ergo,
3555 2756 3576 2789 ι
3601 2737 3800 2808 inquit,

2212 2853 2233 2888 ι
2269 2841 2446 2890 int-um
2471 2834 2784 2890 naturaliter
2807 2833 3007 2887 mahm
3055 2831 3159 2887 dici
3203 2831 3383 2898 debet,
3437 2829 3582 2902 quod
3626 2829 3802 2885 inter-

2205 2931 2331 2986 dum
2385 2929 2560 2984 aufert
2602 2937 2952 3000 exaspcratus
2995 2928 3162 2995 Deus,
3203 2926 3490 2997 redditque
3529 2925 3798 2996 placatus.

2205 3021 2344 3094 Ipse,
2381 3041 2400 3075 ι
2434 3021 2622 3092 inquit,
2657 3039 2678 3074 ‹
2714 3020 2842 3076 facit
2867 3029 2922 3077 et
2948 3021 3158 3091 piorum
3203 3019 3344 3076 ﬁlios
3377 3017 3431 3074 et
3463 3019 3753 3090 impiorum
3782 3037 3799 3074 :

2205 3118 2454 3186 quoniam
2482 3115 2626 3185 quod
2655 3114 2788 3170 ﬁunt
2815 3121 3082 3184 parentes,
3132 3113 3199 3168 ad
3247 3119 3496 3168 naturam
3536 3114 3799 3185 pertinet,

2204 3221 2324 3280 qua:
2350 3209 2462 3264 Deo
2487 3208 2682 3279 gaudet
2705 3215 2961 3274 auctore;
2990 3206 3134 3278 quod
3158 3216 3338 3262 autem
3368 3206 3518 3277 impii
3548 3213 3695 3275 sunt,
3728 3206 3801 3262 ad

2205 3302 2502 3358 studiorum
2529 3303 2859 3372 pravitatem,
2893 3311 3014 3372 quae
3053 3301 3346 3372 unicuique
3377 3299 3452 3357 de
3473 3295 3640 3357 libera
3694 3311 3802 3356 vo-

2204 3396 2405 3453 luntate
2433 3396 2713 3467 contingit.
2755 3413 2774 3448 l
3217 3429 3219 3432 ‹

2277 3489 2500 3544 CAPUT
2529 3489 2668 3543 XIV.
2701 3487 2878 3544 —28‘.
2926 3487 3021 3543 His
3049 3485 3300 3544 omnibus
3335 3497 3454 3557 quis
3485 3493 3598 3541 tam
3629 3486 3802 3542 multa

2205 3579 2357 3648 dixit,
2389 3580 2794 3651 respondemus,
2826 3575 2956 3634 nihil
2977 3578 3174 3635 divinis
3202 3579 3542 3646 testimoniis,
3573 3578 3798 3650 quaein-

2203 3673 2484 3743 terposuit,
2516 3687 2635 3728 esse
2659 3673 2861 3728 dictum
2881 3672 2950 3728 de
2969 3671 3215 3742 pudenda
3247 3671 3488 3736 libidine,
3515 3684 3678 3741 quam
3709 3670 3799 3726 di-

2203 3768 2374 3823 cimus
2403 3779 2508 3821 non
2536 3765 2700 3821 fuisse
2729 3766 2789 3820 in
2809 3779 3036 3836 corpore
3064 3765 3366 3832 beatOrttm,
3394 3763 3608 3836 quando
3663 3764 3798 3820 nudi

2203 3868 2376 3927 erant,
2405 3869 2459 3915 et
2488 3869 2598 3914 neri
2637 3857 3100 3914 confundebantur
3128 3857 3237 3930 (Id.
3264 3874 3322 3926 n,
3349 3856 3464 3931 25).
3509 3855 3642 3913 Nam
3688 3859 3802 3929 pri-

2203 3967 2348 4008 mum
2370 3952 2501 4008 illud
2528 3952 2769 4023 Apostoli
2795 3951 2864 4008 de
2892 3952 3184 4008 s‘eminibtts
3209 3951 3409 4007 dictum
3439 3957 3522 4008 est
3546 3951 3800 4007 frumen-

2207 4055 2405 4114 torum,
2437 4062 2555 4118 quae
2581 4047 2730 4119 prius
2770 4047 3069 4102 moriuntur
3119 4054 3179 4102 ut
3227 4045 3580 4102 viviﬁcentu‘r.
3621 4045 3800 4114 Quam

2210 4141 2523 4196 sententiam
2550 4139 2754 4196 scilicet
2780 4138 3146 4209 apostolicam,
3177 4153 3281 4209 quo
3310 4138 3534 4194 consitio
3575 4139 3788 4206 nescio,

2202 4233 2374 4289 noluit
2400 4234 2499 4289 istc
2519 4231 2804 4302 complere;
2831 4245 2958 4286 nam
2975 4245 3093 4287 eam
3119 4230 3222 4287 huc
3245 4244 3418 4302 usque
3455 4237 3795 4287 commemo-

2201 4328 2344 4385 ravit
2369 4346 2382 4381 :
2412 4327 2686 4399 lnaipiens,
2739 4337 2792 4381 tu
2852 4327 2988 4397 (fuod
3033 4328 3249 4382 seminus
3313 4342 3416 4381 non
3487 4327 3796 4396 viviﬁcalur.

2203 4420 2500 4492 Apostolus
2519 4425 2697 4476 autem
2721 4418 2867 4475 addit
2900 4419 3038 4474 :nisi
3064 4421 3328 4474 πῖον-ἰατὴν.
3358 4417 3465 4476 Sed
3500 4417 3603 4476 iste
3625 4427 3801 4490 quan-

2203 4521 2314 4567 tum
2345 4512 2626 4580 existimo,
2651 4511 2793 4581 quod
2823 4510 2891 4566 de
2921 4509 3200 4567 frumentis
3227 4511 3425 4567 dietum
3449 4520 3551 4580 est,
3583 4510 3650 4566 de
3692 4511 3800 4567 hu-

2201 4617 2361 4660 mane
2383 4605 2587 4659 semine
2613 4603 2780 4674 accipi
2808 4603 2972 4659 voluit
3001 4599 3069 4660 ab
3107 4605 3184 4660 eis
3207 4606 3298 4674 qui
3338 4591 3455 4660 haec
3484 4603 3699 4675 legunt,
3741 4613 3803 4660 et

2201 4693 2501 4765 Seript‘uras
2528 4697 2740 4749 sanctas
2769 4694 2851 4750 vel
2873 4695 3137 4762 nesciunt,
3165 4695 3247 4749 vel
3278 4709 3386 4751 non
3414 4693 3797 4754 recerdantur.

2203 4789 2442 4860 Denique
2463 4803 2568 4844 non
2609 4789 2781 4844 solum
2823 4789 2979 4844 istam
3030 4788 3352 4845 sententiam
3384 4787 3705 4855 decurtavit,
3737 4798 3805 4846 ut

2202 4890 2310 4937 non
2347 4881 2584 4947 adderet,
2635 4881 2734 4935 nisi
2766 4883 3058 4936 moriatur:
3094 4895 3280 4936 verum
3321 4881 3480 4936 etiam
3513 4880 3804 4950 sequentia

2203 4975 2566 5046 praetermisit,
2591 4973 2680 5028 ubi
2709 4975 2919 5044 aperuit:
2937 4973 3228 5046 Apostolus
3256 4971 3325 5030 d‘e
3351 4965 3544 5044 quibus
3569 4972 3805 5028 semini-

2200 5067 2300 5124 bus
2328 5067 2654 5138 ltiquerctur.
2699 5067 2790 5122 Ait
2835 5068 2980 5122 enim
3031 5067 3321 5139 Apostolus
3355 5063 3455 5121 :Et
3476 5065 3612 5138 quod
3634 5068 3804 5121 semi-

2267 5204 2288 5236 ί
2323 5210 2452 5275 l.ov_.,
2473 5201 2630 5276 initio.
2658 5211 2712 5254 Al.
2753 5210 2852 5276 Am.
2872 5209 2946 5254 Er.
2975 5201 3280 5276 etplerique‘
3297 5209 3428 5275 n.3,,
3448 5201 3499 5253 in
3522 5200 3650 5256 vitio.
3677 5209 3804 5253 tv'or-

2203 5272 2256 5317 le
2275 5279 2378 5330 pro,
2401 5272 2451 5316 in
2474 5272 2670 5330 mttunt;
2693 5272 2806 5330 quia
2825 5272 3089 5330 prmcessit,
3113 5272 3164 5314 in
3188 5272 3460 5329 pra’mtum.

2323 5326 2371 5392 In
2393 5335 2521 5388 Mss,
2541 5326 2975 5392 didrqgfnta,'juxta
2999 5326 3228 5390 graecum.
3537 5337 3542 5340 ‘

2269 5392 2290 5453 ξ
2323 5390 2490 5453 Plures
2513 5398 2639 5449 Mss.,
2662 5388 2711 5442 iii
2734 5389 2808 5440 Itis
2828 5388 2958 5453 enim
2978 5388 3104 5453 qua}.
3143 5443 3160 5453 ί

2267 5452 2289 5484 ι
2322 5451 2546 5562 l‘lcl‘iuuc
2593 5447 2696 5523 Mss.
2720 5489 2733 5511 ,
2759 5447 2943 5502 curavit
2977 5447 3186 5515 potentia
3229 5447 3594 5516 dispensationis
3627 5463 3807 5503 secre-

2271 5552 2282 5562 .
2329 5523 2444 5562 Dein
2483 5528 2513 5562 e
2573 5513 2798 5562 quidam.
2839 5519 2950 5562 ante
2982 5519 3108 5562 mota
3145 5521 3248 5562 est:
3281 5513 3514 5562 nonnulli.
3548 5525 3659 5562 ante
3681 5521 3807 5562 nota

2201 5519 2282 5586 tte.
2329 5513 2513 5586 Deinde
2573 5513 2798 5586 quidam,
2839 5519 2950 5577 quo:
2978 5513 3108 5586 mota
3139 5521 3248 5586 est;
3281 5513 3514 5586 nbiinulli,
3548 5525 3659 5586 quin
3681 5521 3809 5586 not_a

2201 5584 2273 5630 est
2301 5589 2318 5627 :
2341 5576 2432 5627 sed
2469 5575 2638 5639 plures
2654 5575 2870 5640 omisso,
2894 5588 3029 5640 qtae,
3073 5575 3678 5640 liabent,_qntntotn,'vel,
3703 5576 3808 5626 ad-

2200 5646 2348 5709 mota.
2393 5635 2578 5709 Unities
2639 5635 2864 5709 denique
2900 5635 3041 5709 Mss,
3076 5635 3374 5709 verecundis.
3415 5635 3555 5709 Forte
3613 5635 3808 5703 legen-

2202 5702 2351 5761 dum,
2395 5700 2578 5765 curavit
2607 5700 2870 5765 potentiam
2914 5700 3280 5765 ἀίβμεηδαιίοηὶε
3317 5708 3534 5756 secretis.
3575 5700 3692 5765 pani
3731 5713 3808 5754 eo

2201 5777 2353 5815 sensu
2376 5763 2590 5813 Julianus
2607 5761 2685 5828 hic
2709 5763 2849 5826 paulo
2868 5761 3386 5828 ante'generationunt
3407 5761 3666 5828 potentiam
3701 5777 3806 5828 no-

2199 5828 2351 5878 minat
2375 5834 2426 5890 et
2463 5823 2722 5890 potentiam
2741 5823 3063 5890 monitu-orum
3080 5841 3241 5890 supra,
3260 5841 3309 5880 n.
3336 5823 3419 5888 l8,
3439 5839 3662 5888 necnon,
3688 5825 3808 5879 αἰε-

2200 5887 2520 6015 τέθεὲεέςὶοηέιη
2563 5895 2797 5944 secretam
2829 5887 2971 5954 infra,
2997 5887 3122 5942 libro
3140 5887 3308 5948 contra
3335 5887 3808 5977 qulnto?
