4012 6472
225 455 326 518 ιθνδ

225 587 336 638 nas,
355 585 452 624 non
475 583 658 638 corpus
679 565 820 638 quod
843 569 1070 641 futurum
1101 575 1172 622 est
1202 565 1438 632 seminus,
1481 563 1567 620 sed
1608 563 1802 620 nudum

225 679 452 738 granum,
495 665 600 733 fere
625 661 803 728 tritici,
830 672 917 716 aut
937 661 1157 732 alicujus
1181 672 1494 716 cancrorum.
1525 659 1618 714 His
1663 675 1799 730 [Will-

225 755 498 818 termissis,
523 754 622 806 iste
643 753 919 808 contexuit
948 751 1088 824 quod
1111 751 1308 808 deinde
1337 753 1464 808 dicit
1491 749 1798 820 Apostolus,

221 848 354 904 Dius
373 856 542 902 autem
564 845 642 900 illi
671 847 760 900 dat
791 861 971 916 corpus
997 854 1145 918 prout
1173 845 1298 912 vult,
1348 853 1394 898 et
1431 844 1697 914 unicuique
1723 858 1807 898 se-

224 939 406 994 minum
431 937 702 1008 proprian
735 952 921 1008 corpus
966 935 1010 1008 (ι
1031 936 1150 992 Cor.
1181 953 1270 1002 xv,
1301 936 1514 1008 36—58);
1555 945 1804 1004 tanquam

223 1031 286 1086 de
314 1029 704 1086 concumbente
727 1031 942 1086 homine
964 1029 1158 1086 dixerit
1187 1029 1494 1100 Apostolus,
1521 1027 1796 1100 Incipiam,

225 1133 275 1178 tu
299 1123 430 1194 quod
451 1123 672 1178 sentina:
701 1140 804 1178 non
826 1124 1108 1192 viviﬁcatur
1131 1138 1150 1178 :
1175 1133 1232 1178 ut
1252 1123 1674 1194 intelligercmus
1695 1139 1800 1178 non

220 1217 287 1272 ab
310 1217 526 1272 homine
551 1216 842 1272 concubitu
869 1217 1004 1272 illius
1049 1217 1374 1284 scminante,
1405 1215 1500 1271 sed
1528 1230 1560 1270 a
1593 1216 1702 1270 Deo
1727 1216 1806 1270 vi-

220 1309 420 1364 vitieari
461 1323 648 1362 semen
681 1309 993 1364 humanum.
1021 1307 1108 1364 Sic
1137 1309 1278 1362 enim
1321 1306 1496 1364 fuerat
1541 1309 1804 1378 prmlocn-

221 1411 320 1466 tus,
345 1403 468 1472 quia
523 1419 544 1454 ι
579 1401 826 1472 voluptas
857 1401 946 1456 illa
991 1419 1096 1456 non
1145 1401 1324 1472 explet
1363 1403 1688 1473 Operationis
1725 1402 1805 1460 vi-

223 1509 352 1560 cem,
384 1495 482 1550 sed
507 1494 574 1550 de
603 1494 868 1550 thesauris
915 1505 1120 1552 natura:
1173 1493 1324 1552 ollert
1369 1497 1498 1558 Deo,
1527 1496 1668 1550 unde
1713 1497 1802 1552 ille

221 1585 488 1643 hominem
509 1585 760 1656 dignetur
806 1587 1036 1656 cperari.
1071 1606 1090 1640 ι
1127 1587 1194 1642 Ει
1230 1587 1504 1656 subjunxit
1559 1587 1801 1644 testimo-

221 1681 380 1746 nium,
407 1680 560 1750 quasi
595 1681 696 1736 hoc
718 1681 912 1736 dixerit
941 1681 1263 1751 Apostolus:
1287 1679 1562 1752 lnsipiem,
1597 1691 1650 1738 tu
1667 1683 1802 1754 quod

222 1773 430 1828 minus
453 1789 554 1826 non
585 1772 906 1841 oioiﬁcatur;
932 1772 1034 1828 hoc
1057 1781 1160 1840 est,
1193 1789 1298 1830 non
1329 1789 1358 1828 a
1390 1782 1442 1830 te
1481 1774 1798 1840 viviﬁcatur,

221 1867 308 1928 sed
337 1867 614 1922 hominem
654 1865 724 1922 de
755 1877 844 1922 tuo
899 1867 1108 1924 semine
1156 1867 1296 1922 Deus
1353 1875 1608 1938 operatur
1639 1885 1652 1922 :
1683 1875 1802 1922 tan-

219 1973 372 2028 quam
401 1957 472 2012 ab
497 1957 758 2028 Apostolo
799 1957 974 2014 media
999 1959 1090 2016 illa
1140 1973 1260 2029 qua:
1293 1959 1636 2028 praetermisit
1674 1960 1796 2028 iste,

219 2065 318 2108 non
349 2049 492 2105 dicta
521 2050 666 2115 sint;
709 2057 870 2120 atque
913 2049 986 2104 ita
1023 2065 1084 2106 se
1117 2049 1310 2104 habeat
1350 2049 1466 2120 ejus
1503 2051 1793 2119 sententia,

218 2144 358 2198 velut
401 2143 470 2198 de
511 2143 748 2198 humano
793 2143 1000 2199 semine
1049 2143 1400 2214 loqueretur:
1432 2142 1708 2216 Incipiens,
1748 2155 1801 2200 tu

215 2235 346 2308 quod
370 2237 592 2288 sentinae
621 2251 720 2288 non
743 2235 1038 2305 riuiﬁcatur,
1083 2233 1219 2290 Deus
1239 2246 1406 2290 autem
1447 2235 1524 2292 illi
1567 2239 1654 2290 dat
1681 2253 1798 2292 cor-

216 2345 308 2402 pus
331 2335 484 2398 prout
509 2329 632 2394 vult,
655 2337 701 2381 et
723 2329 988 2398 unicuique
1013 2331 1256 2384 sentinam
1293 2331 1556 2401 praprium
1593 2346 1795 2403 corpus.

213 2420 454 2492 Denique
481 2431 600 2492 post
620 2421 738 2478 huic
763 2422 1002 2494 Apostoli
1031 2423 1192 2478 verba
1231 2423 1310 2478 sic
1345 2423 1506 2480 infert
1539 2439 1658 2490 sua,
1693 2443 1712 2476 ι
1741 2423 1798 2482 Si

214 2529 336 2586 ergo
363 2514 528 2580 Deus,
569 2533 590 2568 ι
623 2513 814 2586 inquit,
853 2532 871 2567 ι
908 2515 1142 2572 humano
1189 2516 1402 2582 semini,
1449 2517 1594 2587 quod
1641 2531 1798 2572 uicino

215 2617 364 2678 negat
407 2608 496 2663 vel
527 2607 867 2677 prudentium
919 2609 1004 2666 vel
1057 2610 1284 2679 piorum,
1329 2611 1606 2682 proprium
1659 2610 1800 2666 sicut

213 2704 460 2762 omnibus
491 2705 654 2760 rebus
689 2719 884 2774 corpus
929 2704 1170 2760 attribuit
1201 2721 1215 2758 :
1259 2723 1280 2758 ι
1313 2705 1462 2777 quasi
1511 2705 1795 2776 Apostolus

213 2796 278 2854 de
299 2797 538 2852 [romano
568 2797 774 2852 semine
799 2799 852 2852 in
879 2797 966 2852 illo
995 2797 1300 2854 testimonio
1323 2799 1392 2854 sit
1419 2797 1650 2856 locutus.

275 2889 368 2946 29.
405 2889 482 2946 De
509 2905 614 2960 qua
649 2889 834 2946 fraude
864 2889 990 2960 quid
1027 2889 1370 2959 adjuvaretur
1391 2889 1508 2960 ejus
1533 2889 1792 2958 intentio,

207 2998 328 3042 eum
351 2983 634 3054 aliquanto
662 2984 914 3038 attentius
939 2983 1230 3052 cogitarem
1251 3023 1267 3052 ,
1303 2983 1437 3039 nihil
1465 2983 1609 3054 potui
1637 2997 1796 3055 repe-

209 3077 334 3140 rire,
369 3075 472 3130 nisi
501 3075 624 3144 quia
653 3083 842 3130 testem
861 3073 1028 3130 voluit
1049 3073 1308 3130 adhibere
1329 3075 1666 3145 Apostolum,
1687 3089 1795 3146 quo

209 3167 463 3239 probaret
494 3167 658 3222 Deum
681 3207 696 3232 ,
729 3164 868 3235 quod
909 3173 962 3220 et
1003 3179 1102 3220 nos
1138 3165 1364 3222 dicimus
1387 3207 1401 3232 ,
1445 3165 1514 3222 de
1551 3165 1797 3222 humanis

209 3259 504 3318 sentinibus
531 3257 804 3314 hominem
833 3256 1064 3326 aperari.
1097 3256 1312 3314 Etcum
1347 3257 1396 3313 ei
1434 3257 1796 3314 testimonium

207 3351 758 3416 nullnmoceurreret,
773 3349 874 3406 isto
893 3349 1096 3406 abusus
1107 3357 1190 3406 est
1209 3347 1796 3417 fraudulenter-nimam

211 3444 390 3515 utique
413 3485 432 3510 ,
465 3459 534 3498 ne
563 3441 702 3498 forte
727 3442 774 3498 si
799 3450 1082 3512 appareret
1119 3440 1432 3510 Apostolum
1459 3456 1570 3496 non
1593 3440 1664 3497 de
1695 3441 1798 3496 bu-

209 3539 381 3596 Inanis
406 3536 734 3602 seminibus,
774 3535 868 3590 sed
893 3533 960 3592 de
992 3534 1274 3592 frumentis
1299 3533 1390 3590 illa
1410 3533 1610 3590 dixisse
1627 3575 1644 3602 ,
1675 3535 1798 3590 hinc

209 3629 644 3694 admonerentur,
661 3627 804 3684 unde
823 3625 1168 3693 refutaretur,
1192 3641 1298 3682 non
1319 3625 1584 3698 religiosas
1605 3627 1797 3682 volun-

213 3724 354 3791 tatis,
387 3723 484 3780 sed
519 3721 818 3779 libidinosm
841 3721 1124 3792 voluptatis
1155 3719 1360 3791 pudens
1394 3720 1718 3787 nominator,
1747 3729 1801 3775 et

209 3816 496 3887 inridens
525 3813 860 3885 prmdicator.
887 3813 964 3870 De
983 3813 1112 3884 ipsis
1129 3811 1326 3884 quippe
1345 3813 1657 3880 seminibus,
1679 3827 1798 3883 qua:

211 3905 270 3966 i
290 3909 436 3979 agris
459 3907 714 3978 agricolae
737 3906 1028 3971 seminam,
1057 3912 1235 3975 potest
1261 3903 1376 3974 ipse
1401 3903 1670 3976 redargui.
1691 3901 1802 3960 Cur

217 4002 354 4062 eam:
386 4015 498 4056 non
525 3997 830 4067 credamus,
853 3997 1020 4054 Deum
1049 3997 1283 4068 potuisse
1313 3997 1364 4052 in
1395 3995 1648 4068 paradiso
1671 4011 1800 4052 eon-

217 4093 408 4150 cedere
437 4091 642 4148 homini
668 4091 826 4148 beato
853 4090 918 4148 de
943 4105 1046 4146 suo
1067 4090 1292 4158 semine,
1315 4093 1457 4161 quod
1481 4105 1798 4146 concessum

219 4188 460 4244 videmus
486 4185 740 4258 agricolis
765 4185 832 4240 de
862 4184 1020 4240 tritici
1047 4184 1286 4250 semine;
1307 4193 1368 4240 ut
1393 4199 1460 4240 eo
1483 4183 1644 4239 modo
1669 4183 1796 4239 illud

221 4292 488 4340 sereretur
513 4281 630 4334 sine
673 4279 782 4334 ulla-
821 4277 1060 4348 pudcnda
1099 4276 1356 4344 libidine,
1399 4277 1468 4332 ad
1507 4278 1795 4333 voluntatis

223 4382 404 4434 nutum
437 4371 695 4428 membris
715 4369 1128 4440 obsequentibus
1155 4369 1504 4440 genitalibus;
1532 4369 1670 4424 sicut
1701 4369 1804 4426 hoc

223 4467 412 4522 seritur
431 4465 548 4520 sine
569 4463 678 4520 ulla
695 4461 937 4534 pudenda
959 4461 1194 4528 libidine,
1220 4461 1288 4516 ad
1309 4461 1594 4517 voluntatis
1615 4469 1799 4518 nutum

223 4556 572 4626 agricolarum
619 4555 1032 4625 obsequentibus
1067 4553 1346 4618 manibus;
1401 4553 1708 4611 honestiore
1751 4555 1804 4610 in

223 4649 526 4721 parentibus
550 4646 938 4718 gignendorum
965 4645 1230 4702 desiderio
1259 4645 1510 4714 ﬁliorum,
1541 4663 1698 4718 quam
1721 4653 1804 4704 eSt

225 4741 612 4812 implendorum
660 4740 714 4794 in
758 4739 1030 4796 orantibus
1077 4739 1392 4794 horreorum
1439 4757 1454 4793 :
1501 4755 1564 4795 ac
1610 4739 1804 4797 deinde

225 4833 442 4890 Creator
470 4833 810 4902 omnipotens
829 4831 1282 4886 innontaminnbili
1303 4833 1321 4864 ι
1345 4831 1538 4902 ubique
1563 4845 1804 4902 prasen-

221 4924 298 4980 tia
320 4934 378 4980 et
395 4923 656 4982 ereatrice
681 4923 926 4994 poteritis
939 4923 1006 4979 de
1029 4923 1324 4980 seminibus
1345 4924 1619 4979 hominum
1649 4933 1806 4995 prout

223 5019 406 5086 Vellet,
435 5017 578 5090 quod
602 5027 658 5074 et
687 5029 826 5072 nunc
848 5016 992 5086 facit,
1015 5025 1327 5089 operaretur
1351 5018 1404 5072 in
1430 5017 1646 5085 femina,
1669 5017 1810 5075 sicut

223 5111 296 5168 de
335 5111 634 5168 seminibus
675 5109 1058 5168 frumentorum
1098 5122 1254 5182 prout
1295 5109 1408 5166 vult
1453 5117 1708 5182 operatur
1754 5111 1808 5166 in

225 5211 390 5270 terra,
419 5203 590 5259 beatis
617 5201 878 5260 matribus
893 5203 1010 5258 sine
1031 5201 1314 5258 libidinosa
1327 5202 1603 5272 voluptate
1627 5202 1809 5259 concl-

223 5295 514 5368 pientibm,
543 5296 664 5354 sine
696 5309 998 5350 mrumnoso
1024 5294 1222 5365 gemitu
1251 5293 1610 5368 parientibus;
1639 5309 1807 5366 quan-

221 5387 512 5458 doquidem
538 5387 594 5442 in
624 5386 716 5444 illa
731 5385 984 5444 felicitate
1009 5396 1066 5442 et
1081 5386 1138 5442 in
1161 5400 1390 5458 corpore
1405 5385 1644 5442 nondum
1659 5400 1808 5442 mor-

221 5485 300 5542 tis
323 5483 510 5555 huius,
544 5484 796 5540 sed-vine
817 5483 990 5552 illius,
1025 5497 1140 5538 non-
1161 5493 1306 5539 esset
1335 5482 1550 5538 feminis
1579 5482 1810 5539 inexci-

223 5575 438 5646 piendis
461 5576 754 5632 seminibus
781 5575 924 5646 quod
965 5573 1215 5646 puderet,
1259 5576 1395 5632 sicut
1429 5591 1535 5632 non
1579 5585 1721 5632 esset
1755 5577 1810 5632 in

219 5669 456 5728 edundis
483 5668 678 5726 fetibus
709 5667 850 5740 quod
890 5669 1132 5725 doleret?
1153 5667 1404 5741 Quisquis
1430 5683 1534 5726 non
1565 5669 1736 5727 credit
1764 5671 1809 5739 ',

291 5853 310 5885 ι
475 5857 550 5902 Er.
573 5859 628 5916 et
649 5850 966 5916 piarum,
990 5849 1380 5916 manu.

219 5914 480 6046 ,ατίὲἓὲψ
497 5911 717 5980 Ws
739 5911 1004 5966 mttetnnon
1027 5911 1200 5966 credit.
1227 5917 1392 5978 Abest,
1409 5921 1584 5978 autent,
1604 5927 1632 5966 a
1648 5925 1814 5969 manu-

1565 445 1768 504 Linan
1793 439 2188 530 accusans.

3395 461 3501 528 48‘

1919 558 2002 648 vel
2039 559 2184 615 credi
2219 576 2324 617 non
2361 563 2510 630 vult,
2554 563 2856 626 hominibus
2877 581 3010 630 ante
3032 587 3196 632 omne
3223 553 3496 648 peccatum

1915 649 1970 708 in
2000 649 2086 708 illa
2115 651 2344 722 paradisi
2370 651 2619 712 felicitate
2647 659 2982 718 versantibus
3011 663 3111 721 huc
3135 669 3373 739 potuisse
3399 669 3500 731 Dei

1913 741 2186 799 voluntate
2213 753 2268 800 et
2295 745 2621 818 benignitate
2643 751 2882 822 concedi,
2909 771 3018 812 non
3047 759 3292 830 optanda:
3315 761 3502 820 fecun-

1914 835 2094 892 ditatis
2125 837 2366 895 laudator
2385 883 2400 910 ,
2433 842 2526 898 sed
2555 843 2814 914 pudendae
2841 845 3128 921 voluptatis
3161 863 3367 912 amator
3394 867 3496 912 est.

1983 927 2210 986 CAPUT
2250 929 2366 990 XV.
2398 963 2469 974 —
2498 935 2590 990 50.
2617 935 2744 992 Item
2785 939 2926 994 aliud
2956 957 3018 996 ex
3046 943 3181 1000 libro
3206 945 3388 1004 divino
3419 957 3500 1010 te-

1911 1022 2218 1080 stimonium
2248 1025 2388 1096 quod
2415 1031 2592 1099 posuit
2618 1029 2686 1087 de
2708 1031 3040 1103 Ahimelech,
3067 1047 3122 1092 et
3151 1039 3260 1096 Deo
3285 1041 3500 1100 volente

1911 1114 2090 1171 clausa
2112 1119 2257 1174 omni
2281 1121 2436 1176 vulva
2463 1121 2516 1176 in
2543 1123 2704 1178 domo
2733 1125 2848 1196 ejus
2875 1144 2942 1184 ne
2971 1129 3222 1188 mulieres
3250 1133 3366 1204 ejus
3395 1149 3494 1206 pa-

1911 1217 2114 1272 rerent,
2138 1219 2298 1280 atque
2323 1222 2508 1282 aperta
2533 1231 2717 1272 rursus
2749 1227 2806 1272 ut
2831 1231 3108 1288 parerent,
3140 1223 3266 1294 quid
3290 1225 3356 1282 ad
3382 1242 3498 1284 rem

1911 1303 2177 1374 pertinet?
2205 1305 2330 1374 quid
2360 1305 2526 1364 habet
2547 1307 2615 1366 de
2645 1311 2730 1366 illa
2757 1311 3002 1384 pudenda
3033 1313 3277 1386 libidine,
3301 1317 3370 1374 de
3393 1334 3497 1390 qua

1911 1410 2050 1452 nunc
2074 1400 2296 1468 quaestio
2323 1402 2442 1458 est?
2469 1401 2736 1476 Numquid
2773 1407 2943 1478 ipsam
2973 1407 3118 1464 Deus
3137 1409 3370 1468 detraxit
3391 1413 3498 1472 illis

1907 1484 2154 1556 feminis,
2191 1491 2526 1566 reddiditque
2566 1512 2688 1552 cum
2726 1498 2932 1556 voluit?
2967 1499 3072 1557 Sed
3105 1517 3262 1573 poena
3303 1501 3403 1560 fuit
3439 1493 3498 1561 ut

1907 1594 2097 1652 parcre
2119 1597 2225 1640 non
2269 1597 2524 1656 possent,
2561 1589 2878 1650 beneficium
2903 1609 3034 1650 vero
3066 1603 3123 1650 ut
3151 1611 3340 1666 parcre
3369 1575 3496 1670 pos-

1907 1681 2027 1728 sent
2055 1689 2202 1730 more
2227 1673 2385 1746 hujus
2411 1681 2772 1750 corruptibilis
2798 1685 2975 1742 carnis
3001 1686 3042 1738 ¹.
3073 1673 3186 1741 Non
3211 1688 3354 1744 enim
3387 1689 3492 1746 tale

1906 1759 2222 1818 beneﬁcium
2247 1765 2387 1823 Deus
2407 1767 2674 1826 conferret
2693 1773 2904 1842 corpori
2925 1775 3111 1832 mortis
3133 1775 3311 1848 hujus,
3333 1777 3493 1849 quale

1907 1869 2022 1912 non—
2049 1855 2262 1914 haberet
2304 1859 2404 1918 nisi
2445 1875 2638 1934 corpus
2679 1865 2802 1922 vita:
2825 1865 2964 1922 illius
2997 1865 3052 1922 in
3087 1867 3333 1938 paradiso
3368 1867 3494 1928 ante

1905 1959 2210 2016 peccatum,
2245 1959 2302 2006 ut
2338 1961 2392 2006 et
2433 1963 2722 2023 conceptus
2765 1955 3071 2028 proveniret
3113 1960 3232 2015 sine
3267 1959 3492 2018 libidine

1905 2039 2197 2110 pruriente,
2221 2051 2274 2096 et
2305 2051 2490 2112 partus
2513 2044 2628 2100 sine
2652 2043 2835 2102 dolore
2861 2047 3155 2106 cruciante.
3181 2047 3289 2106 Cur
3312 2059 3489 2106 autem

1903 2147 2012 2188 non
2043 2133 2418 2204 intelligamus,
2443 2135 2871 2210 quandoquidem
2901 2139 3033 2195 dicit
3053 2137 3345 2212 Scriptura,
3371 2139 3490 2202 afo-

1903 2223 1979 2278 ris
2005 2238 2218 2282 onmem
2255 2227 2463 2284 vulvam
2501 2227 2667 2284 fuisse
2703 2231 3007 2288 conclusam
3031 2274 3049 2302 ,
3087 2233 3266 2306 aliquo
3305 2231 3490 2294 dolore

1903 2316 2100 2374 factum
2130 2333 2269 2386 esse,
2301 2331 2358 2375 ut
2385 2336 2490 2376 non
2517 2331 2736 2392 possent
2763 2321 2978 2381 feminae
3005 2309 3342 2384 concubitum
3369 2327 3491 2400 per-

1901 2409 2048 2480 peti,
2094 2411 2183 2481 qui
2227 2411 2382 2468 dolor
2419 2413 2528 2468 Deo
2565 2425 2914 2474 succensente
2945 2417 2966 2450 ³
2999 2417 3186 2475 fuisset
3223 2419 3489 2491 indictus,

1901 2501 2189 2558 miserante
2226 2501 2534 2560 detractus?
2560 2505 2692 2562 Nam
2737 2507 2782 2563 si
2820 2509 2886 2563 ad
2926 2511 3366 2582 impedimentum
3406 2509 3493 2574 se-

1902 2596 2083 2652 rendae
2111 2597 2272 2668 prolis
2297 2607 2441 2656 esset
2481 2600 2643 2656 libido
2669 2601 2998 2660 detrahenda
3019 2645 3036 2672 ,
3065 2607 3198 2663 viris
3227 2616 3370 2664 esset
3394 2595 3491 2666 de-

1903 2692 2182 2762 trahenda,
2207 2709 2313 2750 non
2341 2693 2572 2750 feminis.
2597 2695 2818 2752 Femina
2842 2699 2982 2754 enim
3005 2709 3188 2770 posset
3215 2701 3488 2760 voluntate

1901 2786 2277 2854 concumbere,
2311 2788 2470 2844 etiam
2502 2789 2794 2846 desistente
2819 2790 3039 2848 libidine
3057 2808 3162 2864 qua
3184 2795 3489 2854 stimulare-

1902 2883 2020 2946 tur;
2055 2879 2100 2934 si
2135 2880 2250 2934 viro
2275 2895 2384 2936 non
2409 2879 2620 2938 deesset
2639 2922 2656 2950 ,
2685 2898 2787 2954 qua
2812 2885 3158 2942 excitaretur.
3188 2887 3301 2944 Nisi
3325 2885 3488 2958 forte,

1901 2971 2026 3042 quia
2045 2973 2303 3043 scriptum
2319 2981 2420 3041 est,
2435 2983 2490 3030 et
2505 2975 2676 3046 ipsum
2699 2976 3010 3034 Abimelecb
3031 2977 3196 3036 fuisse
3216 2991 3482 3052 sanatum,

1902 3065 2110 3120 virilem
2155 3066 2394 3122 dicturus
2437 3077 2520 3126 est
2565 3069 2616 3126 ei
2663 3069 2940 3128 libidinem
2986 3072 3267 3129 redditam.
3317 3073 3489 3144 Quam

1907 3160 2147 3232 profecto
2187 3161 2234 3216 si
2271 3163 2554 3232 amiserat,
2596 3163 2724 3234 quid
2760 3179 2893 3236 opus
2929 3164 3028 3222 fuit
3067 3181 3190 3223 eum
3232 3167 3489 3226 divinitus

1901 3253 2202 3322 admoneri,
2229 3261 2288 3310 ut
2311 3253 2540 3310 Abrahae
2565 3271 2674 3310 non
2701 3255 3015 3314 misceretur
3043 3259 3231 3314 uxori?
3257 3259 3367 3318 Sed
3393 3275 3482 3318 sa-

1903 3353 2086 3404 natum
2117 3347 2268 3416 dicit,
2291 3348 2414 3418 quia
2440 3347 2630 3404 domus
2655 3348 2772 3419 ejus
2794 3349 2862 3406 ab
2887 3349 2976 3406 illa
2998 3359 3148 3422 peste
3169 3360 3352 3408 sanata
3379 3361 3484 3410 est.

1975 3435 2199 3496 CAPUT
2239 3438 2378 3494 xw.
2405 3467 2478 3480 —
2497 3439 2588 3496 δι.
2614 3439 2734 3496 .lam
2759 3456 2900 3498 nunc
2937 3441 3028 3498 illa
3057 3443 3154 3498 tria
3185 3431 3484 3516 videamus,

1904 3546 2129 3604 quorum
2155 3532 2312 3588 trium
2333 3533 2606 3602 quodlibet
2625 3533 2938 3604 dixerimus,
2955 3535 3088 3592 nihil
3106 3537 3182 3593 ait
3199 3537 3302 3594 dici
3325 3553 3487 3611 posse

1893 3623 2178 3695 ,profanius
2207 3641 2220 3678 :
2245 3623 2382 3694 quod
2423 3624 2676 3680 hominem
2711 3625 2850 3682 Deus
2887 3636 2974 3682 aut
3011 3645 3114 3686 non
3141 3631 3316 3700 fecerit
3335 3673 3352 3699 ,
3399 3642 3488 3688 aut

1905 3717 2106 3774 diabolo
2131 3717 2324 3788 fecerit,
2346 3725 2434 3772 aut
2455 3727 2586 3782 certe
2609 3717 2840 3776 diabolus
2866 3719 2964 3776 Dei
2986 3721 3052 3776 sit
3078 3721 3370 3792 imaginem,
3393 3724 3489 3796 hoc

1905 3820 1998 3878 est,
2027 3811 2276 3866 hominem
2299 3811 2597 3885 fabricatus.
2629 3813 2830 3870 Horum
2858 3813 3016 3870 trium
3055 3815 3284 3886 primum
3310 3827 3364 3874 et
3387 3833 3487 3876 no-

1907 3905 2189 3963 vissimum
2211 3920 2318 3960 non
2346 3903 2449 3960 dici
2474 3919 2506 3962 a
2535 3905 2710 3976 nobis,
2739 3906 2902 3962 etiam
2927 3907 3062 3978 ipse,
3094 3909 3140 3964 si
3164 3924 3270 3966 non
3296 3911 3366 3966 sit
3390 3925 3488 3968 ex-

1907 4012 2030 4054 cors
2052 4007 2146 4053 aut
2171 3998 2394 4054 nimium
2415 3999 2690 4070 pervicax,
2717 3999 3020 4056 conﬁtetur.
3043 4000 3126 4058 De
3147 4002 3238 4058 illo
3266 4004 3492 4076 quaestio

1907 4102 2008 4158 est,
2038 4091 2178 4164 quod
2217 4091 2452 4148 secundo
2481 4091 2763 4164 medioque
2790 4093 2910 4150 loco
2934 4095 3130 4164 posuit,
3167 4095 3256 4152 ubi
3279 4097 3360 4154 sic
3387 4096 3492 4162 fal-

1907 4187 2052 4252 litur,
2083 4195 2138 4242 ut
2162 4203 2194 4242 a
2213 4186 2366 4242 nobis
2389 4187 2489 4242 hoc
2507 4187 2774 4244 existimet
2799 4186 2924 4256 diei,
2951 4188 3094 4260 quod
3113 4188 3327 4246 diabolo
3347 4190 3490 4250 Deus

1907 4279 2178 4334 hominem
2219 4277 2430 4346 fecerit,
2473 4286 2724 4350 tanquam
2749 4279 2804 4334 in
2842 4277 3148 4338 hominibus
3181 4297 3318 4354 quos
3349 4285 3492 4340 Deus

1907 4386 1974 4426 ex
1999 4367 2302 4424 hominibus
2329 4368 2637 4438 parentibus
2663 4377 2824 4434 creat,
2859 4367 2961 4425 hoc
2986 4370 3244 4440 intendat,
3273 4373 3376 4429 hoc
3395 4389 3488 4430 cu-

1907 4469 2022 4530 ret,
2045 4461 2146 4518 boc
2169 4460 2250 4516 sui
2284 4459 2464 4532 operis
2488 4459 2696 4516 ratione
2733 4459 3038 4532 provideat,
3066 4470 3124 4516 ut
3147 4461 3342 4518 habent
3366 4464 3486 4520 dia-

1907 4549 2062 4614 bolus
2089 4569 2272 4612 servos
2291 4596 2308 4624 ,
2340 4569 2473 4626 quos
2499 4553 2614 4622 ipse
2639 4552 2740 4608 sibi
2769 4551 2948 4610 facere
2967 4569 3076 4610 non
3109 4563 3308 4626 potest.
3335 4556 3490 4614 Absit

1910 4658 1968 4706 ut
1993 4649 2094 4708 hoc
2136 4649 2537 4722 qualiscumque
2575 4647 2659 4702 vel
2699 4647 2916 4716 puerilis
2955 4647 3125 4718 pietas
3167 4649 3486 4720 suspicetur.

1909 4743 2156 4802 Bonitate
2195 4758 2291 4800 sua
2337 4742 2478 4798 Deus
2519 4740 2688 4810 facit'
2713 4741 2957 4796 homines
2981 4783 2998 4809 ,
3041 4751 3096 4797 et
3133 4743 3338 4814 primos
3374 4746 3491 4804 sine

1909 4847 2154 4910 peccato,
2182 4843 2238 4890 et
2260 4841 2482 4890 caeteros
2502 4831 2602 4888 sub
2623 4840 2862 4902 peccato,
2883 4831 2940 4887 in
2958 4846 3088 4890 usus
3111 4833 3490 4905 profundorum

1897 4929 2291 5004 cogitationum
2336 4939 2574 4982 suarum.
2619 4922 2770 4980 Sicut
2801 4924 2945 4980 enim
2985 4923 3052 4980 de
3089 4925 3258 4998 ipsius
3293 4927 3491 4988 diaboli

1911 5021 2112 5078 malitia
2139 5019 2284 5076 novit
2309 5018 2395 5074 ille
2416 5016 2542 5090 quid
2562 5025 2702 5090 agat,
2733 5025 2785 5074 et
2812 5017 2956 5090 quod
2977 5019 3084 5088 agit
3107 5019 3308 5090 justum
3337 5031 3494 5082 estet

1913 5115 2116 5172 bonum
2136 5155 2154 5182 ,
2179 5113 2420 5184 quamvis
2461 5111 2531 5166 sit
2566 5111 2634 5168 dc
2661 5125 2767 5182 quo
2803 5109 2914 5182 agit
2941 5109 3170 5182 injustus
3197 5125 3251 5170 et
3283 5118 3456 5174 malus
3477 5160 3492 5188 ,
3573 5135 3585 5150 -

1913 5223 2018 5266 nec
2034 5221 2158 5280 eum
2179 5213 2460 5276 propterea
2479 5217 2664 5258 creare
2683 5201 2870 5266 noluit,
2895 5203 3016 5274 quia
3039 5205 3234 5260 malum
3261 5205 3494 5264 futurum

1914 5318 2036 5362 esse
2081 5297 2349 5372 praescivit
2393 5314 2408 5350 :
2450 5296 2522 5350 ita
2565 5295 2632 5351 de
2681 5294 2934 5352 universo
2978 5310 3174 5368 genere
3215 5296 3487 5365 humano,

1915 5393 2156 5470 quamvis
2184 5391 2360 5448 nullus
2381 5388 2656 5444 hominum
2677 5388 2794 5444 sine
2817 5389 3020 5458 peccati
3039 5389 3198 5446 sorde
3219 5397 3492 5456 nascatur,

1891 5469 2116 5546 bonum
2139 5485 2230 5542 ille
2263 5483 2352 5556 qui
2381 5495 2587 5538 summe
2625 5479 2798 5536 bonus
2831 5489 2914 5536 est
2935 5489 3218 5550 operatur;
3250 5479 3386 5536 alios
3410 5479 3492 5538 fa-

1893 5565 2064 5638 ciens
2091 5587 2344 5650 tanquam
2369 5589 2492 5630 vasa
2520 5571 2916 5637 misericordiae,
2945 5584 3078 5642 quos
3101 5569 3268 5640 gratia
3293 5569 3494 5630 discer-

1915 5680 2010 5730 nat
2035 5672 2102 5727 ab
2130 5669 2208 5726 eis
2235 5669 2324 5740 qui
2355 5680 2480 5722 vasa
2505 5673 2626 5720 sunt
2647 5664 2773 5730 irae;
2801 5661 2935 5718 alios
2957 5669 3204 5732 tanquam
3231 5677 3354 5726 vasa
3375 5664 3492 5736 ira,

1981 5849 2002 5887 ι
2035 5845 2260 5909 Plerique
2285 5851 2410 5902 Msa,
2433 5845 2665 5903 πνοι-ξε.
2745 5899 2774 5910 η

1983 5914 2002 5974 ξ
2037 5909 2246 5958 vatieani
2267 5911 2394 5974 Mss,
2417 5903 2679 5974 irascente.-
2693 5898 2783 5974 Αιὲ
2797 5895 3037 5974 plet-tque,
3059 5901 3338 5954 um.

1985 5941 2008 6007 ἱ
2040 5941 2246 6020 HEC
2267 5941 2868 6029 ἓῦἓίεἷίῖιῖὲἱὲὲξῇὲᾶῐ
