4012 6476
521 467 631 538 455

523 603 584 652 ut
603 600 759 650 notas
785 587 942 646 faciat
965 584 1176 643 divitias
1201 582 1387 656 gloriae
1421 598 1532 639 sua:
1565 583 1622 637 in
1648 594 1772 635 vasa
1795 577 2106 635 misericor-

521 685 645 744 diae.
669 684 771 740 Eat
795 683 896 738 iste
916 693 1078 746 nunc,
1100 685 1155 735 et
1182 675 1440 732 adversus
1460 673 1800 745 Apostolum,
1829 666 1982 740 cujus
2003 666 2104 721 ista

522 773 785 835 sententia
829 780 948 840 est,
991 775 1426 843 argumentetur;
1476 766 1585 821 imo
1628 763 1886 818 adversus
1928 759 2105 828 ipsum

521 867 760 940 figulum,
787 863 874 920 cui
897 861 1226 934 respondere
1254 857 1501 932 prohibet
1527 853 1839 928 Apostolus,
1874 850 2053 906 dicens
2078 866 2093 905 :

524 960 569 1016 ο
597 962 766 1026 homo,
794 967 848 1013 tu
870 957 982 1027 quis
1000 973 1053 1012 es
1075 955 1161 1027 qui
1185 951 1491 1026 respondeas
1514 948 1626 1006 Deo
1645 947 1671 1003 l'
1695 940 1958 1018 Numquid
1974 941 2100 996 dicit

520 1053 813 1125 ﬁgmentum
832 1050 878 1105 ei
896 1047 982 1120 qui
1009 1064 1062 1103 se
1096 1047 1266 1118 ﬂuant,
1294 1044 1462 1110 Quare
1487 1044 1558 1097 sic
1590 1057 1669 1095 me
1699 1034 2104 1112 fecisti?Annon

521 1145 666 1201 habet
682 1152 975 1216 potestatem
995 1141 1183 1213 ﬁgulus
1199 1139 1291 1194 luti
1311 1154 1373 1194 ea:
1387 1137 1561 1193 eadem
1583 1149 1752 1188 massa
1776 1131 1942 1202 facere
1961 1125 2104 1181 aliud

519 1237 679 1293 vasin
700 1237 961 1304 honorem,
983 1233 1126 1288 aliud
1144 1233 1199 1286 in
1219 1228 1574 1285 contumeliam
1593 1225 1772 1296 (liam.
1794 1237 1871 1288 ιῐ,
1894 1216 2104 1286 20-25)?

519 1329 786 1403 Numquid
822 1343 950 1400 ergo
975 1341 1103 1382 vasa
1142 1325 1235 1381 ira:
1261 1330 1420 1394 negat
1453 1323 1555 1376 iste
1584 1333 1704 1376 esse
1730 1315 1829 1372 sub
1856 1309 2103 1368 diabolo?

520 1432 613 1482 aut
635 1423 757 1495 quia
787 1421 888 1478 sub
924 1418 1138 1476 diabolo
1165 1424 1322 1482 sunt,
1350 1416 1485 1470 alius
1510 1426 1575 1468 ea
1603 1424 1763 1481 quam
1800 1407 1913 1478 ipse
1937 1403 2100 1472 facit,

518 1517 610 1589 qui
634 1531 761 1572 vasa
795 1510 1176 1570 misericordiae
1203 1507 1374 1564 facit?
1410 1515 1504 1562 aut
1536 1503 1751 1560 aliunde
1790 1510 1845 1558 et
1883 1513 1992 1554 non
2033 1511 2103 1552 ex

517 1607 703 1666 eadem
735 1621 910 1662 massa
937 1603 1100 1659 facit?
1121 1601 1220 1657 Hic
1244 1601 1425 1671 itaque
1451 1597 1616 1666 dicat,
1645 1595 1787 1666 Ergo
1809 1593 1952 1648 Deus
1975 1603 2102 1645 vasa

518 1700 732 1760 diabolo
753 1699 879 1755 facit
911 1716 926 1754 :
953 1697 1107 1768 quasi
1137 1693 1342 1751 nesciat
1369 1692 1511 1747 Deus
1539 1690 1618 1744 sic
1647 1688 1726 1743 eis
1749 1687 1826 1741 uti
1846 1682 1914 1739 ad
1938 1694 2102 1753 opera

517 1810 614 1853 sua
637 1795 779 1866 justa
803 1803 859 1851 et
881 1794 1021 1850 bona
1043 1833 1058 1860 ,
1087 1794 1225 1848 sicut
1255 1791 1372 1862 ipso
1396 1790 1561 1844 utitur
1585 1782 1816 1840 diabolo.

589 1886 813 1944 CAPUT
851 1885 1016 1941 XVII.
1055 1915 1127 1925 —
1169 1883 1258 1939 52.
1305 1884 1386 1937 An
1430 1895 1559 1936 vero
1605 1876 1744 1931 filios
1787 1868 2102 1945 perditionis

517 1979 699 2038 bmdos
720 1979 953 2036 sinistra:
978 1977 1144 2048 partis
1164 1975 1374 2047 (Matth.
1398 1989 1524 2040 xxv,
1547 1970 1638 2040 55)
1663 1967 1876 2024 diabolo
1896 1964 2100 2036 pascit,

516 2082 574 2130 et
611 2071 824 2128 diabolo
858 2070 1057 2136 nutrit,
1099 2077 1155 2124 et
1190 2067 1384 2133 vestit,
1416 2066 1539 2136 quia
1576 2062 1701 2117 facit
1737 2059 1907 2115 solem
1945 2069 2100 2111 suum

514 2163 645 2221 oriri
671 2177 831 2233 super
854 2162 1024 2217 bonos
1064 2168 1119 2216 et
1156 2158 1364 2225 malos,
1405 2166 1459 2212 et
1498 2154 1632 2226 pluit
1659 2166 1820 2222 super
1841 2150 2019 2221 justos
2045 2154 2100 2202 et

515 2255 742 2326 injustos
770 2252 879 2327 (Id.
909 2268 966 2320 v,
996 2251 1124 2324 45)?
1143 2249 1234 2308 Sic
1253 2250 1431 2319 itaque
1451 2253 1598 2302 creat
1619 2243 1807 2308 malos,
1830 2237 2099 2311 quomodo

516 2348 688 2421 pascit
709 2355 766 2403 et
792 2347 958 2402 nutrit
984 2344 1158 2400 malos
1183 2362 1194 2397 :
1221 2342 1342 2415 quia
1364 2338 1505 2412 quod
1530 2337 1609 2393 eis
1629 2333 1860 2392 creando
1882 2330 2093 2397 tribuit,

515 2441 586 2498 ad
610 2450 814 2498 natura:
852 2439 1087 2511 pertinet
1122 2437 1447 2500 bonitatem;
1477 2441 1531 2488 et
1555 2428 1698 2503 quod
1726 2429 1806 2484 eis
1833 2422 2100 2497 pascendo

514 2541 571 2591 et
611 2531 894 2590 nutriendo
932 2531 1025 2587 dat
1062 2530 1448 2585 incrementum
1478 2565 1493 2591 ,
1535 2537 1643 2578 non
1673 2520 1856 2590 utique
1883 2515 2101 2572 malitiae

513 2639 724 2695 eorum,
757 2623 852 2680 sed
875 2623 1050 2680 eidem
1074 2622 1230 2678 bonze
1256 2628 1461 2674 naturae
1487 2629 1648 2687 quam
1669 2611 1873 2668 creavit
1901 2607 2095 2672 bonus,

425 2725 430 2730 “
513 2719 713 2778 bonum
755 2717 939 2774 tribuit
973 2715 1360 2786 adjnmentum.
1389 2711 1448 2765 In
1501 2714 1758 2782 quantum
1801 2702 1945 2759 enim
1978 2697 2099 2789 .ho-

513 2814 689 2872 mines
731 2820 887 2877 sunt,
919 2811 1116 2867 bonum
1156 2814 1239 2864 est
1285 2813 1523 2873 naturae,
1570 2801 1724 2872 cujus
1776 2805 1964 2853 auctor
2014 2802 2099 2850 est

516 2904 660 2962 Deus
690 2921 703 2959 :
733 2903 785 2958 in
832 2909 1088 2972 quantum
1126 2907 1305 2953 autem
1341 2909 1464 2950 cum
1508 2899 1728 2963 peccato
1765 2895 2093 2952 nascuntur,

509 2995 737 3069 perituri
777 2994 822 3048 si
865 3008 971 3048 non
1011 2996 1364 3048 renascuntur
1409 2989 1449 3053 ¹,
1497 2985 1566 3040 ad
1602 2999 1785 3040 semen
1828 2979 2099 3052 pertinent

513 3083 854 3142 maledictum
896 3082 965 3137 ab
1004 3081 1155 3136 initio
1194 3078 1350 3152 (Sap.
1387 3092 1460 3132 xu
1485 3117 1499 3144 ,
1528 3072 1618 3147 II)
1641 3115 1657 3143 ,
1686 3073 1828 3129 illius
1865 3071 2096 3140 antiqua:

513 3175 888 3234 iuobedientize
935 3173 1084 3229 vitio.
1128 3171 1244 3241 Quo
1291 3179 1469 3226 tamen
1518 3169 1656 3224 bene
1711 3165 1878 3221 utitur
1927 3164 2097 3220 factor

513 3268 676 3325 etiam
701 3279 949 3323 vasorum
975 3266 1091 3332 irae,
1114 3274 1172 3319 ut
1193 3272 1347 3319 notas
1367 3259 1528 3317 faciat
1546 3259 1760 3315 divitias
1775 3257 1960 3329 gloria:
1984 3270 2096 3313 sua:

512 3360 568 3419 in
595 3375 719 3416 vasa
747 3357 1166 3424 misericordiae;
1208 3371 1275 3412 ne
1316 3354 1521 3411 meritis
1548 3353 1660 3410 suis
1691 3352 1920 3418 tribuat,
1953 3351 1999 3404 si
2028 3347 2096 3404 ad

512 3453 756 3511 eamdem
783 3466 1010 3507 massam
1037 3451 1261 3522 quisque
1289 3448 1563 3519 pertinens
1585 3446 1756 3517 gratia
1796 3445 2054 3499 liberetur
2074 3482 2092 3510 ,

512 3545 608 3602 sed
629 3546 718 3617 qui
737 3545 1013 3616 gloriatur,
1039 3543 1092 3597 in
1120 3541 1346 3596 Domino
1365 3539 1625 3610 glorietur
1649 3536 1668 3609 (
1688 3534 1732 3590 II
1750 3533 1870 3591 Cor.
1892 3549 1950 3600 ι,
1977 3533 2092 3603 I7).

583 3636 809 3694 CAPUT
847 3634 1039 3692 XVIII.
1064 3664 1136 3674 —
1159 3633 1250 3688 55.
1273 3631 1354 3687 Ab
1375 3631 1478 3686 hac
1500 3628 1605 3686 fide
1628 3627 1916 3700 apostolica
1937 3636 2096 3697 atque

513 3730 776 3788 catholica
797 3729 1138 3784 veracissima
1157 3735 1213 3783 et
1235 3724 1630 3793 fundatissima,
1655 3738 1776 3780 cum
1801 3720 2096 3793 Pelagianis

512 3823 614 3880 iste
640 3821 943 3886 discedens,
974 3835 1080 3875 non
1118 3819 1233 3874 vult
1272 3827 1552 3874 nascentes
1575 3832 1696 3873 esse
1725 3816 1824 3872 sub
1849 3815 2092 3884 diabolo,

511 3930 580 3970 ne
605 3913 812 3986 parvuli
847 3919 1122 3983 portentur
1147 3910 1215 3966 ad
1242 3908 1511 3965 Christum
1529 3951 1544 3978 ,
1574 3919 1635 3964 ut
1663 3915 1915 3963 eruantur
1940 3921 1972 3962 a
1997 3921 2094 3976 po-

513 4013 706 4061 testate
728 4004 1090 4072 tenebrarum,
1113 4011 1168 4058 et
1189 4002 1242 4056 in
1270 4017 1493 4072 regnum
1516 4000 1684 4071 ipsius
1706 3998 2095 4055 transferantur

512 4095 730 4167 (Coloss.
767 4112 816 4163 ι,
846 4094 958 4170 I5).
991 4097 1068 4150 Ac
1108 4093 1187 4150 sic
1228 4103 1443 4150 accusat
1484 4093 1780 4150 Ecclesiam
1818 4101 1930 4148 toto
1964 4092 2095 4148 orbe

510 4184 788 4254 diffusam,
826 4186 878 4240 in
916 4201 1018 4256 qua
1057 4184 1253 4257 ubique
1289 4201 1477 4241 omnes
1508 4185 1810 4256 baptizandi
1852 4183 2094 4240 infantuli

507 4293 616 4335 non
654 4281 723 4335 ob
744 4278 904 4334 aliud
942 4278 1294 4334 exsufllantur
1317 4321 1332 4346 ,
1372 4278 1475 4335 nisi
1519 4287 1576 4336 ut
1616 4279 1684 4335 ab
1727 4279 1803 4335 eis
1843 4279 2094 4351 princeps

510 4371 692 4428 mundi
732 4373 972 4428 mittatur
1001 4371 1144 4428 foras
1171 4371 1353 4446 (Joau.
1379 4389 1453 4428 xu
1474 4415 1488 4440 ,
1515 4372 1606 4448 5t)
1637 4391 1651 4428 :
1682 4389 1712 4428 a
1739 4389 1845 4445 quo
1872 4388 2094 4431 necesse

509 4474 594 4521 est
616 4480 739 4522 vasa
767 4465 859 4521 ira:
897 4466 1269 4537 possideantur
1287 4509 1302 4536 ,
1334 4482 1456 4523 cum
1481 4483 1546 4523 ex
1573 4466 1743 4522 Adam
1769 4476 2092 4537 nascuntur,

509 4555 556 4612 si
582 4557 634 4611 in
663 4557 877 4612 Christo
900 4566 1269 4625 renascantur,
1291 4567 1346 4614 et
1371 4559 1422 4614 in
1453 4559 1569 4629 ejus
1598 4574 1820 4629 regnum
1849 4575 1944 4632 per
1966 4575 2093 4632 gra-

511 4647 639 4702 tiam
681 4647 817 4702 facta
859 4663 984 4703 vasa
1027 4649 1410 4706 misericordia:
1452 4649 1858 4708 transferantur.
1895 4651 2094 4710 Contra

511 4741 667 4796 istam
689 4739 1116 4799 fundatissimam
1137 4745 1360 4801 veniens
1379 4751 1683 4814 veritatem,
1698 4761 1767 4802 ne
1786 4747 2093 4804 universam

511 4831 710 4888 Christi
727 4832 1018 4888 Ecclesiam
1038 4850 1347 4906 oppugnare
1359 4837 1619 4906 videatur,
1644 4838 1795 4909 quasi
1820 4853 1908 4895 me
1925 4855 2093 4896 unum

511 4924 823 4996 alloquitur,
851 4937 906 4981 et
931 4926 1076 4982 velut
1095 4928 1392 5000 corripiens
1418 4940 1576 5001 atque
1601 4931 1897 4988 admonens
1920 4932 2088 4991 dicit:

513 5015 684 5071 Etiam
705 5028 751 5072 te
764 5017 903 5073 Deus
924 5020 1062 5090 fecit;
1082 5021 1192 5089 sed,
1215 5023 1349 5094 quod
1365 5032 1437 5078 est
1463 5025 1743 5096 fatendum,
1767 5027 1935 5098 gravis
1953 5045 2094 5084 error

511 5108 705 5181 infecit.
731 5109 869 5167 Sane
898 5111 1038 5181 quod
1061 5127 1148 5169 me
1170 5114 1314 5171 Deus
1337 5115 1520 5171 fecerit
1542 5131 1796 5188 agnosco,
1817 5129 1873 5176 et
1894 5121 2093 5192 gratias

512 5216 612 5274 ago
641 5220 654 5256 :
685 5203 774 5274 qui
803 5213 977 5260 tamen
1007 5219 1127 5262 cum
1169 5207 1263 5264 irae
1299 5208 1440 5264 vasis
1482 5209 1774 5280 perissem,
1811 5210 1858 5268 si
1886 5221 2092 5268 tantum

512 5309 579 5351 ex
605 5295 773 5352 Adam
807 5313 893 5353 me
928 5296 1178 5367 fecisset,
1211 5310 1266 5357 et
1300 5302 1352 5357 in
1397 5301 1610 5358 Christo
1649 5320 1757 5360 nou
1797 5305 2091 5363 refecisset.

512 5387 664 5455 Quod
685 5405 804 5444 eum
838 5405 1117 5462 possessus
1143 5392 1424 5465 Pelagiana
1453 5394 1726 5466 impietate
1755 5412 1861 5452 non
1887 5397 2092 5468 credit,

512 5480 558 5536 si
589 5482 641 5536 in
667 5491 816 5539 tanto
841 5487 980 5541 malo
1011 5487 1062 5542 in
1089 5486 1247 5543 linem
1285 5503 1457 5561 usque
1489 5489 1771 5560 perdurat,
1809 5505 1916 5546 non
1946 5491 2092 5563 ipse,

513 5573 608 5630 sed
634 5574 894 5633 Catholici
920 5579 1163 5649 videant,
1199 5583 1374 5653 qualis
1407 5593 1462 5639 et
1494 5593 1724 5654 quantus
1752 5599 1872 5641 eum
1901 5600 2092 5659 error,

513 5682 621 5725 non
648 5669 920 5742 infecerit,
947 5673 1040 5729 sed
1071 5673 1227 5743 plane
1253 5673 1599 5731 interfecerit.

576 5805 910 5889 i.’.‘3‘;'?{'.3‘
930 5808 1302 5889 plausere»
1320 5811 1631 5889 ρεείιιξτιθμά
1643 5828 1736 5889 πίει
1757 5824 2091 5889 meum

508 5867 1010 5949 gi‘cfti'amiufrlh'm
1037 5867 1209 5936 operis
1230 5867 1500 5940 unperwa
1538 5867 1664 5929 libro
1683 5881 1730 5936 δ.
1751 5867 2096 5949 essitare;

423 5987 428 5992 _
513 5926 636 5980 libro
656 5931 708 5994 5,
730 5944 837 5996 cap.
859 5926 939 5985 64.

1322 459 1412 523 nu
1445 456 1716 522 supras
1753 450 1844 516 Er
1878 439 2481 526 CONCUPISCENTIA,
2519 455 2577 513 s.
2615 446 2975 514 aucusrtm

2170 583 2196 598 ”
2283 569 2508 628 CAPUT
2546 571 2687 628 XIX.
2723 602 2793 615 -—-
2825 572 2916 630 δι.
2945 571 3174 630 Attende
3214 575 3489 646 sequentia
3527 591 3544 632 :
3577 593 3598 630 ‹
3638 575 3776 646 Qum

3689 445 3805 522 436

2212 669 2415 731 autem,
2447 681 2468 716 ι
2494 663 2682 735 inquit,
2709 682 2729 717 t
2759 665 2851 720 lilii
2873 681 2937 721 ex
2959 666 3204 738 conjugio
3223 669 3455 738 suscepti
3479 669 3780 726 naturalite'

2209 753 2339 810 boni
2363 764 2507 821 sunt,
2541 757 2800 826 Apostolo
2827 757 3036 815 dicente
3064 759 3354 830 discamus,
3377 761 3467 832 qui
3489 761 3563 816 ait
3589 761 3658 818 de
3689 763 3763 817 im

2210 846 2395 917 probis
2427 865 2442 903 :
2471 846 2667 903 Relicto
2691 850 2915 905 naturali
2933 868 3027 906 usu
3055 853 3257 924 femina:
3273 895 3289 920 ,
3310 864 3604 910 exarserunt
3628 856 3683 910 in
3705 857 3774 911 de

2207 937 2398 993 sideria
2427 955 2550 1007 sua,
2578 941 2790 995 invicem
2824 941 3037 997 masculi
3068 945 3121 998 in
3147 945 3398 1000 masculos
3430 947 3778 1019 turpitudinen

2218 1037 2481 1100 aperantes
2512 1028 2683 1102 (Rom.
2705 1049 2744 1100 ι,
2761 1032 2874 1105 27).
2898 1032 3139 1090 Ostendit
3163 1051 3311 1108 ergo,
3337 1055 3357 1090 ι
3379 1037 3561 1109 inquit,
3591 1057 3611 1092 t
3635 1041 3788 1094 usun-

2209 1119 2424 1176 feminae
2451 1130 2505 1177 et
2531 1125 2828 1180 naturalem
2861 1141 3003 1192 esse,
3033 1135 3086 1182 et
3113 1142 3210 1198 pro
3240 1143 3339 1184 suo
3363 1128 3523 1184 modo
3550 1129 3766 1186 Iaudabi

2208 1210 2314 1267 lem
2347 1231 2360 1268 :
2399 1213 2653 1284 ﬂagitium
2694 1225 2870 1271 autem
2913 1232 2980 1273 ex
3009 1218 3281 1275 voluntate
3309 1220 3522 1292 propria
3550 1236 3774 1278 exercer

2207 1311 2392 1358 contra
2416 1303 2762 1362 institutionis
2784 1307 3057 1377 pudorem.
3082 1309 3271 1366 Merito
3296 1311 3496 1382 itaque,
3536 1331 3556 1366 ι
3593 1309 3770 1385 inquit

2216 1411 2240 1447 α
2273 1402 2327 1450 et
2353 1395 2407 1450 in
2432 1395 2570 1452 bene
2599 1399 2866 1454 utentibus
2907 1415 3073 1472 geuus
3096 1402 3540 1473 concupiscentia:
3574 1404 3771 1461 modus

2214 1504 2317 1560 que
2343 1489 2614 1559 laudatur,
2653 1500 2707 1548 et
2745 1492 2798 1548 in
2840 1493 3080 1565 turpibus
3113 1510 3366 1551 excessus
3405 1496 3522 1568 ejus
3549 1498 3782 1568 punitur.

2214 1580 2452 1652 Denique
2481 1583 2671 1639 eodem
2710 1593 2949 1656 tempore
2975 1587 3116 1643 Deus
3141 1587 3368 1643 Abrahae
3392 1597 3446 1644 et
3471 1589 3617 1645 Sarae
3644 1606 3770 1645 mar

2208 1673 2379 1727 centia
2391 1687 2506 1729 tevo
2526 1676 2763 1731 membra
2784 1679 3046 1748 vegetavit
3069 1698 3087 1731 ι
3107 1677 3261 1751 (Gen.
3282 1697 3372 1736 xxx
3392 1722 3407 1745 ,
3443 1681 3494 1752 I)
3514 1724 3530 1750 ,
3565 1701 3584 1735 ‹
3604 1698 3713 1754 quo
3738 1683 3774 1738 it

2211 1762 2458 1821 Sodomis
2485 1768 2594 1837 ipsa
2636 1770 2789 1839 igneo
2816 1771 2986 1828 imbre
3007 1773 3209 1843 punivit
3242 1791 3263 1827 ι
3296 1773 3407 1848 (Id.
3438 1775 3788 1852 x1x,2l,25).

2217 1872 2236 1906 ι
2255 1853 2309 1910 Si
2335 1856 2494 1926 igitur
2519 1867 2692 1928 putas,
2723 1879 2743 1914 ι
2776 1861 2964 1932 inquit,
3001 1881 3021 1915 ‹
3041 1863 3399 1920 accusandum
3428 1869 3790 1927 membrorum

2209 1947 2489 2020 vigorem,
2545 1953 2796 2023 quoniam
2863 1970 2959 2025 per
3010 1956 3181 2026 ipsum
3233 1957 3522 2016 Sodomita:
3575 1960 3782 2033 flagitiis

2211 2038 2364 2094 obliti
2405 2041 2423 2074 ⁸
2460 2052 2614 2110 sunt;
2662 2045 2934 2102 accusabis
2977 2048 3138 2103 etiam
3187 2060 3482 2107 creaturam
3533 2054 3686 2123 panis
3733 2069 3780 2110 ei

2209 2133 2353 2203 vini,
2394 2138 2642 2206 quoniam
2687 2139 2812 2195 hinc
2851 2157 3062 2212 quoque
3099 2158 3193 2199 eos
3221 2159 3475 2215 peccasse
3514 2145 3790 2216 Scriptura,

2202 2223 2380 2281 divina
2419 2228 2752 2298 significavit.
2790 2231 2925 2287 Dicit
2953 2234 3096 2289 enim
3126 2234 3384 2291 Dominus
3413 2253 3508 2306 per
3532 2236 3787 2293 Ezechie-

2202 2317 2305 2373 lem
2335 2321 2644 2392 prophetam
2678 2342 2693 2381 :
2732 2322 3088 2381 Verumtamen
3120 2327 3202 2383 ha:
3233 2329 3522 2400 iniquitates
3544 2330 3794 2386 Sodoma-

2199 2413 2390 2467 sororis
2413 2423 2534 2481 tuae,
2557 2416 2811 2486 superbia,
2834 2418 2886 2472 in
2909 2419 3174 2475 saturitate
3197 2437 3383 2490 panum
3409 2431 3456 2476 et
3473 2423 3778 2477 abundantit

2201 2504 2305 2558 uini
2330 2504 2552 2575 ﬂuebant
2576 2507 2690 2578 ipsa
2731 2517 2777 2562 et
2813 2509 2909 2579 ﬁlii
2946 2509 3056 2582 ejus
3079 2551 3096 2578 ,
3136 2521 3182 2565 et
3218 2528 3420 2566 manum
3462 2515 3702 2584 pauperis
3740 2525 3778 2570 e

2201 2600 2388 2668 egentis
2403 2615 2503 2653 non
2519 2599 2824 2671 adjuvabant
2847 2620 2868 2656 ι
2892 2600 3102 2677 (Ezech.
3124 2619 3238 2672 xvr,
3261 2602 3371 2679 49).
3405 2605 3582 2677 «Elige
3603 2607 3739 2676 jam,
3761 2623 3786 2661 ι

2201 2688 2390 2760 inquit,
2425 2707 2446 2742 ‹
2479 2700 2656 2746 utrum
2678 2694 2847 2748 mavis
2876 2712 2889 2748 :
2922 2704 3014 2750 aut
3039 2705 3224 2768 reputa
3251 2696 3434 2752 divino
3459 2700 3607 2770 operi
3636 2714 3796 2754 com-

2199 2781 2511 2837 mixtionem
2547 2797 2834 2854 corporum
2861 2828 2877 2854 ,
2921 2795 3012 2842 aut
3051 2797 3352 2844 creaturam
3396 2791 3548 2860 panis
3583 2799 3638 2846 ct
3673 2791 3788 2847 vini

2198 2870 2446 2928 similiter
2474 2875 2666 2929 malam
2693 2877 2716 2908 '
2745 2890 2865 2932 esse
2888 2876 3074 2933 delini.
3107 2880 3261 2948 Quod
3291 2881 3336 2936 si
3364 2882 3572 2951 feceris,
3599 2892 3789 2952 aperte

2200 2961 2525 3020 Manichacus
2563 2981 2684 3022 esse
2726 2969 3082 3026 convinceris.
3119 2970 3576 3044 Concupiseentia:
3604 2984 3788 3031 autem

2199 3055 2456 3110 naturalis
2498 3057 2587 3127 qui
2632 3059 2848 3114 modum
2895 3068 3067 3128 tenet,
3110 3061 3250 3118 bono
3286 3064 3426 3122 bene
3462 3067 3655 3129 utitur;
3691 3066 3790 3139 qui

2198 3145 2415 3203 modum
2456 3163 2562 3203 non
2603 3157 2780 3219 tenet,
2811 3151 2953 3209 bono
2983 3154 3123 3210 male
3151 3157 3339 3211 utitur.
3372 3157 3509 3226 Quid
3534 3157 3667 3214 dicis
3692 3174 3788 3214 er-

2197 3252 2286 3309 go,
2315 3257 2334 3292 ι
2365 3239 2536 3310 inquit
2565 3258 2577 3295 :
2611 3259 2631 3293 ι
2667 3241 2741 3297 Ita
2772 3244 3074 3314 nuptiarum
3113 3246 3313 3303 bonum
3342 3251 3484 3306 malo
3511 3250 3786 3322 originali;

2197 3330 2340 3401 quod
2377 3331 2499 3388 inde
2535 3333 2762 3390 trahitur
2781 3376 2797 3404 ,
2823 3352 2930 3392 non
2957 3347 3133 3408 potest
3158 3343 3438 3409 accusari;
3465 3343 3604 3399 sicut
3625 3343 3788 3400 adul-

2200 3421 2457 3477 teriorum
2487 3424 2683 3481 malum
2710 3424 2852 3482 bono
2891 3430 3147 3497 naturali,
3187 3433 3330 3502 quod
3364 3432 3489 3490 inde
3522 3435 3783 3503 nascitur,

2197 3531 2304 3573 non
2326 3527 2502 3588 potest
2519 3522 2760 3577 excusari
2775 3541 2793 3575 ι
2819 3521 2920 3594 (De
2932 3522 3097 3595 Nupt.
3112 3535 3159 3580 et
3173 3523 3422 3599 Coneup.,
3447 3527 3534 3582 lib.
3551 3529 3600 3595 I,
3622 3545 3677 3582 n.
3702 3525 3788 3600 ψ

2201 3626 2224 3661 ι
2245 3609 2340 3664 liis
2363 3612 2719 3680 sermonibus,
2746 3634 2768 3666 ι
2799 3615 2990 3686 inquit,
3013 3635 3033 3668 ι
3067 3619 3207 3688 quod
3245 3635 3534 3690 negaveras
3561 3635 3790 3677 conces-

2195 3700 2346 3767 sisti,
2371 3701 2513 3772 quod
2541 3718 2885 3761 coneesseras
2917 3708 3177 3764 sustulisti
3212 3727 3228 3764 :
3258 3719 3312 3765 et
3340 3711 3472 3766 nihil
3499 3713 3667 3784 magis
3691 3713 3780 3768 la-

2196 3791 2375 3859 boras,
2404 3809 2563 3864 quam
2589 3803 2647 3849 ut
2671 3811 2856 3866 parum
2879 3797 3213 3871 intelligaris.
3245 3801 3479 3858 Ostende
3497 3803 3614 3859 sine
3632 3807 3788 3860 comé

2197 3885 2454 3942 mixtione
2482 3889 2694 3960 nuptias
2718 3891 3026 3961 corporales
3051 3909 3067 3947 :
3095 3901 3187 3948 aut
3220 3910 3382 3950 unum
3419 3896 3630 3968 aliquod
3656 3895 3790 3955 huic

2196 3979 2345 4048 operi
2385 3993 2579 4036 nomen
2623 3982 2881 4052 imponito
2905 4024 2922 4052 ,
2971 3994 3027 4041 et
3061 3985 3145 4041 vel
3185 3986 3384 4043 bonum
3411 4029 3426 4055 ,
3466 3990 3552 4045 vel
3579 3990 3786 4048 malum

2195 4068 2498 4140 conjugium
2545 4082 2868 4144 nuncupata.
2913 4075 3261 4147 Spopondisti
3314 4081 3498 4152 utique
3537 4083 3678 4138 bona
3725 4090 3785 4140 ω

2195 4159 2422 4220 delinire
2447 4165 2694 4237 conjugis
2723 4185 2738 4222 :
2760 4168 2806 4223 si
2833 4169 3140 4240 conjugium
3162 4172 3387 4244 bonum,
3410 4176 3456 4232 si
3479 4175 3642 4232 homo
3666 4174 3786 4233 fru-

2195 4262 2313 4310 ctus
2347 4255 2578 4328 conjugii
2607 4257 2810 4326 bonus,
2847 4261 2893 4316 si
2932 4261 3020 4318 hic
3052 4261 3256 4320 fructus
3297 4280 3432 4337 Opus
3474 4267 3565 4324 Dei
3603 4269 3782 4326 malus

2196 4360 2316 4402 esse
2343 4362 2452 4402 non
2481 4357 2692 4419 potest,
2718 4351 2811 4422 qui
2851 4366 2947 4423 per
2977 4353 3180 4411 bonum
3214 4371 3280 4412 ex
3320 4357 3463 4413 bono
3496 4359 3775 4428 nascitur;

2197 4437 2286 4492 ubi
2314 4437 2471 4508 igitur
2498 4440 2755 4511 originale
2779 4444 2978 4501 malum
3003 4486 3020 4514 ,
3060 4446 3204 4517 quod
3239 4455 3319 4504 tot
3342 4448 3665 4520 prtejudiciis
3693 4447 3786 4508 in-

2199 4536 2513 4600 teremptum
2537 4533 2657 4588 est?
2689 4552 2710 4586 s

2209 4629 2219 4639 ’
2268 4621 2490 4678 CAPUT
2527 4623 2648 4678 XX.
2670 4655 2740 4666 —
2759 4625 2848 4682 55.
2879 4627 2959 4683 Ad
2984 4627 3100 4687 haec
3124 4633 3448 4703 respondeo,
3471 4651 3576 4692 non
3603 4637 3784 4695 solum

2195 4712 2332 4768 filios
2359 4729 2423 4769 ex
2449 4715 2728 4787 conjugio,
2760 4733 2945 4775 verum
2984 4722 3145 4778 etiam
3188 4739 3254 4780 ex
3280 4724 3545 4782 adulterio
3578 4728 3785 4786 bonum

2194 4804 2407 4877 aliquod
2434 4820 2587 4876 esse,
2630 4809 2928 4866 secundum
2966 4828 3103 4884 opus
3141 4814 3238 4871 Dei
3264 4832 3372 4888 quo
3409 4821 3572 4876 creati
3608 4833 3738 4879 sunt
3763 4839 3782 4878 :

2195 4897 2486 4954 secundum
2512 4909 2689 4956 autem
2715 4901 2973 4974 originale
2991 4915 3293 4977 peccatum,
3319 4909 3372 4964 in
3398 4909 3743 4970 damnatione
3760 4911 3784 4948 ³

2200 4991 2350 5046 nasci
2375 5007 2444 5048 ex
2472 4992 2642 5048 Adam
2685 4997 2894 5066 primo,
2939 5012 3047 5054 non
3089 4999 3263 5056 solum
3292 5002 3337 5058 si
3383 5001 3454 5059 de
3476 5003 3784 5075 adulterio,

2201 5100 2386 5142 verum
2412 5087 2570 5143 etiam
2597 5090 2640 5145 si
2665 5089 2734 5147 de
2760 5091 3009 5163 conjugio
3036 5103 3380 5165 generentur,
3401 5097 3505 5153 nisi
3531 5099 3582 5154 in
3609 5099 3785 5156 Adam

2195 5177 2453 5246 secundo,
2481 5181 2572 5251 qui
2597 5189 2682 5237 est
2705 5181 2972 5252 Christus,
3001 5198 3404 5256 regenerentur.
3426 5190 3575 5257 Quod
3600 5200 3785 5248 autem

2194 5270 2270 5326 ait
2291 5272 2578 5342 Apostolus
2614 5273 2683 5330 de
2718 5274 3010 5346 improbis,
3060 5278 3258 5336 Relicto
3297 5282 3524 5338 naturali
3561 5300 3657 5338 usu
3701 5288 3780 5357 fe-

2195 5365 2347 5422 mine
2366 5406 2384 5435 ,
2409 5377 2701 5424 exarserunt
2723 5369 2779 5423 in
2803 5370 3056 5428 desideria
3078 5389 3175 5429 sua
3206 5375 3261 5430 in
3286 5376 3500 5431 invicem
3523 5417 3538 5443 ,
3568 5377 3786 5434 νωθεεᾶ

2197 5455 2251 5512 in
2284 5458 2536 5514 masculos
2573 5460 2933 5530 turpitudinem
2970 5473 3237 5535 operantes
3261 5480 3282 5522 :
3307 5482 3414 5523 non
3455 5467 3590 5524 dixit
3622 5482 3786 5525 usum

2262 5635 2281 5708 ῗ
2312 5643 2414 5708 tim:
2430 5640 2510 5708 ετξ
2521 5641 2574 5686 εί
2795 5645 2926 5708 ηξεον
2943 5639 3170 5708 ,ρθιίθαιίο
3194 5644 3565 5708 ειείηιιιιεμξίε
3582 5650 3689 5705 κει,
3709 5645 3797 5698 οὐ·

2196 5695 2359 5762 uoluti.
2383 5695 2691 5762 Casaleusisf
2706 5699 2882 5753 obruti.
2908 5695 2996 5753 Alii
3018 5695 3126 5755 It'ss.
3169 5695 3370 5756 etim.
3393 5705 3542 5757 obliti.
3581 5695 3796 5762 υίοέάὼ

2196 5759 2370 5839 rutulus
2389 5759 2982 5839 Juliauofamiliarisésm
3014 5764 3139 5839 libro
3169 5776 3342 5839 contra
3385 5769 3545 5833 ipsum
3574 5759 3794 5839 quinto;

2197 5836 2304 5886 cap.
2326 5825 2376 5882 7,
2407 5839 2431 5869 ι
2452 5824 2739 5894 tlagi_tiomm
2761 5825 2983 5880 sordibus
3003 5827 3263 5880 obliuatur.
3286 5847 3312 5877 ι

2261 5887 2284 5918 ί
2315 5892 2449 5937 l.ov..
2471 5897 2669 5937 malum.

2263 5948 2287 5983 ³
2316 5919 2708 6013 ii?
2732 5957 2789 6004 At
2812 5952 2947 6019 editi,
2964 5953 3336 6008 darmationem.
