4012 6478
187 426 281 487 ιὸτ
1511 428 1713 485 LIBER
1752 427 2127 488 SECUNDUS.

181 536 534 610 coniugalem,
569 538 670 597 sed
691 539 1015 609 naturalem,
1038 555 1160 597 eum
1184 540 1369 598 volens
1394 539 1639 613 intelligi,
1682 545 1768 614 qui

182 631 235 687 fit
262 629 522 686 membris
547 631 616 687 ad
647 632 751 688 hoc
778 634 993 700 creatis,
1025 642 1083 689 ut
1108 649 1204 717 per
1230 649 1293 689 ea
1325 635 1493 706 possit
1517 636 1582 690 ad
1610 650 1775 705 gene-

181 720 397 777 randum
443 735 615 779 sexus
655 731 881 795 uterque
923 725 1163 781 misceri.
1205 727 1281 780 Ac
1322 742 1420 797 per
1462 726 1603 794 hoc,
1650 742 1769 782 cum

181 814 373 870 eisdem
416 815 685 871 membris
712 816 872 872 etiam
910 816 1178 873 meretrici
1216 818 1441 889 quisque
1480 820 1771 888 miscetur,

181 907 429 963 naturalis
456 919 544 965 est
571 925 720 977 usus,
750 925 849 967 nec
874 919 1051 966 tamen
1082 909 1379 978 laudabilis,
1412 912 1505 967 sed
1535 911 1774 984 culpabi-

180 999 257 1054 lis.
288 1000 371 1056 Ah
397 1016 465 1056 ca
492 1017 625 1057 vero
654 1010 806 1074 parte
833 1002 1097 1072 corporis,
1134 1017 1254 1075 qua:
1279 1018 1387 1059 non
1415 1003 1480 1058 ad
1508 1018 1773 1074 generan-

180 1091 298 1146 dum
324 1100 413 1148 est
442 1092 710 1160 instituta,
739 1094 784 1149 si
814 1103 868 1149 et
893 1093 1118 1166 conjuge
1141 1096 1367 1166 quisque
1405 1103 1603 1161 utatur,
1646 1111 1775 1151 con-

181 1193 252 1240 tn
279 1194 537 1241 naturam
564 1195 648 1241 est
671 1196 725 1242 et
763 1185 1109 1259 flagitiosum.
1159 1187 1397 1259 Denique
1439 1189 1587 1259 prius
1629 1188 1769 1244 idem

181 1276 454 1346 apostolus
493 1276 563 1333 de
589 1277 801 1333 feminis
829 1277 1001 1347 dixit,
1045 1277 1184 1333 Nam
1213 1280 1415 1351 [entiam
1457 1296 1631 1335 eorum
1672 1281 1773 1335 im-

180 1376 500 1423 mutandum
527 1369 808 1424 naturalem
835 1386 985 1424 mm
1008 1369 1063 1424 in
1085 1386 1197 1424 eum
1216 1387 1363 1425 usum
1387 1371 1472 1443 qui
1500 1380 1571 1427 est
1600 1381 1776 1427 contra

181 1467 415 1513 naturam
458 1458 636 1530 (Rom.
669 1476 720 1527 ι,
751 1458 853 1528 27,
887 1459 980 1531 26)
1012 1478 1025 1515 :
1054 1460 1249 1517 deinde
1273 1503 1287 1527 ,
1326 1462 1392 1518 de
1431 1463 1685 1518 masculis
1722 1464 1776 1520 in

181 1552 448 1607 masculos
472 1552 855 1623 turpitudinem
884 1554 1247 1624 operantibus,
1278 1556 1463 1610 relicto
1489 1569 1589 1610 usu
1617 1554 1774 1610 femi-

182 1657 279 1699 neo
308 1644 567 1699 naturali.
596 1644 712 1701 Non
738 1660 865 1717 ergo
889 1644 994 1700 isto
1021 1646 1256 1712 nomine,
1290 1646 1341 1701 id
1368 1654 1480 1713 est,
1512 1663 1607 1701 usu
1636 1656 1776 1701 natu-

183 1736 307 1801 rali,
341 1736 644 1806 conjngalis
683 1744 767 1792 est
798 1735 1011 1791 laudata
1037 1737 1378 1801 commixtio,
1422 1737 1517 1793 sed
1544 1737 1777 1792 immun-

184 1825 329 1882 diora
371 1837 430 1883 et
468 1826 810 1883 sceleratiora
842 1826 1041 1899 ﬂagitia
1076 1826 1325 1883 denotata
1354 1837 1511 1895 sunt,
1540 1844 1701 1900 quam
1731 1831 1775 1885 si

187 1918 363 1974 illicite
388 1927 445 1974 et
472 1919 717 1990 feminis,
743 1918 838 1976 sed
864 1929 1042 1975 tamen
1066 1920 1383 1976 naturaliter
1410 1929 1713 1977 uterentur.

247 2011 482 2069 CAPUT
521 2012 665 2069 XXI.
691 2041 767 2055 —
792 2012 884 2069 36.
915 2012 1115 2069 Panem
1140 2027 1268 2069 vero
1288 2019 1346 2069 et
1364 2013 1544 2068 vinum
1570 2015 1647 2069 sic
1669 2029 1773 2069 non

186 2104 629 2176 reprehendimus
656 2113 878 2176 propter
902 2104 1206 2161 luxuriosos
1229 2114 1286 2162 et
1312 2106 1556 2162 ebriosos
1576 2148 1592 2173 ,
1636 2122 1775 2177 quo-

188 2198 340 2254 modo
369 2212 473 2254 nec
491 2212 684 2255 aurum
714 2206 933 2270 propter
951 2197 1175 2270 cupidos
1200 2206 1255 2255 et
1278 2213 1491 2254 avaros.
1515 2198 1776 2268 Quocirca

187 2289 617 2346 commixtionem
662 2303 875 2361 quoque
907 2288 1187 2347 honestam
1227 2290 1512 2362 coniugum
1546 2306 1652 2347 non
1692 2307 1777 2346 re-

189 2379 568 2450 prehendimus
596 2392 817 2454 propter
844 2381 1147 2454 pudendam
1167 2397 1453 2454 corporum
1474 2381 1771 2441 libidinem.

190 2470 274 2529 Illa
296 2474 445 2529 enim
473 2484 659 2543 posset
686 2489 807 2531 esse
831 2473 975 2531 nulla
1001 2475 1343 2547 praecedente
1379 2478 1776 2548 perpetratione

193 2565 409 2633 peccati,
439 2565 511 2620 de
537 2580 642 2636 qua
668 2580 777 2620 non
802 2566 1181 2623 erubescerent
1203 2567 1470 2638 coniugati
1502 2586 1516 2623 :
1542 2568 1658 2623 haec
1683 2584 1779 2623 au-

192 2662 289 2710 tem
317 2665 509 2711 exorta
535 2664 621 2713 est
647 2665 768 2727 post
790 2666 1067 2729 peccatum
1090 2700 1105 2727 ,
1134 2674 1292 2731 quam
1332 2660 1502 2715 coacti
1531 2669 1655 2717 sunt
1680 2676 1777 2718 ve-

193 2747 294 2803 lare
316 2748 529 2804 confusi
561 2748 715 2823 (Gen.
744 2766 801 2805 ιιι
820 2792 837 2819 ,
881 2751 958 2821 7).
990 2750 1144 2809 Unde
1173 2754 1431 2809 remansit
1459 2754 1776 2825 posteriori-

194 2838 282 2893 bus
305 2840 629 2910 conjugatis,
661 2842 904 2911 quamvis
930 2841 1033 2898 hoc
1059 2842 1203 2899 malo
1222 2843 1359 2900 bene
1378 2852 1435 2901 et
1454 2844 1597 2901 licite
1623 2853 1778 2901 uten-

194 2932 359 2999 tibus,
404 2933 457 2987 in
498 2934 765 3004 ejusmodi
802 2949 965 3006 opere
1004 2935 1299 2992 humanum
1346 2938 1517 2994 vitare
1551 2953 1777 3011 conspe-

193 3036 322 3080 cttm
343 3068 361 3093 ,
393 3036 555 3098 atque
597 3029 670 3084 ita
697 3029 939 3085 confiteri
976 3030 1119 3101 quod
1153 3031 1459 3101 pudendum
1496 3040 1614 3098 est,
1655 3050 1775 3089 cum

195 3114 376 3173 debeat
411 3120 685 3177 neminem
724 3119 923 3191 pudere
962 3122 1105 3193 quod
1139 3122 1336 3178 bonum
1377 3132 1479 3179 est.
1509 3122 1600 3179 Sic
1642 3124 1772 3180 insi-

194 3219 415 3263 nuantur
440 3211 559 3263 haec
583 3210 712 3279 duo,
741 3220 796 3267 et
818 3211 1014 3267 bonum
1045 3212 1323 3269 laudandae
1347 3213 1774 3285 coniunctionis,

195 3298 319 3353 unde
346 3300 439 3353 lilii
483 3310 841 3370 generentur,
872 3311 927 3359 et
955 3304 1154 3359 malum
1192 3304 1455 3377 pudendae
1497 3307 1734 3364 libidinis
1757 3350 1772 3377 ,

194 3390 323 3446 unde
347 3392 438 3461 qui
476 3403 836 3462 generantur,
868 3396 1217 3466 regenerandi
1256 3408 1379 3453 sunt
1415 3414 1484 3455 ne
1511 3399 1776 3456 damnen-

195 3490 285 3536 tur.
314 3484 553 3539 Proinde
583 3484 826 3555 pudenda
857 3486 1082 3543 libidine
1115 3488 1206 3559 qui
1250 3489 1393 3546 licite
1429 3493 1736 3549 concumbit
1756 3533 1773 3560 ,

193 3576 322 3630 malo
362 3578 504 3632 bene
533 3579 698 3634 utitur
728 3597 741 3632 :
771 3579 861 3651 qui
888 3589 1067 3635 autem
1095 3580 1300 3650 illicite,
1330 3583 1472 3639 malo
1499 3584 1637 3640 male
1667 3587 1774 3641 nti-

196 3675 289 3724 tur.
318 3669 541 3726 Rectius
578 3670 723 3727 enim
752 3674 945 3744 accipit
972 3675 991 3707 ί
1024 3690 1219 3731 nomen
1255 3676 1382 3732 mali
1410 3693 1568 3748 quam
1609 3679 1769 3748 boni,

195 3760 323 3816 unde
358 3763 686 3818 erubescunt
722 3772 778 3819 et
814 3765 937 3820 mali
969 3773 1022 3821 et
1059 3766 1185 3822 boni
1217 3785 1230 3820 :
1258 3769 1557 3840 meliusque
1596 3771 1772 3827 credi~

194 3867 299 3908 mus
321 3852 372 3907 ei
398 3855 492 3924 qui
522 3854 681 3923 dicit,
710 3855 837 3912 Scio
862 3858 980 3927 quia
1008 3874 1109 3912 non
1139 3858 1330 3913 habitat
1359 3861 1415 3915 in
1438 3877 1545 3928 me,
1579 3862 1674 3917 hoc
1704 3873 1775 3918 est

194 3942 410 4000 income
432 3962 547 4000 mea
569 3988 584 4013 ,
614 3948 800 4001 bonum
829 3947 1003 4018 (Rom.
1043 3965 1146 4018 vn,
1184 3951 1311 4023 18);
1338 3967 1496 4023 quam
1524 3953 1647 4011 huic
1685 3955 1775 4026 qui

194 4032 310 4089 dicit
336 4035 443 4091 hoc
473 4037 694 4104 bonum,
727 4039 866 4095 undc
892 4040 937 4095 si
966 4041 1331 4110 confunditur,
1354 4043 1640 4101 confitetur
1663 4062 1776 4102 ma-

194 4125 325 4194 lum;
358 4130 405 4183 si
432 4138 612 4185 autem
638 4147 746 4187 non
771 4132 1138 4203 confunditur,
1169 4134 1317 4191 addit
1344 4136 1730 4208 impudentiam
1754 4180 1772 4209 ,

195 4221 333 4291 pejus
358 4222 583 4277 malum.
616 4224 783 4280 Recte
826 4226 981 4297 igitur
1008 4226 1275 4294 diximus,
1310 4246 1328 4281 ι
1365 4228 1440 4284 Ita
1470 4231 1773 4301 nuptiarum

196 4310 380 4369 bonum
410 4315 557 4371 malo
580 4317 826 4389 originali
851 4359 868 4386 ,
909 4318 1051 4389 quod
1080 4319 1205 4375 inde
1231 4320 1462 4377 trahitur
1484 4362 1499 4387 ,
1531 4337 1639 4379 non
1676 4340 1774 4396 po-

197 4412 289 4459 test
314 4408 591 4474 aecusari;
617 4408 758 4464 sicut
785 4408 1169 4467 adulteriorum
1204 4411 1404 4467 malum
1431 4412 1575 4470 bono
1615 4424 1773 4470 natu-

193 4498 302 4565 rali,
331 4499 475 4569 quod
502 4500 627 4556 inde
655 4501 908 4569 nascitur,
938 4518 1046 4559 non
1069 4511 1244 4574 potest
1268 4505 1510 4561 excusari
1540 4523 1555 4561 :
1592 4523 1612 4559 ι
1641 4522 1777 4578 quo-

195 4591 327 4646 niam
367 4602 557 4648 natnra
590 4593 821 4650 humana
854 4610 976 4666 qua:
1006 4597 1242 4652 nascitur
1277 4597 1359 4652 vel
1399 4596 1465 4653 de
1493 4598 1769 4670 conjugio,

195 4686 269 4741 vel
290 4687 356 4742 de
385 4688 671 4755 adulterio,
706 4689 801 4744 Dci
830 4703 967 4759 opus
995 4698 1097 4746 est.
1131 4689 1261 4760 Qua:
1286 4691 1333 4746 si
1357 4691 1557 4746 malum
1587 4702 1772 4762 esset,

196 4792 290 4833 non
315 4789 458 4834 esset
482 4779 824 4849 generanda;
852 4782 895 4837 si
924 4782 1120 4836 malum
1144 4797 1248 4836 non
1279 4782 1519 4848 haberet,
1552 4800 1657 4839 non
1685 4800 1774 4840 es-

196 4879 271 4924 set
296 4871 658 4940 regcneranda
695 4890 708 4925 :
741 4882 900 4942 atque
936 4881 992 4927 ut
1028 4872 1096 4928 ad
1128 4889 1288 4928 unum
1320 4875 1539 4930 verbum
1572 4887 1776 4933 utrum-

197 4978 289 5029 que
313 4965 651 5031 concludam,
680 4975 870 5020 natura
900 4965 1130 5020 humana
1156 4967 1199 5020 si
1232 4967 1427 5021 malum
1456 4978 1630 5035 esset,
1665 4970 1774 5023 sal-

194 5055 354 5108 vanda
383 5072 489 5111 non
520 5067 701 5121 esset;
750 5058 792 5112 si
824 5057 873 5111 ei
916 5059 1039 5113 mali
1079 5058 1211 5112 nihil
1240 5059 1477 5125 inesset,
1524 5061 1772 5115 sali-unda

193 5158 291 5199 nun
316 5156 484 5202 esset.
530 5147 630 5214 Qui
666 5164 794 5219 ergo
824 5148 952 5204 dicit
980 5165 1095 5204 eam
1126 5150 1321 5205 bonum
1363 5167 1466 5207 non
1495 5168 1611 5208 esse
1633 5195 1646 5217 ,
1682 5154 1768 5207 bo-

193 5254 309 5294 num
338 5250 495 5312 negat
524 5241 753 5296 condita:
783 5252 1077 5297 creatorem
1108 5244 1233 5314 :qui
1261 5260 1388 5299 vero
1415 5256 1570 5314 negat
1594 5247 1642 5301 ei
1666 5263 1777 5302 ma-

192 5327 292 5384 lum
322 5332 521 5397 inesse,
554 5332 957 5388 misericordem
981 5334 1173 5387 vitiata:
1201 5334 1402 5389 invidet
1427 5336 1771 5392 salvatorem.

191 5420 519 5495 Quapropter
556 5424 609 5478 in
652 5424 957 5479 hominibus
1006 5429 1349 5483 nascentibus
1392 5445 1562 5499 neque
1609 5446 1774 5485 excu-

189 5514 344 5568 sanda
389 5525 515 5570 sunt
554 5516 813 5571 adulteria
846 5533 939 5587 per
971 5519 1166 5574 bonum
1194 5520 1337 5591 quod
1380 5522 1501 5578 inde
1527 5539 1555 5576 a
1583 5525 1771 5579 condi-

188 5618 299 5662 tore
322 5608 468 5662 hono
497 5618 740 5662 creatum
771 5618 854 5662 est
875 5651 889 5673 ,
936 5625 1033 5664 nec
1064 5612 1362 5667 accusanda
1392 5614 1638 5684 conjugia
1680 5631 1775 5685 per

185 5699 382 5753 malum
427 5697 569 5769 quod
610 5696 683 5752 ibi
723 5713 752 5752 a
797 5700 1143 5757 misericordc
1176 5703 1439 5760 salvatore
1478 5708 1772 5764 sanandum

182 5800 283 5848 cst.

246 5925 266 5963 ⁸
298 5926 435 5991 Εάίιί,
450 5929 655 5994 accepit.
680 5940 807 5993 Mss,
839 5930 1029 5997 accipit.

543 6013 772 6078 SANCT.
826 6016 1099 6079 Λυςιιδτ.
1145 6015 1229 6081 X.

3362 446 3467 505 458

1957 542 2182 601 CAPUT
2222 545 2387 603 XXII.
2420 580 2491 591 —
2518 552 2607 608 37.
2645 572 2664 607 ‹
2701 555 2967 627 Ostende,
3008 578 3029 614 ι
3064 560 3262 633 inquit,
3300 579 3319 616 ι
3354 565 3474 619 sine

1883 636 2262 693 commixtione
2286 642 2497 710 nuptias
2535 647 2862 716 corporales.
2903 669 2922 703 ι
2966 649 3082 707 Non
3125 652 3350 711 ostendo
3374 670 3474 725 ego

1884 726 2093 795 nuptias
2131 732 2438 798 corporales
2477 734 2595 791 sine
2629 741 3045 811 commixtione;
3086 745 3180 801 sed
3226 762 3327 804 nec
3357 749 3474 819 ipse

1882 817 2114 873 ostendit
2148 820 2389 877 eamdem
2425 828 2857 886 eommixtionem
2885 834 3001 890 sine
3029 817 3463 896 confusione—In

1882 910 2130 980 paradiso
2156 922 2333 969 autem
2373 915 2418 969 si
2454 928 2733 987 peccatum
2768 938 2877 979 non
2915 930 3312 999 praecessisset,
3359 948 3465 988 non

1883 1010 2027 1056 esset
2046 1002 2260 1073 quidem
2287 1005 2405 1063 sine
2427 1007 2704 1081 utriusque
2724 1027 2882 1069 sexus
2906 1019 3282 1075 commixtione
3306 1037 3473 1092 gene-

1882 1095 2056 1160 ratio,
2106 1095 2201 1150 sed
2237 1106 2383 1153 esset
2422 1099 2539 1155 sine
2581 1102 2894 1160 confusione
2933 1111 3263 1165 commixtio.
3313 1113 3472 1169 ESset

1883 1183 2079 1255 quippe
2102 1184 2154 1239 in
2183 1187 2428 1245 coeundo
2450 1193 2731 1263 tranquilla
2757 1196 3116 1253 membrorum
3144 1202 3468 1272 obedientia,

1884 1288 1992 1330 non
2035 1277 2282 1347 pudenda
2313 1282 2490 1339 carnis
2520 1288 2973 1357 concupiscentia.
3021 1292 3253 1349 Proinde
3280 1297 3469 1367 conju-

1885 1370 2029 1441 ginm
2057 1371 2255 1428 bonum
2278 1383 2397 1446 est,
2437 1378 2581 1435 unde
2618 1381 2862 1437 ordinate
2900 1386 3193 1442 seminatus
3235 1391 3472 1445 nascitur

1885 1460 2078 1531 homo;
2107 1476 2160 1521 et
2190 1467 2396 1525 fructus
2430 1472 2661 1543 coniugii
2690 1473 2863 1531 bonus
2889 1518 2903 1544 ,
2945 1479 3087 1548 quod
3115 1489 3199 1535 est
3238 1482 3353 1551 ipse
3382 1484 3473 1553 qui

1884 1554 1955 1610 ita
2000 1558 2234 1614 nascitur
2269 1560 2429 1617 homo
2460 1580 2475 1616 ε
2504 1563 2599 1619 sed
2631 1578 2904 1635 peccatum
2947 1570 3143 1625 malmn
3186 1582 3306 1642 est,
3349 1590 3473 1631 cum

1883 1662 1990 1717 quo
2027 1649 2265 1704 nascitur
2291 1652 2467 1707 omnis
2495 1652 2675 1707 homo.
2708 1656 2849 1711 Deus
2886 1660 3080 1729 quippe
3106 1661 3232 1717 fecit
3259 1673 3311 1718 et
3347 1664 3474 1719 facit

1885 1739 2155 1796 hominem
2189 1758 2205 1797 :
2236 1742 2330 1797 sed
2373 1761 2462 1813 per
2499 1762 2659 1799 unum
2688 1748 2940 1803 hontinem
2976 1764 3236 1822 peccatum
3270 1758 3475 1812 intrauit

1883 1830 1939 1885 in
1966 1834 2233 1901 mundum,
2259 1844 2307 1889 et
2332 1852 2421 1906 per
2445 1848 2703 1908 peccatum
2735 1858 2902 1910 mors;
2938 1854 2985 1899 et
3012 1846 3084 1899 ita
3107 1847 3161 1901 in
3191 1864 3363 1903 omnes
3384 1851 3476 1905 Ito-

1882 1924 2045 1980 mines
2082 1928 2413 1997 pertransiit,
2461 1928 2514 1983 in
2548 1946 2649 2001 quo
2692 1947 2863 1989 omnes
2913 1950 3246 2004 peccaverunt
3296 1940 3474 2011 (Rom.

1882 2015 2096 2086 v,12).

1954 2106 2181 2164 CAPUT
2219 2107 2409 2165 XXIII.
2440 2141 2514 2152 —-
2540 2112 2629 2169 38.
2666 2133 2686 2167 ‹
2718 2114 2889 2186 Novo,
2927 2138 2946 2173 ι
2982 2119 3191 2192 inquit,
3230 2143 3251 2179 ι
3281 2140 3478 2197 genere

1882 2196 2187 2255 disserendi
2213 2241 2226 2263 ,
2273 2211 2328 2257 et
2358 2204 2677 2261 catholicum
2708 2210 2975 2278 profiteris
3006 2214 3055 2278 ί,
3102 2226 3156 2271 et
3182 2216 3477 2275 Manichaeo

1882 2290 2255 2358 patrocinaris,
2286 2291 2515 2351 dicendo
2543 2297 2755 2367 nuptias
2778 2309 2833 2356 et
2870 2318 3119 2375 magnum
3150 2306 3349 2363 bonum
3376 2351 3390 2373 ,
3422 2321 3477 2366 et

1884 2395 2137 2450 magnum
2182 2382 2403 2438 malum.
2440 2404 2460 2439 ι
2494 2385 2720 2444 Prorsus
2742 2391 2867 2461 quid
2896 2393 3145 2465 loquatur
3168 2440 3183 2466 ,
3228 2398 3473 2469 ignorat,

1883 2474 1999 2530 sive
2023 2474 2273 2546 ignorare
2300 2491 2359 2532 se
2389 2479 2623 2535 simulat.
2652 2482 2759 2538 Aut
2781 2485 2925 2539 enim
2952 2502 3059 2542 non
3092 2491 3358 2563 intelligit,
3382 2501 3477 2548 aut

1884 2580 1990 2621 non
2024 2567 2136 2622 vult
2165 2567 2431 2639 intelligi’
2458 2571 2583 2642 quid
2620 2572 2881 2631 dicamus.
2911 2570 3016 2633 Sed
3057 2580 3102 2635 si
3140 2596 3246 2636 non
3280 2584 3476 2639 intelli-

1882 2661 1979 2733 git,
2007 2666 2474 2733 praeoccupatione
2503 2666 2792 2736 impeditur
2816 2672 3017 2726 erroris
3048 2690 3061 2727 :
3092 2674 3136 2729 si
3166 2687 3342 2731 autem
3366 2693 3472 2732 non

1882 2754 2001 2809 vult
2033 2754 2161 2824 quid
2198 2755 2437 2811 dicamus
2472 2758 2728 2831 intelligi,
2774 2766 3085 2831 pervicacia:
3127 2768 3311 2823 vitium
3351 2780 3470 2838 est,

1882 2860 1990 2915 quo
2024 2859 2179 2900 suum
2208 2847 2445 2903 defendit
2473 2864 2731 2907 errorem.
2764 2853 2831 2908 Et
2854 2855 3189 2928 Jovinianus,
3219 2862 3307 2933 qui
3339 2878 3471 2933 pau-

1882 2952 1976 2992 cos
2002 2946 2126 2993 ante
2155 2954 2323 2994 annos
2360 2941 2623 2997 novellam
2663 2956 2885 3001 conatus
2925 2961 3007 3003 est
3050 2949 3295 3008 haeresim
3338 2971 3469 3009 con-

1882 3026 2033 3096 dere,
2056 3028 2362 3086 Manichzeis
2384 3033 2708 3102 patrocinari
2735 3034 2946 3093 dicebat
2973 3039 3301 3112 Catholicos,
3328 3048 3471 3116 quod

1882 3117 2143 3173 adversus
2172 3135 2295 3175 eum
2324 3133 2566 3179 sanctam
2594 3125 2952 3196 virginitatem
2981 3133 3181 3201 nuptiis
3218 3136 3473 3204 praefere-

1880 3213 2029 3270 bant.
2072 3214 2177 3270 Sed
2203 3230 2556 3286 responsurus
2585 3230 2667 3274 est
2697 3220 2818 3287 iste,
2852 3237 2957 3277 non
2988 3241 3047 3279 se
3073 3227 3211 3296 quod
3239 3228 3473 3285 Jovinia-

1883 3324 1984 3363 nus
2011 3307 2077 3363 de
2120 3309 2475 3365 indifferentia
2505 3313 2808 3382 nuptiarum
2848 3316 3216 3389 virginumque
3250 3322 3470 3377 sentire.

1881 3397 1991 3454 Nec
2028 3416 2127 3470 ego
2162 3399 2282 3455 dico
2323 3400 2463 3471 quod
2510 3401 2599 3457 isti
2642 3402 2743 3459 hoc
2780 3408 3011 3461 sentiant
3045 3426 3056 3462 :
3101 3421 3470 3467 verumtamen

1880 3506 1977 3562 per
2014 3491 2352 3548 Jovinianum
2389 3494 2680 3551 Catholicis
2726 3497 3046 3555 Manichzcos
3086 3502 3424 3573 objicientem
3451 3549 3467 3574 ,

1882 3598 1987 3638 non
2032 3598 2151 3639 esse
2195 3583 2297 3641 hoc
2338 3601 2535 3643 novum
2561 3628 2577 3655 ,
2617 3590 2739 3643 novi
2781 3588 3017 3646 Ineretici
3064 3607 3467 3664 recognoscant.

1880 3674 1990 3731 Nos
2019 3677 2195 3747 itaque
2220 3679 2435 3750 nuptias
2461 3679 2660 3735 bonum
2689 3681 2914 3738 dicimus
2939 3700 3081 3753 esse,
3112 3704 3217 3743 non
3247 3692 3469 3747 malum.

1881 3766 1987 3823 Sed
2027 3768 2183 3823 sicuti
2213 3771 2392 3825 Ariani
2423 3770 2754 3829 Sabellianos
2782 3792 2879 3831 nos
2925 3793 3045 3833 esse
3082 3781 3468 3851 criminantur,

1880 3860 2122 3929 quamvis
2151 3874 2258 3915 non
2287 3861 2526 3919 dicamus
2553 3880 2714 3920 unum
2738 3867 3091 3940 eamdemque
3111 3886 3232 3928 esse
3259 3873 3471 3931 Patrem

1879 3961 1935 4007 et
1962 3951 2154 4007 Filium
2195 3964 2247 4009 et
2271 3954 2528 4027 Spiritum
2556 3968 2798 4014 sanctum
2824 4002 2838 4027 ,
2884 3962 3024 4031 quod
3070 3963 3361 4022 Sabelliani
3388 3968 3465 4024 di-

1879 4053 2042 4111 cunt;
2089 4044 2183 4101 sed
2228 4045 2469 4103 dicamus
2500 4065 2658 4104 unam
2686 4052 3037 4124 eamdemque
3064 4069 3184 4113 esse
3226 4069 3470 4114 naturam

1879 4134 2055 4192 Patris
2084 4146 2137 4193 et
2173 4138 2292 4193 Filii
2333 4151 2387 4195 et
2415 4139 2645 4211 Spiritus
2670 4146 2877 4213 sancti,
2926 4149 3067 4217 quod
3100 4149 3363 4208 Catholici
3391 4154 3471 4209 di-

1880 4238 2007 4285 cunt
2040 4249 2054 4285 :
2082 4230 2153 4285 ita
2178 4230 2443 4302 Pelagiani
2468 4235 2621 4289 nobis
2643 4236 2961 4294 Manichmos
2981 4242 3255 4311 objiciunt,
3280 4262 3471 4316 quam-

1880 4320 1961 4375 vis
2004 4335 2111 4375 non
2139 4321 2379 4378 dicamus
2417 4338 2537 4380 esse
2580 4328 2778 4383 malum
2818 4331 3029 4401 nuptias
3053 4373 3068 4398 ,
3106 4335 3247 4403 quod
3288 4336 3473 4394 dicunt

1879 4411 2192 4481 Manichmi;
2225 4414 2318 4470 sed
2342 4415 2583 4473 dicamus
2611 4420 2806 4475 malum
2836 4423 3019 4491 primis
3050 4424 3376 4495 hominibus,
3414 4432 3468 4485 id

1879 4512 1984 4571 est,
2017 4504 2205 4574 primis
2239 4507 2553 4578 conjugibus
2579 4510 2836 4567 accidisse
2865 4512 2920 4580 ⁸,
2962 4525 3016 4568 et
3047 4515 3169 4571 inde
3197 4518 3247 4572 in
3280 4536 3469 4580 omnes

1882 4595 2129 4651 homines
2154 4598 2529 4667 pertransisse,
2551 4602 2689 4672 quod
2717 4602 2900 4659 dicunt
2930 4606 3209 4664 Catholici.
3233 4612 3337 4667 Sed
3361 4617 3468 4672 sic-

1880 4695 1941 4741 ut
1962 4686 2145 4743 Ariani
2169 4689 2294 4743 dum
2323 4691 2656 4750 Sabellianos
2696 4696 2933 4767 fugiunt,
2977 4700 3028 4754 in
3069 4704 3223 4772 pejus
3268 4708 3466 4778 aliquid

1883 4781 2219 4850 inciderunt;
2266 4786 2386 4854 quia
2418 4784 2694 4842 Trinitatis
2733 4791 2846 4845 ausi
2889 4800 3013 4847 sunt
3054 4809 3158 4849 non
3207 4813 3468 4869 personas

1881 4872 2205 4940 discernere,
2229 4874 2321 4929 sed
2346 4884 2562 4931 naturas
2588 4894 2600 4930 :
2626 4879 2695 4933 ita
2720 4879 2979 4951 Pelagiani
3002 4882 3126 4939 dum
3152 4887 3471 4947 Manichaeo-

1883 4981 1998 5019 rum
2029 4975 2230 5036 pestem
2253 4968 2306 5020 in
2334 4983 2644 5038 perversum
2669 4972 2835 5028 vitare
2857 4987 3135 5045 conantur,
3165 4980 3232 5037 de
3259 4987 3470 5053 nuptia-

1883 5072 2000 5111 rum
2049 5057 2221 5111 fructu
2268 5058 2397 5125 ipsis
2428 5060 2730 5117 Maniclnnis
2765 5066 3153 5121 convincuntur
3200 5074 3470 5140 pernicio-

1882 5148 2022 5202 siora
2052 5149 2271 5217 sentire,
2305 5151 2572 5205 credendo
2603 5156 2853 5222 parvulos
2878 5156 3090 5213 Christo
3118 5163 3328 5218 medico
3358 5182 3463 5220 non

1882 5254 2056 5309 egere.

1953 5331 2180 5387 CAPUT
2218 5332 2409 5388 XXIV.
2438 5366 2509 5376 —
2535 5337 2625 5393 59.
2664 5357 2682 5389 t
2716 5339 2950 5410 Definis,
2994 5362 3010 5395 ι
3056 5344 3257 5415 inquit,
3308 5366 3327 5399 ι
3368 5348 3467 5404 Ito-

1882 5423 2103 5489 minent,
2132 5425 2176 5480 si
2207 5426 2273 5479 de
2299 5425 2646 5482 fornicatione
2678 5441 2927 5487 nascatur
2949 5475 2964 5499 ,
2994 5451 3142 5489 reum
3171 5452 3274 5489 non
3306 5452 3425 5493 esse
3450 5456 3464 5504 ;

1883 5515 1927 5568 si
1953 5516 2019 5570 de
2044 5516 2289 5587 conjugio
2312 5558 2328 5583 ,
2364 5519 2698 5576 innocentem
2726 5538 2831 5578 non
2869 5539 3007 5580 esse.
3039 5526 3149 5580 lluc
3175 5528 3316 5581 enim
3347 5544 3467 5600 per-

1945 5692 1963 5764 ξ
1998 5694 2078 5764 llic
2102 5694 2151 5764 in
2172 5695 2316 5745 editis
2330 5695 2534 5764 additur,
2559 5704 2619 5764 te.
2650 5699 2794 5764 abest
2808 5733 2823 5759 ,
2847 5703 2893 5749 te
2909 5735 2923 5758 ,
2942 5712 2971 5749 a
2993 5703 3348 5764 manuscriptls.

1945 5755 1964 5783 ⁸
1998 5756 2280 5828 spodium,
2305 5770 2396 5807 non
2427 5755 2528 5809 vult
2552 5755 2833 5823 intelligere.
2860 5755 2979 5811 Item
3010 5760 3151 5823 infra,
3190 5755 3310 5828 quid
3332 5766 3466 5819 dwa-

1881 5825 1988 5880 mus
2008 5815 2291 5880 intelligere.

1941 5876 1967 5947 f
2002 5884 2106 5957 sui;
2233 5886 2283 5929 et
2306 5895 2476 5957 omnes
2500 5892 2624 5944 Mss,
2647 5880 2829 5933 malum
2850 5882 3059 5948 primum
3082 5886 3326 5943 hominum
3362 5904 3463 5957 pn-

1883 5940 1976 5992 mis
1997 5940 2276 6005 conjugibus
2298 5942 2548 5996 accidisse.

2891 6029 3229 6114 (Quinam)
