4012 6476
459 397 564 460 859

462 515 608 576 venit
631 511 772 586 quod
795 506 998 574 dixisti,
1023 504 1224 566 bonum
1247 498 1486 562 naturale
1509 496 1577 551 de
1598 489 1876 586 adulteriis

467 579 780 671 subsistere,
803 601 1004 657 malum
1021 593 1278 665 originale
1302 591 1462 648 etiam
1485 587 1550 644 de
1570 583 1819 660 conjugio
1843 579 2000 638 trahi.
2028 596 2047 631 ι

467 699 687 758 Frustra
713 694 929 752 omnino
949 697 1172 752 conatur
1199 683 1340 760 apud
1368 682 1752 753 intelligentem
1775 677 2054 740 lectorem,

465 807 588 863 qum
614 796 737 844 sunt
764 793 908 844 recta
940 789 1262 859 pervertere.
1306 775 1458 836 Absit
1495 774 1642 830 enim
1678 779 1736 828 ut
1775 769 2053 832 dicamus,

468 881 763 944 hominem,
789 877 834 933 si
860 875 926 932 de
949 872 1300 930 fornicatione
1317 873 1585 935 osseatur,
1613 877 1762 924 reum
1786 876 1892 918 non
1914 873 2055 922 esse.

461 971 570 1032 Sed
600 971 846 1038 dicimus,
872 967 1164 1030 hominem,
1188 964 1301 1022 sive
1326 962 1392 1020 de
1413 957 1684 1030 coniugio,
1714 956 1826 1012 sive
1853 953 1920 1010 de
1950 953 2057 1006 for-

462 1081 484 1123 ι
503 1064 731 1120 icatioue
757 1070 1028 1126 nascatur,
1055 1057 1257 1114 bonum
1286 1051 1492 1124 aliquid
1519 1065 1639 1108 esse
1658 1090 1674 1117 ,
1717 1055 1935 1118 propter
1964 1059 2058 1110 au-

476 1166 672 1212 litorem
707 1163 909 1209 naturae
943 1154 1148 1217 Deum;
1179 1149 1379 1205 malum
1413 1142 1614 1216 aliquid
1641 1141 1887 1204 trahere,
1930 1151 2056 1207 pro-

468 1260 586 1321 pter
604 1248 861 1322 originale
883 1255 1176 1316 peccatum.
1205 1242 1357 1314 Quod
1381 1254 1508 1315 ergo
1532 1237 1786 1304 dicimus,
1810 1253 1828 1289 ί
1859 1233 2061 1294 boum

468 1342 710 1400 naturale
736 1341 896 1398 etiam
926 1338 992 1396 de
1023 1337 1296 1393 adulteriis
1325 1350 1489 1405 posse
1514 1333 1834 1394 subsistere,
1861 1327 2062 1388 malum

465 1445 645 1496 autem
672 1431 931 1502 originale
959 1431 1118 1486 etiam
1151 1427 1219 1484 de
1257 1426 1502 1496 conjugio
1540 1422 1709 1490 trahi,
1743 1439 1764 1476 ι
1806 1435 1921 1480 non
1953 1418 2061 1482 huc.

465 1524 733 1595 pervenit,
762 1538 868 1594 quo
898 1521 988 1578 ille
1017 1529 1241 1578 conatur
1269 1517 1557 1582 adducere,
1593 1529 1701 1576 non
1729 1511 1878 1576 nasci
1905 1524 2060 1574 reum

466 1617 536 1676 de
577 1614 897 1679 adulteriis,
940 1627 1041 1670 nec
1085 1611 1423 1668 innocentem
1461 1607 1532 1663 de
1578 1605 1820 1677 nuptiis:
1850 1601 1946 1662 sed
1991 1615 2064 1660 ex

471 1717 700 1778 utroque
729 1721 884 1766 reum
908 1703 1255 1777 generatione
1289 1701 1486 1758 factum
1511 1740 1526 1764 ,
1555 1707 1772 1770 propter
1797 1692 2059 1766 originale

467 1799 720 1856 delictum
747 1813 762 1864 ;
791 1806 846 1852 et
867 1805 1150 1865 utrumque
1183 1790 1589 1864 regeneratione
1624 1786 2062 1852 absoltendum.

468 1899 687 1964 propter
715 1899 917 1948 naturae
945 1888 1164 1951 bonum.

539 1983 766 2040 CAPUT
805 1981 972 2038 XXV.
1015 2012 1088 2021 —
1123 1980 1211 2035 40.
1250 1997 1269 2032 ‹
1309 1978 1484 2035 Unum
1527 1993 1592 2033 ex
1631 1974 1754 2043 his,
1799 1993 1819 2028 ι
1855 1974 2062 2046 inquit,

476 2099 495 2134 ι
532 2095 717 2140 verum
745 2086 862 2144 est,
903 2076 1135 2134 alterum
1175 2073 1384 2134 falsum.
1425 2092 1450 2127 ι
1491 2070 1625 2131 Huic
1650 2069 1840 2128 eadem
1881 2068 2062 2126 brevi-

479 2181 586 2229 tate
616 2169 917 2242 respondeo
945 2187 958 2223 :
993 2168 1416 2237 lmo.utrumque
1442 2181 1631 2226 verum
1653 2171 1736 2222 est
1758 2204 1773 2230 ,
1816 2172 2067 2224 neutrum

475 2265 690 2323 falsum.
729 2283 748 2322 ‹
782 2263 980 2320 Verum
1004 2272 1120 2332 est,
1155 2279 1178 2314 ι
1210 2261 1425 2332 inquit,
1459 2278 1477 2312 ‹
1515 2258 1660 2331 quod
1680 2257 2066 2316 adulteriorum

477 2360 689 2429 culpam
717 2356 881 2412 homo
917 2355 1009 2427 qui
1056 2353 1178 2412 inde
1216 2351 1451 2410 nascitur
1473 2392 1496 2419 ,
1533 2365 1643 2412 non
1678 2358 1864 2420 potent.
1899 2361 2067 2407 exeu-

477 2466 598 2512 sare
630 2469 644 2506 :
673 2450 800 2522 quia
823 2447 966 2522 quod
989 2446 1216 2504 adulteri
1246 2445 1515 2510 fecerunt,
1535 2442 1605 2500 ad
1626 2442 1810 2498 vitium
1835 2441 2070 2512 pertinet

476 2541 806 2607 voluntatis;
835 2539 978 2611 quod
1017 2546 1194 2594 autem
1231 2543 1536 2609 genuerunt
1557 2574 1577 2600 .
1604 2533 1671 2594 ad
1699 2533 1914 2592 laudem
1939 2548 2067 2603 spe-

473 2643 582 2690 ctat
610 2630 993 2694 fecunditatis:
1021 2630 1144 2702 quia
1185 2630 1230 2686 si
1265 2629 1384 2700 quis
1427 2626 1679 2688 furtivum
1716 2625 1948 2684 triticum
1977 2639 2066 2680 se-

481 2737 587 2794 rat,
616 2740 729 2786 non
752 2724 990 2782 nascitur
1013 2721 1204 2778 messis
1234 2718 1485 2778 obnoxia.
1518 2717 1776 2787 Vitupero
1801 2715 1978 2787 itaque
1999 2754 2018 2784 ,
2040 2733 2071 2770 ο.
2115 2717 2122 2724 ’

475 2820 670 2892 inquit,
699 2837 719 2878 ι
757 2818 952 2882 furem,
978 2815 1071 2872 sed
1094 2814 1252 2872 laudo
1278 2822 1533 2883 segetem.
1567 2810 2069 2880 innocentem.pro-

482 2914 671 2969 nuntio
695 2912 787 2986 qui
817 2909 1050 2965 nascitur
1072 2924 1138 2963 ex
1165 2909 1522 2978 generositate
1547 2905 1841 2974 seminum,
1859 2904 2074 2962 dicente

479 3002 739 3076 Apostolo
762 3043 776 3066 ,
806 2999 944 3064 Deus
973 2999 1050 3054 illi
1075 2999 1163 3052 dat
1192 3014 1376 3069 corpus
1407 3007 1554 3068 prout
1577 2997 1706 3062 uilli,
1733 3007 1780 3052 et
1805 2997 2072 3067 unicuique

485 3098 732 3152 seminum
763 3095 1024 3166 preprium
1049 3109 1229 3164 corpus
1249 3109 1268 3144 ι
1293 3092 1335 3162 (1
1350 3090 1467 3148 Cor.
1484 3090 1684 3162 xv,.'58)
1701 3108 1716 3146 :
1734 3108 1754 3144 ι
1775 3090 2075 3148 condemno

481 3205 611 3248 vero
639 3189 992 3260 ﬂagitiosum,
1025 3187 1118 3258 qui
1160 3201 1229 3241 ex
1267 3185 1528 3256 propositi
1566 3184 1916 3256 perversitate
1944 3199 2074 3255 pec.

481 3283 640 3338 cavit.
678 3300 698 3333 ι

553 3369 782 3429 CAPUT
820 3367 1014 3426 XXVI.
1039 3397 1114 3409 —
1138 3367 1229 3423 ιι.
1260 3365 1340 3422 Ad
1375 3366 1488 3426 haec
1517 3365 1777 3437 adjungit,
1813 3373 1871 3422 et
1897 3365 2028 3421 dicit
2055 3383 2070 3421 :

487 3486 507 3520 ι
543 3467 774 3522 Prorsus
810 3473 991 3519 autem
1017 3463 1062 3518 si
1094 3462 1291 3517 malum
1321 3461 1393 3518 de
1433 3463 1633 3529 nuptis
1656 3461 1890 3521 trahitur
1913 3502 1928 3528 ,
1967 3447 2090 3517 ac-d

483 3561 659 3616 cusari
698 3566 956 3630 possunt,
998 3555 1242 3610 excusari
1284 3569 1389 3614 non
1429 3565 1682 3624 possunt;
1711 3567 1768 3614 et
1795 3557 1855 3612 in
1880 3553 2077 3612 diaboli

481 3655 602 3725 jure
643 3667 774 3723 opus
812 3663 995 3705 earum
1036 3648 1371 3717 truclumque
1398 3660 1720 3707 consumis:
1751 3650 1887 3724 quia
1902 3648 2083 3704 omnis

487 3759 648 3802 causa
676 3743 822 3808 mali,
853 3755 1046 3810 expers
1073 3740 1197 3794 boni
1227 3747 1328 3794 est.
1361 3739 1532 3797 Homo
1556 3750 1736 3796 autem
1755 3779 1775 3810 ,
1814 3759 1838 3800 ι
1866 3740 2075 3814 inquit,

495 3853 513 3887 ‹
551 3835 642 3908 qui
670 3835 738 3889 de
763 3833 962 3902 nuptiis
992 3831 1248 3897 nascitur,
1279 3845 1385 3886 non
1413 3831 1760 3900 criminibus,
1790 3833 1888 3890 sed
1913 3834 2080 3889 serui-

487 3928 644 3984 nibus
679 3928 987 4000 imputatur.
1015 3924 1292 3980 Seminum
1322 3938 1450 3979 vero
1487 3939 1647 3980 causa
1688 3924 1743 3982 in
1774 3927 2082 3983 conditione

489 4033 777 4092 corporum
823 4025 948 4078 est:
980 4015 1175 4086 quibus
1211 4015 1522 4084 corporibus
1561 4016 1650 4085 qui
1698 4017 1836 4074 male
1876 4019 2076 4087 utitur,

489 4111 613 4174 boni
655 4109 901 4171 meritum
926 4149 945 4176 ,
974 4123 1079 4166 non
1103 4122 1272 4184 genus
1297 4108 1518 4165 sauciat.
1564 4107 1789 4178 Liquida
1819 4110 2018 4180 igitur,
2055 4131 2075 4165 ι

491 4207 692 4279 .tiquit,
726 4225 745 4258 ‹
782 4205 947 4266 claret
966 4246 983 4274 ,
1013 4204 1214 4263 bonum
1244 4206 1260 4237 ¹
1291 4219 1400 4260 non
1441 4219 1569 4261 esse
1591 4207 1978 4263 censummali.
2023 4208 2086 4263 Si

490 4316 638 4371 ergo,
679 4319 697 4354 ι
732 4299 936 4370 inquit,
974 4316 995 4352 ι
1031 4298 1255 4356 trahitur
1283 4305 1336 4354 et
1363 4296 1431 4353 de
1462 4298 1662 4368 nuptiis
1685 4297 1944 4369 originale
1970 4315 2084 4355 ma-

492 4393 622 4458 lum,
651 4407 810 4449 causa
842 4390 967 4446 mali
993 4397 1079 4444 est
1104 4392 1390 4446 conventio
1412 4389 1716 4459 nuptiarum
1741 4409 1754 4444 :
1781 4401 1834 4446 et
1861 4407 2088 4448 necesse

491 4497 576 4543 est
599 4487 798 4544 malum
823 4498 977 4546 esse,
1018 4497 1115 4553 per
1150 4480 1292 4552 quod
1331 4489 1388 4540 et
1417 4497 1480 4537 ex
1511 4499 1617 4552 quo
1656 4483 1832 4539 malus
1875 4483 2086 4540 fruente

493 4579 770 4649 apparuit,
803 4575 1011 4632 dicente
1038 4573 1266 4630 Domino
1293 4575 1347 4629 in
1372 4574 1694 4646 Evangelio,
1728 4576 1810 4631 Em
1836 4578 2082 4647 fructibus

493 4670 1088 4740 suisarboraguoscitun
1114 4665 1562 4739 (Malth.Vll,16).
1586 4686 1605 4720 ι
1628 4668 1908 4736 Quomodo
1941 4690 1960 4723 ι
1997 4671 2080 4725 in-

494 4763 642 4834 quit,
684 4779 703 4814 ι
738 4769 794 4816 tu
819 4759 1115 4815 audiendus
1141 4760 1345 4829 putaris
1369 4800 1385 4826 ,
1429 4761 1520 4830 qui
1559 4759 1690 4815 dicis
1721 4760 1919 4816 bonum
1957 4779 2081 4820 esse

493 4853 797 4924 conjugium
821 4893 838 4919 ,
868 4851 934 4906 de
977 4865 1083 4920 quo
1121 4851 1254 4906 nihil
1288 4850 1427 4906 aliud
1456 4867 1614 4921 quam
1642 4852 1840 4908 malum
1866 4854 2081 4924 prodire

497 4945 734 5006 definis?
762 4944 986 4999 Constat
1021 4944 1179 5015 igitur
1204 4959 1293 4999 rea
1323 4945 1343 4976 ³
1371 4959 1492 5000 esse
1518 4945 1790 5016 conjugia,
1824 4947 1868 5000 si
1895 4961 2084 5015 pecca-

498 5048 614 5096 tum
641 5038 766 5094 inde
790 5037 1052 5108 originale
1075 5036 1386 5102 deducitur;
1413 5052 1512 5092 nec
1534 5052 1692 5107 posse
1713 5038 1948 5108 defendi,
1979 5040 2080 5095 nisi

498 5132 700 5189 fructus
728 5145 916 5188 eorum
945 5131 1200 5186 innocens
1224 5131 1569 5200 approbetur.
1600 5133 1963 5190 Defenduntur
1986 5151 2084 5191 au-

495 5232 603 5281 tem
623 5266 640 5293 ,
677 5232 732 5280 et
760 5224 896 5279 bona
925 5222 1337 5295 pronuntiantur
1369 5241 1381 5276 :
1415 5222 1616 5280 fructus
1645 5240 1772 5297 ergo
1813 5230 2080 5298 approba-

493 5327 583 5374 tur
611 5320 889 5374 innocuus.
923 5333 949 5370 ι

567 5409 659 5466 42.
689 5408 776 5464 Ad
798 5409 913 5464 lucc
940 5421 1312 5479 responsurus,
1335 5407 1482 5477 prius
1507 5408 1630 5464 volo
1661 5423 1780 5464 esse
1819 5409 2079 5467 intentum

498 5503 755 5558 lectorem
773 5542 796 5569 ,
823 5501 954 5557 nihil
983 5517 1142 5572 agere
1181 5501 1343 5568 istos,
1374 5501 1476 5556 nisi
1521 5510 1581 5556 ut
1618 5503 1848 5558 salvator
1875 5519 1982 5559 non
2009 5506 2080 5562 sit

499 5595 732 5666 parvulis
761 5595 1091 5649 necessarius
1114 5633 1130 5659 ,
1163 5607 1296 5664 quos
1338 5601 1551 5664 peceata
1587 5607 1804 5664 prorsus
1830 5610 1860 5650 a
1889 5596 2080 5667 quibus

561 5752 578 5783 ι
613 5748 780 5799 Plures
803 5757 907 5799 uss.
923 5785 936 5805 ,
963 5748 1151 5798 bonam.

559 5812 683 5885 '“Sic
702 5812 1045 5885 manseripti,
1084 5812 1163 5861 hic
1185 5817 1237 5860 et
1273 5812 1323 5885 in
1348 5809 1472 5862 libro
1493 5814 1662 5878 quinto
1684 5818 1856 5879 Operis
1901 5826 2084 5885 lmper-

493 5874 608 5925 iecti
629 5911 639 5934 ,
663 5886 766 5936 cap.
901 5874 1020 5923 Editi
1043 5886 1180 5934 vero,
1205 5873 1350 5924 nuda.

1279 382 1368 439 DE
1404 375 1675 438 NUP‘lflS
1712 373 1802 430 ET
1838 365 2445 438 CONCUPISCENTIA,
2484 369 2542 427 S.
2583 366 2950 427 AUGUSTINI

2167 482 2442 540 salventur
2485 495 2678 562 negant
2725 486 2944 552 habere,
2975 470 3102 544 ﬁmo
3136 490 3288 548 tanta
3323 483 3650 558 perversitas
3699 494 3762 544 et

2166 587 2325 634 tanta:
2366 579 2579 636 inimica
2620 581 2803 651 gratim
2835 581 2958 648 Dei,
3003 595 3124 654 qua:
3163 579 3287 636 data
3326 587 3412 637 est
3450 596 3545 651 per
3573 581 3759 640 .lesum

2165 673 2435 728 Christum
2468 673 2758 736 Dominum
2782 684 3057 746 nostrum,
3101 674 3191 745 qui
3229 675 3377 731 venit
3416 691 3658 746 quaerere
3701 685 3768 734 et

2129 765 2371 836 ,salvare
2412 765 2556 838 quod
2600 765 2832 837 perierat
2857 764 3020 838 (Luc.
3055 782 3144 822 xix
3169 807 3185 835 ,
3220 764 3324 840 10)
3348 808 3367 834 ,
3397 767 3668 824 insinuare
3695 784 3766 825 se

2125 937 2127 940 g
2165 862 2351 920 nititur
2375 861 2629 920 cordibus
2666 876 2852 932 parum
2875 861 3311 932 intelligontium,
3348 861 3506 918 laude
3531 877 3761 934 operum

2165 954 2502 1021 divinorum,
2535 955 2639 1014 hoc
2663 963 2782 1023 est,
2833 953 2992 1014 laude
3030 963 3234 1014 natura:
3276 953 3558 1022 humanm,
3600 956 3764 1014 laude

2165 1047 2427 1115 seminis,
2475 1048 2632 1108 laude
2688 1047 3026 1118 nuptiarum,
3077 1047 3238 1106 laude
3277 1047 3552 1118 utriusque
3595 1063 3764 1106 sexus

2165 1141 2598 1207 commixtionis,
2637 1141 2798 1200 laude
2831 1139 3170 1196 fecunditatis
3196 1156 3216 1194 ε
3256 1155 3374 1210 qua:
3413 1139 3590 1196 omnia
3617 1140 3764 1198 bona

2165 1241 2312 1290 sunt.
2359 1232 2498 1292 Nolo
2545 1234 2688 1294 enim
2733 1233 2947 1302 dicere,
2981 1232 3137 1294 laude
3173 1232 3408 1292 libidinis
3447 1233 3612 1303 :quia
3635 1247 3767 1298 eam

2166 1334 2224 1388 et
2259 1328 2373 1398 ipse
2397 1327 2675 1388 nominare
2713 1325 3092 1394 confunditur,
3122 1333 3182 1384 ut
3201 1325 3348 1383 aliud
3370 1325 3603 1396 aliquid,
3645 1341 3770 1385 non

2167 1420 2343 1490 ipsam
2366 1461 2386 1488 ,
2416 1419 2634 1479 laudare
2664 1419 2931 1478 videatur.
2958 1420 3042 1476 Ac
3073 1434 3172 1490 per
3196 1418 3299 1475 hoc
3338 1419 3479 1476 mala
3509 1435 3632 1491 qum
3664 1435 3765 1478 ao-

2167 1513 2414 1572 ciderunt
2441 1522 2646 1574 naturai
2667 1554 2684 1583 ,
2718 1529 2824 1569 non
2850 1513 3211 1574 discernendo
3229 1514 3300 1571 ab
3327 1514 3494 1585 ipsius
3522 1514 3768 1572 bonitate

2168 1618 2372 1666 natura:
2397 1650 2414 1677 ,
2446 1624 2556 1664 non
2577 1623 2696 1664 eam
2723 1607 2885 1680 (quia
2911 1607 3104 1666 falsum
3131 1605 3258 1680 est)
3286 1608 3526 1666 ostendit
3549 1621 3767 1677 mani,

2168 1700 2266 1758 sed
2287 1700 2465 1758 sanari
2490 1714 2595 1756 non
2621 1699 2882 1770 permittit
2903 1707 3185 1770 agt-ctam.
3211 1699 3282 1756 Et
3305 1698 3429 1758 ideo
3458 1698 3589 1760 illud
3613 1698 3765 1769 quod

2169 1794 2442 1863 diximus,
2479 1794 2620 1864 quod
2655 1812 2676 1848 ι
2705 1793 3092 1853 adulteriorum
3116 1793 3350 1863 omnem,
3379 1793 3578 1850 meum
3615 1792 3768 1864 quod

2171 1886 2296 1949 inde
2333 1887 2574 1945 naseiwr
2595 1929 2611 1955 ,
2647 1905 2668 1940 ι
2713 1886 2764 1946 id
2805 1895 2921 1954 est,
2951 1905 2976 1942 ι
3004 1886 3167 1944 homo
3193 1901 3300 1948 non
3329 1895 3508 1957 potest
3532 1903 3763 1944 exem-

2169 1993 2232 2038 re
2252 2021 2269 2048 ,
2306 1998 2325 2033 r
2350 1994 2538 2036 verum
2563 1993 2684 2036 esse
2723 1977 3008 2038 comedit:
3034 1988 3082 2040 el
3113 1980 3218 2036 hoc
3239 2019 3262 2046 ,
3288 1978 3597 2039 uudemdla
3622 1980 3765 2037 inter

2171 2087 2273 2129 nos
2314 2072 2540 2144 quaestio
2574 2080 2695 2138 est,
2747 2072 2909 2130 etiam
2948 2070 3306 2131 similitudine.
3334 2071 3474 2129 furis
3507 2071 3770 2128 furtivum

2173 2165 2407 2224 triticum
2437 2165 2789 2229 seminantis,
2817 2163 2886 2221 de
2909 2179 3019 2236 quo
3039 2164 3186 2232 bene
3222 2164 3408 2235 utique
3433 2165 3623 2222 messis
3666 2179 3767 2221 nav-

2171 2258 2360 2324 scitur,
2389 2258 2585 2314 astruit
2618 2266 2674 2314 et
2701 2257 2987 2317 continuat
3007 2266 3289 2328 αραιω.
3320 2256 3658 2314 Iliadaqu
3683 2258 3774 2313 ai—

2174 2358 2346 2406 ternm
2371 2350 2515 2422 quod
2552 2350 2788 2410 diximus
2807 2390 2826 2417 ,
2857 2368 2879 2407 (
2910 2349 3222 2421 Nuptiarum
3245 2350 3446 2410 boum
3470 2350 3613 2407 male
3649 2350 3769 2406 ori-

2171 2442 2545 2514 ginali,quod
2590 2443 2717 2500 inde
2743 2441 3011 2510 κωδίων,
3055 2457 3161 2501 non
3204 2451 3382 2514 petest
3417 2441 3654 2498 accincti
3678 2483 3696 2509 ,
3737 2460 3764 2496 ι

2175 2551 2284 2593 non
2312 2537 2430 2592 vult
2455 2537 2762 2596 consentire
2783 2536 2930 2607 quod
2956 2551 3151 2593 verum
3169 2536 3245 2592 sit
3271 2553 3294 2590 :.
3312 2535 3437 2606 quia
3459 2535 3506 2590 si
3533 2549 3775 2592 comen-

2174 2629 2340 2693 serit,
2387 2643 2500 2686 non
2539 2628 2860 2699 Pelagianus
2911 2627 3242 2694 hairetiouo,
3285 2626 3387 2684 sed
3429 2623 3772 2682 Christianus

2173 2721 2476 2780 catinolieus
2507 2721 2630 2784 erit.
2669 2741 2690 2776 ι
2719 2721 2990 2789 Prorsus,
3017 2740 3036 2774 ι
3067 2721 3276 2791 inquit,
3327 2739 3347 2773 ι
3383 2721 3430 2777 si
3457 2721 3656 2777 malum
3695 2719 3776 2775 de

2174 2816 2375 2885 nuptiis
2404 2814 2654 2882 trahitur,
2683 2816 2924 2872 accusari
2948 2823 3190 2886 possunt,
3221 2815 3470 2870 excusari
3496 2829 3606 2871 non
3632 2827 3769 2885 pos-

2175 2920 2302 2965 sunt
2328 2928 2343 2976 ;
2376 2921 2430 2966 et
2457 2911 2510 2966 in
2539 2909 2738 2966 diaboli
2757 2909 2877 2979 jure
2897 2924 3031 2981 opus
3058 2924 3243 2964 eam
3273 2908 3608 2979 Fructumqne
3632 2921 3774 2962 coa-

2177 3001 2354 3060 stituis
2401 3019 2414 3054 :
2447 3002 2568 3074 quia
2598 3003 2773 3058 omnis
2801 3017 2960 3056 causa
3002 3001 3157 3067 mali,
3198 3015 3398 3072 expers
3438 2999 3563 3056 boni
3598 3008 3700 3056 est.
3742 3018 3768 3054 ι

2178 3094 2246 3149 Et
2273 3093 2474 3149 adhoc
2497 3103 2690 3150 enitere
2715 3094 2938 3158 attnuit,
2965 3103 3024 3148 ut
3050 3095 3242 3162 probet
3269 3108 3486 3148 causam
3514 3093 3635 3148 ntali
3670 3093 3776 3149 bo-

2178 3200 2308 3242 num
2339 3201 2464 3242 esse
2488 3201 2596 3244 non
2627 3201 2789 3256 posse
2815 3187 2832 3217 ¹
2865 3202 2882 3251 ;
2909 3195 2963 3242 ct
2991 3185 3116 3240 ideo
3139 3185 3376 3255 nuptias,
3407 3185 3529 3255 quia
3566 3185 3772 3240 boum

2179 3287 2328 3344 sunt,
2359 3294 2575 3335 causam
2601 3280 2730 3334 mali
2754 3295 2858 3336 non
2886 3293 3008 3334 esse
3035 3293 3052 3343 ;
3081 3293 3142 3332 ac
3169 3294 3263 3349 per
3294 3279 3397 3331 hoc
3420 3278 3492 3332 de
3514 3278 3618 3333 illis
3642 3293 3778 3347 pec-

2179 3381 2416 3428 catorem
2437 3413 2452 3437 ,
2500 3372 2589 3442 qui
2640 3373 3000 3426 necessarium
3031 3371 3224 3425 habent
3251 3371 3588 3434 salvatorem,
3620 3369 3777 3426 nasci

2182 3465 2406 3522 omnino
2441 3480 2548 3520 non
2580 3479 2776 3534 posse:
2810 3465 2963 3534 quasi
3007 3477 3111 3518 nos
3137 3463 3355 3534 [nuptias
3374 3478 3594 3519 causam
3617 3463 3778 3519 dice-

2180 3574 2304 3614 mus
2328 3573 2448 3615 esse
2490 3558 2692 3628 peccati
2721 3574 2738 3624 ;
2764 3557 3012 3628 quamvis
3038 3557 3205 3613 hem
3227 3558 3322 3628 qui
3347 3572 3410 3612 ex
3445 3557 3554 3612 illis
3589 3555 3777 3612 nasci-

2182 3662 2293 3717 tur,
2345 3667 2458 3706 nou
2502 3661 2751 3708 nascatur
2797 3652 2916 3708 sine
2964 3661 3204 3722 peccato.
3259 3651 3472 3721 Nuptiae
3514 3652 3784 3707 institutas

2183 3752 2308 3799 sunt
2349 3759 2508 3800 causa
2536 3743 2864 3814 generandi,
2908 3758 3013 3798 non
3043 3744 3295 3814 peccandi
3322 3762 3336 3798 :
3364 3752 3588 3814 pmpter
3627 3744 3779 3815 quod

2184 3836 2272 3891 illa
2302 3846 2385 3892 est
2417 3854 2446 3890 a
2481 3838 2707 3892 Domino
2739 3837 3040 3892 benedictio
3068 3839 3404 3908 nuptiarum,
3437 3837 3685 3905 Crescite,
3729 3847 3784 3893 et

2185 3929 2608 4001 maiplicamiui,
2639 3940 2686 3984 et
2719 3930 2914 3999 replere
2936 3940 3120 3984 (errem
3151 3929 3321 4000 (Gen.
3349 3945 3386 3997 ι,
3415 3930 3484 3986 28
3505 3937 3546 4002 ).
3581 3932 3784 3986 Pecca-

2187 4031 2297 4076 tum
2337 4032 2517 4077 autem
2545 4021 2686 4092 quod
2715 4021 2844 4075 inde
2865 4036 2900 4075 ε
2926 4022 3268 4076 nascentibus
3298 4022 3542 4089 trahitur,
3572 4039 3681 4078 non
3710 4023 3781 4078 ad

2186 4115 2398 4184 nuptias
2421 4116 2653 4184 pertinet
2670 4156 2682 4179 ,
2715 4114 2812 4169 sed
2839 4114 2906 4168 ad
2934 4115 3136 4169 malum
3157 4117 3300 4187 quod
3325 4117 3517 4173 accidit
3543 4117 3786 4173 homini-

2186 4208 2306 4272 bus,
2349 4224 2572 4278 quorum
2601 4209 2991 4279 eonjuactim
3005 4218 3130 4264 sunt
3155 4213 3372 4282 nuptizc.
3401 4211 3533 4267 Nam
3574 4213 3784 4270 malum

2187 4297 2448 4369 pudendae
2488 4299 2721 4354 libidinis
2749 4309 2806 4356 et
2833 4309 3009 4370 potest
3033 4317 3152 4358 esse
3181 4303 3300 4358 sine
3340 4306 3558 4374 nuptiis,
3589 4315 3644 4360 et
3674 4322 3781 4378 po-

2189 4398 2402 4446 tuerint
2427 4406 2548 4446 esse
2573 4395 2772 4462 raptim
2795 4394 2919 4449 sine
2943 4395 3036 4448 illo
3067 4413 3084 4449 :
3113 4395 3182 4449 ad
3207 4397 3569 4452 condiaionem
3595 4410 3781 4456 autem

2189 4483 2421 4552 pertinet
2450 4487 2720 4554 corporis,
2753 4501 2859 4541 non
2883 4488 3006 4542 vita:
3034 4487 3173 4542 illius
3192 4531 3207 4556 ,
3233 4490 3328 4544 sed
3357 4492 3546 4546 mortis
3585 4492 3782 4562 hujus,

2188 4583 2247 4631 ut
2266 4590 2406 4632 nunc
2427 4592 2532 4630 non
2561 4577 2766 4646 possint
2789 4593 2916 4633 esse
2933 4579 3134 4650 nuptm;
3158 4581 3277 4636 sine
3295 4582 3405 4649 illo,
3431 4585 3674 4652 quamvis
3701 4586 3786 4657 ip-

2187 4683 2304 4724 sum
2346 4667 2514 4738 possit
2541 4682 2660 4723 esse
2679 4669 2800 4724 sine
2825 4670 2948 4725 illis.
2971 4671 3104 4726 Nam
3124 4673 3306 4743 utique
3326 4674 3442 4730 sine
3469 4676 3668 4746 nuptiis
3695 4688 3786 4734 est

2189 4759 2434 4830 pudenda
2474 4763 2649 4815 carnis
2675 4763 3104 4832 concupiscentia
3130 4806 3144 4830 ,
3185 4767 3402 4836 quando
3426 4769 3685 4824 adulteria
3726 4779 3786 4826 et

2187 4866 2411 4920 qumque
2427 4861 2612 4924 stupra
2639 4862 2799 4924 atque
2824 4855 3094 4911 immunda
3124 4858 3430 4923 committit,
3461 4861 3614 4932 longe
3645 4878 3783 4919 con-

2190 4945 2351 4997 traria
2395 4944 2662 5015 pudicitia:
2705 4947 3050 5017 nuptiarum;
3095 4959 3185 5006 aut
3219 4952 3437 5023 quando
3483 4954 3627 5010 nulla
3677 4955 3786 5012 ista

2189 5037 2493 5100 committit,
2525 5039 2650 5108 quia
2677 5038 2840 5094 homo
2863 5040 3009 5096 nulla
3035 5045 3390 5100 consensione
3420 5046 3698 5114 permittit,
3727 5058 3789 5104 et

2192 5137 2368 5182 tamen
2397 5129 2568 5200 surgit
2609 5139 2663 5185 et
2692 5142 2942 5188 movetur
2967 5143 3020 5188 et
3047 5143 3262 5201 movet,
3295 5145 3350 5190 et
3381 5136 3694 5208 plerumque
3727 5140 3787 5195 in

2189 5220 2393 5275 somnis
2420 5221 2486 5275 ad
2527 5221 2690 5292 ipsius
2717 5225 2894 5294 operis
2920 5226 3319 5282 similitudinem
3349 5237 3403 5283 et
3431 5244 3542 5285 sua:
3586 5231 3793 5285 motio-

2189 5313 2275 5368 nis
2301 5316 2538 5385 pervenit
2566 5315 2743 5370 ﬁnem.
2786 5316 2898 5373 Hoc
2925 5333 3056 5390 ergo
3089 5320 3284 5374 malum
3310 5336 3410 5376 nec
3435 5321 3488 5375 in
3527 5321 3658 5391 ipsis
3686 5338 3792 5376 nu-

2191 5408 2313 5476 ptiis
2338 5409 2534 5464 malum
2569 5421 2652 5464 est
2693 5412 2994 5480 nuptiarum
3026 5432 3040 5467 :
3072 5413 3166 5468 sed
3199 5412 3397 5468 habent
3422 5415 3549 5470 illud
3580 5416 3632 5470 in
3661 5431 3794 5472 cor-

2190 5515 2321 5571 pore
2345 5504 2532 5557 morlis
2555 5501 2714 5574 hujus
2741 5515 2983 5574 paratum
2999 5549 3014 5573 ,
3048 5508 3256 5563 etiamsi
3285 5510 3470 5566 nolunt
3493 5552 3509 5580 ,
3533 5511 3651 5568 sine
3675 5529 3793 5583 quo

2190 5610 2298 5650 non
2320 5606 2542 5666 possunt
2566 5598 2785 5670 implere
2805 5601 2944 5669 quod
2967 5602 3170 5657 volunt.
3196 5603 3308 5658 Non
3329 5605 3488 5675 igitur
3505 5605 3572 5661 ab
3593 5621 3790 5664 earum

2192 5688 2540 5756 institutione,
2564 5707 2683 5762 quae
2701 5691 2977 5748 benedicta
3007 5706 3086 5750 cst
3106 5739 3122 5764 ,
3155 5696 3221 5752 ad
3247 5712 3340 5753 eas
3363 5699 3510 5754 venit
3541 5715 3557 5752 :
3589 5701 3688 5757 sed
3716 5704 3792 5759 ab

2192 5825 2407 5949 pozsam.
2434 5830 2508 5874 Er.
2535 5831 2588 5874 et
2604 5824 2829 5889 plerique
2851 5833 2982 5891 Mss,
3000 5841 3198 5880 causam
3219 5827 3339 5883 mali
3372 5827 3540 5883 bonam
3563 5845 3669 5884 esse
3693 5848 3796 5888 non

2301 5903 2344 5935 cf.

2301 5903 2344 5935 cf.
