4012 6478
468 395 579 458 ωδ

468 514 648 587 ipsum
668 521 844 570 autem
866 511 1133 569 Christum
1159 513 1274 568 sine
1295 512 1402 567 line
1425 511 1617 567 victuri
1639 504 1764 567 sunt
1785 509 1809 565 ‘l
1833 508 1905 565 Et
1934 525 2061 577 non,

470 606 680 681 inquit,
719 607 848 664 sicut
881 624 970 678 per
1005 624 1159 662 unum
1188 615 1506 679 peccantem,
1545 605 1617 660 ita
1651 614 1723 660 est
1760 613 1807 659 et
1847 605 2056 659 donum.

473 699 616 755 Nam
631 698 884 770 judicium
911 699 1112 768 quidem
1137 716 1199 755 ea:
1226 716 1327 755 uno
1351 700 1403 755 in
1428 697 1910 765 condemnationem,
1937 712 2058 768 gra-
2102 710 2105 715 ·

458 791 544 845 ἰἰα
568 800 734 844 autem
763 805 826 844 ea:
853 791 1025 845 multis
1052 791 1246 846 delictis
1273 792 1327 846 in
1359 790 1797 863 justiﬁcationem.
1831 787 1917 843 Ea:
1960 803 2061 843 uno

467 895 620 951 ergo,
647 878 794 952 quid,
828 880 928 935 nisi
956 879 1186 937 delicto?
1201 882 1324 953 quia
1343 882 1603 954 sequitur,
1624 880 1790 953 gratia
1811 888 1982 934 autem
1999 894 2063 934 ea:

469 973 645 1029 multis
672 973 891 1030 delictis.
923 974 1114 1032 Dicant
1152 975 1238 1033 isti
1269 1017 1284 1041 ,
1316 975 1586 1048 quomodo
1624 991 1692 1031 ex
1714 991 1821 1031 uno
1865 973 2061 1030 delicto

467 1064 523 1121 iu
568 1065 1091 1133 condemnationem,
1125 1067 1224 1122 nisi
1254 1068 1373 1138 quia
1405 1065 1603 1123 sufficit
1639 1065 1707 1121 ad
1734 1065 2061 1121 condemna—

467 1157 675 1215 tionem
701 1159 861 1215 etiam
892 1175 1054 1215 unum
1077 1158 1332 1231 originale
1360 1166 1659 1229 peccatum,
1691 1155 1831 1227 quod
1859 1154 1912 1209 in
1941 1169 2061 1209 om-

470 1265 572 1307 nes
600 1250 847 1306 homines
874 1250 1227 1321 pertransiit?
1269 1249 1449 1307 Gratia
1477 1264 1608 1304 vero
1637 1247 1759 1304 ideo
1787 1262 1855 1304 ex
1880 1246 2063 1302 multis

474 1341 688 1398 delictis
711 1343 763 1398 in
780 1343 1238 1414 justifieationem,
1268 1343 1391 1414 quia
1421 1358 1527 1397 non
1556 1342 1728 1397 solum
1750 1340 1876 1396 illud
1900 1356 2062 1396 unum

469 1435 670 1501 solvit,
699 1436 839 1506 quod
868 1434 1196 1506 originaliter
1224 1434 1453 1490 trahitur
1479 1477 1496 1502 ,
1527 1433 1621 1490 sed
1650 1433 1810 1490 etiam
1836 1440 2062 1502 caetera,

427 1545 433 1551 ’
470 1539 594 1596 quae
624 1526 679 1580 in
722 1540 1043 1597 unoquoque
1076 1525 1293 1582 homine
1320 1534 1469 1580 motu
1508 1526 1738 1596 propriae
1780 1524 2066 1580 voluntatis

407 1646 419 1661 ’
470 1617 761 1673 adduntur.
809 1617 868 1673 Si
909 1618 1041 1672 enim
1092 1619 1153 1673 ob
1186 1618 1337 1673 unius
1383 1615 1624 1672 delictum
1668 1633 1803 1671 mors
1842 1616 2066 1688 regnavit

403 1704 406 1707 ’
470 1725 564 1779 per
591 1724 783 1775 unum,
812 1708 972 1762 multo
1002 1708 1163 1780 magis
1189 1708 1274 1779 qui
1293 1706 1658 1762 abundantiam
1683 1706 1862 1779 gratia
1899 1714 1948 1761 et
1973 1706 2068 1777 ju—

468 1802 624 1857 stitia:
643 1801 917 1870 accipiunt,
942 1802 997 1855 in
1024 1801 1127 1855 vita
1145 1801 1424 1872 regnabunt
1450 1816 1539 1872 per
1553 1816 1713 1854 unum
1723 1798 1901 1854 Iesum
1919 1796 2069 1854 Chri-

468 1901 628 1945 stum.
658 1890 839 1961 Itaque
862 1893 988 1946 sicut
1012 1907 1102 1962 per
1124 1893 1274 1946 unius
1300 1891 1534 1945 delictum
1562 1892 1616 1945 in
1650 1907 1822 1945 omnes
1841 1890 2067 1944 homines

447 1963 543 2035 lad
568 1981 1037 2036 condemnationem
1059 2023 1074 2048 ,
1102 1982 1174 2035 ita
1200 1992 1248 2036 et
1286 1999 1375 2053 per
1399 1982 1550 2037 unius
1570 1982 1987 2053 justi/icationem
2014 1981 2066 2034 in

472 2087 647 2128 onum
671 2074 898 2129 homines
925 2072 993 2127 ad
1024 2073 1442 2146 justiﬁcutionem
1470 2073 1604 2127 vitae.
1635 2070 1824 2127 Adhuc
1850 2086 2066 2142 perma-

473 2175 639 2221 neant
663 2166 716 2220 in
746 2167 978 2221 vanitate
1004 2167 1200 2221 mentis
1224 2180 1335 2220 sure
1357 2206 1372 2235 ,
1400 2174 1454 2221 et
1481 2164 1664 2221 dicant
1703 2179 1866 2219 unum
1890 2162 2067 2218 homi-

475 2272 599 2313 nem
628 2272 733 2312 non
758 2257 1103 2329 propaginem
1137 2256 1410 2328 trajecisse
1429 2299 1444 2323 ,
1476 2256 1569 2312 sed
1593 2256 1898 2326 exemplum
1928 2271 2067 2326 prte-

469 2348 654 2406 buisse
690 2349 915 2420 peccati.
943 2347 1226 2418 Quomodo
1267 2363 1393 2419 ergo
1433 2364 1522 2420 per
1548 2348 1698 2403 unius
1740 2347 1979 2402 delictum
2014 2347 2069 2401 in

471 2457 646 2496 omnes
672 2441 897 2497 homines
929 2440 997 2495 ad
1021 2440 1525 2506 condemnationem,
1558 2447 1613 2496 et
1631 2454 1739 2497 non
1771 2440 1947 2511 potius
1974 2453 2070 2509 per

473 2533 640 2589 multa
674 2548 767 2589 sua
808 2533 1066 2605 cujusque
1101 2532 1299 2588 delicta
1328 2550 1342 2587 :
1373 2532 1473 2588 nisi
1502 2532 1625 2604 quia
1664 2533 1824 2588 etiam
1863 2532 1909 2587 si
1938 2531 2081 2586 illud

471 2642 637 2684 unum
659 2627 729 2682 sit
750 2635 953 2683 tantum
976 2668 993 2695 ,
1021 2626 1269 2682 idoneum
1316 2635 1398 2681 est
1438 2625 1733 2699 perducere
1774 2625 1841 2681 ad
1874 2625 2070 2680 conde-

471 2719 818 2787 mnationem,
843 2720 1004 2776 etiam
1035 2719 1196 2774 nullis
1225 2718 1418 2775 additis
1438 2719 1675 2787 caeteris;
1705 2719 1843 2775 sicut
1866 2719 2067 2791 perdu-

469 2816 547 2868 cit
574 2811 825 2883 parvulos
854 2812 1145 2867 morientes
1171 2812 1261 2882 qui
1291 2827 1357 2865 ex
1387 2809 1555 2866 Adam
1582 2820 1875 2867 nascuntur
1896 2853 1912 2880 ,
1941 2812 1986 2867 si
2012 2810 2067 2867 in

472 2901 689 2959 Christo
712 2918 819 2957 non
850 2902 1246 2958 renascantur?
1284 2902 1422 2970 Quid
1456 2917 1586 2974 ergo
1630 2919 1660 2958 a
1698 2903 1851 2959 nobis
1878 2905 2071 2976 quaerit

473 2996 578 3053 iste
602 3036 617 3063 ,
639 2996 782 3067 quod
813 2998 827 3027 ⁸
857 3011 962 3050 non
993 2995 1191 3050 vultad
1217 2996 1480 3065 Apostolo
1503 2996 1688 3051 audire
1707 3038 1722 3065 ,
1760 3014 1781 3048 ι
1820 3013 1916 3067 per
1943 2997 2068 3069 quid

472 3095 751 3158 peccatum
783 3086 1084 3142 inveniatur
1106 3088 1159 3141 iu
1189 3087 1413 3158 parvulo
1442 3103 1457 3155 ;
1489 3095 1668 3143 utrum
1695 3102 1794 3158 per
1820 3088 2068 3145 volunta-

474 3186 581 3234 tem
602 3220 619 3248 ,
640 3195 707 3234 an
735 3194 835 3250 per
858 3178 1107 3252 nuptias,
1128 3193 1196 3233 an
1223 3194 1319 3249 per
1345 3186 1598 3250 parentes
1625 3179 1650 3234 τ
1682 3197 1700 3232 ι
1731 3179 1872 3237 Ecce
1891 3179 2071 3236 audiat

473 3284 573 3340 per
596 3269 723 3341 quid
744 3311 759 3336 ,
789 3268 972 3326 audiat
993 3279 1050 3325 et
1074 3278 1247 3326 taceat
1269 3310 1284 3334 ,
1314 3285 1409 3341 per
1439 3269 1564 3341 quid
1599 3280 1878 3343 peccatum
1916 3272 2068 3326 inve-

472 3362 650 3417 niatur
696 3361 749 3416 in
789 3360 1055 3433 parvulo:
1085 3358 1191 3416 Per
1229 3360 1381 3416 unius
1409 3361 1680 3430 delictum,
1710 3362 1881 3435 inquit
1921 3364 2069 3433 Apo-

473 3453 647 3511 stolus
670 3494 684 3518 ,
717 3453 772 3507 in
803 3469 975 3509 omnes
1006 3452 1234 3509 homines
1261 3453 1329 3506 ad
1357 3454 1843 3509 condemnationem.
1870 3455 2069 3511 Omnes

474 3556 653 3602 autem
680 3545 816 3601 dixit
836 3545 905 3602 ad
930 3545 1433 3602 condemnationem
1457 3561 1555 3617 per
1582 3547 1774 3613 Adam,
1800 3557 1856 3604 et
1883 3562 2069 3604 omnes

472 3636 540 3691 ad
584 3635 1022 3707 iustificationem
1071 3652 1167 3707 per
1204 3636 1523 3703 Christum;
1566 3653 1687 3694 cum
1727 3639 1911 3710 utique
1960 3654 2067 3696 non

472 3742 665 3784 omnes
693 3743 787 3783 eos
815 3728 907 3801 qui
942 3729 1242 3785 moriuntur
1270 3729 1324 3784 in
1354 3728 1522 3784 Adam
1543 3770 1558 3796 ,
1591 3730 1880 3788 transferat
1903 3731 2029 3788 Chri
2046 3762 2072 3773 -

472 3827 591 3875 stus
618 3819 684 3876 ad
712 3821 872 3875 vitam
907 3838 923 3876 :
963 3820 1059 3877 sed
1093 3835 1283 3876 omnes
1310 3819 1440 3876 dixit
1479 3832 1638 3894 atque
1675 3838 1864 3880 omnes
1886 3866 1903 3891 ,
1943 3827 2065 3896 quia

472 3908 612 3968 sicut
636 3913 749 3967 sine
784 3911 953 3966 Adam
981 3912 1161 3968 nullus
1194 3912 1262 3969 ad
1292 3921 1516 3969 mortem
1542 3956 1557 3981 ,
1588 3914 1660 3970 ita
1700 3914 1817 3971 sine
1852 3917 2068 3974 Christo

425 4040 428 4044 λ
475 4003 652 4058 nullus
667 4000 733 4056 ad
752 4002 937 4057 vitam.
964 4001 1115 4059 Sicut
1132 4003 1357 4060 dicimus
1384 4003 1453 4060 de
1473 4005 1764 4062 litterarum
1790 4009 2065 4079 magistro,

474 4094 521 4149 si
565 4094 619 4148 in
666 4081 880 4151 civitate
931 4095 1078 4151 solus
1106 4104 1225 4164 est,
1267 4096 1467 4154 Omnes
1497 4098 1599 4154 iste
1632 4099 1717 4155 hic
1742 4099 1946 4157 litteras
1968 4101 2069 4157 do-

476 4195 564 4242 cet
595 4205 609 4242 :
640 4201 746 4241 non
773 4187 895 4257 quia
923 4201 1112 4243 omnes
1139 4187 1353 4244 discunt
1371 4231 1386 4256 ,
1426 4191 1518 4246 sed
1544 4192 1664 4262 quia
1689 4208 1850 4249 nemo
1873 4190 1975 4249 nisi
1999 4195 2069 4251 ab

474 4277 611 4349 ipso.
643 4278 881 4349 Denique
894 4292 1033 4350 quos
1060 4287 1186 4335 ante
1214 4294 1404 4336 omnes
1436 4280 1663 4349 dixerat,
1692 4284 1892 4340 multos
1918 4294 2065 4356 post-

472 4385 535 4425 ea
565 4369 730 4438 dixit,
764 4368 981 4426 eosdem
1016 4369 1162 4441 ipsos
1189 4380 1366 4427 tamen
1407 4387 1596 4429 omnes
1637 4374 1941 4446 multosque
1986 4376 2065 4431 si-

473 4463 750 4535 gniﬁcans.
787 4462 933 4518 Sicut
959 4463 1091 4517 enim
1116 4503 1132 4531 ,
1158 4464 1328 4534 inquit
1351 4507 1365 4532 ,
1396 4481 1485 4535 per
1507 4466 1895 4522 inobedientiam
1915 4469 2066 4524 unius

474 4556 690 4611 hominis
718 4564 1003 4626 peccatores
1028 4557 1285 4612 constituti
1303 4566 1423 4611 sunt
1440 4558 1608 4624 multi,
1634 4560 1709 4613 ita
1731 4570 1779 4615 et
1799 4578 1889 4630 per
1913 4563 2066 4617 unius

470 4647 803 4704 obedientiam
825 4649 955 4719 justi
983 4647 1352 4702 constituentur
1381 4648 1529 4703 multi
1549 4648 1724 4721 (Rom.
1754 4667 1818 4719 v,
1851 4651 2062 4726 12-19).

542 4740 634 4797 47.
662 4740 851 4797 Adhuc
877 4749 1102 4813 quaerat,
1134 4758 1154 4793 ‹
1183 4755 1282 4811 ρει·
1306 4740 1433 4812 quid
1462 4752 1736 4811 peccatum
1768 4743 2068 4800 inveniatur

472 4834 528 4890 in
573 4830 817 4904 parvulo.
843 4851 864 4887 ι
909 4825 1294 4903 Respondeaut
1329 4833 1379 4889 ei
1417 4835 1624 4915 paginae
1666 4846 1865 4891 sanctae
1900 4856 1913 4892 :
1962 4835 2068 4893 Per

473 4940 631 4981 unum
659 4922 912 4978 hominem
940 4932 1199 4993 peccatum
1232 4924 1285 4978 in
1314 4925 1448 4979 hunc
1475 4926 1720 4981 mundum
1751 4928 1986 4998 intravit,
2019 4942 2067 4985 et

473 5032 565 5089 per
589 5023 848 5083 peccatum
873 5030 1010 5070 mors
1024 5031 1046 5083 ;
1067 5023 1116 5070 et
1140 5015 1214 5069 ita
1234 5015 1286 5071 in
1312 5032 1484 5072 omnes
1502 5018 1727 5073 homines
1752 5023 2060 5091 pertransiit,

471 5106 660 5177 in,quo
698 5121 871 5162 omnes
916 5117 1264 5178 peccauerunt.
1322 5107 1400 5163 Ob
1441 5110 1590 5165 unius
1636 5112 1875 5167 delictum
1918 5114 2065 5170 multi

471 5199 659 5253 mortui
684 5208 803 5255 sunt
824 5214 845 5255 :
870 5197 1134 5254 Iudicium
1158 5216 1221 5256 ec
1247 5217 1351 5256 uno
1378 5201 1433 5256 in
1452 5203 1921 5260 condemnationem
1938 5222 1958 5261 :
1989 5205 2065 5262 Ob

470 5292 623 5345 unius
651 5290 889 5345 delictum
914 5307 1049 5345 mors
1075 5292 1302 5364 regnavit
1327 5286 1418 5365 per
1438 5310 1596 5349 unum
1618 5310 1638 5349 :
1669 5294 1774 5350 Per
1800 5298 1951 5353 unius
1978 5299 2066 5353 de—

472 5381 647 5436 lictum
672 5385 725 5435 in
746 5397 917 5436 omnes
936 5382 1163 5437 homines
1186 5384 1254 5437 ad
1271 5384 1768 5442 condemnationem:
1789 5386 1895 5443 Per
1917 5390 2066 5445 unius

471 5475 856 5529 suobedientiam
881 5484 1166 5546 peccatores
1186 5478 1451 5531 constituti
1471 5488 1585 5532 sunt
1612 5481 1777 5535 multi.
1808 5481 1943 5537 Ecce
1970 5500 2065 5554 per

471 5567 599 5638 quid
627 5566 877 5622 delictum
903 5567 1174 5624 invenitur
1194 5570 1246 5624 iu
1275 5571 1518 5641 parvulo.
1549 5570 1666 5627 lam
1693 5571 1876 5629 credat
1899 5576 2060 5646 origi-

471 5657 593 5714 nale
622 5668 897 5727 peccatum
927 5676 942 5712 :
975 5660 1119 5714 sinat
1144 5662 1328 5716 venire
1359 5663 1637 5732 parvulos,
1678 5673 1735 5719 ut
1763 5666 2059 5737 salvantur,

473 5748 541 5804 ad
565 5748 853 5803 Christum.

540 5884 562 5916 ⁵
591 5883 729 5948 lditi,
753 5883 851 5951 qui.
878 5893 1005 5949 uss,
1031 5888 1175 5951 quod.

1286 397 1374 454 DE
1402 395 1671 454 NUPTIIS
1709 395 1796 452 ET
1833 392 2433 462 CONCUPISCENTIA,
2471 391 2528 451 S.
2571 389 2936 449 AUGUSTINI

3645 396 3757 456 461

2242 507 2467 564 CAPUT
2496 505 2945 577 XXVlll.-—-Quid
2966 516 3049 564 est
3067 507 3208 581 quod
3230 508 3537 578 dicit,tNon
3562 523 3757 585 peccat

2168 603 2270 658 iste
2297 601 2388 674 qui
2414 602 2668 671 nascitur,
2699 616 2804 658 non
2826 612 3010 673 peccat
3032 603 3124 661 ille
3148 605 3237 676 qui
3265 605 3468 676 genuit,
3492 623 3600 663 non
3628 623 3761 678 pec-
3814 652 3815 659 η

2166 703 2255 751 cat
2281 697 2382 753 iste
2404 694 2493 768 qui
2520 694 2797 751 condidit:
2825 711 2923 769 per
2950 712 3083 769 quas
3106 698 3272 754 rimas
3300 700 3440 756 inter
3465 708 3546 757 tot
3569 701 3762 771 praesi-

2167 787 2255 843 dia
2279 789 2630 858 innocentiae,
2678 792 2949 861 peccatum
2992 791 3149 864 ﬁngis
3187 794 3573 864 ingressum?»
3612 794 3762 863 Quid

2167 880 2358 951 qumrit
2400 880 2654 937 latentem
2692 881 2910 947 rimam,
2953 897 3075 939 cum
3128 883 3323 941 habeat
3363 886 3758 956 apertissimam
3802 904 3807 909 '

2164 973 2421 1042 januam?
2441 971 2548 1028 Per
2561 990 2720 1028 unum
2745 974 2997 1032 hominem
3010 1016 3026 1043 ,
3056 975 3131 1032 ait
3157 978 3477 1047 Apostolus;
3501 994 3590 1049 per
3602 979 3763 1034 uniu.

2168 1063 2440 1132 delictum,
2468 1065 2546 1121 ait
2568 1066 2888 1138 Apostolus;
2923 1084 3013 1139 per
3046 1068 3435 1125 inobedientiam
3478 1071 3628 1126 unius
3658 1071 3728 1127 ho

2168 1155 2349 1225 minis,
2374 1156 2448 1212 ait
2472 1158 2779 1229 Apostolus.
2805 1158 2943 1227 Quid
2967 1159 3154 1231 quaerit
3171 1162 3434 1232 amplius?
3459 1163 3587 1234 quid
3607 1179 3734 1235 qua:

2168 1248 2239 1304 rit
2264 1249 2540 1320 apertius?
2567 1250 2693 1323 quid
2717 1252 2908 1323 quatrit
2928 1252 3276 1311 inculcatius?

2240 1364 2330 1420 48.
2369 1363 2452 1421 «εἰ
2479 1375 2774 1436 peccatum,
2799 1385 2821 1421 ι
2846 1367 3036 1438 inquit,
3070 1386 3091 1421 ι
3112 1383 3176 1425 ex
3198 1368 3473 1427 voluntate
3492 1377 3594 1439 est,
3616 1372 3761 1427 mala

2170 1457 2413 1513 voluntas
2457 1476 2577 1528 quae
2618 1470 2894 1530 peceatum
2937 1460 3064 1517 facit
3109 1479 3123 1516 :
3164 1462 3208 1516 si
3242 1479 3310 1518 ex
3349 1471 3566 1531 natura,
3614 1466 3763 1521 mala

2170 1561 2381 1607 natura.
2406 1570 2426 1604 ι
2451 1549 2568 1606 Cito
2595 1551 2915 1623 respondeo,
2943 1553 3022 1610 Es
3050 1554 3321 1611 voluntate
3347 1565 3621 1628 peccatum
3648 1567 3758 1615 est.

2170 1642 2372 1710 Qumrit
2393 1643 2563 1710 forte,
2606 1654 2783 1699 utrum
2814 1654 2868 1701 et
2895 1646 3153 1716 originale
3182 1656 3480 1717 peccatum.
3509 1648 3762 1719 Respon-

2170 1734 2274 1790 deo
2294 1777 2311 1804 ,
2342 1735 2571 1791 Prorsus
2607 1745 2660 1791 et
2688 1737 2946 1807 originale
2976 1747 3288 1809 peccatum:
3331 1739 3452 1811 quia
3481 1749 3537 1795 et
3564 1743 3668 1797 hoc
3689 1756 3765 1797 ex

2170 1827 2442 1884 voluntate
2483 1828 2638 1899 primi
2668 1828 2900 1885 hominis
2925 1831 3244 1886 semiustum
3273 1841 3375 1898 est,
3404 1841 3464 1889 ut
3485 1843 3542 1889 et
3580 1832 3634 1889 in
3664 1834 3766 1891 illo

2169 1930 2330 1988 esset,
2365 1930 2420 1977 et
2464 1922 2519 1976 in
2558 1938 2747 1979 omnes
2790 1923 3065 1979 transiret.
3105 1924 3212 1980 Sed
3249 1925 3392 1997 quod
3420 1934 3636 1983 secutus
3660 1927 3765 1984 ad-

2164 2012 2358 2084 junxit,
2392 2032 2412 2065 ‹
2437 2012 2491 2069 Si
2518 2029 2582 2068 ex
2610 2024 2796 2070 natura
2817 2057 2833 2082 ,
2862 2016 3001 2071 mala
3022 2026 3248 2073 natura:
3282 2036 3301 2072 ι
3333 2033 3516 2089 quer
3540 2020 3609 2076 ab
3634 2020 3762 2089 illo,

2171 2113 2247 2172 ut,
2281 2106 2325 2161 si
2354 2114 2558 2175 potest,
2597 2106 2954 2177 respondeat,
2991 2107 3141 2163 Sicut
3183 2109 3521 2166 manifestum
3545 2119 3663 2179 est,
3691 2125 3766 2168 ex

2172 2198 2445 2253 voluntate
2471 2199 2606 2252 mala
2650 2207 2901 2271 tanquam
2926 2216 2993 2257 ex
3019 2196 3211 2258 arbore
3236 2201 3392 2271 mala,
3416 2201 3620 2260 fruetus
3643 2204 3767 2275 ejus

2171 2289 2288 2346 fieri
2308 2291 2485 2345 omnia
2511 2307 2672 2361 opera
2703 2294 2875 2360 mala;
2902 2294 2981 2349 sic
3003 2294 3173 2364 ipsam
3194 2294 3519 2352 voluntatem
3539 2297 3765 2366 malam,

2171 2380 2222 2436 id
2269 2393 2347 2437 est
2373 2422 2388 2448 ,
2427 2383 2594 2451 ipsam
2618 2385 2636 2416 ⁸
2682 2386 2947 2441 fructuum
2977 2388 3241 2443 malorum
3279 2387 3524 2446 arborem
3562 2391 3769 2448 malam

2171 2470 2313 2526 unde
2340 2471 2485 2528 dicat
2516 2484 2780 2530 exortam.
2811 2475 2868 2532 Si
2895 2493 2961 2532 ex
2987 2477 3205 2547 angelo;
3233 2479 3358 2551 quid
3385 2489 3499 2535 erat
3520 2480 3638 2552 ipse
3664 2497 3773 2539 an-

2170 2562 2343 2632 gelus,
2374 2564 2475 2619 nisi
2496 2565 2694 2621 bonum
2722 2583 2858 2638 opus
2883 2567 3016 2624 Dei?
3039 2568 3095 2624 Si
3118 2584 3185 2625 es
3211 2569 3464 2631 homine:
3492 2573 3620 2644 quid
3644 2584 3774 2631 erat

2171 2652 2286 2725 ipse
2314 2653 2496 2725 homo,
2529 2657 2631 2713 nisi
2660 2658 2857 2713 bonum
2887 2674 3022 2731 opus
3051 2660 3184 2717 Dei?
3212 2661 3326 2718 lmo
3360 2664 3482 2734 quia
3511 2664 3780 2724 voluntas

2170 2745 2309 2799 mala
2343 2746 2532 2817 angelo
2559 2764 2625 2803 ex
2648 2749 2840 2820 angelo
2858 2751 2900 2817 ί,
2933 2766 3000 2806 ex
3028 2750 3248 2809 homine
3274 2752 3476 2809 homini
3501 2764 3617 2813 orta
3646 2767 3767 2827 est;

2170 2835 2297 2907 quid
2326 2846 2478 2893 erant
2501 2840 2618 2893 haec
2645 2839 2752 2895 duo
2766 2850 3049 2910 antequam
3072 2842 3125 2899 in
3145 2845 3224 2900 eis
3251 2845 3349 2901 ista
3380 2845 3519 2902 mala
3545 2848 3768 2905 oriren-

2171 2935 2286 2995 tur,
2337 2929 2439 2984 nisi
2481 2930 2681 2986 bonum
2707 2948 2841 3002 opus
2886 2934 3017 3003 Dei,
3046 2945 3103 2992 et
3129 2936 3271 2993 bona
3311 2946 3473 3010 atque
3501 2940 3769 2999 laudanda

2172 3021 2393 3075 natura?
2437 3020 2580 3078 Ecce
2620 3038 2748 3094 ergo
2784 3040 2852 3081 ex
2887 3025 3030 3081 bono
3070 3028 3241 3083 oritur
3266 3030 3500 3100 malum,
3540 3034 3770 3093 neefuit

2171 3115 2392 3168 omnino
2433 3114 2574 3169 unde
2601 3115 2728 3171 oriri
2758 3126 2957 3187 posset,
2993 3118 3094 3174 nisi
3121 3135 3188 3175 ex
3218 3121 3360 3177 bono
3389 3139 3404 3177 :
3444 3123 3614 3194 ipsam
3642 3124 3771 3182 dico

2171 3204 2496 3261 voluntatem
2526 3207 2720 3262 malam
2742 3249 2758 3275 ,
2797 3224 2955 3279 quam
2986 3211 3191 3266 nullum
3225 3214 3499 3283 praecessit
3522 3216 3766 3285 malum;

2175 3310 2282 3350 non
2303 3310 2468 3368 opera
2494 3300 2656 3368 mala,
2681 3316 2800 3370 quae
2822 3316 2929 3356 non
2952 3311 3079 3360 sunt
3096 3304 3198 3360 nisi
3217 3319 3283 3360 ex
3308 3306 3579 3365 voluntate
3598 3310 3767 3379 mala,

2173 3396 2425 3459 tanquam
2465 3407 2532 3445 es
2557 3392 2749 3449 arbore
2787 3394 2948 3449 mala.
2993 3395 3105 3452 Nec
3133 3396 3258 3453 ideo
3282 3407 3463 3456 tamen
3505 3415 3572 3458 ex
3619 3401 3772 3461 bono

2171 3479 2346 3551 potuit
2386 3481 2514 3535 oriri
2555 3483 2803 3540 voluntas
2831 3486 2973 3543 mala
3002 3488 3126 3559 quia
3154 3489 3357 3546 bonum
3385 3489 3581 3548 factum
3619 3505 3705 3550 est
3735 3511 3771 3553 a

2170 3568 2315 3625 bono
2336 3571 2481 3638 Deo;
2513 3573 2610 3629 sed
2634 3574 2758 3645 quia
2779 3575 2846 3632 de
2870 3577 3042 3634 nihilo
3066 3570 3264 3636 factum
3283 3590 3386 3646 est,
3411 3598 3515 3639 non
3536 3584 3606 3641 de
3627 3587 3765 3643 Deo.

2172 3660 2312 3743 quid
2356 3678 2485 3734 ergo
2513 3674 2596 3719 est
2626 3666 2768 3736 quod
2808 3666 2967 3737 dicit,
3012 3688 3031 3721 ι
3054 3669 3109 3727 Si
3140 3683 3328 3728 natura
3355 3688 3496 3746 opus
3520 3685 3607 3731 est
3636 3678 3767 3748 Dei,

2172 3768 2269 3824 per
2285 3769 2420 3826 opus
2442 3755 2532 3810 Dei
2557 3770 2691 3826 Opus
2702 3757 2899 3814 diaboli
2922 3761 3149 3817 transire
3165 3777 3271 3817 non
3289 3764 3515 3821 sinitur?
3534 3784 3554 3819 ι
3575 3766 3771 3826 Nonne

2171 3856 2308 3913 opus
2332 3844 2555 3912 diaboli,
2580 3847 2792 3917 quando
2816 3849 3045 3918 primum
3078 3852 3130 3907 in
3156 3855 3369 3925 angelo,
3399 3858 3488 3928 qui
3517 3858 3772 3915 diabolus

2175 3932 2346 3993 factus
2386 3947 2488 4004 est,
2516 3949 2691 3993 ortum
2717 3948 2820 4010 est,
2851 3941 2903 3996 in
2934 3958 3097 4012 opere
3126 3944 3222 4001 Dei
3247 3956 3423 4003 ortum
3453 3951 3574 4005 est?
3614 3950 3770 4019 Qua-

2172 4038 2390 4100 propter
2414 4030 2461 4085 si
2492 4032 2688 4087 malum
2718 4034 2859 4104 quod
2885 4036 3106 4093 omnino
3130 4054 3391 4111 nusquam
3421 4052 3558 4110 erat,
3588 4045 3642 4100 in
3669 4047 3769 4104 Dei

2171 4135 2337 4193 opere
2364 4123 2490 4178 oriri
2517 4126 2720 4194 potuit;
2744 4141 2843 4182 cur
2869 4129 3068 4183 malum
3099 4131 3240 4200 quod
3268 4133 3459 4190 alicubi
3485 4138 3594 4205 jam
3625 4148 3768 4208 erat,

2171 4229 2271 4286 per
2293 4230 2427 4285 epus
2454 4216 2547 4271 Dei
2573 4217 2802 4274 transire
2829 4234 2933 4273 non
2962 4223 3155 4291 potuit,
3179 4226 3474 4294 praesertim
3501 4244 3624 4284 cum
3644 4232 3772 4300 ipso

2171 4305 2338 4361 verbo
2374 4315 2557 4364 utatur
2592 4308 2881 4379 Apostolus
2900 4352 2915 4378 ,
2946 4310 3164 4382 dicens,
3194 4314 3264 4371 Et
3286 4318 3359 4371 ita
3386 4318 3439 4372 in
3469 4336 3644 4377 omnes
3667 4323 3770 4378 ho-

2170 4400 2330 4455 mines
2357 4401 2692 4471 pertransiit?
2727 4401 2994 4476 Numquid
3034 4405 3280 4466 homines
3323 4426 3429 4467 non
3467 4422 3593 4470 sunt
3628 4431 3772 4488 opus

2172 4489 2303 4547 Dei?
2328 4492 2641 4550 Pertransiit
2664 4510 2792 4568 ergo
2814 4507 3092 4569 peccatum
3116 4516 3211 4571 per
3232 4488 3497 4572 homines,
3527 4505 3633 4561 hoc
3660 4518 3766 4575 est,

2170 4598 2305 4655 opus
2328 4583 2522 4640 diaboli
2541 4600 2639 4657 per
2662 4602 2799 4658 opus
2819 4589 2949 4646 Dei:
2969 4600 3130 4663 atque
3146 4604 3201 4649 ut
3218 4594 3325 4650 alio
3349 4596 3511 4652 modo
3531 4597 3769 4670 idipsum

2170 4673 2344 4731 dicam
2362 4716 2378 4743 ,
2423 4689 2558 4746 opus
2585 4678 2764 4747 operis
2784 4679 2881 4735 Dei
2906 4695 3005 4752 per
3030 4696 3164 4753 opus
3189 4683 3284 4739 Dei
3307 4684 3344 4739 ³.
3379 4684 3450 4741 Et
3473 4687 3597 4744 ideo
3621 4690 3771 4747 Deus

2169 4776 2253 4823 est
2276 4767 2423 4823 solus
2461 4768 2808 4826 immutabilis
2836 4779 2893 4826 et
2919 4774 3305 4843 potentissima!
3343 4775 3595 4834 bonitatis
3625 4797 3642 4834 :
3676 4784 3771 4852 qui

2170 4867 2226 4915 et
2262 4870 2545 4930 antequam
2595 4869 2741 4917 esset
2775 4862 2943 4919 ullum
2983 4865 3217 4931 malum,
3262 4866 3402 4923 bona
3427 4882 3590 4940 opera
3640 4871 3770 4931 fecit

2169 4953 2383 5019 omnia,
2424 4961 2478 5008 et
2502 4951 2569 5008 de
2599 4953 2753 5008 malis
2790 4970 2911 5025 qua:
2940 4956 2994 5011 in
3031 4955 3188 5013 bonis
3229 4959 3298 5015 ab
3340 4974 3409 5017 eo
3449 4960 3607 5020 factis
3646 4975 3770 5023 orta

2170 5054 2314 5109 sunt,
2346 5045 2484 5101 bene
2512 5056 2766 5117 operatur
2794 5064 2893 5120 per
2914 5050 3116 5105 omnia.

2240 5157 2465 5214 CAPUT
2502 5158 2886 5218 XXIX—L9.
2926 5162 3026 5219 (In
3058 5181 3183 5233 uno,
3218 5185 3236 5218 ι
3274 5168 3465 5240 inquit,
3503 5169 3771 5231 thomittc

2164 5249 2284 5322 jure
2310 5251 2635 5323 vituperatur
2662 5254 2910 5325 intentio,
2942 5266 2995 5314 et
3025 5258 3175 5329 origo
3206 5258 3469 5330 laudatur,
3502 5265 3623 5335 quia
3654 5265 3770 5322 duo

2238 5406 2254 5478 ξ
2288 5406 2425 5478 gitti,
2438 5406 2492 5459 id
2502 5410 2866 5478 est,_fructsnnn,
2888 5414 3083 5477 onnsso,
3099 5414 3552 5478 ipsammddidimus
3573 5435 3637 5472 ex
3652 5430 3766 5476 uss.

2234 5470 2255 5553 ἶ
2286 5470 2437 5553 fimi:
2444 5470 2892 5553 ξ’ζίέῖἐμζξὲίιπίέςίέἓς
2903 5470 3244 5553 Remisit)“:
3263 5479 3444 5553 ,απρεξέυ
3462 5470 3743 5553 eicite—ﬁ

2234 5531 2336 5607 [ιη
2365 5531 2749 5607 ,ξιιλιειξεπιευδὶεζ
2772 5531 2919 5607 Linque
2941 5544 2991 5588 ut
3026 5538 3122 5592 alio
3152 5531 3305 5592 'mo'do

2171 5592 2307 5668 (quia
2344 5592 2526 5666 diaboli
2543 5607 2661 5668 qpus
2680 5632 2694 5656 ,
2730 5592 2784 5649 id
2816 5592 2887 5668 est
2903 5634 2917 5659 ,
2958 5610 3208 5668 peccatum
3228 5617 3315 5668 per
3337 5592 3770 5668 iunoni-didam;

2168 5658 2737 5735 ξΞἮεπηέεΕξέΕῗὲιὲἷέλ
2754 5658 2827 5710 ve‘
2982 5670 3054 5715 εδι
3084 5663 3191 5724 θείν
3214 5658 3303 5735 ῥεῖ
3325 5658 3460 5735 αέίιιά
3481 5681 3602 5734 opus
3638 5658 3769 5735 ὑεῖξ

2168 5715 2593 5795 ξιξ-εξιᾍζιριηξζιεξῃ
2617 5715 2933 5795 pertransiit),
2968 5737 3085 5795 opus
3107 5715 3265 5791 operis
3293 5715 3767 5795 mpér'zﬁzis'ﬁéif

2167 5777 2753 5858 removimus
2790 5777 3095 5858 auctoritate
3136 5777 3381 5858 quatuor:
3398 5777 3768 5858 than'tis'éaiub'.‘

2170 5852 2310 5953 εὶιίᾟί
2326 5841 2831 5969 ξῶεὲἐὲἓιῗιτίε
2860 5853 3031 5913 Operis
3051 5841 3343 5922 imperfecti,
