4012 6468
225 411 326 476 ωδ
989 376 1103 427 ’⁸

228 544 347 594 sunt
387 550 512 609 quae
553 534 835 592 contrariis
877 535 1252 608 applicentur:
1302 537 1354 592 in
1382 538 1603 608 parvulo
1632 549 1811 595 autem

230 643 386 687 unum
413 636 533 696 est,
585 639 773 684 natura
823 639 1064 695 tantum,
1109 624 1238 698 quia
1287 629 1533 684 voluntas
1571 639 1812 684 nonest.

226 719 355 782 Illud
392 735 525 792 ergo
573 735 770 785 unum,
799 738 818 771 ι
853 720 1050 791 inquit,
1101 738 1120 771 ι
1156 729 1247 774 aut
1277 719 1385 775 Deo
1414 719 1745 775 adscribetur
1771 722 1813 786 ³,

223 825 311 870 aut
335 812 590 867 daemoni.
623 812 681 868 Si
708 819 894 867 natura
918 831 962 878 ο,
986 811 1176 882 inquit,
1211 830 1229 864 ‹
1259 828 1352 882 per
1379 813 1541 866 Deum
1568 821 1680 878 est,
1709 828 1817 867 non

229 913 400 977 potest
424 904 480 961 in
507 920 573 962 ea
602 919 724 961 esse
745 904 1002 975 originale
1030 904 1250 959 malum.
1281 904 1339 959 Si
1365 919 1394 958 a
1419 903 1652 968 diabolo,
1684 901 1820 960 nihil

230 1002 325 1057 erit
349 1013 446 1072 per
466 1000 608 1073 quod
636 999 802 1056 homo
826 998 1008 1055 divino
1037 997 1188 1070 operi
1217 997 1533 1054 vindicetur.
1578 996 1820 1055 Perfecte

229 1092 401 1163 itaque
428 1090 749 1148 Manichacus
775 1101 877 1160 est,
901 1091 993 1162 qui
1017 1091 1213 1146 malum
1239 1090 1498 1161 originale
1525 1089 1815 1146 defendit.»

230 1185 417 1239 Audiat
445 1186 621 1256 potius
649 1185 930 1241 adversum
973 1185 1074 1241 ista
1102 1184 1245 1256 quod
1272 1201 1458 1240 verum
1489 1193 1588 1240 est.
1619 1184 1676 1240 In
1717 1201 1822 1241 uno

230 1275 446 1332 homine
470 1277 590 1348 jure
621 1277 952 1346 vituperatur
981 1277 1228 1345 intentio,
1257 1287 1312 1333 et
1340 1285 1526 1332 natura
1556 1277 1818 1344 laudatur,

230 1368 346 1437 quia
376 1369 484 1423 duo
512 1379 637 1424 sunt
661 1384 782 1440 qua:
808 1369 1094 1425 contrariis
1129 1369 1462 1439 applicentur
1487 1387 1499 1422 :
1528 1369 1622 1424 sed
1659 1369 1819 1426 etiam

231 1460 276 1513 in
301 1461 547 1530 parvulo,
580 1478 684 1515 non
718 1477 878 1516 unum
906 1470 990 1517 est
1015 1469 1252 1528 tantum,
1284 1461 1336 1517 id
1364 1470 1480 1526 est,
1511 1470 1734 1526 natura,
1767 1461 1820 1517 in

233 1569 327 1623 qua
356 1563 576 1608 creatus
604 1564 687 1609 cst
717 1555 878 1610 homo
897 1569 927 1608 a
964 1554 1074 1610 Deo
1097 1557 1271 1622 bono;
1304 1553 1464 1610 habet
1492 1555 1632 1610 enim
1658 1565 1712 1610 et
1739 1555 1820 1610 vi-

232 1651 376 1716 tium,
419 1650 562 1720 quod
595 1664 692 1720 per
723 1666 886 1704 unum
917 1651 968 1704 in
999 1665 1190 1706 omnes
1215 1649 1462 1706 homines
1493 1648 1818 1720 pertransiit,

230 1741 360 1795 sicut
390 1743 532 1810 sapit
571 1743 881 1812 Apostolus,
916 1759 1023 1797 non
1053 1743 1192 1798 sicut
1224 1741 1418 1812 desipit
1442 1743 1705 1812 Pelagius,
1740 1743 1821 1798 vel

230 1833 532 1900 Ctelestius,
566 1835 650 1890 vel
678 1850 864 1890 eorum
894 1835 1215 1907 quicumque
1257 1835 1568 1906 discipulus.
1621 1836 1821 1890 Horum

234 1925 402 1995 itaque
428 1925 686 1993 duorum,
718 1942 836 1998 quae
862 1927 915 1982 in
946 1927 1170 1997 parvulo
1199 1941 1318 1983 esse
1347 1926 1613 1993 diximus,
1658 1943 1821 1982 unum

232 2017 551 2074 adscribitur
579 2019 712 2086 Deo,
743 2019 968 2075 alterunt
996 2019 1229 2076 diabolo.
1276 2020 1342 2074 Et
1369 2019 1511 2090 quod
1539 2028 1824 2090 utrumque

235 2121 447 2180 propter
474 2127 638 2166 unum
672 2111 881 2176 horum,
912 2111 964 2167 id
995 2121 1098 2180 est,
1126 2122 1346 2183 pr0pter
1375 2113 1581 2181 vitium,
1609 2112 1824 2183 subjici-

236 2214 314 2259 tnr
338 2206 591 2275 potestati
620 2205 852 2271 diaboli,
897 2205 1018 2261 ideo
1043 2221 1150 2261 non
1176 2214 1259 2260 est
1301 2205 1670 2275 incongruum,
1699 2206 1822 2275 quia

237 2312 334 2352 non
365 2299 425 2352 tit
465 2297 634 2369 ipsius
674 2297 871 2352 diaboli
912 2304 1193 2367 potestate,
1234 2298 1324 2352 sed
1377 2298 1488 2352 Dei.
1536 2295 1823 2366 Subjicitur

237 2399 402 2445 autem
438 2390 627 2444 vitium
654 2390 801 2455 vitio,
826 2397 1014 2444 natura
1043 2398 1279 2452 naturae;
1307 2389 1430 2458 quia
1456 2398 1509 2443 et
1536 2389 1589 2443 in
1610 2387 1823 2442 diabolo

238 2493 509 2553 utrumque
553 2491 634 2536 est
671 2501 684 2536 :
733 2491 791 2536 ut
819 2498 939 2537 cum
960 2481 1141 2537 dilecti
1181 2491 1235 2536 et
1262 2481 1416 2537 electi
1455 2481 1521 2536 de
1560 2488 1823 2551 potestate

239 2575 570 2630 tenebrarum
603 2582 896 2638 eruuntur,
927 2575 1013 2629 cui
1038 2574 1159 2645 jure
1188 2573 1521 2638 subdantur,
1567 2579 1824 2643 appareat

236 2667 349 2736 quid
379 2667 613 2722 donetur
636 2667 937 2736 justiticatis
966 2665 1118 2721 bonis
1142 2682 1171 2720 a
1202 2665 1314 2720 Deo
1341 2665 1502 2733 bono,
1533 2665 1667 2720 bene
1691 2677 1822 2734 ope-

236 2767 375 2815 rante
404 2767 460 2814 et
492 2759 562 2815 de
587 2759 742 2813 malis
762 2761 802 2812 ’.

299 2853 384 2907 50.
440 2851 596 2920 Quod
639 2861 816 2907 autem
865 2851 968 2906 iste
1008 2850 1107 2905 sibi
1153 2851 1302 2922 quasi
1351 2850 1596 2919 religiose
1642 2847 1823 2904 dicere

235 2945 372 3000 visus
397 2954 502 3011 est,
542 2964 560 2997 ι
584 2945 641 3001 Si
669 2953 857 3000 natura
888 2960 982 3015 per
1006 2944 1176 3000 Deum
1207 2953 1309 3011 est,
1343 2959 1448 2998 non
1473 2953 1650 3014 potest
1679 2943 1731 2998 in
1757 2957 1821 2998 ea

234 3051 346 3093 esse
372 3038 635 3109 originale
680 3038 878 3093 malum
903 3057 917 3094 :
946 3057 966 3090 s
1011 3053 1189 3093 nonne
1215 3037 1517 3108 religiosius
1555 3036 1656 3091 sibi
1685 3035 1824 3092 alius

234 3130 435 3186 videtur
464 3131 484 3162 ⁸
509 3131 714 3197 dicere,
745 3129 804 3186 Si
831 3139 1017 3185 natura
1047 3145 1141 3199 per
1169 3129 1334 3185 Deum
1367 3137 1449 3184 est
1468 3171 1481 3194 ,
1511 3143 1618 3184 non
1646 3135 1824 3198 potest

235 3222 282 3276 in
306 3237 365 3277 ea
394 3222 525 3277 oriri
557 3223 724 3277 ullum
757 3222 998 3278 malum?
1029 3222 1095 3276 Et
1119 3231 1299 3276 tamen
1326 3219 1514 3275 falsum
1545 3227 1628 3275 est
1660 3236 1674 3272 :
1720 3217 1820 3274 hoc

235 3315 368 3369 enim
399 3314 677 3370 Mamehmi
703 3329 946 3371 asserere
976 3313 1274 3382 voluerunt,
1300 3321 1354 3368 et
1383 3328 1490 3368 non
1520 3320 1820 3368 creaturam

237 3406 322 3464 Dei
348 3407 546 3464 factam
585 3408 653 3463 de
682 3408 850 3463 nihilo
871 3451 884 3474 ,
931 3407 1026 3464 sed
1057 3381 1226 3477 ipsam
1266 3418 1510 3463 naturam
1542 3405 1636 3463 Dei
1667 3408 1823 3464 malis

235 3499 477 3556 omnibus
517 3500 742 3571 implere
779 3501 954 3556 conati
1000 3509 1143 3555 sunt.
1186 3498 1302 3555 Non
1343 3500 1485 3555 enim
1519 3508 1694 3555 ortum
1738 3508 1824 3556 est

233 3592 420 3647 malum
447 3592 552 3648 nisi
576 3593 628 3647 in
656 3592 817 3658 bono,
834 3608 933 3649 nec
961 3602 1141 3648 tamen
1166 3607 1378 3648 summo
1401 3601 1455 3648 et
1477 3593 1817 3661 immutabili,

235 3685 363 3753 quod
392 3694 477 3741 est
508 3694 696 3740 natura
728 3685 857 3754 Dei,
900 3685 994 3741 sed
1025 3685 1165 3740 facto
1189 3685 1256 3740 de
1287 3685 1454 3740 nihilo
1484 3701 1578 3756 per
1603 3685 1820 3756 sapien-

235 3777 350 3831 tiam
381 3777 499 3833 Dei.
532 3777 628 3832 Est
654 3778 831 3849 itaque
862 3793 957 3848 per
977 3777 1118 3849 quod
1143 3781 1301 3834 homo
1325 3776 1507 3833 divino
1535 3778 1684 3848 operi
1707 3778 1822 3833 vin-

233 3868 466 3935 dicetur;
497 3869 622 3941 quia
650 3885 756 3925 non
781 3879 926 3927 esset
947 3869 1125 3937 homo,
1153 3869 1253 3925 nisi
1279 3869 1459 3924 divino
1479 3885 1643 3940 opere
1669 3885 1822 3926 crea—

233 3973 370 4019 retur
398 3982 414 4019 :
448 3965 650 4020 malmn
679 3975 856 4020 autem
883 3981 989 4021 non
1017 3975 1162 4022 esset
1202 3965 1255 4021 in
1293 3967 1559 4036 parvulis,
1587 3967 1693 4026 nisi
1726 3982 1819 4022 vo-

232 4052 425 4111 luntate
457 4055 617 4126 primi
647 4055 878 4111 hominis
915 4064 1256 4128 peccaretur,
1289 4066 1343 4113 et
1369 4058 1612 4129 origine‘
1637 4059 1820 4116 vitiata

235 4157 503 4216 peccatum
548 4148 808 4218 originale
847 4149 1172 4204 traheretur.
1214 4147 1330 4203 Non
1373 4164 1500 4219 ergo
1541 4150 1676 4204 sicut
1720 4151 1821 4208 iste

235 4239 317 4306 ait,
351 4259 370 4291 ‹
399 4238 642 4310 perfecte
678 4238 999 4294 Manichaeus
1041 4251 1157 4303 est,
1199 4240 1288 4310 qui
1326 4241 1520 4294 malum
1561 4242 1820 4313 originale

235 4331 495 4389 defendit:
528 4353 547 4386 ι
597 4333 690 4388 sed
737 4333 970 4405 perfecte
1010 4334 1324 4404 Pelagianos
1352 4344 1466 4400 est,
1499 4335 1588 4405 qui
1618 4335 1818 4392 malum

233 4425 485 4498 originale
516 4441 627 4480 non
652 4425 842 4482 credit.
879 4425 1062 4497 Neque
1092 4426 1234 4480 enim
1263 4441 1326 4481 ex
1357 4440 1464 4496 quo
1501 4442 1620 4482 esse
1654 4429 1818 4498 cmpit

230 4515 506 4574 Manichzei
553 4518 915 4587 pestilentiosa
957 4517 1219 4583 doctrina,
1250 4532 1314 4572 ex
1348 4517 1437 4571 illo
1459 4529 1739 4586 creperum
1765 4518 1818 4575 in

233 4609 462 4666 Ecclesia
501 4610 598 4665 Dei
643 4610 844 4680 parvuli
879 4609 1181 4681 baptizandi
1220 4611 1512 4666 exorcizari
1541 4621 1594 4668 et
1639 4613 1820 4668 exsuf-

232 4699 363 4768 flari,
383 4711 440 4756 ut
461 4701 594 4772 ipsis
615 4703 880 4773 mysteriis
897 4703 1271 4758 ostenderetur
1285 4719 1390 4758 non
1411 4719 1504 4760 eos
1524 4706 1575 4759 in
1599 4722 1819 4776 regnum

232 4791 446 4858 Christi,
476 4793 578 4847 nisi
606 4803 788 4848 erutos
814 4809 841 4846 a
865 4794 1204 4849 tenebrarum
1227 4804 1511 4865 potestate,
1543 4799 1820 4855 transferri

232 4881 446 4952 (Coloss.
478 4901 517 4949 ι,
550 4886 678 4956 15);
707 4896 797 4938 aut
825 4886 876 4939 in
903 4886 1053 4940 libris
1075 4886 1096 4918 ⁸
1121 4885 1398 4941 Manichzci
1426 4888 1647 4957 legitur,
1676 4889 1818 4960 quod

230 4978 433 5032 venerit
479 4977 646 5032 Filius
684 4978 916 5033 hominis
944 4994 1187 5049 quaerere
1213 4987 1268 5032 et
1295 4979 1503 5034 salvare
1525 4982 1664 5051 quod
1696 4998 1819 5053 pcr-

231 5069 363 5126 icrat
391 5071 542 5144 (Luc.
593 5087 712 5136 xu,
748 5071 835 5143 10)
875 5083 1008 5127 :aut
1053 5072 1194 5143 quod
1233 5088 1325 5143 per
1354 5090 1514 5128 unum
1547 5074 1816 5131 hominem

229 5176 504 5232 peccatum
535 5166 586 5220 in
617 5165 761 5220 hunc
786 5165 1040 5220 mundum
1074 5165 1288 5219 intravit
1321 5164 1496 5238 (Rom.
1527 5183 1580 5232 v,
1607 5166 1732 5236 li);
1764 5176 1820 5221 ct

226 5266 418 5313 ca'tcra
445 5257 514 5314 ad
540 5257 784 5313 eamdem
813 5258 1132 5312 sententiam
1158 5257 1494 5328 pertinentia,
1517 5273 1635 5328 qua:
1655 5273 1816 5329 supra

227 5349 800 5407 commemoravimus:
828 5357 920 5403 aut
943 5348 1084 5420 quod
1116 5347 1288 5404 reddit
1315 5348 1454 5403 Deus
1474 5359 1690 5421 peccata
1721 5366 1814 5419 pa-

227 5451 369 5499 trum
415 5445 469 5500 in
513 5443 649 5500 filios
691 5441 885 5515 (Exod.
919 5460 1005 5510 xx,
1047 5442 1148 5515 5):
1195 5450 1286 5499 aut
1329 5442 1470 5515 quod
1509 5443 1561 5498 in
1603 5442 1816 5500 Psalmo

288 5583 307 5612 ι
344 5580 417 5629 sic
439 5586 545 5628 )tss.
572 5586 621 5628 In
643 5578 802 5639 editis,
828 5577 1139 5630 adscribitur.

288 5643 310 5672 ²
345 5641 416 5708 sic
439 5648 630 5708 Mss._Al.
649 5641 781 5701 editi,
795 5639 1077 5706 justiﬁcatis
1097 5639 1229 5692 bonis
1244 5654 1277 5692 a
1293 5649 1410 5704 Deo,
1437 5640 1559 5694 bona
1579 5642 1696 5695 bene
1709 5655 1818 5708 ope-

223 5709 361 5754 rante
382 5703 444 5754 de
466 5703 626 5756 malis.

287 5767 311 5829 ξ
343 5766 476 5829 Apud
496 5773 632 5828 Lov.,
655 5763 916 5829 videretur.

285 5827 311 5892 ξ
344 5827 480 5892 Editi,
502 5835 550 5878 et
563 5841 628 5878 ea:
651 5827 854 5892 origine.
879 5831 1045 5892 abest,
1069 5841 1152 5892 ex,
1175 5841 1206 5878 a
1226 5835 1333 5880 Mss.

227 5890 485 6018 gigni,
533 5896 617 5941 aut
659 5889 853 5956 meando
889 5889 940 5943 in
983 5889 1134 5943 libris.
1161 5892 1339 5956 Abest,
1361 5893 1570 5957 quando,
1596 5907 1626 5943 a
1648 5905 1816 5944 mauu-

1504 417 1705 474 LIBER
1743 417 2119 479 SECUNDUS.

3413 435 3523 494 ιω

1934 542 2189 612 scriptum
2209 551 2312 610 est,
2337 539 2447 615 Ego
2471 544 2524 600 in
2542 543 2890 618 iniquitatibus
2917 558 3191 621 conceptus
3217 567 3360 620 sum,
3387 563 3437 608 et
3463 556 3523 612 in

1929 635 2146 706 peccatis
2169 646 2330 690 mater
2357 653 2470 691 mea
2497 638 2550 692 in
2575 648 2715 694 utero
2739 656 2819 695 me
2843 641 2970 696 aluit
2997 639 3173 713 (Psal.
3200 659 3254 712 1.,
3282 644 3370 716 7);
3403 653 3518 713 aut,

1934 725 2100 783 Homo
2129 730 2337 784 vanitati
2372 729 2554 785 similis
2580 736 2742 801 factus
2767 743 2862 798 est,
2895 734 3002 788 dies
3030 735 3140 805 ejus
3171 737 3306 792 velut
3339 739 3519 792 umbra

1931 828 2231 890 pratereunt
2265 821 2435 896 (Psal.
2467 839 2646 889 cxuu,
2673 825 2766 895 4):
2798 833 2910 890 aut,
2939 825 3070 882 Ecce
3098 837 3283 884 ueteres
3310 829 3524 899 posuisti

1931 911 2038 968 dies
2058 929 2215 981 meos,
2241 922 2289 969 et
2315 914 2595 970 substantia
2622 931 2733 970 mea
2755 918 2901 987 quasi
2933 917 3149 974 nihilum
3172 931 3291 975 ants
3315 930 3402 988 te;
3435 937 3522 976 ue-

1928 1012 2213 1060 rumtamen
2245 1006 2477 1061 uniuersa
2511 1007 2724 1074 vanitas,
2758 1008 2921 1064 omnis
2946 1010 3096 1064 homo
3130 1011 3298 1067 uiuens
3337 1009 3516 1082 (Psal.

1930 1112 2149 1161 xxxvtu,
2170 1098 2226 1169 6)
2251 1115 2265 1151 :
2296 1107 2385 1153 aut
2414 1099 2558 1170 quod
2586 1100 2874 1169 Apostolus
2897 1100 3049 1168 dicit,
3082 1101 3259 1158 Omnis
3284 1113 3520 1160 creatura

1928 1188 2138 1241 vanitati
2175 1190 2399 1260 subjecta
2428 1200 2498 1246 est
2533 1191 2708 1262 (Rom.
2736 1208 2848 1260 VIII,
2879 1192 3009 1264 20):
3039 1203 3130 1249 aut
3158 1195 3212 1249 in
3247 1195 3386 1252 libro
3417 1197 3520 1253 Ec-

1928 1278 2207 1344 clesiastae,
2255 1280 2462 1336 Vanitas
2492 1285 2768 1339 vanitatum
2790 1286 2831 1351 ³,
2864 1295 2911 1340 et
2935 1288 3104 1340 omnia
3133 1287 3327 1342 vanitas
3351 1304 3371 1344 :
3407 1303 3523 1360 qua

1929 1370 2238 1425 abundantia
2265 1383 2336 1427 est
2367 1374 2559 1429 homini
2587 1377 2639 1430 in
2665 1377 2803 1431 omni
2831 1377 3004 1432 labore
3024 1395 3117 1432 suo
3137 1395 3284 1450 quem
3303 1381 3411 1448 ipse
3438 1381 3521 1435 la-

1929 1463 2071 1517 borat
2116 1465 2208 1519 sub
2250 1466 2354 1520 sole
2397 1465 2590 1537 (Eccle.
2621 1485 2657 1534 ι,
2708 1468 2764 1536 2,
2791 1469 2890 1539 3)?
2933 1480 3024 1524 aut
3058 1471 3110 1524 in
3156 1471 3292 1528 libro
3333 1471 3522 1529 Eccle-

1928 1553 2159 1620 siastico,
2193 1557 2385 1628 Jugum
2409 1575 2560 1630 grave
2585 1576 2736 1628 super
2757 1560 2891 1629 filios
2919 1561 3081 1615 Adam
3102 1579 3133 1615 a
3160 1563 3240 1616 die
3265 1563 3429 1618 exitus
3457 1564 3521 1617 de

1928 1659 2096 1702 uentre
2125 1650 2300 1703 matris
2321 1667 2512 1716 eorum,
2537 1668 2690 1722 usque
2709 1653 2762 1706 in
2785 1654 2916 1706 diem
2936 1655 3208 1723 sepultura:
3227 1655 3280 1709 in
3306 1665 3521 1711 matrem

1930 1742 2153 1795 omnium
2184 1741 2368 1814 (Eccli.
2400 1760 2487 1806 XL,
2519 1745 2606 1814 1):
2637 1755 2729 1799 aut
2756 1744 2896 1815 quod
2936 1746 3064 1799 dicit
3091 1748 3407 1816 Apostolus,
3450 1747 3520 1803 In

1930 1833 2095 1886 Adam
2114 1851 2284 1888 omnes
2311 1837 2592 1890 moriuntur
2619 1837 2661 1907 (l
2685 1836 2802 1892 Cor.
2832 1853 2918 1902 xv,
2947 1837 3039 1909 22)
3065 1856 3078 1892 :
3112 1851 3201 1894 aut
3221 1840 3361 1910 quod
3390 1840 3523 1897 dicit

1929 1935 2147 1982 sanctus
2170 1929 2293 1996 Job,
2324 1929 2410 1985 ubi
2436 1929 2502 1986 de
2525 1931 2757 2001 peccatis
2777 1931 2888 1987 suis
2909 1928 3164 2003 loquitur,
3193 1931 3356 1988 Homo
3383 1936 3520 1990 enim

1929 2029 2077 2075 natus
2101 2038 2162 2074 ea:
2186 2022 2412 2084 muliere,
2449 2023 2608 2077 breuis
2640 2024 2755 2078 vita
2778 2033 2827 2080 et
2851 2026 3029 2095 plenus
3052 2026 3361 2091 iracundiae,
3393 2027 3521 2082 sicut

1927 2111 2024 2180 ﬂos
2051 2113 2154 2183 feni
2170 2112 2353 2167 decidit
2369 2131 2387 2178 ;
2407 2115 2538 2186 fugit
2557 2125 2728 2169 autem
2751 2117 2882 2171 sicut
2907 2117 3103 2183 umbra,
3123 2126 3168 2173 et
3199 2135 3302 2173 non
3329 2119 3520 2175 stabit:

1928 2220 2094 2258 nonne
2129 2214 2175 2259 et
2215 2205 2368 2276 hujus
2394 2223 2567 2261 curam
2596 2208 2777 2276 fecisti,
2816 2219 2862 2262 et
2892 2208 3024 2263 hunc
3052 2210 3215 2282 fecisti
3243 2211 3435 2265 intrare
3460 2211 3517 2266 in

1927 2305 2196 2364 conspectu
2237 2307 2322 2351 tuo
2360 2299 2412 2351 in
2439 2299 2739 2369 judicium?
2782 2298 2907 2365 Quis
2942 2300 3075 2354 enim
3109 2301 3203 2355 erit
3233 2301 3452 2356 mundus
3485 2318 3519 2355 ts

1928 2387 2159 2442 sordibus
2176 2390 2200 2443 ?
2230 2387 2312 2442 Ne
2332 2407 2460 2444 unus
2476 2391 2700 2460 quidem,
2720 2392 2872 2446 etiam
2886 2392 2933 2446 si
2952 2394 3100 2448 unius
3116 2393 3217 2448 diei
3237 2395 3388 2464 fuerit
3415 2394 3520 2450 uita

1927 2479 2036 2548 ejus
2053 2495 2205 2549 super
2219 2489 2403 2534 terram
2429 2480 2568 2552 (Job.
2595 2498 2702 2550 XIV,
2738 2484 2859 2552 4-5,
2884 2501 2963 2539 sec
2992 2483 3180 2555 LXX).
3207 2486 3350 2555 Quas
3373 2487 3521 2544 enim

1927 2571 2122 2627 dixerit
2169 2574 2390 2640 sordes,
2442 2575 2567 2645 quia
2611 2583 2826 2645 peccata
2879 2576 3104 2648 intelligi
3150 2579 3347 2646 voluit,
3403 2579 3520 2650 ipsa

1929 2663 2088 2718 lectio
2128 2665 2324 2721 indicat
2349 2708 2363 2733 ,
2415 2667 2504 2722 ubi
2541 2682 2758 2738 prorsus
2794 2668 2933 2724 unde
2970 2669 3218 2740 loquatur
3246 2681 3519 2742 apparet:

1927 2756 2068 2813 unde
2096 2768 2177 2813 est
2207 2767 2261 2815 et
2287 2758 2414 2814 illud
2438 2759 2577 2831 apud
2605 2761 2918 2831 prophetam
2942 2762 3278 2832 Zachariam,
3309 2764 3399 2821 ubi
3423 2780 3519 2824 ιλιι-ι

1927 2846 2094 2902 fertur
2121 2863 2149 2901 a
2179 2850 2454 2906 sacerdote
2495 2852 2655 2908 vestis
2685 2853 2921 2922 sordida,
2949 2865 3006 2910 et
3041 2854 3234 2911 dicitur
3263 2857 3312 2912 ei
3330 2897 3347 2924 ,
3384 2856 3520 2915 Ecce

1927 2941 2112 2997 abstuli
2157 2953 2361 3014 peccata
2409 2953 2495 2998 tua
2545 2943 2728 3019 (Zach.
2782 2962 2874 3013 ιιι,
2930 2947 3008 3020 4).
3041 2947 3176 3003 Ριιιο
3223 2949 3366 3020 quod
3414 2949 3517 3007 ista

1927 3034 2108 3089 omnia
2130 3076 2143 3100 ,
2194 3044 2247 3091 et
2290 3045 2482 3092 caetera
2523 3037 2860 3107 hujusmodi,
2891 3053 3010 3110 qua:
3041 3039 3276 3096 indicant
3300 3055 3516 3098 omnem

1929 3126 2197 3184 hominem
2224 3130 2323 3186 sub
2354 3139 2572 3200 peccato
2599 3140 2654 3187 et
2680 3131 2965 3188 maledicto
2994 3134 3163 3196 nasci,
3194 3148 3298 3189 non
3326 3133 3516 3205 legun-

1928 3227 2014 3275 tur
2054 3220 2108 3276 in
2156 3223 2392 3279 tenebris
2430 3222 2866 3292 Manichaeorum,
2900 3224 2996 3281 sed
3033 3225 3088 3281 in
3129 3226 3248 3283 luce
3276 3225 3520 3284 Catholi-

1926 3329 2110 3371 corum
2119 3354 2132 3369 .

1997 3405 2086 3462 51.
2119 3406 2256 3474 Quid
2278 3416 2456 3463 autem
2485 3407 2660 3464 dicam
2686 3409 2754 3465 de
2780 3409 2908 3480 ipsis
2935 3409 3236 3466 divinarum
3265 3411 3514 3482 Scriptu-

1925 3515 2104 3554 rarum
2129 3501 2501 3556 tractatoribus
2519 3543 2535 3570 ,
2561 3503 2650 3574 qui
2679 3503 2734 3558 in
2759 3503 3022 3559 catholica
3051 3504 3289 3560 Ecclesia
3314 3504 3515 3561 ﬂorue-

1927 3602 2080 3658 runt,
2106 3593 2372 3663 quomodo
2398 3592 2514 3650 haec
2555 3608 2660 3650 non
2689 3595 2743 3650 in
2789 3594 2924 3651 alios
2970 3610 3160 3651 sensus
3187 3596 3365 3651 conati
3389 3604 3517 3652 sunt

1927 3696 2169 3754 vertere,
2211 3687 2462 3758 quoniam
2508 3688 2726 3744 stabiles
2753 3697 2907 3744 erant
2944 3689 2996 3744 in
3042 3689 3411 3761 antiquissima
3457 3699 3513 3747 et

1926 3781 2296 3837 robustissima
2350 3781 2486 3849 lide,
2531 3800 2635 3837 non
2681 3792 2858 3839 autem
2911 3784 3114 3839 novitio
3165 3785 3517 3842 movebantur

1925 3875 2147 3930 errore?
2175 3875 2319 3943 Quos
2336 3876 2380 3930 si
2397 3875 2644 3947 colligere
2669 3883 2726 3932 et
2748 3891 2933 3932 eorum
2965 3877 3281 3932 testimoniis
3308 3877 3384 3933 uti
3425 3893 3519 3934 ve-

1926 3965 2020 4020 lim
2041 4009 2055 4033 ,
2087 3977 2141 4022 et
2169 3967 2326 4022 nimis
2353 3967 2566 4038 longum
2595 3969 2726 4036 erit,
2757 3979 2807 4024 et
2836 3968 2902 4024 de
2931 3970 3204 4025 canonicis
3223 3971 3512 4027 auctorita—

1928 4059 2067 4115 tibus
2089 4101 2102 4123 ,
2132 4075 2163 4114 a
2200 4060 2391 4131 quibus
2420 4075 2524 4116 non
2547 4060 2802 4117 debemus
2828 4063 3029 4130 averti,
3084 4062 3258 4118 minus
3289 4063 3517 4120 fortasse

1926 4153 2149 4210 videbor
2181 4154 2584 4223 prrcsumpsisse
2612 4169 2770 4224 quam
2816 4153 2997 4209 debui.
3031 4154 3410 4211 Verumtamen
3455 4154 3519 4210 ut

1925 4247 2166 4301 omittam
2200 4245 2561 4301 beatissimum
2576 4247 2914 4300 Ambrosium
2933 4287 2946 4312 ,
2969 4247 3054 4300 cui
3087 4247 3350 4317 Pelagius,
3375 4247 3518 4302 sicut

1920 4337 2032 4407 jam
2060 4337 2508 4402 commemoravi,
2541 4346 2645 4390 tam
2675 4352 2919 4406 maguum
2949 4337 3263 4406 integritatis
3315 4337 3371 4391 in
3410 4335 3517 4392 (ide

1928 4426 2195 4498 perhibuit
2223 4427 2583 4482 testimonium
2633 4427 2860 4498 (Supra,
2907 4426 2994 4480 lib.
3045 4428 3113 4502 1,
3159 4443 3213 4480 n.
3244 4425 3376 4497 40);
3423 4428 3516 4497 qui

1927 4529 2102 4575 tamen
2127 4519 2437 4574 Ambrosius
2468 4519 2595 4572 nihil
2625 4519 2768 4573 aliud
2791 4517 3027 4572 defendit
3072 4518 3123 4572 in
3152 4518 3386 4588 parvulis
3405 4558 3422 4585 ,
3452 4529 3512 4574 ut

1929 4611 2186 4666 haberent
2215 4611 2570 4665 nccessarimn
2601 4609 2864 4664 medicum
2887 4609 3158 4665 Christum
3183 4652 3198 4678 ,
3227 4596 3326 4666 nisi
3345 4609 3514 4681 origi-

1926 4703 2049 4758 nale
2083 4712 2354 4774 peccatum
2387 4701 2703 4776 (Ambrosius
2745 4703 2797 4756 in
2825 4700 3049 4768 Isaiam,
3096 4703 3280 4756 citatus
3308 4719 3465 4775 supra
3490 4744 3510 4771 ,

1927 4797 2013 4850 lib.
2040 4797 2063 4851 1
2088 4839 2102 4863 ,
2125 4815 2175 4850 n.
2201 4796 2290 4866 40)
2325 4813 2338 4849 :
2370 4795 2622 4864 numquid
2653 4803 2706 4848 et
2728 4794 3126 4864 gloriosissima:
3151 4809 3364 4850 corona:
3406 4794 3515 4868 Cy-

1927 4890 2143 4960 prianus
2172 4889 2378 4943 dicetur
2397 4889 2464 4943 ab
2484 4887 2662 4958 aliquo
2689 4930 2703 4954 ,
2733 4902 2839 4942 non
2866 4887 3037 4942 solum
3066 4888 3229 4944 fuisse
3249 4930 3265 4956 ,
3307 4888 3402 4944 sed
3427 4889 3516 4946 vel

1925 4997 2045 5036 esse
2074 4981 2312 5050 potuisse
2333 4979 2654 5036 Manichacus
2678 5021 2692 5046 ,
2720 4995 2842 5036 cum
2872 4981 3014 5050 prius
3045 4981 3146 5036 iste
3183 4981 3256 5036 sit
3283 4996 3471 5051 passus
3492 5024 3512 5049 ,

1925 5091 2084 5146 quam
2107 5075 2193 5130 illa
2216 5076 2268 5129 in
2293 5076 2425 5130 orbe
2452 5074 2694 5130 Romano
2717 5076 2880 5145 pestis
2905 5057 3192 5144 apparuit?
3236 5076 3301 5130 Et
3332 5084 3511 5132 tamen

1925 5167 1976 5220 in
2003 5165 2140 5221 libro
2160 5166 2227 5221 de
2256 5167 2578 5236 Baptismate
2606 5167 2944 5237 parvulorum
2965 5207 2980 5233 ,
3015 5167 3084 5221 ita
3111 5166 3350 5222 defendit
3401 5168 3510 5221 ori-

1923 5259 2097 5332 ginale
2124 5269 2395 5331 peccatum
2415 5300 2430 5324 ,
2451 5269 2508 5315 ut
2533 5269 2812 5330 propterea
2837 5260 3008 5328 dicat,
3049 5269 3104 5316 et
3124 5269 3248 5316 ante
3267 5267 3513 5314 octavum

1922 5353 2094 5418 diem,
2124 5353 2167 5407 si
2201 5366 2418 5406 necesse
2452 5352 2551 5418 sit,
2587 5351 2862 5421 parvulum
2912 5351 3166 5421 baptizari
3213 5359 3463 5420 oportere
3490 5391 3508 5419 ,

1924 5459 1990 5499 ne
2016 5454 2199 5515 pereat
2227 5443 2401 5499 anima
2420 5442 2555 5513 ejus.
2588 5443 2757 5512 Quem
2787 5444 3055 5499 tantovult
3083 5442 3302 5512 intelligi
3330 5443 3397 5499 ad
3428 5444 3515 5498 in-

1923 5537 2246 5608 dulgentiam
2268 5536 2522 5608 Baptismi
2551 5535 2757 5591 facilius
2777 5536 3058 5606 pervenire
3081 5577 3095 5602 ,
3125 5543 3322 5606 quanto
3341 5536 3514 5607 magis

1923 5633 1972 5687 ei
1998 5633 2334 5687 dimittuntur
2358 5647 2462 5687 non
2486 5630 2736 5702 propria,
2781 5628 2874 5684 sed
2923 5628 3096 5684 aliena
3141 5636 3353 5698 peccata
3382 5628 3512 5700 (Cy-

1925 5726 2132 5796 prianus
2152 5769 2167 5794 ,
2200 5726 2412 5797 epistola
2450 5723 2572 5778 olim
2597 5724 2702 5790 59,
2735 5738 2869 5776 nunc
2907 5721 3006 5790 64,
3035 5721 3101 5776 ad
3122 5717 3356 5790 Fidum).
3401 5719 3510 5777 Hos

1925 5818 2024 5874 iste
2050 5817 2244 5873 audeat
2265 5817 2446 5873 dicere
2473 5815 2794 5870 Μειιιίοιιωοε
2814 5854 2829 5879 ,
2877 5820 2932 5868 et
2953 5813 3374 5886 antiquissimam
3404 5811 3508 5868 Ec-

1995 5953 2013 5985 ί
2044 5953 2232 6016 Aliquot
2247 5958 2376 6014 Mss,
2399 5957 2580 6000 carulas
2601 5946 2929 6000 constantiam.
