4012 6510
470 372 577 430 M7

468 488 650 546 desim
679 491 1016 548 traditionem
1033 490 1135 547 isto
1156 489 1360 546 nefario
1388 491 1613 546 crimine
1636 498 1919 560 aspergat,
1951 500 2054 558 qua

478 585 853 642 examinantur
871 627 889 655 ,
920 592 979 640 ut
999 582 1108 640 dixi
1128 626 1145 652 ,
1171 592 1227 640 et
1257 582 1607 641 exsulﬂantnr
1630 583 1872 655 parvuli,
1918 593 1976 639 ut
2006 583 2061 639 in

464 690 697 748 regnum
715 672 922 733 Christi
944 692 974 731 a
999 684 1266 749 potestate
1291 676 1633 733 tenebrarum
1652 717 1668 744 ,
1709 675 1815 732 hoc
1838 684 1922 731 est
1949 675 2063 731 dla-

466 769 579 825 buli
607 779 661 826 et
687 771 1000 842 angelorum
1028 770 1144 843 ejus
1161 813 1177 837 ,
1209 771 1347 828 eruti
1384 769 1792 827 transferantur.
1828 766 1938 827 Nos
1962 784 2060 825 au—

460 861 892 930 tem'paratiores
911 878 1099 919 sumus
1120 878 1241 919 cum
1269 863 1385 918 istis
1412 862 1541 918 viris
1561 903 1577 929 ,
1601 872 1655 917 et
1679 877 1799 918 cum
1822 860 2061 924 Ecclesia

469 948 668 1006 Christi
712 952 767 1007 in
801 952 959 1023 hujus
1007 954 1130 1011 tidei
1170 954 1493 1031 antiquitate
1536 953 1777 1022 ﬁrmata,
1809 952 2062 1025 quxellbet

464 1042 752 1099 maledicta
778 1055 833 1101 et
872 1047 1227 1103 contumelias
1248 1048 1492 1118 perpeti,
1530 1060 1686 1118 quam
1738 1060 1858 1101 cum
1898 1045 2060 1103 'Pcla-

464 1133 642 1203 gianis
666 1136 950 1205 “insul”
971 1140 994 1172 ⁸
1025 1137 1222 1210 “loqu”
1254 1139 1629 1211 Wdlcatione
1658 1138 1882 1194 laudari.
1980 1138 2002 1169 λ’

540 1226 770 1287 CAPUT
802 1232 969 1288 XXX.
997 1264 1070 1275 -—
1092 1234 1181 1291 52.
1220 1253 1239 1287 ι
1274 1235 1367 1290 Ais
1393 1235 1585 1291 lterum
1608 1278 1621 1301 ,
1661 1255 1681 1289 ι
1714 1234 1920 1305 inquit,
1950 1253 1969 1287 ι
2007 1243 2062 1291 et

460 1321 650 1389 dicis:
688 1324 839 1379 Nulla
887 1336 1032 1381 esset
1082 1327 1547 1397 concupiscentia,
1598 1328 1698 1383 nisi
1748 1327 1910 1382 homo
1937 1337 2061 1407 ante

468 1425 780 1485 peccasset;
814 1419 1011 1487 nuptize
1039 1432 1170 1475 vero
1215 1429 1399 1475 essent
1426 1461 1440 1485 ,
1486 1419 1696 1475 etiamsi
1728 1435 1885 1474 nemo
1931 1435 2061 1493 pec-

468 1517 664 1561 casset.
700 1524 719 1558 ι
754 1507 867 1561 Non
895 1508 1043 1577 dixi,
1087 1526 1106 1561 ι
1149 1510 1306 1565 Nulla
1334 1520 1472 1566 esset
1501 1512 1928 1581 concupiscentia
1961 1528 1978 1579 ;
2032 1528 2055 1565 ι

471 1599 594 1667 quia
620 1607 704 1653 est
732 1609 786 1654 et
809 1600 1085 1670 glorianda
1111 1604 1544 1675 concupiscentia
1602 1604 1895 1675 spiritualis
1913 1648 1929 1672 ,
1958 1621 2060 1676 qua

462 1691 867 1760 concupiscitur
912 1695 1173 1764 sapientia
1222 1695 1377 1768 (Sap.
1431 1712 1517 1764 vr,
1564 1697 1707 1767 2i):
1753 1697 1847 1752 sed
1891 1698 1998 1753 dixi
2041 1742 2058 1767 ,

474 1800 497 1834 ι
530 1782 686 1838 Nulla
712 1794 854 1840 esset
880 1787 1124 1856 pudenda
1155 1790 1584 1859 concupiscentia
1608 1810 1625 1843 ι
1651 1790 1866 1863 (Supra,
1891 1791 1978 1847 lib.
2006 1794 2058 1860 l,

470 1873 629 1947 23.1).
683 1876 1005 1947 Relegantur
1056 1881 1216 1935 verba
1263 1898 1381 1936 mea
1408 1898 1566 1952 ,qum
1613 1883 1773 1937 etiam
1818 1883 1931 1956 ipse
1964 1901 2061 1956 po-

467 1967 608 2034 suit,
638 1976 695 2022 ut
719 1980 912 2039 quanta
943 1973 1011 2026 ab
1030 1972 1123 2027 illo
1147 1970 1333 2028 fraude
1380 1984 1870 2030 commemorentur
1897 1993 2062 2048 appa-

460 2068 609 2115 reat.
642 2059 751 2116 Sed
774 2077 882 2131 quo
903 2064 1130 2119 voluerit
1156 2080 1273 2120 eam
1302 2066 1521 2120 nomine
1546 2067 1796 2137 appellet.
1830 2067 1921 2123 illa
1953 2069 2061 2127 dixi

468 2150 611 2220 quod
640 2166 745 2206 non
774 2161 953 2221 esset,
992 2154 1093 2209 nisi
1142 2155 1305 2210 homo
1344 2164 1469 2211 ante
1511 2167 1823 2227 peccasset,
1864 2159 1933 2215 de
1958 2174 2062 2231 qua

457 2243 798 2299 \erubuerunt
824 2247 876 2300 in
901 2246 1146 2316 paradiso
1168 2290 1181 2314 ,
1203 2248 1291 2320 qui
1318 2249 1562 2319 pudenda
1591 2258 1839 2306 texerunt
1862 2293 1877 2317 ,
1900 2268 2059 2325 quam

470 2348 633 2390 nemo
667 2347 854 2407 negat,
888 2341 1139 2409 quoniam
1188 2351 1463 2411 peccatum
1518 2343 1891 2400 inobedientize
1923 2361 2059 2416 prie-

468 2438 738 2496 eesserat,
772 2430 892 2487 ideo
917 2434 1280 2490 subsecutam.
1310 2435 1409 2504 Qui
1432 2445 1607 2493 autem
1634 2438 1744 2492 vult
1766 2439 2062 2511 intelligere

470 2524 598 2592 quid
627 2530 931 2597 senserint,
964 2530 1124 2587 debet
1149 2534 1492 2590 considerare
1509 2536 1632 2604 quid
1653 2539 1899 2593 texerint.
1923 2537 2060 2593 Suc-

460 2617 725 2674 cmctorla
757 2622 953 2693 quippe
980 2623 1085 2680 sibi
1131 2625 1199 2682 de
1228 2624 1368 2683 foliis
1415 2627 1691 2699 ﬁculneis,
1741 2646 1848 2687 non
1896 2631 2060 2687 vesti-

470 2721 650 2765 menta
678 2712 917 2768 iecerunt
945 2714 1097 2784 (Gen.
1121 2733 1179 2772 nr
1203 2759 1219 2787 ,
1243 2718 1335 2791 7);
1368 2735 1487 2793 qua:
1513 2722 1867 2781 succinctoria
1888 2739 2063 2798 graece

470 2813 786 2874 περιζώματα
811 2818 1200 2881 nuncupantur.
1231 2811 1369 2882 Quid
1396 2823 1574 2871 autem
1627 2818 1938 2890 conperiant
1958 2835 2059 2891 pe-

466 2897 725 2953 rlzemata
750 2941 764 2965 ,
797 2902 1045 2957 omnibus
1084 2915 1272 2960 notum
1298 2915 1382 2963 est
1414 2925 1426 2961 :
1454 2923 1572 2980 qua:
1616 2911 1855 2965 nonnulli
1883 2912 2061 2969 Latini

468 2994 792 3061 campestria
823 3005 947 3051 sunt
972 2996 1323 3068 interpretati.
1352 2998 1481 3069 Quis
1506 3011 1683 3058 autem
1737 3003 1943 3076 ignorat
1970 3007 2059 3076 qui

468 3090 902 3152 campestrantur
924 3128 938 3152 ,
962 3103 1097 3158 quas
1122 3099 1302 3161 partes
1332 3093 1570 3164 corporis
1590 3097 1916 3168 contegant?
1956 3099 2062 3157 llas

474 3174 616 3229 enim
646 3177 1138 3248 tegebantllomani
1162 3182 1419 3253 juvenes,
1451 3187 1664 3256 quando
1678 3189 1814 3247 ‘nudi
1842 3205 2061 3247 exerce-

468 3263 671 3321 bantur
695 3267 745 3321 in
768 3283 987 3339 campo,
1016 3273 1158 3329 unde
1182 3270 1286 3330 hoc
1312 3290 1481 3346 genus
1532 3281 1778 3349 tegminis
1831 3285 1937 3345 tale
1962 3301 2063 3351 nu-

472 3369 597 3411 men
626 3360 832 3429 accepit
857 3360 953 3432 (α).

534 3448 769 3507 CAPUT
794 3451 985 3508 XXXI.
1012 3485 1085 3496 -—
1116 3454 1208 3512 38.
1266 3482 1282 3512 ι
1306 3455 1413 3516 illa:
1453 3476 1579 3535 ergo
1624 3467 1854 3538 nuptiae,
1923 3489 1943 3523 ι
1976 3471 2062 3529 in-

464 3542 589 3611 quit
610 3584 623 3608 ,
656 3563 674 3595 ι
701 3558 824 3614 quae
861 3547 979 3603 sine
1021 3550 1485 3621 concupiscentia,
1518 3556 1633 3611 sine
1681 3568 1827 3613 motu
1868 3576 2062 3633 corpo-

464 3640 592 3687 rrum
611 3675 626 3700 ,
654 3635 772 3689 sine
800 3640 1118 3694 necessitate
1142 3656 1364 3696 sexuum
1388 3685 1402 3707 ,
1434 3652 1491 3698 ut
1520 3643 1653 3702 dicis
1676 3689 1692 3714 ,
1725 3664 1846 3706 esse
1867 3663 2058 3723 potue-

466 3734 597 3777 nun
616 3765 630 3790 ,
655 3739 682 3778 ιι
701 3735 755 3780 te
769 3731 1180 3795 pronuntiantur
1194 3732 1489 3791 laudabiles
1513 3755 1527 3790 :
1553 3738 1653 3795 ista
1672 3757 1796 3797 vero
1815 3746 2061 3819 conjugia

471 3831 594 3887 qua:
636 3834 775 3875 nunc
817 3834 1083 3891 aguntur,
1134 3840 1163 3881 a
1215 3827 1430 3885 diabolo
1475 3832 1690 3890 inventa
1716 3836 1925 3897 deﬁuis.
1967 3839 2060 3899 Illa

473 3909 687 3979 itaque,
727 3931 747 3965 ι
782 3913 985 3984 inquit,
1022 3935 1043 3970 ι
1094 3932 1212 3989 qua:
1240 3920 1440 3977 institui
1497 3928 1731 3993 potuisse
1778 3933 2017 3989 somnias
2040 3976 2058 4003 ,

472 4002 613 4057 bona
633 4002 899 4061 deliberas
929 4026 943 4063 :
972 4008 1072 4063 ista
1095 4026 1225 4066 vero
1261 4012 1331 4067 de
1382 4014 1576 4086 quibus
1614 4018 1739 4075 dicit
1784 4002 2059 4097 Scriptura

466 4092 675 4160 divina,
708 4094 977 4169 Relinquat
1001 4101 1152 4156 homo
1176 4113 1368 4171 patrem
1389 4117 1434 4160 et
1451 4117 1659 4165 matrem
1676 4154 1691 4180 ,
1722 4122 1768 4167 et
1784 4092 2060 4175 adlttrrebt't

466 4187 620 4240 uxori
651 4203 761 4244 sua
778 4205 800 4255 ;
825 4198 872 4245 et
901 4201 1043 4247 erunt
1063 4193 1166 4249 duo
1210 4197 1265 4250 in
1292 4215 1445 4253 carne
1470 4217 1571 4255 una
1611 4200 1766 4276 (Gen.
1820 4223 1887 4273 lt,
1919 4207 2013 4283 24)
2042 4227 2057 4279 ;
2088 4236 2107 4257 ι

468 4278 740 4353 proﬁteris
758 4283 897 4337 mala
926 4283 1185 4342 diabolica
1205 4330 1220 4355 ,
1245 4290 1491 4347 morbum
1514 4304 1787 4364 postremo
1819 4278 2058 4371 debere

470 4383 580 4425 Ion
602 4373 908 4444 eonjugium
937 4379 1250 4449 nuncupari.
1281 4400 1302 4434 ι
1334 4382 1448 4439 Non
1477 4395 1560 4441 est
1602 4388 1795 4445 mirum
1824 4392 1868 4447 si
1908 4393 2059 4452 Pela-

471 4463 617 4533 giani
640 4464 782 4521 dicta
811 4477 992 4524 nostra
1033 4471 1084 4525 in
1115 4488 1306 4530 sensus
1349 4493 1482 4547 quos
1507 4480 1695 4537 volunt
1738 4483 2060 4559 detorquere

472 4564 765 4625 conantur;
793 4561 1006 4630 quando
1032 4565 1178 4619 etde
1213 4565 1506 4640 Scripturis
1549 4574 1748 4631 sanctis
1768 4616 1785 4641 ,
1832 4593 1938 4633 non
1970 4580 2058 4636 ubi

471 4641 700 4703 obscure
725 4648 922 4719 aliquid
950 4650 1149 4708 dictum
1176 4664 1259 4710 est
1282 4696 1299 4724 ,
1350 4659 1443 4713 sed
1477 4659 1564 4715 ubi
1596 4663 1739 4719 clara
1789 4675 1845 4721 et
1872 4679 2057 4738 aperta

470 4746 597 4794 sum
619 4740 916 4796 testimonia
942 4785 958 4811 ,
984 4744 1037 4799 id
1065 4743 1241 4803 facere
1266 4764 1696 4826 consueverunt,
1740 4774 1889 4817 more
1936 4766 2055 4833 qui-

470 4829 594 4889 dem
622 4830 991 4891 haereticorum
1020 4839 1177 4896 etiam
1204 4851 1542 4903 cmterorum.
1569 4849 1700 4919 Quis
1724 4853 1866 4909 enim
1907 4829 2055 4914 dice-

470 4932 584 4989 ret,
610 4941 631 4977 ι
658 4926 775 4983 sine
800 4936 949 4984 motu
996 4946 1280 5003 corporum
1300 4979 1315 5005 ,
1346 4940 1462 4996 sine
1490 4945 1806 5003 necessitate
1832 4964 2056 5006 sexuum

469 5020 685 5089 nuptias
712 5036 831 5078 esse
861 5024 1134 5094 potuisse?
1162 5045 1183 5081 ι
1215 5028 1359 5087 Deus
1378 5034 1518 5090 enim
1566 5036 1687 5093 iecit
1714 5054 1904 5106 sexus,
1934 5045 2056 5114 quia

468 5110 750 5165 mutum
798 5124 845 5168 et
896 5115 1137 5185 feminam
1185 5122 1303 5192 fecit
1345 5138 1431 5179 eos
1478 5123 1590 5197 (Id.
1639 5144 1691 5197 ι,
1738 5130 1864 5204 27),
1920 5110 2059 5189 sicut

468 5207 724 5275 scriptum
750 5216 855 5265 est.
885 5210 1037 5268 Unde
1065 5222 1241 5270 autem
1274 5216 1609 5291 ﬁeriposset
1634 5233 1691 5278 ut
1714 5226 1801 5295 qui
1845 5225 2057 5284 fuerant

468 5297 859 5369 coniungendi,
909 5310 962 5358 et
990 5304 1104 5374 ipsa
1144 5308 1521 5380 conjunctione
1563 5319 1865 5386 generaturi
1892 5360 1905 5385 ,
1956 5336 2054 5378 sua

467 5406 693 5463 corpora
716 5409 823 5450 non
854 5410 1162 5466 moverent;
1192 5404 1622 5477 quandoquidem
1666 5411 1843 5467 nullus
1872 5413 1929 5468 tit
1957 5413 2057 5473 ho-

466 5486 627 5541 minis
652 5486 719 5541 ad
736 5487 1019 5546 hominem
1048 5496 1340 5563 corporalis
1366 5513 1613 5556 accessns
1634 5546 1648 5569 ,
1692 5503 1737 5560 si
1764 5505 1903 5561 desit
1926 5521 2050 5561 cor-

467 5579 613 5648 poris
638 5581 853 5636 mOtus?
877 5582 992 5638 Non
1022 5600 1151 5655 ergo
1174 5586 1259 5641 hic
1283 5593 1508 5659 quaestio
1533 5603 1617 5649 est
1643 5595 1710 5649 de
1738 5606 1884 5653 motu
1928 5614 2049 5654 cor-

468 5682 688 5742 porum,
716 5673 834 5729 sine
862 5690 968 5744 quo
998 5691 1103 5731 non
1130 5689 1351 5748 possent
1398 5685 1617 5740 omnino
1662 5688 1909 5758 misceri;
1957 5693 2051 5749 sed

534 5806 765 5937 Wa?

1268 373 1356 430 ns
1392 370 1662 430 auarus
1700 371 1791 428 ET
1827 367 2432 439 CONCUPISCENTIA,
2473 367 2534 424 s.
2572 337 2945 451 aueusrmt

3648 371 3781 439 κε

2172 482 2240 538 de
2261 481 2511 553 pudendo
2534 493 2683 539 motu
2706 484 3012 555 genitalium
3034 525 3052 554 ,
3078 485 3171 558 qui
3192 485 3437 561 proiecto
3452 500 3565 551 non
3590 496 3774 558 esset,

2165 585 2221 631 et
2249 583 2427 631 tamen
2452 576 2763 632 seminatrix
2795 577 3103 632 commixtio
3132 594 3237 633 non
3260 577 3505 651 deesset.
3541 579 3590 639 si
3610 579 3777 655 geni-

2176 669 2298 724 talia
2321 686 2427 725 non
2454 669 2661 729 libidini
2679 712 2696 740 ,
2724 667 2817 725 sed
2848 670 3107 726 voluntati
3133 671 3269 728 sicut
3296 681 3490 731 caetera
3520 672 3774 737 multra

2172 766 2457 822 servirent.
2486 767 2681 822 Annon
2712 766 2873 821 etiam
2889 781 3031 822 nunc
3053 766 3105 822 in
3135 781 3364 838 corpore
3386 767 3576 827 mortis
3604 766 3776 841 hujus

2173 858 2467 931 imperatur
2495 859 2658 933 pedi,
2700 858 3175 937 bracbi0,digito,
3212 859 3399 927 labro,
3446 860 3677 935 linguae,
3708 868 3774 917 et

2162 950 2232 1007 ad
2280 963 2466 1009 nutum
2515 961 2757 1011 nostrum
2816 953 3072 1007 continuo
3124 951 3500 1031 porriguntur?
3534 951 3769 1013 Rumori

2163 1045 2426 1121 denique,
2458 1046 2600 1119 quod
2626 1054 2709 1101 est
2730 1044 3058 1111 mirabilius,
3092 1044 3146 1099 in
3175 1049 3355 1107 vesica
3384 1044 3728 1117 iutusposito

2162 1154 2284 1194 cum
2304 1137 2439 1198 libet
2461 1182 2475 1207 ,
2504 1147 2558 1193 et
2585 1137 2802 1210 quando
2833 1138 2851 1171 ¹
2874 1134 2992 1213 ejus
3020 1138 3173 1210 copia
3203 1152 3308 1195 non
3337 1152 3623 1212 urgemur,
3666 1136 3773 1193 im-

2165 1238 2384 1302 peratur
2412 1240 2467 1287 ut
2494 1230 2755 1303 proﬂuat,
2787 1240 2842 1291 et
2867 1228 3201 1300 obtemperat
3228 1247 3241 1283 :
3272 1229 3382 1286 imo
3412 1228 3541 1301 ipsis
3567 1227 3774 1290 abditis

2162 1323 2460 1381 visceribus
2480 1334 2534 1378 et
2566 1324 2769 1390 nervis,
2804 1322 2998 1394 quibus
3025 1321 3166 1379 idem
3192 1321 3390 1385 humor
3412 1323 3719 1381 continetur
3749 1364 3771 1390 ,

2162 1416 2458 1487 imperatur
2486 1425 2544 1471 ut
2583 1432 2705 1472 eum
2744 1416 3085 1489 propellant,
3117 1414 3453 1487 exprimant,
3506 1415 3728 1484 ejiciant
3749 1454 3770 1480 ,

2162 1516 2217 1563 et
2236 1506 2281 1562 si
2299 1506 2495 1563 sanitas
2516 1506 2666 1567 adest
2690 1549 2705 1575 ,
2738 1508 2854 1564 sine
2882 1506 3190 1563 difticultate
3209 1507 3449 1565 serviunt
3478 1505 3768 1563 voluntati.
3791 1542 3803 1553 ρ

2161 1599 2370 1668 Quanto
2399 1616 2525 1671 ergo
2551 1598 2755 1659 facilius
2793 1610 2953 1672 atque
2983 1599 3352 1672 tranquillius,
3392 1599 3773 1657 obedientihus

2161 1695 2483 1765 genitalibus
2530 1695 2769 1765 corporis
2818 1694 3093 1767 partibus,
3142 1704 3197 1752 et
3240 1694 3414 1769 ipsum
3465 1693 3770 1751 membrum

2163 1787 2528 1857 porrigeretur
2550 1830 2565 1852 ,
2592 1798 2645 1843 et
2692 1786 2857 1843 homo
2899 1785 3287 1851 seminaretur,
3321 1787 3420 1842 nisi
3451 1786 3768 1851 hominibus

2163 1877 2271 1932 illis
2291 1877 2721 1934 inobedientibus
2756 1877 3116 1935 membrorum
3146 1877 3368 1937 istorum
3400 1878 3768 1941 iuobedicntia
3822 1935 3829 1941 _

2157 1970 2302 2047 justo
2345 1971 2606 2043 supplicio
2658 1970 3005 2029 redderetur?
3046 1970 3198 2041 Quod
3251 1971 3571 2045 supplicium
3625 1970 3769 2033 uasti

2162 2065 2400 2123 sentiunt
2422 2106 2439 2131 ,
2472 2064 2559 2135 qui
2592 2064 2775 2135 procul
2822 2063 2986 2119 dubio
3008 2064 3231 2120 mallent
3254 2063 3344 2133 ,si
3385 2072 3634 2136 possent,
3672 2062 3772 2136 ju-

2161 2154 2323 2210 bente
2341 2154 2610 2209 voluntate
2637 2171 2795 2226 quam
2824 2156 3100 2227 pruriente
3121 2154 3391 2227 voluptate
3419 2155 3557 2211 tilias
3601 2154 3772 2213 semi-

2161 2260 2315 2303 nare.
2356 2244 2620 2300 lmmundi
2649 2255 2823 2300 autem
2855 2245 2947 2321 qui
2996 2257 3217 2318 propter
3261 2246 3420 2302 istum
3464 2244 3715 2305 morbum
3744 2287 3765 2315 ,

2161 2353 2268 2394 non
2296 2339 2467 2393 solum
2498 2337 2840 2405 meretrices,
2871 2355 3056 2394 verum
3083 2338 3245 2394 etiam
3272 2342 3525 2413 coniuges
3543 2349 3731 2398 amant
3748 2381 3765 2407 ,

2162 2429 2230 2484 de
2278 2428 2381 2485 hoc
2426 2430 2686 2503 supplicio
2736 2430 2914 2487 carnis
2964 2432 3208 2505 graviore
3253 2433 3511 2506 supplicio
3552 2437 3769 2493 mentis

2162 2522 2453 2579 exsultant.

2232 2611 2460 2669 CAPUT
2483 2612 2703 2671 XXXII.
2724 2644 2795 2656 —
2822 2613 2912 2671 54.
2942 2613 3234 2689 Absitergo
3252 2626 3307 2672 ut
3328 2616 3587 2686 dicamus,
3616 2618 3769 2692 quod

2162 2719 2262 2761 nos
2292 2704 2472 2761 dicere
2519 2706 2620 2760 iste
2648 2705 2938 2776 c’oniingit,
2974 2724 2995 2761 ι
3032 2707 3132 2762 ista
3164 2709 3408 2781 conjugia
3453 2726 3573 2783 quae
3616 2726 3769 2769 nunc

2161 2806 2425 2867 aguntur,
2456 2811 2486 2851 a
2512 2796 2978 2853 diaboloinventa.
3012 2817 3033 2851 ι
3060 2799 3286 2859 Prorsus
3325 2802 3453 2871 ipsae
3497 2810 3625 2859 sunt
3660 2818 3768 2859 nu-

2161 2889 2310 2961 ptitn,
2340 2904 2472 2958 quas
2498 2888 2567 2945 ab
2602 2888 2756 2943 initio
2777 2888 2917 2945 Deus
2948 2888 3194 2946 instituit.
3227 2892 3340 2948 Hoc
3369 2895 3515 2955 enim
3561 2895 3764 2957 bonum

2162 2996 2318 3037 suum
2362 2980 2429 3037 ad
2476 2981 2753 3043 hominum
2803 2982 3201 3055 generationem
3252 2983 3548 3045 institutum
3598 2987 3766 3047 etiam

2162 3074 2429 3129 damnatis
2458 3072 2762 3130 hominibus
2787 3090 2896 3131 non
2924 3073 3177 3145 detraxit,
3196 3075 3389 3151 quibus
3404 3094 3509 3137 non
3529 3078 3769 3138 detraxit

2162 3167 2323 3222 etiam
2351 3181 2541 3222 sensus
2570 3167 2744 3225 carnis
2772 3176 2826 3223 et
2852 3168 3119 3238 membra,
3148 3168 3512 3240 proculdubio
3540 3187 3766 3231 munera

2163 3273 2257 3314 sua
2276 3301 2290 3325 ,
2321 3260 2562 3331 quamvis
2583 3259 2692 3329 jam
2716 3259 2889 3315 debita
2914 3260 3256 3318 damnatione
3284 3264 3560 3325 moritura.
3589 3264 3712 3327 Istae
3743 3305 3764 3333 ,

2152 3352 2377 3425 inquam
2402 3395 2419 3423 ,
2451 3362 2573 3408 sunt
2602 3354 2829 3429 nuptiae,
2860 3352 2928 3412 de
2955 3355 3146 3426 quibus
3160 3355 3361 3412 dictum
3380 3364 3463 3415 est
3492 3355 3762 3430 (excepto,

2162 3444 2303 3517 quod
2330 3445 2416 3500 hic
2435 3447 2456 3477 ¹
2490 3446 2771 3516 ﬁguratqu
2795 3455 2907 3514 est,
2932 3463 3123 3525 magno
3149 3448 3239 3503 illo
3263 3446 3458 3513 Christi
3480 3459 3535 3509 et
3574 3450 3768 3509 Eccle—

2163 3538 2256 3592 sia:
2282 3537 2638 3605 sacramento)
2666 3581 2681 3605 ,
2711 3535 2992 3608 Propterea
3015 3540 3260 3609 relinquet
3297 3540 3448 3597 homo
3478 3550 3676 3613 patrem
3714 3552 3766 3599 et

2156 3640 2405 3696 matrem,
2433 3638 2480 3684 et
2504 3628 2779 3684 adhwrebit
2808 3632 2957 3685 uxori
2980 3648 3086 3685 sua:
3104 3647 3123 3696 ;
3143 3636 3189 3687 et
3215 3642 3363 3688 erant
3391 3632 3494 3688 duo
3517 3636 3572 3689 in
3604 3651 3764 3693 came

2162 3736 2286 3775 una.
2320 3720 2433 3776 iloc
2462 3720 2603 3777 enim
2632 3731 2757 3776 ante
2775 3733 3048 3793 peccatum
3070 3723 3269 3780 dictum
3295 3735 3378 3780 est
3406 3743 3421 3780 :
3453 3734 3509 3782 et
3531 3729 3577 3783 si
3600 3744 3765 3785 nemo

2164 3821 2472 3883 peccasset,
2519 3814 2635 3868 sine
2678 3812 2921 3883 pudenda
2969 3814 3193 3871 libidine
3237 3825 3418 3890 posset
3459 3816 3575 3879 ﬁeri
3616 3818 3659 3875 ³.
3690 3819 3766 3879 Et

2163 3918 2305 3958 nunc
2325 3902 2565 3976 quamvis
2592 3905 2708 3960 sine
2738 3906 2826 3960 illa
2856 3922 2963 3961 non
2992 3908 3079 3962 liat
3107 3906 3158 3963 in
3190 3923 3414 3982 corpore
3441 3910 3628 3969 mortis
3656 3910 3764 3969 ltu-

2124 4012 2151 4023 ἐ
2160 3994 2272 4065 jus,
2307 3996 2479 4064 ipsum
2506 4005 2589 4050 est
2619 4006 2791 4052 tamen
2818 3997 2963 4069 quod
2990 4015 3095 4054 non
3127 4011 3303 4056 cessat
3332 4001 3477 4070 fieri,
3506 4002 3764 4063 utadharo

2160 4098 2279 4143 reat
2309 4087 2471 4143 homo
2499 4089 2649 4144 uxori
2676 4106 2807 4160 suae,
2827 4102 2880 4147 et
2904 4093 3010 4149 sint
3026 4093 3132 4150 duo
3160 4095 3212 4149 in
3229 4110 3391 4151 carne
3414 4113 3537 4159 una.
3559 4096 3764 4173 Quam-

2162 4179 2344 4236 obrem
2387 4181 2487 4236 etsi
2531 4180 2760 4250 dicitur,
2801 4200 2941 4240 nunc
2979 4185 3111 4240 alias
3157 4201 3277 4247 esse
3319 4188 3569 4259 nuptias,
3624 4191 3764 4250 alias

2159 4288 2290 4328 vero
2318 4274 2363 4328 si
2392 4289 2549 4330 nemo
2576 4287 2849 4345 peccasset
2876 4294 2997 4335 esse
3015 4281 3283 4351 potuisse,
3326 4298 3430 4338 non
3461 4285 3763 4347 secundum

2161 4378 2344 4420 earum
2370 4376 2609 4422 naturam
2629 4410 2646 4435 ,
2678 4367 2771 4423 sed
2793 4370 3084 4428 secundum
3104 4372 3390 4443 quamdam
3419 4376 3473 4433 in
3518 4376 3760 4441 deterius

2160 4465 2418 4513 mutatam
2437 4457 2631 4514 dicitur
2647 4458 2973 4532 qualitatem.
2993 4464 3140 4521 Sicut
3161 4466 3298 4525 alius
3323 4468 3518 4533 dicitur
3531 4513 3549 4538 .
3565 4489 3765 4547 quam»

2160 4547 2243 4603 vis
2270 4549 2408 4605 idem
2433 4551 2547 4619 ipse
2571 4551 2637 4607 sit
2678 4551 2875 4622 homo,
2908 4556 2998 4631 qui
3025 4562 3310 4616 mutaverit
3350 4563 3514 4619 vitam
3556 4564 3673 4622 sive
3700 4566 3758 4624 in

2162 4641 2357 4697 melius
2381 4684 2393 4705 ,
2424 4642 2537 4698 sive
2566 4644 2619 4699 in
2650 4642 2889 4704 deterius
2913 4667 2926 4703 :
2956 4649 3100 4706 aliud
3122 4662 3205 4707 est
3227 4637 3368 4713 enim
3394 4657 3593 4729 justus,
3612 4659 3760 4718 aliud

2159 4741 2436 4804 peccator;
2461 4736 2700 4804 quamvis
2721 4737 2861 4793 idem
2883 4739 2996 4812 ipse
3016 4742 3086 4798 sit
3106 4743 3286 4801 homo.
3314 4746 3402 4804 Sic
3419 4748 3537 4807 alia:
3557 4752 3763 4822 nuntia

2160 4824 2277 4879 sine
2301 4825 2547 4895 pudenda
2591 4827 2845 4900 libidine,
2871 4831 2992 4891 alia:
3035 4849 3158 4892 cum
3200 4836 3445 4908 pudenda
3489 4840 3757 4903 libidine:

2160 4932 2280 4974 cum
2310 4930 2486 4976 tamen
2513 4924 2805 4980 secundum
2829 4928 3264 4991 constitutionem
3310 4950 3461 4997 suam
3482 4977 3501 5004 .
3529 4952 3635 5010 qna
3672 4937 3759 4996 le~

2158 5010 2345 5082 gitime
2367 5013 2706 5086 coniungitur
2733 5018 2924 5075 mulier
2941 5020 3056 5078 viro
3078 5066 3095 5093 ,
3126 5036 3183 5083 et
3222 5026 3355 5091 ﬁdes
3399 5032 3628 5091 carnalis
3659 5033 3762 5090 de-

2158 5101 2254 5157 biti
2282 5102 2349 5157 ab
2375 5102 2759 5164 adulteriorum
2790 5121 3009 5181 peccato
3042 5112 3066 5146 ⁸
3098 5128 3343 5177 servatur
3362 5122 3657 5192 immunis,
3701 5136 3763 5184 et

2160 5190 2264 5248 hoc
2291 5209 2441 5251 more
2461 5196 2695 5268 legitimo
2723 5201 2813 5256 lilii
2837 5202 3204 5274 seminantur,
3223 5211 3425 5271 easdem
3469 5214 3600 5285 uisae
3628 5190 3763 5273 sunt

2158 5291 2542 5359 nuptize,quas
2591 5292 3023 5369 Deusiustituit,
3066 5303 3311 5373 quamvis
3350 5304 3594 5369 diabolus
3645 5324 3757 5365 non
3818 5300 3826 5308 ’

2221 5398 2576 5477 1_":‘.‘ilizim'!8
2612 5404 2867 5477 meum
2887 5413 3173 5477 demumde-
3211 5417 3298 5471 νοι

2227 5460 2592 5558 imm?
2613 5460 2655 5518 ’³
2675 5460 2834 5558 ιὶίδιίες
2843 5460 3757 5558 Ξέρδάοῖίῖίίιέιηίιέῖεςῇῖὲῗνέίᾝιὲ

2174 5522 2607 5612 uelandum.
2673 5544 2785 5612 mea
2817 5522 3757 5601 mmmam“

2155 5593 2390 5665 maniam.
2406 5593 2862 5665 Benignianolibro.

2218 5648 2795 5713 ξριιὸιιιιιιιιέςηὴἱιιε.

2221 5711 2377 5793 ξηιξξο,
2398 5721 2528 5793 post,
2708 5719 2805 5793 duo
2826 5726 3136 5793 manuscripti
3161 5735 3214 5782 et
3244 5728 3490 5783 nonnulla
3511 5731 3762 5789 editiones

2156 5771 2360 5832 addunt,
2395 5771 2449 5825 επ
2471 5771 2680 5840 corpore
2695 5780 2801 5833 vitm
2823 5771 2971 5837 iam;

2425 5844 2479 5889 et
2519 5845 2628 5907 En,
2668 5843 2733 5896 ab
2773 5844 3104 5909 adulterorum
3132 5861 3339 5920 ρεεωω.
3373 5860 3764 5933 manu“.
