4012 6508
223 553 386 625 ipsas,
414 549 512 606 sed
533 547 784 606 homines
807 563 876 606 ex
913 549 1108 620 quibus
1150 549 1349 621 nuptiae
1375 549 1544 618 ﬁunt,
1594 551 1812 622 antiqua

223 641 412 716 peccati
445 641 798 712 persuasione
827 639 1164 708 sauciaverit,
1189 639 1562 697 inobedienti'ae
1587 653 1812 714 persua-

221 735 384 792 dendo
413 745 734 806 peccatum,
784 735 869 789 cui
921 749 1018 804 per
1057 733 1294 790 divinum
1332 733 1588 805 judicium
1631 735 1814 790 inube-

219 829 406 886 dientia
433 825 798 885 membrorum
819 827 1091 900 reciproca
1107 829 1452 896 redderetur;
1481 827 1533 883 in
1551 839 1654 898 qua
1679 841 1811 882 con-

217 924 412 996 jugali,
448 925 694 994 quamvis
723 923 1029 978 erubuerint
1055 921 1346 978 nuditatem
1370 935 1552 991 suam,
1599 921 1810 991 nuptia-

219 1035 326 1074 rum
353 1027 532 1074 tamen
562 1033 590 1070 a
613 1011 725 1072 Deo
751 1016 1042 1072 institutam
1065 1029 1172 1072 non
1200 1013 1508 1072 omnimodo
1525 1021 1812 1084 potuerunt

218 1111 456 1164 amittere
487 1108 799 1162 benitatetn.

280 1195 508 1260 CAPUT
537 1195 780 1256 XXXI“.
804 1229 876 1241 —
904 1199 992 1256 55.
1023 1195 1160 1255 liinc
1184 1197 1286 1254 iste
1307 1197 1480 1272 pergit
1505 1199 1572 1255 ab
1606 1199 1684 1254 eis
1720 1199 1808 1270 qui

215 1295 640 1364 conjunguntur,
681 1287 749 1348 ad
791 1307 883 1347 eos
929 1293 1018 1362 qui
1057 1293 1376 1364 gignuntur,
1419 1301 1636 1363 propter
1675 1305 1808 1362 quos

215 1385 263 1442 in
325 1387 427 1441 hac
474 1385 769 1456 quaestione
809 1385 972 1441 tantis
1010 1383 1266 1441 adversus
1313 1399 1482 1441 novos
1529 1383 1808 1442 luerelicos

215 1477 660 1549 disputationibus
689 1477 996 1534 laboramus
1025 1497 1038 1533 :
1069 1485 1122 1534 et
1142 1479 1352 1534 occulto
1383 1477 1478 1534 Dei
1498 1479 1807 1549 compulsus

209 1569 464 1626 instinctu
491 1569 620 1624 dicit
652 1567 850 1641 aliquid
873 1612 889 1638 ,
919 1569 1014 1625 ubi
1041 1579 1212 1626 totum
1260 1567 1420 1626 istum
1468 1569 1664 1626 nodum
1711 1583 1807 1626 sua

213 1659 548 1717 confessione
574 1659 839 1716 dissolvit.
873 1661 1072 1718 Volens
1099 1661 1241 1718 enim
1265 1659 1420 1718 nobis
1441 1661 1701 1734 majorem
1719 1663 1804 1718 in-

213 1755 398 1810 vidiam
428 1755 948 1826 commorere,quia
995 1755 1220 1811 dicimus
1261 1757 1419 1812 etiam
1461 1751 1528 1812 de
1557 1755 1805 1828 legitimis

211 1847 404 1918 nuptiis
433 1845 536 1900 sub
565 1859 784 1916 peccato
821 1841 1066 1916 parvulos
1115 1847 1260 1903 nasci
1292 1867 1304 1902 :
1340 1867 1358 1902 ι
1397 1847 1522 1904 illos
1569 1865 1698 1922 ergo
1729 1891 1743 1914 ,
1779 1869 1800 1904 ι

209 1937 405 2008 inquit,
439 1957 460 1990 ι
497 1939 586 2009 qui
615 1953 882 2010 nunquam
911 1939 1016 1994 nati
1041 1949 1196 2006 sunt,
1225 1941 1395 1997 bonos
1421 1939 1656 2014 potuisse
1685 1957 1804 1999 esse

211 2027 336 2084 dicis
368 2047 381 2083 :
413 2029 550 2084 istos
581 2043 713 2085 vero
741 2031 826 2101 qui
857 2029 1110 2085 mundum
1136 2031 1488 2102 impleverunt
1515 2076 1528 2098 ,
1555 2047 1650 2104 pro
1682 2033 1802 2104 qui-

211 2121 304 2175 bus
321 2121 574 2176 Christus
597 2129 836 2176 mortuus
862 2129 942 2177 est
961 2164 976 2190 ,
1006 2121 1202 2177 diaboli
1231 2137 1365 2195 opus
1407 2133 1461 2179 et
1499 2123 1566 2180 de
1615 2123 1803 2180 morbo

211 2223 358 2267 natos
377 2254 394 2280 ,
421 2222 478 2269 et
505 2213 573 2267 ab
595 2213 816 2268 exordio
851 2225 972 2268 reos
993 2213 1204 2268 deiinis.
1247 2209 1476 2270 i’robavi
1525 2215 1700 2286 itaque
1721 2257 1736 2282 ,
1777 2234 1796 2286 ι

213 2305 406 2378 inquit,
439 2325 462 2358 ι
501 2307 632 2362 nihil
667 2317 717 2362 te
739 2305 880 2361 aliud
920 2319 1078 2378 agere
1100 2349 1114 2372 ,
1138 2321 1296 2378 quam
1323 2317 1378 2362 ut
1425 2308 1592 2364 Deum
1641 2321 1802 2378 neges

211 2395 394 2454 borum
419 2441 436 2466 ,
468 2399 560 2470 qui
603 2408 762 2462 sunt,
793 2397 1068 2454 hominum
1099 2399 1452 2456 conditorem.
1489 2413 1508 2452 ι
1545 2401 1660 2472 Ego
1686 2399 1802 2472 qui-

213 2489 324 2546 dem
353 2490 690 2546 conditorem
723 2491 998 2546 hominum
1028 2491 1298 2558 omnium,
1338 2493 1578 2562 quamvis
1615 2507 1801 2549 omnes

213 2583 302 2638 sub
327 2595 555 2654 peccato
573 2593 866 2639 nascantur
885 2625 898 2648 ,
930 2591 983 2639 et
1011 2591 1228 2654 pereant
1265 2583 1366 2638 nisi
1409 2593 1760 2640 renascantur
1782 2627 1797 2651 ,

215 2687 313 2730 non
337 2675 460 2730 dico
479 2675 581 2730 nisi
607 2671 797 2730 Deum.
825 2673 1020 2730 Vitium
1059 2673 1255 2745 quippe
1295 2673 1670 2730 inseminatam
1721 2685 1802 2730 est

213 2767 556 2836 persuasione
586 2765 782 2822 diaboli
803 2810 815 2830 .
837 2779 934 2837 per
964 2767 1104 2837 quod
1129 2765 1228 2822 sub
1249 2775 1469 2837 peccato
1499 2769 1606 2824 nati
1631 2777 1756 2824 sunt
1781 2811 1796 2838 ,

213 2871 312 2912 non
337 2867 528 2914 natura
556 2859 769 2916 condita
791 2871 894 2930 qua
940 2859 1186 2914 homines
1221 2869 1364 2914 sunt.
1409 2859 1595 2915 Libido
1621 2867 1800 2916 autem

215 2949 450 3020 pudenda
477 2961 584 3005 non
607 2959 818 3005 moveat
843 2951 1080 3005 membra
1103 2993 1117 3016 ,
1149 2951 1252 3006 nisi
1274 2951 1484 3022 quando
1509 2953 1754 3006 volumus
1781 2995 1798 3020 ,

215 3049 264 3095 et
289 3053 390 3096 non
415 3053 498 3098 cst
517 3043 758 3098 morbus.
785 3039 901 3098 Non
922 3041 988 3098 de
1017 3041 1104 3098 illa
1134 3042 1412 3098 erubescat
1438 3043 1596 3098 etiam
1627 3043 1801 3100 licitus

215 3139 268 3188 et
297 3131 556 3188 honestus
595 3135 1000 3204 conjugatomm
1041 3133 1352 3190 concubitus
1377 3175 1392 3200 ,
1421 3133 1635 3190 vitando
1672 3149 1800 3190 con-

217 3237 444 3294 spectum
469 3235 522 3280 et
555 3227 855 3298 appetendo
889 3237 1176 3294 secretum,
1207 3235 1260 3282 et
1299 3237 1404 3282 non
1450 3235 1531 3281 est
1556 3226 1796 3282 morbus.

215 3315 320 3373 Non
345 3317 630 3388 prohibeat
650 3317 936 3389 Apostolus
967 3321 1018 3374 in
1043 3319 1148 3374 hoc
1169 3319 1358 3374 morbo
1375 3319 1636 3390 possideri
1668 3335 1800 3375 uxo-

215 3421 328 3473 res,
371 3417 428 3464 et
459 3421 570 3463 non
607 3419 689 3464 est
723 3409 962 3464 morbus.
988 3409 1141 3478 Quod
1179 3409 1323 3466 enim
1366 3425 1569 3481 grmcus
1597 3411 1796 3482 habet,

215 3503 418 3554 ετπάθιι
462 3505 750 3570 satrapen,
803 3501 894 3556 alii
931 3501 1094 3557 latine
1141 3501 1474 3572 interpretati
1532 3511 1694 3572 sunt,
1742 3505 1798 3559 in

213 3591 374 3644 morbo
403 3591 644 3646 desiderii
664 3633 680 3661 ,
703 3591 784 3648 vel
813 3593 1270 3664 concupiscentia;
1299 3595 1389 3649 alii
1416 3609 1542 3650 vero
1566 3637 1580 3661 ,
1607 3597 1664 3649 in
1683 3611 1802 3668 pas-

215 3681 343 3736 sione
369 3683 794 3753 concupiscentia:
819 3681 864 3758 (l
899 3683 1074 3739 Thess.
1103 3699 1158 3740 tv
1180 3728 1195 3753 ,
1228 3683 1314 3756 5),
1339 3685 1424 3742 vel
1465 3685 1514 3742 si
1540 3701 1646 3757 quo
1689 3687 1798 3743 alio

215 3774 364 3829 modo
413 3773 470 3830 in
515 3775 638 3831 aliis
685 3781 845 3848 atque
896 3777 1014 3832 aliis
1061 3777 1331 3833 codicibus
1359 3779 1628 3834 invenitur
1657 3795 1672 3836 :
1703 3779 1798 3834 sed

215 3875 382 3942 passio
409 3875 464 3929 in
485 3875 664 3945 lingua
691 3873 852 3930 latina
877 3916 893 3943 ,
919 3876 1152 3930 maxime
1177 3887 1276 3930 usu
1315 3875 1566 3947 loquendi
1620 3875 1797 3931 eccle-

213 3963 420 4022 siastico
443 4007 460 4034 ,
495 3981 608 4022 non
631 3965 735 4022 nisi
765 3967 782 3998 ⁸
809 3965 874 4024 ad
921 3967 1361 4040 vituperationem
1393 3965 1670 4024 consuevit
1714 3967 1797 4024 in-

211 4057 384 4129 leiiigi.

279 4151 364 4206 56.
401 4147 699 4219 Quodlibet
747 4157 925 4206 autem
961 4147 1032 4206 de
1078 4151 1323 4222 pudenda
1363 4149 1798 4222 concupiscentia

213 4245 377 4302 carnis
405 4247 512 4301 iste
554 4245 769 4314 sentiat,
795 4245 862 4300 de
911 4245 1168 4315 parvulis,
1211 4259 1312 4317 pro
1341 4243 1530 4316 quibus
1582 4243 1798 4300 labora-

209 4349 344 4404 mus,
375 4347 436 4394 ut
464 4337 734 4394 salvatore
773 4337 1011 4409 indigere
1040 4335 1346 4403 credantur,
1375 4349 1442 4392 ne
1471 4337 1588 4393 sine
1628 4337 1799 4392 salute

211 4433 520 4499 moriantur,
549 4431 765 4489 attende
807 4431 932 4503 quid
975 4431 1170 4488 dixerit
1198 4449 1210 4486 :
1243 4429 1404 4487 verba
1434 4431 1552 4504 ejus
1589 4437 1794 4500 repeto.

209 4521 334 4582 Ilios
361 4545 502 4600 ergo,
533 4525 738 4597 inquit,
767 4526 854 4599 qui
893 4535 1158 4598 nunquam
1201 4523 1307 4578 nati
1347 4529 1484 4592 sunt,
1519 4521 1674 4578 bonos
1702 4537 1797 4594 po-

211 4620 358 4675 tuisse
397 4635 506 4674 esse
547 4619 718 4674 dicis:
746 4619 868 4673 istos
901 4629 1016 4672 vero
1057 4619 1143 4689 qui
1171 4615 1416 4672 mundum
1440 4615 1792 4688 impleverunt,

209 4725 298 4780 pro
329 4713 508 4782 quibus
549 4709 780 4768 Christus
825 4719 1050 4766 mortuus
1096 4721 1189 4780 est,
1239 4710 1428 4766 diaboli
1469 4727 1615 4782 Opus,
1646 4721 1694 4764 et
1736 4709 1798 4764 de

207 4804 378 4858 morbo
417 4813 591 4872 natos,
638 4811 682 4859 et
726 4805 786 4859 ab
811 4805 1018 4859 exordio
1047 4819 1160 4858 reos
1199 4801 1399 4882 deﬁnias.
1425 4799 1471 4858 0
1500 4803 1544 4858 si
1595 4799 1794 4858 nodum

206 4895 408 4950 solvat”
459 4897 620 4951 etiam
667 4895 1045 4962 contentionis,
1087 4895 1356 4966 quomodo
1398 4891 1596 4948 nodum
1641 4891 1799 4949 Solvit

203 4985 358 5041 istius
383 4983 735 5060 quaestionis!
767 4987 1037 5060 Numquid
1067 4985 1210 5043 enim
1237 5001 1298 5043 se
1333 4985 1493 5042 modo
1533 4983 1600 5042 de
1623 4985 1798 5056 majo-

199 5079 354 5135 ribus
399 5079 500 5134 ista
551 5078 788 5134 locutum
833 5093 954 5136 esse
996 5079 1235 5134 dicturus
1265 5077 1384 5134 est?
1428 5075 1506 5134 De
1557 5079 1797 5150 parvulis

197 5171 398 5242 agitur,
431 5171 500 5227 de
523 5171 867 5228 nascentibus
892 5171 1084 5243 agitur,
1123 5167 1190 5227 de
1226 5171 1310 5226 his
1337 5167 1546 5240 nobis‘,
1577 5171 1698 5240 quia
1717 5170 1798 5226 rei

193 5261 274 5322 Ib
301 5263 524 5321 exordio
553 5263 879 5321 deﬁniuntur
920 5279 950 5320 a
980 5263 1154 5330 nobis,
1195 5265 1264 5320 ab
1293 5265 1385 5320 illo
1421 5263 1615 5319 invidia
1645 5277 1796 5319 com-

191 5367 471 5424 movetur,
502 5357 624 5430 quia
651 5371 745 5414 eos
774 5357 1000 5414 dicimus
1037 5371 1179 5427 reos,
1208 5369 1306 5428 pro
1336 5345 1528 5429 quibus
1552 5355 1798 5414 Christus

189 5459 448 5505 mortuus
467 5457 572 5504 est.
606 5445 714 5503 Cur
739 5463 868 5518 ergo
897 5463 994 5522 pro
1024 5449 1126 5504 illis
1154 5447 1399 5517 Christus
1427 5459 1668 5504 mortuus
1691 5459 1793 5520 est,

185 5543 240 5598 si
295 5557 405 5598 non
453 5551 578 5598 sunt
621 5537 748 5598 rei?
790 5541 917 5598 inde
965 5555 1220 5612 prorsus,
1265 5541 1388 5597 inde
1437 5541 1796 5600 obtinebimus

185 5651 446 5706 causam,
467 5635 611 5692 unde
651 5635 984 5692 excitandam
1015 5636 1216 5707 putavit
1244 5635 1521 5692 invidiam.
1563 5635 1679 5708 ipse
1714 5635 1796 5692 di-

254 5777 290 5844 i_
321 5781 424 5824 Am.
452 5781 521 5844 _e_t
563 5787 740 5844 omnes
771 5775 1088 5844 manuscripti
1101 5810 1117 5836 ,
1151 5789 1247 5828 non
1277 5776 1342 5828 ad
1379 5777 1790 5844 uituperationem,

182 5835 537 5908 aliissonisi;
557 5837 688 5902 quod
705 5835 1029 5908 [ovantenses
1047 5835 1109 5908 ab
1133 5845 1322 5892 Erasmo
1345 5835 1584 5906 adjectum
1603 5835 1795 5908 putant.

253 5903 284 5933 ⁸
325 5899 492 5950 Plures
507 5897 642 5958 tisi,
660 5909 699 5950 Ο
716 5897 786 5952 sic
807 5899 989 5950 nodum
1010 5899 1176 5952 solvat.

249 5963 286 5999 ³
319 5967 428 6016 Am.
449 5971 526 6015 tu.
552 5970 606 6017 ct
622 5961 842 6014 nonnulli
861 5969 998 6028 uss,
1016 5961 1168 6018 natis.

1522 433 1727 490 LIBER
1763 431 2140 504 SECUNDUS.

3407 441 3515 498 470

1922 550 2012 618 cit,
2060 550 2323 617 Quomodo
2364 551 2438 608 rei
2479 563 2593 610 sunt
2645 551 2860 626 parvuli,
2909 571 3006 630 pro
3054 557 3232 630 quibus
3277 555 3510 616 Christus

1919 653 2145 697 mortuus
2185 643 2296 698 est?
2335 643 2445 700 Nos
2485 645 2914 717 respondemus:
2955 648 3072 705 imo
3121 649 3328 721 parvuli
3374 665 3512 723 quu-

1915 735 2078 818 modo
2105 736 2183 792 rei
2215 749 2320 792 non
2347 747 2491 808 sunt,
2521 751 2618 810 pro
2641 741 2831 812 quibus
2847 737 3094 801 Christus
3121 753 3367 802 mortuus
3389 747 3514 801 est“!

1913 823 2020 880 Ista
2079 830 2448 884 controversia
2506 829 2738 901 judicem
2800 833 3043 904 quaerit‘.
3109 835 3323 894 Judicet
3376 851 3506 910 erg)

1913 915 2176 984 Christus,
2207 931 2260 974 et
2286 921 2372 975 cui
2409 921 2486 976 rei
2521 937 2670 978 mors
2693 925 2807 994 ejus
2847 928 3154 998 profecerit,
3185 929 3300 1000 ipse
3338 929 3504 986 dicat.

1867 1061 1872 1066 .
1917 1005 2018 1064 Hic
2047 1021 2138 1078 est,
2173 1013 2366 1083 inquit,
2399 1017 2605 1087 sanguis
2635 1033 2795 1086 meus,
2833 1019 2920 1087 qui
2958 1035 3048 1092 pro
3074 1025 3244 1080 multis
3273 1023 3506 1090 cﬂ'unde-

1859 1095 1870 1152 Τ
1917 1105 1996 1154 tur
2029 1103 2078 1156 in
2110 1105 2454 1160 mitissimam
2493 1119 2809 1177 peccatorum
2837 1109 3045 1181 (Matth.
3077 1125 3228 1179 nrt,
3263 1115 3382 1188 28).
3409 1115 3508 1171 Ju-

1913 1193 2053 1248 dicet
2079 1209 2197 1249 cum
2228 1197 2319 1252 illo
2348 1205 2400 1251 et
2438 1199 2746 1269 Apostolus,
2780 1201 2900 1272 quia
2941 1211 2997 1257 et
3021 1204 3072 1258 in
3105 1205 3359 1275 Apostoio
3388 1207 3504 1278 ipse

1866 1357 1872 1364 _
1911 1283 2145 1356 loquitur
2170 1287 2433 1344 Christus.
2459 1289 2668 1346 Clamat
2699 1301 2752 1347 et
2779 1293 2907 1347 dicit
2941 1293 3008 1350 de
3045 1295 3154 1350 Deo
3191 1295 3367 1362 Patre,
3403 1295 3504 1364 Qui

1879 1435 1882 1438 ἠ
1912 1377 2119 1448 proprio
2151 1375 2292 1433 Filio
2323 1395 2424 1434 non
2459 1383 2700 1454 pepercit,
2729 1383 2818 1436 sed
2843 1399 2936 1454 pro
2964 1383 3108 1439 nobis
3137 1385 3368 1441 omnibus
3400 1398 3504 1441 tra-

1912 1465 2042 1521 didit
2077 1485 2189 1522 eum
2216 1468 2389 1542 (Rom.
2423 1487 2534 1540 vm,
2567 1470 2680 1546 ⁸52).
2719 1473 2856 1530 Ριιιο
2893 1475 3036 1546 quod
3073 1477 3146 1532 ita
3176 1479 3316 1534 dicat
3343 1479 3504 1535 Chri-

1910 1567 2050 1614 stum
2085 1561 2332 1616 traditum
2383 1577 2480 1633 pro
2507 1566 2754 1622 omnibus
2797 1567 2971 1634 nobis,
3001 1575 3059 1624 ut
3101 1571 3153 1625 in
3199 1569 3300 1627 hac
3341 1583 3500 1628 causa

1909 1655 2114 1725 parvuli
2159 1669 2262 1712 non
2309 1667 2624 1728 separentur
2651 1675 2680 1714 a
2711 1661 2883 1716 nobis.
2933 1659 3039 1718 Sed
3077 1663 3203 1734 quid
3244 1677 3378 1737 opus
3419 1675 3504 1721 ρει

1875 1785 1880 1790 η
1909 1747 2034 1803 hinc
2065 1757 2324 1820 satagere,
2359 1751 2500 1807 unde
2523 1751 2632 1822 jam
2664 1765 2764 1808 nec
2789 1753 2890 1808 iste
2915 1755 3222 1811 contendit:
3257 1755 3500 1828 quando-

1910 1841 2124 1910 quidem
2173 1855 2280 1897 non
2321 1844 2494 1898 solum
2536 1843 2817 1900 conﬁtetur
2851 1855 3122 1902 mortuum
3152 1847 3314 1904 tuisse
3341 1851 3504 1906 etiam

1909 1947 2007 2002 pro
2033 1933 2265 2003 parvulis
2295 1933 2590 2004 Christum,
2620 1953 2803 1992 verum
2835 1937 2992 1992 etiam
3025 1937 3149 1993 inde
3179 1949 3276 1994 nos
3304 1937 3500 2012 arguit,

1909 2025 2050 2094 quod
2077 2025 2292 2081 eosdem
2323 2029 2571 2097 parvulos
2599 2043 2718 2084 reos
2741 2027 2985 2096 dicimus,
3017 2043 3113 2100 pro
3143 2029 3334 2101 quibus
3357 2047 3500 2086 mor-

1907 2126 2030 2174 tuus
2059 2127 2139 2173 est
2165 2117 2442 2174 Christus?
2487 2119 2602 2174 iam
2653 2121 2832 2192 itaque
2879 2123 3168 2192 Apostolus
3210 2123 3300 2194 qui
3339 2121 3494 2192 dixit,

1905 2215 2006 2280 pro
2049 2209 2204 2265 nobis
2242 2211 2504 2266 omnibus.
2533 2211 2791 2267 traditum
2823 2213 3118 2282 Christum,
3149 2213 3291 2270 dicat
3337 2215 3500 2271 etiam

1909 2315 2074 2372 quare
2113 2303 2185 2358 sit
2225 2317 2325 2373 pro
2368 2305 2523 2360 nobis
2571 2303 2794 2360 traditus
2820 2305 3086 2363 Christus.
3137 2305 3380 2363 Traditus
3408 2313 3497 2376 est,

1887 2389 2111 2464 ﬁiuquit,
2156 2403 2359 2464 propter
2406 2395 2590 2450 delicta
2635 2407 2830 2464 nostra,
2887 2407 2934 2452 et
2979 2399 3254 2454 resurrexit
3296 2407 3504 2471 propter

1897 2483 2316 2555 justiﬁcationem
2353 2497 2578 2542 nostram
2621 2487 2735 2560 (Id.
2767 2507 2839 2558 tv,
2871 2489 2988 2564 25).
3038 2491 3094 2547 Si
3137 2491 3318 2562 igitur,
3363 2493 3505 2548 sicut

1903 2575 2007 2630 iste
2033 2583 2086 2630 et
2109 2578 2412 2644 conﬁtetur,
2445 2585 2501 2634 et
2521 2579 2855 2650 proiitetur‘,
2887 2591 2941 2638 et
2967 2583 3117 2652 dicit,
3140 2593 3192 2640 et
3213 2583 3416 2656 objicit,
3446 2585 3502 2641 in

1907 2665 1985 2722 eis
2016 2675 2138 2722 sunt
2181 2677 2234 2724 et
2277 2671 2483 2740 parvuli
2515 2685 2611 2742 pro
2639 2673 2830 2743 quibus
2861 2673 3084 2730 traditus
3115 2683 3195 2730 est
3229 2673 3498 2742 Christus,

1895 2767 1960 2814 'et
2003 2771 2228 2833 propter
2256 2761 2448 2818 delicta
2499 2775 2679 2820 nostra
2729 2765 2953 2822 traditus
2985 2773 3070 2822 est
3093 2767 3370 2835 Christus;
3403 2767 3501 2824 ha-

1889 2849 2033 2907 bent
2059 2851 2298 2922 proiecto
2329 2865 2382 2911 et
2409 2858 2614 2926 parvuli
2639 2857 2831 2914 delicta
2857 2860 3153 2932 originalia,
3187 2873 3284 2932 pro
3309 2863 3500 2934 quibus

1905 2943 2132 3001 traditus
2175 2955 2258 3003 est
2283 2947 2524 3004 Christus
2560 2965 2572 3003 :
2611 2949 2771 3006 habet
2799 2951 2939 3022 quod
2979 2953 3030 3008 in
3062 2953 3140 3010 eis
3183 2963 3354 3022 sanet,
3383 2955 3496 3025 qui,

1905 3037 2046 3092 sicut
2087 3039 2201 3108 ipse
2242 3037 2336 3106 ait,
2371 3055 2476 3095 non
2512 3051 2584 3096 est
2627 3057 2754 3115 Opus
2796 3045 2940 3099 sanis
2975 3045 3218 3112 medicus,
3246 3045 3334 3100 sed
3369 3043 3504 3102 rnale

1905 3127 2202 3184 habentibus
2235 3129 2446 3204 (Matth.
2479 3147 2556 3200 rx,
2591 3131 2680 3205 i2)
2709 3153 2724 3189 :
2757 3135 2920 3190 habet
2956 3149 3054 3192 cur
3091 3151 3184 3192 eos
3209 3137 3384 3192 salvos
3423 3135 3502 3192 fa-

1904 3221 2029 3290 ciat,
2051 3225 2140 3294 qui
2163 3223 2294 3278 venit
2315 3223 2370 3279 in
2393 3227 2654 3292 mundum,
2677 3229 2816 3284 sicut
2835 3229 2963 3284 dicit
2981 3229 3251 3302 apostolus
3279 3227 3498 3298 Paulus,

1905 3323 2190 3385 peccatores
2219 3317 2384 3372 salvos
2413 3323 2580 3390 facere
2609 3317 2664 3392 (Ι
2699 3319 2828 3376 Tim.
2859 3335 2896 3390 ι,
2931 3323 3019 3396 15)
3046 3341 3057 3375 :
3089 3323 3250 3379 habet
3273 3321 3416 3396 quod
3441 3325 3500 3379 in

1903 3407 1983 3462 eis
2021 3405 2278 3477 remittat,
2305 3409 2396 3480 qui
2425 3411 2737 3482 sanguinem
2760 3427 2819 3469 se
2847 3409 3045 3469 fudisse
3071 3423 3297 3470 testatur
3321 3416 3377 3469 in
3412 3431 3500 3470 re-

1889 3495 2198 3556 ”missianem
2221 3512 2540 3574 peccatorum
2567 3519 2588 3560 :
2632 3505 2794 3562 habet
2819 3517 3035 3578 propter
3061 3510 3202 3579 quod
3227 3524 3322 3566 eos
3350 3525 3498 3580 quae-

1903 3602 2008 3660 rat,
2040 3595 2134 3665 qui
2162 3595 2315 3663 venit,
2347 3606 2403 3652 ut
2441 3595 2589 3666 dicit,
2621 3613 2844 3669 quwrere
2867 3611 2914 3654 et
2939 3599 3133 3654 salvum
3161 3606 3327 3672 facere
3364 3601 3499 3673 quod

1905 3685 2118 3756 perierat
2147 3683 2294 3758 (Luc.
2329 3701 2440 3754 xxx,
2475 3687 2564 3760 10)
2591 3707 2605 3743 :
2639 3689 2801 3746 habet
2833 3691 2974 3762 quod
3006 3693 3058 3746 in
3099 3692 3177 3748 eis
3203 3691 3373 3747 solvat
3399 3691 3496 3754 Fi-

1901 3775 2008 3832 iius
2051 3777 2167 3845 Dei,
2207 3779 2298 3849 qui
2339 3789 2618 3851 propterea
2661 3781 2836 3848 venit,
2867 3783 3003 3838 sicut
3049 3783 3178 3840 dicit
3222 3783 3496 3855 apostolus

1905 3865 2158 3938 Joannes,
2192 3881 2248 3925 ut
2275 3871 2437 3928 solvat
2459 3889 2616 3945 opera
2647 3875 2836 3930 diaboli
2877 3877 2929 3949 (l
2957 3875 3115 3932 Joan.
3149 3893 3225 3948 tu,
3256 3877 3331 3952 8).
3361 3877 3496 3936 Huic

1905 3973 2031 4033 ergo
2061 3963 2400 4034 parvulorum
2429 3967 2582 4022 saluti
2629 3967 2874 4024 inimicus
2917 3977 3019 4038 est,
3056 3971 3146 4040 qui
3186 3985 3370 4026 eorum
3419 3971 3499 4026 sic

1903 4059 2096 4112 asserit
2138 4057 2527 4126 innocentiam,
2559 4069 2617 4115 ut
2647 4061 2897 4117 sauciatis
2938 4069 2992 4118 et
3017 4063 3312 4120 vulneratis
3339 4075 3500 4136 neget

1903 4149 2266 4204 necessariam
2293 4149 2634 4206 medicinam.

1977 4239 2202 4297 CAPUT
2238 4239 2563 4298 XXXlV.——
2591 4243 2680 4299 57.
2720 4243 2838 4300 Jam
2876 4243 3018 4316 quod
3048 4249 3286 4318 sequitur
3315 4259 3369 4303 et
3397 4249 3496 4304 ad—

1898 4333 2092 4406 iungit,
2122 4336 2358 4392 attende.
2389 4337 2451 4392 Si
2490 4339 2636 4392 ante’
2675 4347 2955 4412 peccatum,
2993 4335 3186 4410 inquit,
3215 4357 3305 4410 per
3331 4337 3496 4396 Deum

1903 4433 2125 4481 creatum
2173 4435 2242 4482 est
2281 4425 2414 4482 unde
2442 4431 2667 4484 homines
2715 4441 3056 4500 nascerentur,
3107 4451 3196 4504 per
3238 4431 3494 4488 diabolum

1903 4529 2068 4574 autem
2105 4523 2242 4574 unde
2283 4529 2513 4590 parentes
2552 4531 3002 4592 commoverentur,
3031 4521 3342 4577 adscribetur
3387 4525 3497 4579 sine

1904 4607 2053 4664 dubio
2082 4611 2320 4666 sanctitas
2347 4611 2666 4667 nascentibus
2693 4621 2738 4667 et
2765 4611 2916 4684 culpa
2943 4615 3315 4687 generantibus.
3344 4611 3490 4681 Quod

1903 4703 2020 4774 quia
2057 4703 2460 4775 numifestissime
2486 4705 2684 4775 nuptias
2708 4689 2946 4774 danntat,
2969 4715 3190 4761 amuveto
3217 4705 3348 4760 hunc
3377 4726 3496 4762 sen-

1903 4801 2035 4860 sum,
2069 4807 2263 4865 precor,
2289 4799 2351 4848 de
2379 4791 2721 4850 Ecclesiarum
2747 4797 2930 4862 medio,
2965 4811 3009 4860 et
3036 4805 3148 4852 vere
3172 4799 3359 4854 credito
3380 4801 3498 4872 quia

1904 4897 1992 4958 per
2015 4885 2192 4940 Iesum
2229 4881 2486 4942 Christum
2530 4889 2665 4960 facta
2706 4901 2822 4944 sunt
2846 4899 3036 4959 annua,
3070 4899 3116 4945 et
3139 4893 3245 4946 sine
3271 4897 3379 4964 ipsa
3420 4895 3502 4964 [a-

1903 4987 2038 5034 ctum
2082 4989 2152 5034 est
2196 4979 2322 5035 nihil
2352 4979 2528 5050 (Joan.
2562 4985 2601 5050 ι,
2633 4983 2710 5054 '5).
2755 4981 2824 5038 ita
2873 4983 2976 5040 hoc
3015 4986 3165 5052 dicit,
3206 4989 3356 5058 quasi
3399 5005 3497 5044 nos

1903 5069 2167 5138 dicamus,
2198 5085 2296 5143 per
2350 5071 2620 5129 diabolum
2661 5073 2858 5146 aliquid
2903 5077 3212 5134 substantia)
3259 5094 3498 5136 creatum

1901 5164 1960 5221 in
2011 5165 2333 5221 hominibus.
2386 5165 2659 5223 Persuasit
2707 5167 2906 5224 malum
2955 5171 3197 5227 diabolus
3247 5179 3495 5244 tanquam

1903 5267 2202 5330 peccatum,
2234 5273 2338 5312 non
2369 5261 2572 5315 creavit
2613 5267 2865 5332 tanquam
2896 5273 3160 5320 naturam.
3193 5266 3294 5321 Sed
3342 5269 3498 5335 plane

1904 5349 2144 5405 naturai"
2169 5351 2454 5422 persuasit,
2473 5353 2598 5423 quia
2623 5349 2785 5410 homo
2813 5361 3000 5411 natura
3028 5367 3131 5426 est,
3154 5367 3207 5413 et
3233 5357 3352 5412 ideo
3376 5371 3495 5414 eam

1903 5441 2276 5518 persuadendo
2303 5443 2527 5500 vitiavit.
2571 5445 2676 5515 Qui
2714 5449 2855 5503 enim
2900 5451 3160 5516 vulnerat,
3205 5463 3310 5503 non
3347 5460 3499 5504 creat

1905 5535 2166 5604 membra,
2195 5535 2291 5593 sed
2315 5535 2527 5593 vexat“.
2559 5537 2664 5596 Sed
2685 5540 2903 5596 vulnera
2923 5557 3042 5613 quae
3067 5541 3378 5613 corporibus
3413 5541 3499 5598 ia-

1963 5783 1989 5847 ξ
2019 5781 2222 5844 Benign.
2241 5787 2323 5830 iis.
2341 5779 2588 5847 praeterit,
2611 5787 2659 5834 et
2681 5779 2952 5847 proﬁtetur.

1969 5844 1990 5907 ἓ
2024 5850 2122 5907 Am.
2153 5851 2224 5891 Er.
2251 5852 2304 5893 et
2326 5844 2494 5905 plures
2513 5854 2642 5907 Mss,
2661 5844 2702 5896 si
2725 5844 2903 5896 autem.

1967 5905 1993 5966 ξ
2024 5905 2192 5956 Plures
2211 5913 2340 5966 Mss,
2367 5915 2607 5957 naturam.

1861 5999 1870 6002 -
1973 5963 1996 6000 ⁵
2025 5971 2224 6030 Quidam
2244 5963 2352 6032 515.,
2374 5971 2460 6022 sed
2483 5969 2632 6022 vitiat.
