4012 6474
522 467 622 524 471

528 583 832 655 lliguntur’,
858 578 1099 636 membra
1131 575 1330 631 faciunt
1354 572 1673 641 claudicare,
1701 572 1787 628 vel
1827 585 1967 644 azgre
1995 584 2114 626 mo-

523 678 658 746 veri,
695 692 800 732 non
830 689 948 730 eam
977 673 1229 728 virtutem
1266 684 1372 742 qua
1396 668 1606 740 justus'
1647 675 1731 723 est
1759 665 1958 720 homo:
1991 665 2113 718 vul-

524 785 625 825 nus
649 778 847 834 autem,
872 764 1010 837 quod
1039 770 1316 836 peccatum
1339 769 1578 827 vocatur,
1612 759 1780 831 ipsam
1811 759 1973 812 vitam
1999 755 2116 811 vul-

522 869 694 926 nerat,
735 875 838 930 qua
877 867 1022 914 recte
1063 857 1356 912 vivebatur.
1387 854 1502 909 Hoc
1543 860 1720 907 autem
1763 849 1949 905 valde’
1991 860 2116 906 tunc

523 951 694 1020 majus
736 959 896 1021 atque
939 950 1098 1005 altius
1140 948 1382 1004 diabolus
1423 944 1632 1008 inﬂixit,
1659 958 1816 1014 quam
1848 949 1974 997 sunt
2014 940 2114 996 ista

525 1043 833 1098 hominibus
873 1054 996 1098 nota
1041 1050 1277 1113 peccata.
1309 1039 1458 1096 Unde
1485 1037 1576 1092 illo
1609 1050 1803 1106 magno
1832 1034 1986 1104 primi
2019 1034 2116 1088 ho-

524 1135 684 1190 minis
711 1145 950 1205 peccato,
983 1145 1169 1188 natura
1207 1132 1276 1188 ibi
1319 1139 1498 1186 nostra
1528 1130 1580 1183 in
1609 1126 1844 1183 deterius
1871 1140 2113 1181 commu-

523 1235 660 1293 tata,
710 1242 814 1280 non
865 1227 1037 1280 solmn
1082 1225 1217 1279 facta
1263 1233 1344 1278 est
1390 1220 1677 1292 peccatrix,
1727 1233 1909 1273 verum
1954 1217 2114 1272 etiam

522 1318 775 1388 generat‘
806 1327 1142 1388 peceatores;
1181 1325 1236 1370 et
1263 1324 1437 1370 tamen
1461 1313 1574 1382 ipse
1600 1312 1822 1380 languor
1848 1323 1953 1378 quo
1976 1309 2114 1362 bene

521 1409 736 1464 vivendi
769 1411 934 1464 virtus
966 1409 1141 1478 periit,
1169 1421 1276 1460 non
1317 1415 1399 1459 est
1439 1405 1618 1472 utique
1660 1414 1866 1467 natura,
1903 1401 1997 1455 sed
2039 1399 2112 1453 vi-

522 1502 654 1554 tium
687 1517 701 1554 :
744 1501 880 1555 sicut
921 1509 1068 1554 certe
1099 1498 1235 1552 mala
1268 1497 1318 1551 in
1347 1511 1574 1568 corpore
1600 1495 1869 1560 valetudo,
1903 1508 2008 1549 non
2033 1500 2116 1548 est

521 1591 629 1646 ulla
671 1592 966 1647 substantia
995 1591 1078 1646 vel
1107 1601 1315 1655 natura,
1343 1588 1441 1644 sed
1487 1587 1709 1652 vitium;
1755 1595 1809 1642 et
1851 1585 1973 1640 licet
2006 1600 2113 1640 non

519 1694 752 1752 semper,
799 1693 977 1738 tamen
1011 1682 1323 1753 plerumque
1350 1679 1505 1734 mala:
1545 1677 1879 1733 valetudines
1921 1691 2110 1747 paren-

523 1784 634 1829 tum
677 1777 1057 1846 ingenerantur
1087 1772 1504 1846 quodammodo,
1533 1779 1587 1829 et
1611 1779 1872 1842 apparent
1910 1769 1965 1824 in
1991 1784 2112 1825 cor-

524 1867 742 1926 ooribus
771 1868 1022 1923 liliorum.

596 1959 685 2014 ‘38.
727 1959 838 2014 Hoc
870 1969 1048 2015 autem
1088 1965 1386 2030 peccatum,
1429 1955 1575 2027 quod
1620 1953 1798 2026 ipsum
1843 1955 2115 2010 hominem

523 2052 578 2106 in
605 2051 852 2122 paradiso
881 2051 934 2106 in
962 2050 1112 2123 pejus
1140 2049 1385 2118 mutavit,
1410 2049 1532 2120 quia
1564 2049 1731 2104 multo
1759 2057 1841 2104 est
1861 2047 2116 2119 grandius

521 2161 679 2216 quam
727 2145 970 2216 judicare
1025 2160 1122 2201 nos
1180 2158 1484 2215 possumus,
1537 2142 1605 2198 ab
1664 2141 1812 2198 omni
1862 2149 2116 2197 nascente

523 2238 771 2304 trahitur,
809 2252 910 2293 nec
956 2237 1056 2293 nisi
1105 2237 1158 2292 in
1209 2244 1522 2292 renascente
1571 2234 1893 2300 remittitur;
1946 2233 2016 2289 ita
2058 2243 2117 2289 ut

521 2334 681 2386 etiam
708 2331 776 2388 de
805 2331 1114 2402 parentibus
1134 2330 1246 2400 jam
1277 2330 1496 2396 renatis,
1527 2328 1579 2383 in
1604 2327 1795 2399 quibus
1833 2327 2116 2382 remissum

521 2432 682 2494 atque
727 2432 924 2479 tectum
971 2431 1082 2489 est,
1127 2421 1368 2478 trahatur
1419 2421 1475 2476 in
1522 2427 1727 2478 reatum
1782 2418 2115 2475 nascentium

524 2515 776 2582 filiorum,
806 2517 907 2571 nisi
946 2523 1002 2572 et
1042 2515 1208 2588 ipsos,
1241 2529 1377 2586 quos
1404 2514 1573 2586 prima
1607 2513 1838 2568 carnalis
1866 2511 2116 2568 nativitas

521 2607 794 2679 obligavit,
829 2607 1061 2664 secunda
1091 2605 1382 2678 Spiritualis
1420 2603 1686 2660 absolvat.
1718 2601 1882 2673 Cujus
1911 2603 1989 2658 rei
2015 2601 2118 2657 mi-

522 2701 724 2767 rabilis,
765 2700 1010 2756 mirabile
1052 2697 1276 2756 Creator
1315 2699 1369 2754 in
1425 2697 1566 2753 oliva
1611 2704 1668 2752 et
1707 2695 1942 2751 oleastro
1989 2710 2115 2766 pro-

522 2789 672 2846 duxit
700 2791 1024 2860 exemplum,
1055 2790 1141 2845 ubi
1185 2806 1290 2844 non
1336 2788 1509 2844 solum
1557 2802 1623 2843 ex
1650 2787 1888 2853 oleastri,
1932 2803 2115 2842 verum

523 2881 683 2936 etiam
723 2897 789 2938 ex
839 2882 995 2936 oliva:
1044 2881 1248 2937 sen‘iine
1300 2877 1512 2934 nonnisi
1576 2878 1808 2934 oleaster
1858 2879 2114 2934 exoritur.

523 2974 858 3046 Quapropter
882 2975 1125 3046 quamvis
1154 2982 1209 3029 et
1257 2973 1309 3028 in
1357 2971 1664 3028 hominibus
1711 2981 1900 3027 natura
1950 2987 2116 3044 gene-

523 3067 674 3130 ratis,
723 3067 893 3138 gratia
939 3065 1297 3138 regeneratis,
1341 3065 1412 3120 sit
1457 3065 1558 3120 ista
1600 3065 1830 3120 carnalis
1857 3067 2114 3135 concupi-

524 3159 727 3214 scentia
754 3173 1056 3230 repugnans
1097 3157 1200 3228 legi
1237 3156 1469 3212 mentis:
1501 3164 1678 3211 tamen
1725 3155 1848 3226 quia
1893 3157 2116 3212 remissa

524 3258 607 3304 est
633 3249 684 3304 in
714 3250 1030 3306 remissione
1057 3256 1419 3321 peccatorum,
1452 3262 1556 3302 non
1583 3247 1695 3317 jam
1743 3247 1845 3302 illis
1890 3248 1940 3302 in
1987 3263 2115 3318 pec-

524 3353 702 3399 catum
733 3352 1029 3414 reputatur,
1049 3357 1149 3398 nec
1178 3351 1335 3398 nocet
1363 3340 1582 3411 aliquid,
1611 3341 1713 3396 nisi
1739 3341 1856 3411 ejus
1884 3341 2118 3397 motibus

523 3434 588 3489 ad
620 3435 795 3490 illicita
832 3435 1217 3491 consentiatur.
1253 3433 1440 3489 Proles
1466 3447 1595 3488 vero
1619 3447 1827 3497 eorum,
1857 3431 1980 3502 quia
2009 3446 2116 3487 non

527 3543 621 3596 per
663 3527 1019 3597 spiritualem,
1048 3526 1142 3582 sed
1193 3541 1289 3596 per
1329 3523 1597 3580 carnalem
1629 3523 2113 3592 concupiscentiam

522 3619 835 3682 seminatur,
868 3619 1009 3673 velut
1035 3633 1100 3672 ex
1129 3618 1216 3672 illa
1261 3617 1398 3672 oliva
1427 3614 1644 3686 quidam
1689 3615 1856 3670 nostri
1903 3615 2117 3685 generis

523 3711 775 3770 oleaster,
804 3710 880 3763 sic
906 3709 1029 3764 inde
1069 3718 1272 3764 reatum
1301 3706 1572 3763 nascendo
1598 3706 1777 3772 trahit,
1812 3715 1869 3761 ut
1900 3708 1999 3762 nisi
2031 3722 2117 3763 re-

524 3802 796 3857 nascendo
821 3802 1037 3858 liberari
1075 3803 1144 3857 ab
1168 3801 1258 3856 illa
1286 3807 1439 3871 peste
1475 3816 1582 3857 non
1611 3802 1799 3871 possit.
1837 3801 2117 3870 Quomodo

523 3908 652 3962 ergo
674 3892 906 3947 affirmat
938 3893 1036 3948 iste
1063 3907 1159 3946 nos
1194 3890 1504 3948 adscribere
1531 3893 1864 3947 sanctitatem
1891 3908 2116 3949 nascen-

525 3985 680 4048 tibus,
720 3994 774 4040 ct
819 3985 1026 4056 culpam
1078 3983 1485 4055 generantibus;
1527 3999 1649 4040 cum
1699 3985 1874 4055 potius
1921 3986 2117 4041 veritas

523 4085 802 4141 monstret,
841 4076 942 4131 e‘lsi
969 4074 1160 4130 fuerit'
1193 4076 1448 4131 sanctitas
1489 4075 1542 4130 in
1586 4076 1982 4146 generantibus,
2010 4079 2118 4133 ori-

522 4167 752 4238 ginalem
785 4167 994 4238 culpam
1023 4167 1199 4223 inesse
1228 4167 1592 4234 nascentibus,
1621 4182 1742 4237 quae
1768 4182 1874 4224 nou
1900 4169 2115 4225 abolea-

524 4267 609 4314 tur
635 4259 737 4314 nisi
769 4258 821 4313 in
849 4257 1295 4314 renascentibus?

591 4347 820 4406 CAPUT
840 4347 1135 4405 XXXV.—
1149 4349 1242 4406 59.
1263 4348 1393 4418 Quae
1413 4365 1534 4406 cum
1553 4349 1623 4406 ita
1645 4350 1772 4417 sint,
1792 4349 1859 4421 de
1880 4350 1980 4406 ista
2006 4366 2117 4407 caro

520 4442 605 4498 nis
624 4441 1055 4512 concupiscentia
1076 4449 1131 4497 et
1155 4439 1224 4497 de
1247 4441 1466 4496 libidine
1492 4442 1777 4512 imperiosa
1807 4442 2111 4514 impudicis,

521 4533 783 4590 domanda
816 4532 1036 4603 pudicis,
1078 4532 1322 4603 pudenda
1349 4541 1528 4588 tamen
1559 4542 1614 4590 et
1641 4534 1846 4604 pudicis
1867 4544 1920 4591 et
1944 4537 2116 4607 impu-

521 4626 678 4695 dicis,
697 4625 894 4682 sentiat
913 4626 1013 4681 iste
1029 4625 1170 4696 quod
1192 4624 1354 4692 libet;
1383 4625 1508 4696 quia
1524 4626 1593 4692 ei,
1619 4627 1758 4682 sicut
1781 4627 1955 4693 video,
1977 4629 2115 4683 mul-

522 4726 634 4772 tum
676 4718 852 4788 placet
884 4735 898 4772 :
931 4731 1039 4772 non
1079 4731 1198 4773 eam
1238 4715 1455 4773 laudare
1497 4727 1797 4782 cunctetur,
1827 4734 1986 4790 quam
2016 4735 2114 4776 no-

519 4811 728 4867 minare
769 4808 1146 4877 confunditur;
1188 4811 1423 4882 appellet
1446 4826 1590 4880 eam,
1628 4812 1766 4868 sicut
1802 4813 2107 4884 appellavit,

521 4903 884 4960 membrorum
905 4903 1163 4975 vigorem,
1195 4919 1294 4960 nec
1324 4915 1593 4961 castarum
1620 4907 1826 4962 aurium
1866 4922 2113 4962 reverea-

521 5004 608 5050 tur
638 4995 948 5061 horrorem;
980 4995 1213 5067 appellet
1251 4996 1619 5054 membrorum
1660 4999 1973 5069 potentiam,
2012 5014 2112 5056 nec

519 5102 705 5150 caveat
730 5092 1133 5165 impudentiam.
1181 5095 1351 5160 Dicat,
1389 5095 1434 5150 si
1475 5109 1580 5150 non
1612 5093 1900 5160 erubescit,
1926 5093 1976 5148 in
2022 5109 2112 5163 pa-

519 5184 698 5240 radiso
739 5183 783 5238 si
827 5199 984 5240 nemo
1033 5195 1325 5256 peccasset,
1371 5187 1513 5241 hunc
1562 5185 1633 5240 ibi
1680 5185 1918 5256 vigorem
1967 5186 2110 5240 velut

517 5278 707 5334 florem
755 5279 962 5354 virere‘
1005 5281 1274 5350 potuisse;
1306 5294 1405 5336 nec
1435 5293 1570 5350 opus
1598 5277 1762 5336 fuisse
1804 5287 1864 5335 ut
1905 5287 2110 5351 tegere-

524 5455 538 5470 .
576 5399 604 5470 .‘.
638 5395 1006 5470 δρηριειιίμεεη
1344 5402 1398 5446 ει
1418 5393 1562 5470 nemo
1575 5390 1710 5470 90592
1727 5392 1878 5470 ίίιείυε.
1892 5393 2111 5470 diabolus

723 5461 954 5572 ttab7ctur,
983 5455 1165 5522 inﬁxit,
1186 5459 1236 5508 in
1259 5458 1384 5508 libro
1402 5455 1546 5507 etiam
1570 5455 1715 5507 sexto
1735 5457 1907 5520 Operis
1931 5465 2110 5520 tmper-

637 5561 650 5572 .
676 5534 783 5572 can.
842 5557 855 5571 .

581 5535 1064 5634 iluti(ﬁgielv'aticanis
1081 5591 1209 5643 Mss.,
1235 5587 1410 5634 rectus.

581 5647 604 5677 ³
634 5649 716 5697 Hic
737 5647 946 5707 additur,
978 5643 1141 5708 ualde,
1164 5641 1228 5696 ex
1253 5643 1620 5708 manuscriptis;
1657 5642 1797 5705 cujus
1834 5641 1939 5693 loco
1960 5643 2106 5708 apud

519 5715 631 5817 Iun.r
643 5715 814 5819 (alin,
836 5705 1037 5772 legitur,
1064 5707 1252 5760 uulnus.
1278 5705 1393 5756 vide
1416 5705 1593 5754 librum
1608 5712 1806 5756 sextum
1829 5707 1999 5768 Operis
2012 5705 2106 5756 1m-

520 5781 606 5819 uer
627 5784 656 5819 e
707 5785 738 5818 ι.

518 5781 738 5829 perlecti.

581 5830 602 5896 ξ
637 5838 684 5880 In
708 5831 854 5896 editis
869 5866 884 5890 ,
906 5831 1084 5896 genuit.

580 5893 602 5957 ξ
638 5893 940 5957 antiquiores
964 5902 1090 5957 Mss.,
1116 5894 1294 5957 fuerat.

581 5955 602 5986 ⁸
636 5953 801 6008 Plures
823 5962 950 6018 llas,
969 5953 1144 6022 vigere.
1171 5953 1407 6018 Nonnulli,
1427 5965 1601 6005 mttere.

983 459 1072 516 DE
1106 452 1378 516 NUP’l‘llS
1415 452 1504 510 ET
1541 446 2144 518 CONCUPISCENTIA,
2182 449 2242 509 S.
2281 445 2650 507 AUGUSTI?"
2689 447 2894 506 LIBER
2931 448 3308 510 SECUNDUS.

3704 449 3822 513 4⁸12

2226 577 2331 637 tur,
2359 568 2501 641 quod
2545 570 2616 626 ita
2664 583 2986 638 moveretur,
3019 583 3078 627 ut
3122 571 3246 628 inde
3270 586 3430 628 nemo
3455 573 3821 632 confundere-

2222 671 2339 730 tur;
2391 661 2488 720 sed
2535 673 2718 734 parata
2759 664 2983 735 conjuge
3027 680 3240 736 semper
3281 675 3642 734 exerceretur,
3676 683 3821 723 nun-

2221 771 2380 827 quam
2428 756 2830 826 reprimeretur,
2881 772 2947 812 nc
2997 757 3283 828 aliquando
3340 759 3612 829 voluptas‘
3666 769 3821 816 tanta

2223 858 2382 905 tanta:
2426 849 2660 905 felicitati
2709 860 3009 920 negaretur.
3050 851 3201 906 Absit
3242 851 3384 906 enim
3424 861 3484 908 ut
3509 852 3595 907 illa
3641 851 3819 908 beati-

2223 941 2351 996 tudo
2383 951 2561 1012 posset
2591 951 2680 996 aut
2712 941 2762 996 in
2794 942 2911 996 loco
2953 941 3046 996 illo
3073 957 3178 998 non
3210 941 3412 999 habere
3443 943 3584 1014 quod
3626 944 3816 1009 vellet,

2221 1043 2313 1088 ant
2342 1033 2394 1088 in
2422 1049 2519 1088 suo
2545 1048 2771 1104 corpore
2792 1033 2876 1089 vel
2901 1033 3080 1089 animo
3120 1033 3323 1090 sentire
3347 1033 3490 1105 quod
3518 1035 3686 1090 nollet
3710 1052 3724 1088 :
3754 1050 3820 1089 ac

2222 1141 2317 1196 per
2342 1124 2444 1180 hoc
2468 1125 2512 1181 si
2543 1134 2720 1180 motus
2750 1124 2986 1181 libidinis
3007 1125 3333 1181 voluntatem
3372 1125 3646 1181 hominum
3677 1141 3817 1196 prae-

2221 1219 2458 1280 veniret.
2508 1219 2753 1274 voluntas
2795 1218 3050 1275 continuo
3096 1229 3444 1291 sequeretur;
3493 1235 3647 1286 uxor,
3689 1234 3820 1291 quae

2221 1322 2438 1383 prepter
2467 1311 2568 1367 hoc
2598 1326 2866 1383 nunquam
2893 1313 3090 1368 absens
3113 1328 3234 1370 esse
3258 1312 3506 1381 debebat,
3537 1313 3651 1369 sive
3679 1327 3820 1368 eon-

2221 1404 2496 1474 ccptura’,
2529 1403 2642 1458 sive
2685 1403 2796 1474 jam
2825 1404 3064 1475 gravida,
3114 1405 3257 1460 illico
3303 1404 3708 1472 admoveretur;
3763 1417 3820 1460 et

2219 1507 2312 1552 aut
2354 1496 2534 1568 proles
2587 1497 2966 1565 seminaretur,
3011 1507 3104 1552 aut
3150 1498 3395 1570 voluptas
3452 1498 3712 1555 naturalis
3763 1509 3820 1555 et

2219 1589 2500 1646 laudabilis
2545 1589 2882 1660 expleretur;
2911 1597 2966 1646 et
3007 1595 3205 1660 periret
3231 1605 3416 1647 semen
3461 1591 3716 1659 hominis,
3750 1608 3820 1648 ne

2219 1682 2488 1754 appetitus
2509 1690 2618 1738 tam
2640 1681 2797 1738 bonae
2817 1683 3262 1754 concupiscentiae
3293 1683 3667 1740 fraudaretur:
3699 1693 3821 1741 tan-

2220 1780 2334 1828 tum
2359 1789 2464 1828 non
2504 1787 2564 1828 se
2601 1781 2980 1829 converterent
3006 1773 3259 1844 conjuges
3285 1774 3338 1829 in
3360 1791 3482 1830 eum
3510 1789 3687 1842 usum,
3724 1774 3820 1846 qui

2221 1872 2307 1920 est
2331 1873 2518 1920 contra
2549 1872 2814 1930 naturam,
2847 1865 2942 1920 sed
2980 1865 3188 1936 quoties
3213 1866 3524 1933 delectaret,
3556 1866 3817 1922 membris

2220 1956 2287 2011 ad
2313 1956 2414 2012 hoc
2443 1958 2638 2012 creatis
2665 1966 2720 2012 et
2747 1957 3068 2028 genitalibus
3098 1969 3398 2015 uterentur.
3430 1959 3816 2017 Verumtamen

2221 2049 2349 2121 quid
2379 2051 2422 2105 si
2451 2059 2505 2106 et
2542 2049 2632 2106 ille
2663 2065 2790 2106 usus
2815 2060 3001 2105 contra
3042 2062 3286 2106 naturam
3323 2052 3542 2108 forsitan
3575 2053 3815 2109 delecta-

2221 2151 2322 2207 ret,
2347 2139 2471 2211 quid
2494 2141 2539 2197 si
2560 2151 2614 2198 et
2644 2141 2696 2196 in
2723 2141 2862 2197 hanc
2887 2142 3216 2212 voluptatem
3241 2143 3519 2200 laudabilis
3540 2145 3626 2201 illa
3648 2145 3818 2202 libido

2221 2232 2564 2290 adhinniret?
2600 2241 2777 2288 utrum
2807 2243 3157 2304 sequerentur
3185 2250 3325 2302 eam,
3356 2237 3605 2306 quoniam
3636 2239 3821 2294 suavis

2221 2337 2402 2394 esset;
2449 2345 2517 2384 an
2564 2337 2957 2400 repugnarent,
3011 2329 3264 2400 quoniam
3317 2330 3486 2402 turpis
3532 2331 3712 2387 esset?
3760 2330 3824 2388 Si

2221 2431 2594 2492 sequerentur,
2620 2421 2711 2476 ubi
2762 2430 2846 2478 est
2895 2422 3146 2492 cogitatio
3196 2423 3598 2496 qualiscumque
3641 2424 3823 2480 hone-

2221 2513 2414 2570 statis?
2453 2513 2510 2569 Si
2539 2522 2917 2584 repugnarent,
2944 2514 3033 2569 ubi
3062 2523 3146 2570 est
3187 2530 3290 2586 pax
3319 2523 3478 2572 tante
3507 2516 3824 2572 felicitatis?

2223 2605 2322 2660 l-lic
2351 2604 2396 2658 si
2434 2603 2572 2661 forte
2595 2605 2889 2672 erubuerit,
2921 2616 2975 2662 et
3002 2605 3199 2664 dixerit
3225 2615 3426 2664 tantam
3464 2623 3647 2680 pacem
3694 2609 3824 2666 feli-

2222 2698 2400 2752 citatis
2443 2697 2608 2764 illius,
2643 2707 2954 2770 tantumque
2999 2700 3243 2756 ordinem
3277 2699 3331 2756 in
3371 2699 3456 2756 bis
3497 2700 3657 2757 rebus
3694 2715 3823 2758 esse

2223 2789 2485 2860 potuisse,
2516 2798 2575 2844 ut
2615 2806 2889 2862 nunquam
2930 2792 3109 2846 carnis
3150 2793 3581 2864 concupiscentia
3625 2793 3825 2848 volun-

2224 2891 2386 2938 tatem
2435 2883 2646 2939 illorum
2699 2883 2974 2940 hominum
3025 2885 3376 2955 prmveniret;
3423 2885 3518 2941 sed
3546 2901 3666 2941 cum
3713 2886 3823 2957 ipsi

2223 2974 2440 3041 vellent,
2481 2984 2606 3030 tunc
2645 2976 2734 3030 illa
2778 2983 3169 3047 consurgeret:
3202 2985 3327 3032 tunc
3370 2985 3548 3031 autem
3593 2976 3818 3043 vellent,

2223 3068 2441 3138 quando
2483 3067 2550 3123 ad
2575 3067 2923 3124 seminandus
2949 3068 3087 3124 filios
3122 3083 3259 3140 opus
3297 3077 3475 3133 esset;
3504 3069 3575 3122 ita
3607 3076 3662 3122 ut
3687 3069 3819 3123 nul-

2223 3161 2304 3215 lus
2325 3161 2546 3218 seminis
2565 3169 2708 3217 esset
2742 3161 2923 3216 irritus
2941 3161 3136 3231 jactus,
3159 3159 3339 3216 nullus
3365 3161 3518 3216 fleret
3545 3159 3814 3216 concubi-

2225 3260 2309 3308 tus
2334 3270 2494 3324 quem
2522 3268 2627 3308 non
2655 3261 2972 3324 sequeretur
2995 3263 3286 3324 conceptus
3311 3260 3367 3308 et
3393 3261 3596 3323 partus,
3619 3252 3685 3305 ad
3716 3269 3819 3306 nuo

2223 3355 2334 3403 tum
2351 3347 2618 3402 serviente
2643 3361 2825 3414 carne,
2845 3345 2910 3400 ad
2934 3356 3116 3400 nutum
3142 3345 3409 3401 serviente
3429 3345 3644 3400 libidine
3667 3363 3679 3398 :
3706 3346 3814 3401 hoc

2222 3441 2269 3496 si
2298 3441 2447 3506 dicit,
2493 3441 2682 3496 saltem
2712 3438 3018 3495 consideret
3064 3453 3206 3495 nunc
3250 3439 3304 3494 in
3353 3437 3656 3493 hominibus
3705 3453 3822 3496 non

2223 3546 2342 3586 esse
2363 3530 2505 3603 quod
2532 3530 2679 3586 dicit.
2714 3530 2779 3585 Et
2807 3531 2853 3586 si
2883 3546 2990 3585 non
3012 3531 3124 3586 vult
3149 3530 3442 3586 concedere
3467 3529 3655 3585 vitium
3693 3545 3822 3586 csse

2222 3622 2498 3679 libidinem
2522 3639 2536 3676 :
2563 3621 2707 3679 dicat
2731 3622 2922 3678 saltem
2953 3637 3048 3692 per
3077 3622 3288 3677 illorum
3317 3620 3589 3677 hominum
3627 3621 3823 3678 inobc-

2221 3713 2474 3770 dientiam
2512 3715 2672 3771 etiam
2703 3715 2872 3784 ipsam
2902 3712 3140 3769 vitiatam
3178 3727 3299 3768 esse
3338 3712 3514 3768 carnis
3553 3713 3822 3785 concupi-

2222 3807 2510 3873 scentiam;
2558 3816 2617 3863 ut
2656 3809 2743 3863 illa
2769 3822 2887 3879 qua:
2928 3806 3240 3863 obedienter
3267 3816 3321 3862 et
3348 3805 3591 3862 ordinate
3629 3822 3824 3863 move-

2222 3911 2390 3968 retur,
2432 3916 2574 3956 nunc
2615 3901 2984 3957 inobcdienter
3037 3900 3444 3972 iuordinateque
3490 3911 3819 3958 moveatur:

2222 3995 2295 4051 ita
2334 4003 2391 4050 ut
2418 3995 2546 4065 ipsis
2575 4009 2788 4067 quoque
2827 3995 3034 4066 pudicis
3075 3994 3143 4051 ad
3173 4003 3359 4051 nutum
3391 4011 3494 4051 non
3535 3995 3826 4068 obtempe-

2221 4094 2306 4142 ret
2351 4085 2671 4158 conjugatis,
2715 4086 2811 4142 sed
2859 4095 2915 4143 et
2956 4086 3171 4158 quando
3220 4102 3329 4144 non
3372 4095 3456 4144 est
3508 4091 3824 4145 necessaria

2221 4189 2520 4244 moveatur,
2553 4187 2608 4235 et
2651 4179 2866 4250 quando
2913 4181 3214 4236 necessaria
3257 4189 3362 4250 est,
3405 4180 3693 4251 aliquando
3739 4185 3826 4238 ci-

2221 4271 2347 4342 tius,
2379 4271 2664 4342 aliquando
2694 4272 2917 4337 tardius,
2951 4270 3093 4327 non'
3131 4287 3319 4328 eorum
3347 4283 3598 4344 sequatur
3623 4281 3822 4342 nutus,

2220 4365 2316 4421 sed
2381 4378 2509 4420 suos
2571 4372 2784 4420 exserat
2836 4370 3032 4419 motus.
3083 4363 3232 4420 Hanc
3277 4379 3406 4435 ergo
3453 4364 3569 4434 ejus
3625 4365 3826 4422 inobc-

2219 4457 2475 4514 dientiam
2513 4455 2879 4511 inobcdientes
2913 4454 2987 4511 illi
3017 4463 3140 4510 tunc
3181 4455 3427 4511 homines
3469 4465 3822 4526 receperunt,

2218 4557 2273 4604 et
2313 4547 2366 4602 in
2410 4561 2509 4602 nos
2544 4547 2834 4617 propagine
2877 4545 3296 4617 transfuderunt.
3338 4545 3518 4620 Neque
3561 4548 3704 4602 enim
3749 4549 3826 4605 ad

2218 4654 2404 4696 eorum
2466 4647 2684 4706 nutum,
2735 4639 2832 4696 sed
2887 4639 3069 4710 utique
3121 4638 3423 4695 inordinate
3473 4639 3824 4709 movebatur,

2218 4731 2431 4805 quando
2475 4731 2718 4788 membra
2753 4731 2899 4803 prius
2927 4731 3224 4804 glorianda,
3252 4741 3377 4788 tunc
3408 4730 3517 4803 jam
3562 4731 3827 4802 pudenda

2218 4833 2488 4882 texerunt.

2288 4919 2377 4976 60.
2419 4918 2546 4984 Sed,
2578 4927 2636 4974 ut
2655 4917 2790 4984 dixi,
2819 4918 3015 4973 sentiat
3050 4916 3120 4973 de
3149 4917 3250 4973 ista
3292 4915 3511 4972 libidine
3537 4916 3638 4971 iste
3668 4917 3832 4986 quod

2217 5010 2370 5079 libet,
2403 5009 2656 5082 prtedicet
2683 5017 2742 5064 ut
2783 5008 2931 5075 libet,
2962 5008 3144 5066 laudet
3176 5016 3434 5080 quantum
3473 5006 3600 5063 libet
3643 5006 3830 5077 (sicut

2213 5104 2360 5160 enim
2401 5102 2588 5157 multis
2620 5101 2752 5158 locis
2781 5101 3064 5172 significat,
3092 5102 3314 5157 multum
3363 5097 3548 5172 libet),
3592 5108 3650 5155 ut
3695 5101 3834 5170 ejus

2214 5195 2261 5252 si
2309 5209 2414 5249 non
2457 5193 2664 5263 usibus,
2704 5194 2894 5249 saltem
2929 5193 3171 5250 laudibus
3213 5192 3485 5264 Pelagiani
3531 5191 3833 5250 oblecten-

2216 5295 2320 5354 tur,
2349 5287 2673 5360 quicumque
2697 5300 2884 5341 eorum
2930 5287 3204 5358 preposito
3229 5284 3574 5342 continentia:
3605 5288 3836 5344 carnali

2213 5381 2462 5452 conjugio
2490 5396 2596 5437 non
2626 5379 2905 5436 fruuntur‘
2939 5399 2952 5434 :
2996 5389 3198 5436 tantum
3240 5380 3477 5453 parvulis
3517 5391 3729 5452 parcat,
3763 5393 3837 5440 ut

2212 5490 2320 5530 non
2368 5489 2462 5530 cos
2507 5474 2686 5529 laudet
2746 5475 3028 5542 inutiliter,
3073 5474 3431 5546 defendatque
3479 5474 3835 5546 crudeliter;

2213 5567 2392 5624 salvos
2417 5582 2536 5623 esse
2564 5582 2666 5622 non
2689 5567 2866 5635 dicat;
2899 5583 3002 5622 non
3030 5566 3095 5621 ad
3135 5565 3466 5624 laudatorem
3508 5565 3834 5642 Pelagium,

2277 5706 2294 5737 ί
2329 5705 2402 5754 Sic
2420 5701 2603 5765 aliquot
2626 5710 2732 5755 Mss.
2761 5711 2815 5755 At
2838 5704 2974 5763 editi,
3001 5702 3228 5754 uoluntas.

2277 5769 2298 5799 ²
2331 5767 2446 5815 Editi
2463 5800 2477 5829 ,
2503 5762 2718 5828 uxorque
2744 5773 2940 5829 pr'ovrer
2961 5762 3054 5816 hoc
3074 5777 3315 5827 rumorum
3337 5764 3506 5816 absens
3523 5776 3630 5816 esse
3657 5762 3831 5829 deliq-

2213 5831 2310 5888 bat,
2330 5829 2415 5878 sed
2432 5828 2529 5878 siue
2549 5824 2854 5890 conceptam.
2875 5829 3172 5892 castigantur
3186 5824 3254 5877 ad
3278 5829 3650 5890 manuscriptos.
3803 5824 3816 5836 '

2277 5892 2298 5924 ³
2329 5899 2507 5940 omnes
2521 5904 2670 5953 [λωμο
2695 5890 3103 5953 manuscripti'hic
3129 5892 3371 5953 omittunt,
3393 5902 3504 5941 non.

2277 5953 2300 5986 δ
2331 5960 2382 6005 tn
2407 5952 2534 6018 Mss,
2557 5966 2701 6004 carne
2724 5952 2975 6018 (Ottjttgttm
2995 5965 3086 6002 non
3107 5952 3348 6016 fnumtur.
