  <div class='ocr_page' id='page_1' title='image "/cluster/home/n/w/nwhite01/storage/ocr_20150623/44/hvd.32044015706336/242.png"; bbox 0 0 4012 6510; ppageno 0'>
   <div class='ocr_carea' id='block_1_1' title="bbox 239 470 2590 543">
    <p class='ocr_par' dir='ltr' id='par_1_1' title="bbox 239 470 2590 543">
     <span class='ocr_line' id='line_1_1' title="bbox 239 470 2590 543; baseline 0.003 -18"><span class='ocrx_word' id='word_1_1' title='bbox 239 474 337 536; x_wconf 70' lang='grc'><strong>4⁸13</strong></span> <span class='ocrx_word' id='word_1_2' title='bbox 1227 471 1601 530; x_wconf 82' lang='lat' dir='ltr'><strong>ADMONlTlO</strong></span> <span class='ocrx_word' id='word_1_3' title='bbox 1641 470 1708 530; x_wconf 84' lang='lat' dir='ltr'><strong>IN</strong></span> <span class='ocrx_word' id='word_1_4' title='bbox 1745 470 2283 543; x_wconf 83' lang='lat' dir='ltr'><strong>SUBSEQUENTES</strong></span> <span class='ocrx_word' id='word_1_5' title='bbox 2323 474 2590 534; x_wconf 80' lang='lat' dir='ltr'><strong>LIBROS.</strong></span> 
     </span>
    </p>
   </div>
   <div class='ocr_carea' id='block_1_2' title="bbox 240 588 1830 664">
    <p class='ocr_par' dir='ltr' id='par_1_2' title="bbox 240 588 1830 664">
     <span class='ocr_line' id='line_1_2' title="bbox 240 588 1830 664; baseline -0.001 -16"><span class='ocrx_word' id='word_1_6' title='bbox 240 591 324 648; x_wconf 84' lang='lat' dir='ltr'><strong>sed</strong></span> <span class='ocrx_word' id='word_1_7' title='bbox 362 589 430 646; x_wconf 86' lang='lat' dir='ltr'><strong>ad</strong></span> <span class='ocrx_word' id='word_1_8' title='bbox 460 589 784 648; x_wconf 90' lang='lat' dir='ltr'><strong>salvatorem</strong></span> <span class='ocrx_word' id='word_1_9' title='bbox 822 588 1092 648; x_wconf 77' lang='lat' dir='ltr'><strong>Christum</strong></span> <span class='ocrx_word' id='word_1_10' title='bbox 1133 592 1318 649; x_wconf 90' lang='lat' dir='ltr'><strong>venire</strong></span> <span class='ocrx_word' id='word_1_11' title='bbox 1358 593 1650 664; x_wconf 74' lang='lat' dir='ltr'><strong>permittat.</strong></span> <span class='ocrx_word' id='word_1_12' title='bbox 1699 591 1830 646; x_wconf 87' lang='lat' dir='ltr'><strong>Nam</strong></span> 
     </span>
    </p>
   </div>
   <div class='ocr_carea' id='block_1_3' title="bbox 242 684 1832 757">
    <p class='ocr_par' dir='ltr' id='par_1_3' title="bbox 242 684 1832 757">
     <span class='ocr_line' id='line_1_3' title="bbox 242 684 1832 757; baseline 0 -15"><span class='ocrx_word' id='word_1_13' title='bbox 242 695 292 742; x_wconf 89' lang='lat' dir='ltr'><strong>ut</strong></span> <span class='ocrx_word' id='word_1_14' title='bbox 313 686 420 756; x_wconf 89' lang='lat' dir='ltr'><strong>jam</strong></span> <span class='ocrx_word' id='word_1_15' title='bbox 453 684 595 741; x_wconf 89' lang='lat' dir='ltr'><strong>liber</strong></span> <span class='ocrx_word' id='word_1_16' title='bbox 634 686 736 742; x_wconf 91' lang='lat' dir='ltr'><strong>iste</strong></span> <span class='ocrx_word' id='word_1_17' title='bbox 764 685 1062 752; x_wconf 87' lang='lat' dir='ltr'><strong>claudatur,</strong></span> <span class='ocrx_word' id='word_1_18' title='bbox 1093 687 1342 757; x_wconf 88' lang='lat' dir='ltr'><strong>quoniam</strong></span> <span class='ocrx_word' id='word_1_19' title='bbox 1383 687 1454 742; x_wconf 86' lang='lat' dir='ltr'><strong>ita</strong></span> <span class='ocrx_word' id='word_1_20' title='bbox 1483 702 1660 742; x_wconf 85' lang='lat' dir='ltr'><strong>sermo</strong></span> <span class='ocrx_word' id='word_1_21' title='bbox 1691 686 1832 742; x_wconf 87' lang='lat' dir='ltr'><strong>illius</strong></span> 
     </span>
    </p>
   </div>
   <div class='ocr_carea' id='block_1_4' title="bbox 241 778 1831 850">
    <p class='ocr_par' dir='ltr' id='par_1_4' title="bbox 241 778 1831 850">
     <span class='ocr_line' id='line_1_4' title="bbox 241 778 1831 850; baseline 0.001 -17"><span class='ocrx_word' id='word_1_22' title='bbox 241 778 549 833; x_wconf 83' lang='lat' dir='ltr'><strong>terminatus</strong></span> <span class='ocrx_word' id='word_1_23' title='bbox 570 787 675 842; x_wconf 88' lang='lat' dir='ltr'><strong>est,</strong></span> <span class='ocrx_word' id='word_1_24' title='bbox 708 779 796 849; x_wconf 90' lang='lat' dir='ltr'><strong>qui</strong></span> <span class='ocrx_word' id='word_1_25' title='bbox 833 779 884 832; x_wconf 93' lang='lat' dir='ltr'><strong>in</strong></span> <span class='ocrx_word' id='word_1_26' title='bbox 907 778 1147 835; x_wconf 79' lang='lat' dir='ltr'><strong>chartula</strong></span> <span class='ocrx_word' id='word_1_27' title='bbox 1178 795 1337 850; x_wconf 89' lang='lat' dir='ltr'><strong>quam</strong></span> <span class='ocrx_word' id='word_1_28' title='bbox 1357 779 1570 844; x_wconf 86' lang='lat' dir='ltr'><strong>misisti,</strong></span> <span class='ocrx_word' id='word_1_29' title='bbox 1603 779 1831 849; x_wconf 88' lang='lat' dir='ltr'><strong>scriptus</strong></span> 
     </span>
    </p>
   </div>
   <div class='ocr_carea' id='block_1_5' title="bbox 238 869 1832 942">
    <p class='ocr_par' dir='ltr' id='par_1_5' title="bbox 238 869 1832 942">
     <span class='ocr_line' id='line_1_5' title="bbox 238 869 1832 942; baseline 0 -17"><span class='ocrx_word' id='word_1_30' title='bbox 238 881 330 934; x_wconf 87' lang='lat' dir='ltr'><strong>est,</strong></span> <span class='ocrx_word' id='word_1_31' title='bbox 357 879 415 924; x_wconf 94' lang='lat' dir='ltr'><strong>ut</strong></span> <span class='ocrx_word' id='word_1_32' title='bbox 441 870 683 935; x_wconf 89' lang='lat' dir='ltr'><strong>diceret,</strong></span> <span class='ocrx_word' id='word_1_33' title='bbox 725 869 847 925; x_wconf 77' lang='lat' dir='ltr'><strong>Vere</strong></span> <span class='ocrx_word' id='word_1_34' title='bbox 872 871 1062 925; x_wconf 80' lang='lat' dir='ltr'><strong>credito</strong></span> <span class='ocrx_word' id='word_1_35' title='bbox 1081 871 1203 941; x_wconf 81' lang='lat' dir='ltr'><strong>quia</strong></span> <span class='ocrx_word' id='word_1_36' title='bbox 1229 888 1317 941; x_wconf 86' lang='lat' dir='ltr'><strong>per</strong></span> <span class='ocrx_word' id='word_1_37' title='bbox 1342 870 1522 925; x_wconf 78' lang='lat' dir='ltr'><strong>Iesum</strong></span> <span class='ocrx_word' id='word_1_38' title='bbox 1551 873 1687 942; x_wconf 79' lang='lat' dir='ltr'><strong>facta</strong></span> <span class='ocrx_word' id='word_1_39' title='bbox 1713 879 1832 925; x_wconf 82' lang='lat' dir='ltr'><strong>sunt</strong></span> 
     </span>
    </p>
   </div>
   <div class='ocr_carea' id='block_1_6' title="bbox 240 961 1828 1033">
    <p class='ocr_par' dir='ltr' id='par_1_6' title="bbox 240 961 1828 1033">
     <span class='ocr_line' id='line_1_6' title="bbox 240 961 1828 1033; baseline 0.003 -19"><span class='ocrx_word' id='word_1_40' title='bbox 240 961 419 1027; x_wconf 86' lang='lat' dir='ltr'><strong>omnia,</strong></span> <span class='ocrx_word' id='word_1_41' title='bbox 447 971 494 1014; x_wconf 85' lang='lat' dir='ltr'><strong>et</strong></span> <span class='ocrx_word' id='word_1_42' title='bbox 524 961 635 1016; x_wconf 80' lang='lat' dir='ltr'><strong>sine</strong></span> <span class='ocrx_word' id='word_1_43' title='bbox 663 962 775 1030; x_wconf 85' lang='lat' dir='ltr'><strong>ipso</strong></span> <span class='ocrx_word' id='word_1_44' title='bbox 805 965 1000 1033; x_wconf 75' lang='lat' dir='ltr'><strong>factum</strong></span> <span class='ocrx_word' id='word_1_45' title='bbox 1039 973 1112 1016; x_wconf 84' lang='lat' dir='ltr'><strong>cst</strong></span> <span class='ocrx_word' id='word_1_46' title='bbox 1150 963 1318 1028; x_wconf 80' lang='lat' dir='ltr'><strong>nihil;</strong></span> <span class='ocrx_word' id='word_1_47' title='bbox 1357 962 1616 1018; x_wconf 86' lang='lat' dir='ltr'><strong>concedat</strong></span> <span class='ocrx_word' id='word_1_48' title='bbox 1647 962 1828 1018; x_wconf 82' lang='lat' dir='ltr'><strong>Jesum</strong></span> 
     </span>
    </p>
   </div>
   <div class='ocr_carea' id='block_1_7' title="bbox 238 1052 1828 1124">
    <p class='ocr_par' dir='ltr' id='par_1_7' title="bbox 238 1052 1828 1124">
     <span class='ocr_line' id='line_1_7' title="bbox 238 1052 1828 1124; baseline 0.004 -20"><span class='ocrx_word' id='word_1_49' title='bbox 238 1052 386 1104; x_wconf 89' lang='lat' dir='ltr'><strong>etiam</strong></span> <span class='ocrx_word' id='word_1_50' title='bbox 415 1052 652 1121; x_wconf 82' lang='lat' dir='ltr'><strong>parvulis</strong></span> <span class='ocrx_word' id='word_1_51' title='bbox 674 1067 793 1108; x_wconf 79' lang='lat' dir='ltr'><strong>esse</strong></span> <span class='ocrx_word' id='word_1_52' title='bbox 817 1053 1002 1108; x_wconf 79' lang='lat' dir='ltr'><strong>lesum</strong></span> <span class='ocrx_word' id='word_1_53' title='bbox 1024 1072 1036 1106; x_wconf 87' lang='lat'><strong>:</strong></span> <span class='ocrx_word' id='word_1_54' title='bbox 1061 1063 1116 1109; x_wconf 91' lang='lat' dir='ltr'><strong>et</strong></span> <span class='ocrx_word' id='word_1_55' title='bbox 1144 1064 1200 1109; x_wconf 94' lang='lat' dir='ltr'><strong>ut</strong></span> <span class='ocrx_word' id='word_1_56' title='bbox 1227 1069 1321 1124; x_wconf 91' lang='lat' dir='ltr'><strong>per</strong></span> <span class='ocrx_word' id='word_1_57' title='bbox 1341 1070 1463 1110; x_wconf 92' lang='lat' dir='ltr'><strong>eum</strong></span> <span class='ocrx_word' id='word_1_58' title='bbox 1491 1053 1627 1109; x_wconf 90' lang='lat' dir='ltr'><strong>facta</strong></span> <span class='ocrx_word' id='word_1_59' title='bbox 1650 1056 1828 1110; x_wconf 89' lang='lat' dir='ltr'><strong>omnia</strong></span> 
     </span>
    </p>
   </div>
   <div class='ocr_carea' id='block_1_8' title="bbox 237 1144 1828 1216">
    <p class='ocr_par' dir='ltr' id='par_1_8' title="bbox 237 1144 1828 1216">
     <span class='ocr_line' id='line_1_8' title="bbox 237 1144 1828 1216; baseline 0.002 -17"><span class='ocrx_word' id='word_1_60' title='bbox 237 1144 428 1200; x_wconf 76' lang='lat' dir='ltr'><strong>fatetur</strong></span> <span class='ocrx_word' id='word_1_61' title='bbox 477 1162 572 1215; x_wconf 90' lang='lat' dir='ltr'><strong>per</strong></span> <span class='ocrx_word' id='word_1_62' title='bbox 629 1145 681 1200; x_wconf 92' lang='lat' dir='ltr'><strong>id</strong></span> <span class='ocrx_word' id='word_1_63' title='bbox 729 1147 871 1216; x_wconf 90' lang='lat' dir='ltr'><strong>quod</strong></span> <span class='ocrx_word' id='word_1_64' title='bbox 923 1155 1006 1202; x_wconf 92' lang='lat' dir='ltr'><strong>est</strong></span> <span class='ocrx_word' id='word_1_65' title='bbox 1047 1146 1285 1203; x_wconf 80' lang='lat' dir='ltr'><strong>Verbum</strong></span> <span class='ocrx_word' id='word_1_66' title='bbox 1328 1147 1506 1213; x_wconf 89' lang='lat' dir='ltr'><strong>Deus;</strong></span> <span class='ocrx_word' id='word_1_67' title='bbox 1555 1147 1623 1202; x_wconf 89' lang='lat' dir='ltr'><strong>ita</strong></span> <span class='ocrx_word' id='word_1_68' title='bbox 1669 1148 1828 1202; x_wconf 90' lang='lat' dir='ltr'><strong>etiam</strong></span> 
     </span>
    </p>
   </div>
   <div class='ocr_carea' id='block_1_9' title="bbox 237 1239 1828 1311">
    <p class='ocr_par' dir='ltr' id='par_1_9' title="bbox 237 1239 1828 1311">
     <span class='ocr_line' id='line_1_9' title="bbox 237 1239 1828 1311; baseline 0.002 -19"><span class='ocrx_word' id='word_1_69' title='bbox 237 1239 480 1309; x_wconf 85' lang='lat' dir='ltr'><strong>parvulos</strong></span> <span class='ocrx_word' id='word_1_70' title='bbox 507 1240 575 1294; x_wconf 87' lang='lat' dir='ltr'><strong>ab</strong></span> <span class='ocrx_word' id='word_1_71' title='bbox 594 1255 659 1294; x_wconf 88' lang='lat' dir='ltr'><strong>eo</strong></span> <span class='ocrx_word' id='word_1_72' title='bbox 678 1241 855 1295; x_wconf 87' lang='lat' dir='ltr'><strong>salvos</strong></span> <span class='ocrx_word' id='word_1_73' title='bbox 888 1240 1002 1295; x_wconf 82' lang='lat' dir='ltr'><strong>fieri</strong></span> <span class='ocrx_word' id='word_1_74' title='bbox 1030 1239 1256 1296; x_wconf 81' lang='lat' dir='ltr'><strong>fateatur</strong></span> <span class='ocrx_word' id='word_1_75' title='bbox 1279 1256 1372 1311; x_wconf 91' lang='lat' dir='ltr'><strong>per</strong></span> <span class='ocrx_word' id='word_1_76' title='bbox 1399 1240 1449 1294; x_wconf 94' lang='lat' dir='ltr'><strong>id</strong></span> <span class='ocrx_word' id='word_1_77' title='bbox 1467 1239 1607 1311; x_wconf 89' lang='lat' dir='ltr'><strong>quod</strong></span> <span class='ocrx_word' id='word_1_78' title='bbox 1635 1239 1828 1295; x_wconf 76' lang='lat' dir='ltr'><strong>estlc-</strong></span> 
     </span>
    </p>
   </div>
   <div class='ocr_carea' id='block_1_10' title="bbox 3423 475 3529 537">
    <p class='ocr_par' dir='ltr' id='par_1_10' title="bbox 3423 475 3529 537">
     <span class='ocr_line' id='line_1_10' title="bbox 3423 475 3529 537; baseline -0.009 0"><span class='ocrx_word' id='word_1_79' title='bbox 3423 475 3529 537; x_wconf 69' lang='lat' dir='ltr'><strong>HI</strong></span> 
     </span>
    </p>
   </div>
   <div class='ocr_carea' id='block_1_11' title="bbox 1938 592 3530 668">
    <p class='ocr_par' dir='ltr' id='par_1_11' title="bbox 1938 592 3530 668">
     <span class='ocr_line' id='line_1_11' title="bbox 1938 592 3530 668; baseline 0.003 -21"><span class='ocrx_word' id='word_1_80' title='bbox 1938 592 2194 664; x_wconf 91' lang='lat' dir='ltr'><strong>scriptum</strong></span> <span class='ocrx_word' id='word_1_81' title='bbox 2234 603 2319 650; x_wconf 82' lang='lat' dir='ltr'><strong>est</strong></span> <span class='ocrx_word' id='word_1_82' title='bbox 2357 595 2410 651; x_wconf 91' lang='lat' dir='ltr'><strong>in</strong></span> <span class='ocrx_word' id='word_1_83' title='bbox 2457 595 2772 667; x_wconf 87' lang='lat' dir='ltr'><strong>Evangelio,</strong></span> <span class='ocrx_word' id='word_1_84' title='bbox 2805 594 2875 650; x_wconf 88' lang='lat' dir='ltr'><strong>Et</strong></span> <span class='ocrx_word' id='word_1_85' title='bbox 2917 597 3165 652; x_wconf 80' lang='lat' dir='ltr'><strong>vocabunt</strong></span> <span class='ocrx_word' id='word_1_86' title='bbox 3193 610 3374 653; x_wconf 68' lang='lat' dir='ltr'><strong>nomen</strong></span> <span class='ocrx_word' id='word_1_87' title='bbox 3417 599 3530 668; x_wconf 68' lang='lat' dir='ltr'><strong>ejus</strong></span> 
     </span>
    </p>
   </div>
   <div class='ocr_carea' id='block_1_12' title="bbox 1936 684 3501 760">
    <p class='ocr_par' dir='ltr' id='par_1_12' title="bbox 1936 684 3501 760">
     <span class='ocr_line' id='line_1_12' title="bbox 1936 684 3501 760; baseline 0.003 -21"><span class='ocrx_word' id='word_1_88' title='bbox 1936 684 2150 750; x_wconf 78' lang='lat' dir='ltr'><strong>Iesum;</strong></span> <span class='ocrx_word' id='word_1_89' title='bbox 2180 686 2287 755; x_wconf 81' lang='lat' dir='ltr'><strong>ipse</strong></span> <span class='ocrx_word' id='word_1_90' title='bbox 2323 687 2456 740; x_wconf 87' lang='lat' dir='ltr'><strong>enim</strong></span> <span class='ocrx_word' id='word_1_91' title='bbox 2481 685 2678 742; x_wconf 79' lang='lat' dir='ltr'><strong>saluum</strong></span> <span class='ocrx_word' id='word_1_92' title='bbox 2722 688 2869 760; x_wconf 78' lang='lat' dir='ltr'><strong>faciet</strong></span> <span class='ocrx_word' id='word_1_93' title='bbox 2911 690 3156 760; x_wconf 81' lang='lat' dir='ltr'><strong>populum</strong></span> <span class='ocrx_word' id='word_1_94' title='bbox 3181 705 3328 744; x_wconf 76' lang='lat' dir='ltr'><strong>suum</strong></span> <span class='ocrx_word' id='word_1_95' title='bbox 3355 707 3385 743; x_wconf 90' lang='lat' dir='ltr'><strong>a</strong></span> <span class='ocrx_word' id='word_1_96' title='bbox 3411 704 3501 760; x_wconf 81' lang='lat' dir='ltr'><strong>pec</strong></span> 
     </span>
    </p>
   </div>
   <div class='ocr_carea' id='block_1_13' title="bbox 1936 775 3528 852">
    <p class='ocr_par' dir='ltr' id='par_1_13' title="bbox 1936 775 3528 852">
     <span class='ocr_line' id='line_1_13' title="bbox 1936 775 3528 852; baseline 0.003 -21"><span class='ocrx_word' id='word_1_97' title='bbox 1936 788 2064 831; x_wconf 84' lang='lat' dir='ltr'><strong>cans</strong></span> <span class='ocrx_word' id='word_1_98' title='bbox 2090 794 2261 832; x_wconf 86' lang='lat' dir='ltr'><strong>eorum</strong></span> <span class='ocrx_word' id='word_1_99' title='bbox 2291 775 2504 851; x_wconf 81' lang='lat' dir='ltr'><strong>(Matth.</strong></span> <span class='ocrx_word' id='word_1_100' title='bbox 2535 795 2572 845; x_wconf 88' lang='lat' dir='ltr'><strong>t,</strong></span> <span class='ocrx_word' id='word_1_101' title='bbox 2595 777 2712 851; x_wconf 61' lang='grc' dir='ltr'><strong>ει).</strong></span> <span class='ocrx_word' id='word_1_102' title='bbox 2747 779 2871 836; x_wconf 88' lang='lat' dir='ltr'><strong>Ideo</strong></span> <span class='ocrx_word' id='word_1_103' title='bbox 2896 796 3024 852; x_wconf 88' lang='lat' dir='ltr'><strong>ergo</strong></span> <span class='ocrx_word' id='word_1_104' title='bbox 3048 780 3252 846; x_wconf 73' lang='lat' dir='ltr'><strong>Iesum,</strong></span> <span class='ocrx_word' id='word_1_105' title='bbox 3277 782 3528 852; x_wconf 81' lang='lat' dir='ltr'><strong>quoniam</strong></span> 
     </span>
    </p>
   </div>
   <div class='ocr_carea' id='block_1_14' title="bbox 1935 867 3526 942">
    <p class='ocr_par' dir='ltr' id='par_1_14' title="bbox 1935 867 3526 942">
     <span class='ocr_line' id='line_1_14' title="bbox 1935 867 3526 942; baseline 0.002 -19"><span class='ocrx_word' id='word_1_106' title='bbox 1935 867 2092 924; x_wconf 80' lang='lat' dir='ltr'><strong>Jcsus</strong></span> <span class='ocrx_word' id='word_1_107' title='bbox 2117 868 2283 924; x_wconf 83' lang='lat' dir='ltr'><strong>latine</strong></span> <span class='ocrx_word' id='word_1_108' title='bbox 2308 867 2554 924; x_wconf 72' lang='lat' dir='ltr'><strong>Salvator</strong></span> <span class='ocrx_word' id='word_1_109' title='bbox 2583 878 2684 924; x_wconf 84' lang='lat' dir='ltr'><strong>est.</strong></span> <span class='ocrx_word' id='word_1_110' title='bbox 2715 869 2838 939; x_wconf 86' lang='lat' dir='ltr'><strong>Ipse</strong></span> <span class='ocrx_word' id='word_1_111' title='bbox 2864 872 2996 925; x_wconf 86' lang='lat' dir='ltr'><strong>enim</strong></span> <span class='ocrx_word' id='word_1_112' title='bbox 3023 872 3218 926; x_wconf 84' lang='lat' dir='ltr'><strong>salvum</strong></span> <span class='ocrx_word' id='word_1_113' title='bbox 3243 871 3395 942; x_wconf 74' lang='lat' dir='ltr'><strong>faciet</strong></span> <span class='ocrx_word' id='word_1_114' title='bbox 3430 887 3526 942; x_wconf 58' lang='lat' dir='ltr'><strong>po.</strong></span> 
     </span>
    </p>
   </div>
   <div class='ocr_carea' id='block_1_15' title="bbox 1937 963 3528 1036">
    <p class='ocr_par' dir='ltr' id='par_1_15' title="bbox 1937 963 3528 1036">
     <span class='ocr_line' id='line_1_15' title="bbox 1937 963 3528 1036; baseline 0 -20"><span class='ocrx_word' id='word_1_115' title='bbox 1937 964 2115 1032; x_wconf 81' lang='lat' dir='ltr'><strong>pulum</strong></span> <span class='ocrx_word' id='word_1_116' title='bbox 2161 979 2330 1029; x_wconf 86' lang='lat' dir='ltr'><strong>suum,</strong></span> <span class='ocrx_word' id='word_1_117' title='bbox 2373 963 2424 1017; x_wconf 93' lang='lat' dir='ltr'><strong>in</strong></span> <span class='ocrx_word' id='word_1_118' title='bbox 2464 979 2570 1032; x_wconf 88' lang='lat' dir='ltr'><strong>quo</strong></span> <span class='ocrx_word' id='word_1_119' title='bbox 2617 963 2812 1032; x_wconf 88' lang='lat' dir='ltr'><strong>populo</strong></span> <span class='ocrx_word' id='word_1_120' title='bbox 2849 971 2974 1019; x_wconf 90' lang='lat' dir='ltr'><strong>sunt</strong></span> <span class='ocrx_word' id='word_1_121' title='bbox 3010 964 3190 1036; x_wconf 86' lang='lat' dir='ltr'><strong>utique</strong></span> <span class='ocrx_word' id='word_1_122' title='bbox 3220 972 3277 1018; x_wconf 90' lang='lat' dir='ltr'><strong>et</strong></span> <span class='ocrx_word' id='word_1_123' title='bbox 3302 963 3528 1033; x_wconf 83' lang='lat' dir='ltr'><strong>parvuli.</strong></span> 
     </span>
    </p>
   </div>
   <div class='ocr_carea' id='block_1_16' title="bbox 1936 1054 3528 1128">
    <p class='ocr_par' dir='ltr' id='par_1_16' title="bbox 1936 1054 3528 1128">
     <span class='ocr_line' id='line_1_16' title="bbox 1936 1054 3528 1128; baseline 0 -17"><span class='ocrx_word' id='word_1_124' title='bbox 1936 1054 2150 1111; x_wconf 79' lang='lat' dir='ltr'><strong>Salvum</strong></span> <span class='ocrx_word' id='word_1_125' title='bbox 2183 1065 2361 1111; x_wconf 91' lang='lat' dir='ltr'><strong>autem</strong></span> <span class='ocrx_word' id='word_1_126' title='bbox 2407 1055 2558 1128; x_wconf 77' lang='lat' dir='ltr'><strong>faciet</strong></span> <span class='ocrx_word' id='word_1_127' title='bbox 2587 1071 2619 1108; x_wconf 90' lang='lat' dir='ltr'><strong>a</strong></span> <span class='ocrx_word' id='word_1_128' title='bbox 2645 1055 2863 1127; x_wconf 85' lang='lat' dir='ltr'><strong>peccatis</strong></span> <span class='ocrx_word' id='word_1_129' title='bbox 2900 1072 3073 1110; x_wconf 87' lang='lat' dir='ltr'><strong>eorum</strong></span> <span class='ocrx_word' id='word_1_130' title='bbox 3101 1071 3119 1111; x_wconf 90' lang='lat'><strong><em>:</em></strong></span> <span class='ocrx_word' id='word_1_131' title='bbox 3167 1064 3292 1112; x_wconf 91' lang='lat' dir='ltr'><strong>sunt</strong></span> <span class='ocrx_word' id='word_1_132' title='bbox 3319 1071 3446 1128; x_wconf 88' lang='lat' dir='ltr'><strong>ergo</strong></span> <span class='ocrx_word' id='word_1_133' title='bbox 3473 1063 3528 1111; x_wconf 92' lang='lat' dir='ltr'><strong>et</strong></span> 
     </span>
    </p>
   </div>
   <div class='ocr_carea' id='block_1_17' title="bbox 1936 1145 3526 1222">
    <p class='ocr_par' dir='ltr' id='par_1_17' title="bbox 1936 1145 3526 1222">
     <span class='ocr_line' id='line_1_17' title="bbox 1936 1145 3526 1222; baseline 0.001 -19"><span class='ocrx_word' id='word_1_134' title='bbox 1936 1149 1986 1203; x_wconf 93' lang='lat' dir='ltr'><strong>in</strong></span> <span class='ocrx_word' id='word_1_135' title='bbox 2017 1149 2248 1220; x_wconf 88' lang='lat' dir='ltr'><strong>parvulis</strong></span> <span class='ocrx_word' id='word_1_136' title='bbox 2292 1161 2507 1220; x_wconf 89' lang='lat' dir='ltr'><strong>peccata</strong></span> <span class='ocrx_word' id='word_1_137' title='bbox 2553 1149 2851 1222; x_wconf 88' lang='lat' dir='ltr'><strong>originalia,</strong></span> <span class='ocrx_word' id='word_1_138' title='bbox 2885 1159 3104 1222; x_wconf 90' lang='lat' dir='ltr'><strong>propter</strong></span> <span class='ocrx_word' id='word_1_139' title='bbox 3126 1166 3244 1222; x_wconf 77' lang='lat' dir='ltr'><strong>qua:</strong></span> <span class='ocrx_word' id='word_1_140' title='bbox 3269 1149 3447 1218; x_wconf 80' lang='lat' dir='ltr'><strong>Jesus,</strong></span> <span class='ocrx_word' id='word_1_141' title='bbox 3471 1145 3526 1204; x_wconf 89' lang='lat' dir='ltr'><strong>id</strong></span> 
     </span>
    </p>
   </div>
   <div class='ocr_carea' id='block_1_18' title="bbox 1935 1243 3026 1316">
    <p class='ocr_par' dir='ltr' id='par_1_18' title="bbox 1935 1243 3026 1316">
     <span class='ocr_line' id='line_1_18' title="bbox 1935 1243 3026 1316; baseline 0.001 -18"><span class='ocrx_word' id='word_1_142' title='bbox 1935 1252 2036 1310; x_wconf 89' lang='lat' dir='ltr'><strong>est,</strong></span> <span class='ocrx_word' id='word_1_143' title='bbox 2068 1243 2312 1300; x_wconf 87' lang='lat' dir='ltr'><strong>Salvator</strong></span> <span class='ocrx_word' id='word_1_144' title='bbox 2342 1247 2510 1316; x_wconf 78' lang='lat' dir='ltr'><strong>possit</strong></span> <span class='ocrx_word' id='word_1_145' title='bbox 2534 1259 2657 1302; x_wconf 90' lang='lat' dir='ltr'><strong>esse</strong></span> <span class='ocrx_word' id='word_1_146' title='bbox 2681 1252 2737 1301; x_wconf 87' lang='lat' dir='ltr'><strong>et</strong></span> <span class='ocrx_word' id='word_1_147' title='bbox 2766 1244 3026 1316; x_wconf 88' lang='lat' dir='ltr'><strong>ipsorum.</strong></span> 
     </span>
    </p>
   </div>
   <div class='ocr_carea' id='block_1_19' title="bbox 238 1331 1826 1397">
    <p class='ocr_par' dir='ltr' id='par_1_19' title="bbox 238 1331 1826 1397">
     <span class='ocr_line' id='line_1_19' title="bbox 238 1331 1826 1397; baseline 0.001 -13"><span class='ocrx_word' id='word_1_148' title='bbox 238 1343 353 1397; x_wconf 88' lang='lat' dir='ltr'><strong>sus,</strong></span> <span class='ocrx_word' id='word_1_149' title='bbox 404 1331 450 1384; x_wconf 87' lang='lat' dir='ltr'><strong>si</strong></span> <span class='ocrx_word' id='word_1_150' title='bbox 495 1331 610 1385; x_wconf 84' lang='lat' dir='ltr'><strong>vult</strong></span> <span class='ocrx_word' id='word_1_151' title='bbox 653 1331 948 1386; x_wconf 92' lang='lat' dir='ltr'><strong>catholicus</strong></span> <span class='ocrx_word' id='word_1_152' title='bbox 992 1347 1113 1387; x_wconf 88' lang='lat' dir='ltr'><strong>esse</strong></span> <span class='ocrx_word' id='word_1_153' title='bbox 1159 1331 1512 1388; x_wconf 89' lang='lat' dir='ltr'><strong>Christianus.</strong></span> <span class='ocrx_word' id='word_1_154' title='bbox 1559 1332 1646 1386; x_wconf 90' lang='lat' dir='ltr'><strong>Sic</strong></span> <span class='ocrx_word' id='word_1_155' title='bbox 1683 1332 1826 1386; x_wconf 91' lang='lat' dir='ltr'><strong>enim</strong></span> 
     </span>
    </p>
   </div>
   <div class='ocr_carea' id='block_1_20' title="bbox 1359 1522 2384 1656">
    <p class='ocr_par' dir='ltr' id='par_1_20' title="bbox 1359 1522 2384 1656">
     <span class='ocr_line' id='line_1_20' title="bbox 1359 1522 2384 1656; baseline -0.003 0"><span class='ocrx_word' id='word_1_156' title='bbox 1359 1527 1604 1656; x_wconf 89' lang='lat' dir='ltr'><strong>AD</strong></span> <span class='ocrx_word' id='word_1_157' title='bbox 1631 1522 2384 1656; x_wconf 82' lang='grc' dir='ltr'><strong>ΜΟΝΙΤΙΟ</strong></span> 
     </span>
    </p>
   </div>
   <div class='ocr_carea' id='block_1_21' title="bbox 720 1712 3047 1792">
    <p class='ocr_par' dir='ltr' id='par_1_21' title="bbox 720 1712 3047 1792">
     <span class='ocr_line' id='line_1_21' title="bbox 720 1712 3047 1792; baseline 0 -18"><span class='ocrx_word' id='word_1_158' title='bbox 720 1713 812 1774; x_wconf 89' lang='grc' dir='ltr'><strong>ΙΝ</strong></span> <span class='ocrx_word' id='word_1_159' title='bbox 874 1712 1478 1792; x_wconf 87' lang='lat' dir='ltr'><strong>SUBSEQUENTES</strong></span> <span class='ocrx_word' id='word_1_160' title='bbox 1519 1716 1803 1779; x_wconf 86' lang='lat' dir='ltr'><strong>LIBROS</strong></span> <span class='ocrx_word' id='word_1_161' title='bbox 1846 1717 1952 1778; x_wconf 91' lang='lat' dir='ltr'><strong>DE</strong></span> <span class='ocrx_word' id='word_1_162' title='bbox 1999 1713 2261 1776; x_wconf 80' lang='lat' dir='ltr'><strong>ANIMA</strong></span> <span class='ocrx_word' id='word_1_163' title='bbox 2310 1714 2414 1774; x_wconf 87' lang='lat' dir='ltr'><strong>ET</strong></span> <span class='ocrx_word' id='word_1_164' title='bbox 2461 1713 2646 1776; x_wconf 84' lang='lat' dir='ltr'><strong>EJUS</strong></span> <span class='ocrx_word' id='word_1_165' title='bbox 2692 1712 3047 1775; x_wconf 84' lang='lat' dir='ltr'><strong>ORIGINE.</strong></span> 
     </span>
    </p>
   </div>
   <div class='ocr_carea' id='block_1_22' title="bbox 1635 1839 2138 1920">
    <p class='ocr_par' dir='ltr' id='par_1_22' title="bbox 1635 1839 2138 1920">
     <span class='ocr_line' id='line_1_22' title="bbox 1635 1839 2138 1920; baseline -0.002 -10"><span class='ocrx_word' id='word_1_166' title='bbox 1635 1839 2138 1920; x_wconf 58' lang='lat' dir='ltr'><strong>amem</strong></span> 
     </span>
    </p>
   </div>
   <div class='ocr_carea' id='block_1_23' title="bbox 303 1957 3534 2032">
    <p class='ocr_par' dir='ltr' id='par_1_23' title="bbox 303 1957 3534 2032">
     <span class='ocr_line' id='line_1_23' title="bbox 303 1957 3534 2032; baseline -0.002 -16"><span class='ocrx_word' id='word_1_167' title='bbox 303 1960 394 2016; x_wconf 80' lang='lat' dir='ltr'><strong>His</strong></span> <span class='ocrx_word' id='word_1_168' title='bbox 432 1969 662 2032; x_wconf 88' lang='lat' dir='ltr'><strong>quatuor</strong></span> <span class='ocrx_word' id='word_1_169' title='bbox 707 1961 855 2016; x_wconf 86' lang='lat' dir='ltr'><strong>libris</strong></span> <span class='ocrx_word' id='word_1_170' title='bbox 893 1963 1170 2016; x_wconf 89' lang='lat' dir='ltr'><strong>materiam</strong></span> <span class='ocrx_word' id='word_1_171' title='bbox 1212 1962 1632 2018; x_wconf 82' lang='lat' dir='ltr'><strong>subministravit</strong></span> <span class='ocrx_word' id='word_1_172' title='bbox 1667 1964 1980 2020; x_wconf 80' lang='lat' dir='ltr'><strong>Vincentius</strong></span> <span class='ocrx_word' id='word_1_173' title='bbox 2025 1962 2236 2029; x_wconf 83' lang='lat' dir='ltr'><strong>Victor,</strong></span> <span class='ocrx_word' id='word_1_174' title='bbox 2265 1961 2477 2032; x_wconf 80' lang='lat' dir='ltr'><strong>juvenis</strong></span> <span class='ocrx_word' id='word_1_175' title='bbox 2518 1960 2575 2017; x_wconf 89' lang='lat' dir='ltr'><strong>in</strong></span> <span class='ocrx_word' id='word_1_176' title='bbox 2613 1959 2932 2016; x_wconf 84' lang='lat' dir='ltr'><strong>Mauritania</strong></span> <span class='ocrx_word' id='word_1_177' title='bbox 2970 1957 3297 2016; x_wconf 79' lang='lat' dir='ltr'><strong>Caesareensi</strong></span> <span class='ocrx_word' id='word_1_178' title='bbox 3334 1965 3493 2011; x_wconf 89' lang='lat' dir='ltr'><strong>natus</strong></span> <span class='ocrx_word' id='word_1_179' title='bbox 3516 1996 3534 2024; x_wconf 95' lang='lat'><strong>,</strong></span> 
     </span>
    </p>
   </div>
   <div class='ocr_carea' id='block_1_24' title="bbox 238 2049 3534 2128">
    <p class='ocr_par' dir='ltr' id='par_1_24' title="bbox 238 2049 3534 2128">
     <span class='ocr_line' id='line_1_24' title="bbox 238 2049 3534 2128; baseline -0.001 -20"><span class='ocrx_word' id='word_1_180' title='bbox 238 2062 287 2108; x_wconf 92' lang='lat' dir='ltr'><strong>et</strong></span> <span class='ocrx_word' id='word_1_181' title='bbox 308 2067 372 2109; x_wconf 81' lang='lat' dir='ltr'><strong>ex</strong></span> <span class='ocrx_word' id='word_1_182' title='bbox 402 2053 801 2124; x_wconf 81' lang='lat' dir='ltr'><strong>Rogatistarum</strong></span> <span class='ocrx_word' id='word_1_183' title='bbox 829 2051 1059 2109; x_wconf 85' lang='lat' dir='ltr'><strong>factione</strong></span> <span class='ocrx_word' id='word_1_184' title='bbox 1084 2053 1230 2125; x_wconf 84' lang='lat' dir='ltr'><strong>(quae</strong></span> <span class='ocrx_word' id='word_1_185' title='bbox 1259 2054 1660 2112; x_wconf 88' lang='lat' dir='ltr'><strong>Donatistarum</strong></span> <span class='ocrx_word' id='word_1_186' title='bbox 1684 2057 1920 2114; x_wconf 85' lang='lat' dir='ltr'><strong>scissura</strong></span> <span class='ocrx_word' id='word_1_187' title='bbox 1945 2064 2080 2120; x_wconf 88' lang='lat' dir='ltr'><strong>erat,</strong></span> <span class='ocrx_word' id='word_1_188' title='bbox 2109 2065 2316 2127; x_wconf 90' lang='lat' dir='ltr'><strong>partem</strong></span> <span class='ocrx_word' id='word_1_189' title='bbox 2346 2055 2632 2128; x_wconf 88' lang='lat' dir='ltr'><strong>quamdam</strong></span> <span class='ocrx_word' id='word_1_190' title='bbox 2664 2053 2994 2109; x_wconf 83' lang='lat' dir='ltr'><strong>Mauritaniae</strong></span> <span class='ocrx_word' id='word_1_191' title='bbox 3018 2053 3160 2108; x_wconf 88' lang='lat' dir='ltr'><strong>circa</strong></span> <span class='ocrx_word' id='word_1_192' title='bbox 3186 2051 3374 2106; x_wconf 88' lang='lat' dir='ltr'><strong>urbem</strong></span> <span class='ocrx_word' id='word_1_193' title='bbox 3400 2049 3534 2105; x_wconf 84' lang='lat' dir='ltr'><strong>Car-</strong></span> 
     </span>
    </p>
   </div>
   <div class='ocr_carea' id='block_1_25' title="bbox 242 2141 3537 2220">
    <p class='ocr_par' dir='ltr' id='par_1_25' title="bbox 242 2141 3537 2220">
     <span class='ocr_line' id='line_1_25' title="bbox 242 2141 3537 2220; baseline -0.001 -22"><span class='ocrx_word' id='word_1_194' title='bbox 242 2151 448 2199; x_wconf 90' lang='lat' dir='ltr'><strong>tennam</strong></span> <span class='ocrx_word' id='word_1_195' title='bbox 477 2143 768 2214; x_wconf 89' lang='lat' dir='ltr'><strong>occupans)</strong></span> <span class='ocrx_word' id='word_1_196' title='bbox 792 2143 858 2199; x_wconf 90' lang='lat' dir='ltr'><strong>ad</strong></span> <span class='ocrx_word' id='word_1_197' title='bbox 885 2143 1204 2200; x_wconf 89' lang='lat' dir='ltr'><strong>catholicam</strong></span> <span class='ocrx_word' id='word_1_198' title='bbox 1229 2145 1523 2202; x_wconf 74' lang='lat' dir='ltr'><strong>Ecclesium</strong></span> <span class='ocrx_word' id='word_1_199' title='bbox 1545 2163 1874 2204; x_wconf 85' lang='lat' dir='ltr'><strong>conversus:</strong></span> <span class='ocrx_word' id='word_1_200' title='bbox 1904 2163 2062 2220; x_wconf 87' lang='lat' dir='ltr'><strong>quem</strong></span> <span class='ocrx_word' id='word_1_201' title='bbox 2082 2147 2355 2204; x_wconf 82' lang='lat' dir='ltr'><strong>Victorem</strong></span> <span class='ocrx_word' id='word_1_202' title='bbox 2388 2147 2648 2214; x_wconf 86' lang='lat' dir='ltr'><strong>ferebant,</strong></span> <span class='ocrx_word' id='word_1_203' title='bbox 2683 2145 2940 2202; x_wconf 91' lang='lat' dir='ltr'><strong>Vincentii</strong></span> <span class='ocrx_word' id='word_1_204' title='bbox 2964 2145 3126 2213; x_wconf 91' lang='lat' dir='ltr'><strong>illius,</strong></span> <span class='ocrx_word' id='word_1_205' title='bbox 3155 2143 3248 2214; x_wconf 88' lang='lat' dir='ltr'><strong>qui</strong></span> <span class='ocrx_word' id='word_1_206' title='bbox 3278 2150 3397 2213; x_wconf 90' lang='lat' dir='ltr'><strong>post</strong></span> <span class='ocrx_word' id='word_1_207' title='bbox 3424 2141 3537 2196; x_wconf 80' lang='lat' dir='ltr'><strong>Ro-</strong></span> 
     </span>
    </p>
   </div>
   <div class='ocr_carea' id='block_1_26' title="bbox 239 2233 3539 2311">
    <p class='ocr_par' dir='ltr' id='par_1_26' title="bbox 239 2233 3539 2311">
     <span class='ocr_line' id='line_1_26' title="bbox 239 2233 3539 2311; baseline -0.001 -20"><span class='ocrx_word' id='word_1_208' title='bbox 239 2247 406 2309; x_wconf 81' lang='lat' dir='ltr'><strong>gatum</strong></span> <span class='ocrx_word' id='word_1_209' title='bbox 435 2236 650 2292; x_wconf 86' lang='lat' dir='ltr'><strong>factioni</strong></span> <span class='ocrx_word' id='word_1_210' title='bbox 683 2237 854 2292; x_wconf 88' lang='lat' dir='ltr'><strong>eidem</strong></span> <span class='ocrx_word' id='word_1_211' title='bbox 901 2237 1204 2308; x_wconf 67' lang='lat' dir='ltr'><strong>pra~fuerat,</strong></span> <span class='ocrx_word' id='word_1_212' title='bbox 1237 2255 1484 2311; x_wconf 86' lang='lat' dir='ltr'><strong>magnam</strong></span> <span class='ocrx_word' id='word_1_213' title='bbox 1525 2241 1975 2296; x_wconf 81' lang='lat' dir='ltr'><strong>existimationem</strong></span> <span class='ocrx_word' id='word_1_214' title='bbox 2020 2242 2278 2296; x_wconf 86' lang='lat' dir='ltr'><strong>hactenus</strong></span> <span class='ocrx_word' id='word_1_215' title='bbox 2315 2241 2492 2295; x_wconf 88' lang='lat' dir='ltr'><strong>animo</strong></span> <span class='ocrx_word' id='word_1_216' title='bbox 2525 2249 2708 2295; x_wconf 89' lang='lat' dir='ltr'><strong>tenere</strong></span> <span class='ocrx_word' id='word_1_217' title='bbox 2729 2281 2744 2304; x_wconf 91' lang='lat'><strong>,</strong></span> <span class='ocrx_word' id='word_1_218' title='bbox 2773 2247 2832 2294; x_wconf 94' lang='lat' dir='ltr'><strong>ut</strong></span> <span class='ocrx_word' id='word_1_219' title='bbox 2870 2254 2987 2294; x_wconf 90' lang='lat' dir='ltr'><strong>eam</strong></span> <span class='ocrx_word' id='word_1_220' title='bbox 3015 2238 3084 2292; x_wconf 92' lang='lat' dir='ltr'><strong>ob</strong></span> <span class='ocrx_word' id='word_1_221' title='bbox 3112 2251 3325 2292; x_wconf 87' lang='lat' dir='ltr'><strong>causam</strong></span> <span class='ocrx_word' id='word_1_222' title='bbox 3368 2233 3539 2305; x_wconf 84' lang='lat' dir='ltr'><strong>ipsius</strong></span> 
     </span>
    </p>
   </div>
   <div class='ocr_carea' id='block_1_27' title="bbox 239 2327 3538 2405">
    <p class='ocr_par' dir='ltr' id='par_1_27' title="bbox 239 2327 3538 2405">
     <span class='ocr_line' id='line_1_27' title="bbox 239 2327 3538 2405; baseline -0.001 -20"><span class='ocrx_word' id='word_1_223' title='bbox 239 2346 449 2398; x_wconf 87' lang='lat' dir='ltr'><strong>nomen,</strong></span> <span class='ocrx_word' id='word_1_224' title='bbox 481 2346 637 2385; x_wconf 89' lang='lat' dir='ltr'><strong>suum</strong></span> <span class='ocrx_word' id='word_1_225' title='bbox 671 2331 900 2386; x_wconf 89' lang='lat' dir='ltr'><strong>voluerit</strong></span> <span class='ocrx_word' id='word_1_226' title='bbox 930 2346 1051 2388; x_wconf 89' lang='lat' dir='ltr'><strong>esse</strong></span> <span class='ocrx_word' id='word_1_227' title='bbox 1081 2347 1378 2403; x_wconf 79' lang='lat' dir='ltr'><strong>cognomen</strong></span> <span class='ocrx_word' id='word_1_228' title='bbox 1411 2331 1506 2405; x_wconf 92' lang='lat' dir='ltr'><strong>(a).</strong></span> <span class='ocrx_word' id='word_1_229' title='bbox 1537 2332 1634 2389; x_wconf 88' lang='lat' dir='ltr'><strong>Hic</strong></span> <span class='ocrx_word' id='word_1_230' title='bbox 1659 2334 1817 2404; x_wconf 77' lang='lat' dir='ltr'><strong>igitur</strong></span> <span class='ocrx_word' id='word_1_231' title='bbox 1851 2333 2029 2389; x_wconf 83' lang='lat' dir='ltr'><strong>Victor</strong></span> <span class='ocrx_word' id='word_1_232' title='bbox 2053 2350 2173 2389; x_wconf 92' lang='lat' dir='ltr'><strong>cum</strong></span> <span class='ocrx_word' id='word_1_233' title='bbox 2205 2334 2256 2388; x_wconf 92' lang='lat' dir='ltr'><strong>in</strong></span> <span class='ocrx_word' id='word_1_234' title='bbox 2289 2333 2573 2404; x_wconf 89' lang='lat' dir='ltr'><strong>quamdam</strong></span> <span class='ocrx_word' id='word_1_235' title='bbox 2602 2331 2883 2402; x_wconf 77' lang='lat' dir='ltr'><strong>Augustini</strong></span> <span class='ocrx_word' id='word_1_236' title='bbox 2932 2330 3276 2401; x_wconf 89' lang='lat' dir='ltr'><strong>scriptionem</strong></span> <span class='ocrx_word' id='word_1_237' title='bbox 3316 2327 3538 2383; x_wconf 82' lang='lat' dir='ltr'><strong>incidis-</strong></span> 
     </span>
    </p>
   </div>
   <div class='ocr_carea' id='block_1_28' title="bbox 238 2419 3538 2494">
    <p class='ocr_par' dir='ltr' id='par_1_28' title="bbox 238 2419 3538 2494">
     <span class='ocr_line' id='line_1_28' title="bbox 238 2419 3538 2494; baseline -0.001 -18"><span class='ocrx_word' id='word_1_238' title='bbox 238 2431 332 2486; x_wconf 86' lang='lat' dir='ltr'><strong>set,</strong></span> <span class='ocrx_word' id='word_1_239' title='bbox 358 2437 464 2492; x_wconf 89' lang='lat' dir='ltr'><strong>qua</strong></span> <span class='ocrx_word' id='word_1_240' title='bbox 490 2423 582 2478; x_wconf 90' lang='lat' dir='ltr'><strong>ille</strong></span> <span class='ocrx_word' id='word_1_241' title='bbox 607 2437 668 2477; x_wconf 90' lang='lat' dir='ltr'><strong>se</strong></span> <span class='ocrx_word' id='word_1_242' title='bbox 691 2423 908 2494; x_wconf 88' lang='lat' dir='ltr'><strong>quidem</strong></span> <span class='ocrx_word' id='word_1_243' title='bbox 938 2423 1184 2494; x_wconf 88' lang='lat' dir='ltr'><strong>ignorare</strong></span> <span class='ocrx_word' id='word_1_244' title='bbox 1207 2423 1488 2491; x_wconf 84' lang='lat' dir='ltr'><strong>fatebatur,</strong></span> <span class='ocrx_word' id='word_1_245' title='bbox 1521 2441 1588 2480; x_wconf 91' lang='lat' dir='ltr'><strong>an</strong></span> <span class='ocrx_word' id='word_1_246' title='bbox 1616 2440 1803 2481; x_wconf 87' lang='lat' dir='ltr'><strong>omnes</strong></span> <span class='ocrx_word' id='word_1_247' title='bbox 1829 2425 2020 2480; x_wconf 72' lang='lat' dir='ltr'><strong>anima:</strong></span> <span class='ocrx_word' id='word_1_248' title='bbox 2047 2441 2111 2480; x_wconf 77' lang='lat' dir='ltr'><strong>ex</strong></span> <span class='ocrx_word' id='word_1_249' title='bbox 2135 2441 2240 2480; x_wconf 92' lang='lat' dir='ltr'><strong>una</strong></span> <span class='ocrx_word' id='word_1_250' title='bbox 2261 2423 2450 2479; x_wconf 86' lang='lat' dir='ltr'><strong>Adami</strong></span> <span class='ocrx_word' id='word_1_251' title='bbox 2475 2423 2652 2478; x_wconf 89' lang='lat' dir='ltr'><strong>anima</strong></span> <span class='ocrx_word' id='word_1_252' title='bbox 2675 2431 3056 2494; x_wconf 77' lang='lat' dir='ltr'><strong>propagentur,</strong></span> <span class='ocrx_word' id='word_1_253' title='bbox 3087 2437 3154 2476; x_wconf 89' lang='lat' dir='ltr'><strong>an</strong></span> <span class='ocrx_word' id='word_1_254' title='bbox 3177 2419 3399 2491; x_wconf 76' lang='lat' dir='ltr'><strong>singulis</strong></span> <span class='ocrx_word' id='word_1_255' title='bbox 3421 2419 3538 2490; x_wconf 88' lang='lat' dir='ltr'><strong>qui—</strong></span> 
     </span>
    </p>
   </div>
   <div class='ocr_carea' id='block_1_29' title="bbox 240 2510 3537 2588">
    <p class='ocr_par' dir='ltr' id='par_1_29' title="bbox 240 2510 3537 2588">
     <span class='ocr_line' id='line_1_29' title="bbox 240 2510 3537 2588; baseline -0.002 -18"><span class='ocrx_word' id='word_1_256' title='bbox 240 2514 778 2586; x_wconf 71' lang='lat' dir='ltr'><strong>busque&#39;hominibus</strong></span> <span class='ocrx_word' id='word_1_257' title='bbox 807 2517 1028 2587; x_wconf 76' lang='lat' dir='ltr'><strong>singulae</strong></span> <span class='ocrx_word' id='word_1_258' title='bbox 1058 2532 1086 2571; x_wconf 91' lang='lat' dir='ltr'><strong>a</strong></span> <span class='ocrx_word' id='word_1_259' title='bbox 1119 2516 1250 2582; x_wconf 90' lang='lat' dir='ltr'><strong>Deo,</strong></span> <span class='ocrx_word' id='word_1_260' title='bbox 1281 2517 1418 2572; x_wconf 88' lang='lat' dir='ltr'><strong>sicut</strong></span> <span class='ocrx_word' id='word_1_261' title='bbox 1446 2517 1546 2588; x_wconf 89' lang='lat' dir='ltr'><strong>ipsi</strong></span> <span class='ocrx_word' id='word_1_262' title='bbox 1587 2517 1813 2584; x_wconf 84' lang='lat' dir='ltr'><strong>Adamo,</strong></span> <span class='ocrx_word' id='word_1_263' title='bbox 1839 2517 1954 2572; x_wconf 88' lang='lat' dir='ltr'><strong>sine</strong></span> <span class='ocrx_word' id='word_1_264' title='bbox 1985 2517 2366 2588; x_wconf 82' lang='lat' dir='ltr'><strong>propagatione</strong></span> <span class='ocrx_word' id='word_1_265' title='bbox 2391 2515 2616 2579; x_wconf 88' lang='lat' dir='ltr'><strong>dentur;</strong></span> <span class='ocrx_word' id='word_1_266' title='bbox 2646 2513 2741 2569; x_wconf 90' lang='lat' dir='ltr'><strong>sed</strong></span> <span class='ocrx_word' id='word_1_267' title='bbox 2770 2523 2946 2568; x_wconf 89' lang='lat' dir='ltr'><strong>tamen</strong></span> <span class='ocrx_word' id='word_1_268' title='bbox 2975 2514 3114 2569; x_wconf 90' lang='lat' dir='ltr'><strong>scire</strong></span> <span class='ocrx_word' id='word_1_269' title='bbox 3157 2511 3390 2576; x_wconf 89' lang='lat' dir='ltr'><strong>dicebat,</strong></span> <span class='ocrx_word' id='word_1_270' title='bbox 3420 2510 3537 2564; x_wconf 88' lang='lat' dir='ltr'><strong>ani-</strong></span> 
     </span>
    </p>
   </div>
   <div class='ocr_carea' id='block_1_30' title="bbox 241 2601 3533 2680">
    <p class='ocr_par' dir='ltr' id='par_1_30' title="bbox 241 2601 3533 2680">
     <span class='ocr_line' id='line_1_30' title="bbox 241 2601 3533 2680; baseline -0.003 -17"><span class='ocrx_word' id='word_1_271' title='bbox 241 2623 373 2663; x_wconf 86' lang='lat' dir='ltr'><strong>mam</strong></span> <span class='ocrx_word' id='word_1_272' title='bbox 406 2619 596 2664; x_wconf 82' lang='lat' dir='ltr'><strong>natura</strong></span> <span class='ocrx_word' id='word_1_273' title='bbox 626 2609 870 2679; x_wconf 87' lang='lat' dir='ltr'><strong>spiritum</strong></span> <span class='ocrx_word' id='word_1_274' title='bbox 901 2623 1040 2673; x_wconf 90' lang='lat' dir='ltr'><strong>esse,</strong></span> <span class='ocrx_word' id='word_1_275' title='bbox 1073 2625 1178 2663; x_wconf 91' lang='lat' dir='ltr'><strong>non</strong></span> <span class='ocrx_word' id='word_1_276' title='bbox 1210 2623 1443 2679; x_wconf 89' lang='lat' dir='ltr'><strong>corpus:</strong></span> <span class='ocrx_word' id='word_1_277' title='bbox 1476 2615 1760 2680; x_wconf 87' lang='lat' dir='ltr'><strong>utrumque</strong></span> <span class='ocrx_word' id='word_1_278' title='bbox 1789 2607 2059 2679; x_wconf 77' lang='lat' dir='ltr'><strong>diSplicuit</strong></span> <span class='ocrx_word' id='word_1_279' title='bbox 2087 2623 2153 2662; x_wconf 81' lang='lat' dir='ltr'><strong>ex</strong></span> <span class='ocrx_word' id='word_1_280' title='bbox 2183 2623 2338 2676; x_wconf 71' lang='lat' dir='ltr'><strong>mquo</strong></span> <span class='ocrx_word' id='word_1_281' title='bbox 2370 2605 2592 2672; x_wconf 87' lang='lat' dir='ltr'><strong>Victori,</strong></span> <span class='ocrx_word' id='word_1_282' title='bbox 2624 2613 2679 2661; x_wconf 87' lang='lat' dir='ltr'><strong>et</strong></span> <span class='ocrx_word' id='word_1_283' title='bbox 2717 2605 2860 2675; x_wconf 91' lang='lat' dir='ltr'><strong>quod</strong></span> <span class='ocrx_word' id='word_1_284' title='bbox 2887 2603 3209 2674; x_wconf 77' lang='lat' dir='ltr'><strong>Augustinus</strong></span> <span class='ocrx_word' id='word_1_285' title='bbox 3241 2601 3320 2655; x_wconf 91' lang='lat' dir='ltr'><strong>vir</strong></span> <span class='ocrx_word' id='word_1_286' title='bbox 3353 2608 3533 2654; x_wconf 86' lang='lat' dir='ltr'><strong>tantus</strong></span> 
     </span>
    </p>
   </div>
   <div class='ocr_carea' id='block_1_31' title="bbox 239 2694 3534 2774">
    <p class='ocr_par' dir='ltr' id='par_1_31' title="bbox 239 2694 3534 2774">
     <span class='ocr_line' id='line_1_31' title="bbox 239 2694 3534 2774; baseline -0.004 -15"><span class='ocrx_word' id='word_1_287' title='bbox 239 2705 301 2761; x_wconf 88' lang='lat' dir='ltr'><strong>de</strong></span> <span class='ocrx_word' id='word_1_288' title='bbox 319 2706 514 2761; x_wconf 61' lang='lat' dir='ltr'><strong>animae</strong></span> <span class='ocrx_word' id='word_1_289' title='bbox 542 2704 748 2774; x_wconf 78' lang='lat' dir='ltr'><strong>origine</strong></span> <span class='ocrx_word' id='word_1_290' title='bbox 773 2703 898 2774; x_wconf 84' lang='lat' dir='ltr'><strong>quid</strong></span> <span class='ocrx_word' id='word_1_291' title='bbox 927 2703 1214 2758; x_wconf 89' lang='lat' dir='ltr'><strong>tenendum</strong></span> <span class='ocrx_word' id='word_1_292' title='bbox 1241 2701 1312 2758; x_wconf 88' lang='lat' dir='ltr'><strong>sit</strong></span> <span class='ocrx_word' id='word_1_293' title='bbox 1342 2718 1446 2758; x_wconf 93' lang='lat' dir='ltr'><strong>non</strong></span> <span class='ocrx_word' id='word_1_294' title='bbox 1477 2703 1594 2758; x_wconf 89' lang='lat' dir='ltr'><strong>sine</strong></span> <span class='ocrx_word' id='word_1_295' title='bbox 1619 2703 1955 2758; x_wconf 91' lang='lat' dir='ltr'><strong>cunctatione</strong></span> <span class='ocrx_word' id='word_1_296' title='bbox 1994 2701 2231 2766; x_wconf 87' lang='lat' dir='ltr'><strong>doceret,</strong></span> <span class='ocrx_word' id='word_1_297' title='bbox 2268 2699 2565 2770; x_wconf 73' lang='lat' dir='ltr'><strong>przcsertim</strong></span> <span class='ocrx_word' id='word_1_298' title='bbox 2597 2698 3034 2770; x_wconf 88' lang='lat' dir='ltr'><strong>propagationem</strong></span> <span class='ocrx_word' id='word_1_299' title='bbox 3063 2695 3362 2750; x_wconf 85' lang='lat' dir='ltr'><strong>animarum</strong></span> <span class='ocrx_word' id='word_1_300' title='bbox 3387 2694 3534 2748; x_wconf 88' lang='lat' dir='ltr'><strong>veri-</strong></span> 
     </span>
    </p>
   </div>
   <div class='ocr_carea' id='block_1_32' title="bbox 239 2785 3537 2866">
    <p class='ocr_par' dir='ltr' id='par_1_32' title="bbox 239 2785 3537 2866">
     <span class='ocr_line' id='line_1_32' title="bbox 239 2785 3537 2866; baseline -0.004 -14"><span class='ocrx_word' id='word_1_301' title='bbox 239 2797 462 2853; x_wconf 82' lang='lat' dir='ltr'><strong>similem</strong></span> <span class='ocrx_word' id='word_1_302' title='bbox 490 2812 614 2854; x_wconf 89' lang='lat' dir='ltr'><strong>esse</strong></span> <span class='ocrx_word' id='word_1_303' title='bbox 644 2796 866 2862; x_wconf 90' lang='lat' dir='ltr'><strong>ducens,</strong></span> <span class='ocrx_word' id='word_1_304' title='bbox 890 2803 945 2852; x_wconf 88' lang='lat' dir='ltr'><strong>et</strong></span> <span class='ocrx_word' id='word_1_305' title='bbox 971 2795 1113 2866; x_wconf 90' lang='lat' dir='ltr'><strong>quod</strong></span> <span class='ocrx_word' id='word_1_306' title='bbox 1141 2795 1333 2851; x_wconf 64' lang='lat' dir='ltr'><strong>animae</strong></span> <span class='ocrx_word' id='word_1_307' title='bbox 1357 2803 1602 2850; x_wconf 91' lang='lat' dir='ltr'><strong>naturam</strong></span> <span class='ocrx_word' id='word_1_308' title='bbox 1625 2803 1996 2852; x_wconf 86' lang='lat' dir='ltr'><strong>asseveranter</strong></span> <span class='ocrx_word' id='word_1_309' title='bbox 2019 2793 2383 2864; x_wconf 84' lang='lat' dir='ltr'><strong>pronuntiaret</strong></span> <span class='ocrx_word' id='word_1_310' title='bbox 2409 2792 2801 2862; x_wconf 88' lang='lat' dir='ltr'><strong>incorpoream.</strong></span> <span class='ocrx_word' id='word_1_311' title='bbox 2833 2789 2972 2860; x_wconf 85' lang='lat' dir='ltr'><strong>Ergo</strong></span> <span class='ocrx_word' id='word_1_312' title='bbox 2997 2787 3253 2842; x_wconf 88' lang='lat' dir='ltr'><strong>adversus</strong></span> <span class='ocrx_word' id='word_1_313' title='bbox 3280 2785 3537 2856; x_wconf 82' lang='lat' dir='ltr'><strong>Augusti-</strong></span> 
     </span>
    </p>
   </div>
   <div class='ocr_carea' id='block_1_33' title="bbox 240 2876 3534 2959">
    <p class='ocr_par' dir='ltr' id='par_1_33' title="bbox 240 2876 3534 2959">
     <span class='ocr_line' id='line_1_33' title="bbox 240 2876 3534 2959; baseline -0.005 -12"><span class='ocrx_word' id='word_1_314' title='bbox 240 2907 360 2947; x_wconf 90' lang='lat' dir='ltr'><strong>num</strong></span> <span class='ocrx_word' id='word_1_315' title='bbox 384 2891 485 2946; x_wconf 88' lang='lat' dir='ltr'><strong>hac</strong></span> <span class='ocrx_word' id='word_1_316' title='bbox 514 2891 584 2945; x_wconf 94' lang='lat' dir='ltr'><strong>de</strong></span> <span class='ocrx_word' id='word_1_317' title='bbox 614 2905 674 2944; x_wconf 91' lang='lat' dir='ltr'><strong>re</strong></span> <span class='ocrx_word' id='word_1_318' title='bbox 704 2888 1035 2958; x_wconf 91' lang='lat' dir='ltr'><strong>conscriptos</strong></span> <span class='ocrx_word' id='word_1_319' title='bbox 1058 2888 1192 2944; x_wconf 90' lang='lat' dir='ltr'><strong>duos</strong></span> <span class='ocrx_word' id='word_1_320' title='bbox 1213 2889 1376 2943; x_wconf 89' lang='lat' dir='ltr'><strong>libros</strong></span> <span class='ocrx_word' id='word_1_321' title='bbox 1407 2888 1568 2944; x_wconf 87' lang='lat' dir='ltr'><strong>Petro</strong></span> <span class='ocrx_word' id='word_1_322' title='bbox 1595 2887 1832 2959; x_wconf 84' lang='lat' dir='ltr'><strong>Hispano</strong></span> <span class='ocrx_word' id='word_1_323' title='bbox 1858 2887 2172 2959; x_wconf 84' lang='lat' dir='ltr'><strong>presbytero</strong></span> <span class='ocrx_word' id='word_1_324' title='bbox 2208 2885 2562 2954; x_wconf 85' lang='lat' dir='ltr'><strong>nuncupavit,</strong></span> <span class='ocrx_word' id='word_1_325' title='bbox 2593 2882 2784 2954; x_wconf 88' lang='lat' dir='ltr'><strong>placita</strong></span> <span class='ocrx_word' id='word_1_326' title='bbox 2807 2879 3182 2940; x_wconf 57' lang='lat' dir='ltr'><strong>hereticorum</strong></span> <span class='ocrx_word' id='word_1_327' title='bbox 3217 2876 3534 2947; x_wconf 85' lang='lat' dir='ltr'><strong>Pelagiano-</strong></span> 
     </span>
    </p>
   </div>
   <div class='ocr_carea' id='block_1_34' title="bbox 241 2982 1549 3052">
    <p class='ocr_par' dir='ltr' id='par_1_34' title="bbox 241 2982 1549 3052">
     <span class='ocr_line' id='line_1_34' title="bbox 241 2982 1549 3052; baseline -0.004 -13"><span class='ocrx_word' id='word_1_328' title='bbox 241 2999 350 3039; x_wconf 90' lang='lat' dir='ltr'><strong>rum</strong></span> <span class='ocrx_word' id='word_1_329' title='bbox 373 2984 652 3050; x_wconf 91' lang='lat' dir='ltr'><strong>nonnulla,</strong></span> <span class='ocrx_word' id='word_1_330' title='bbox 681 2991 736 3038; x_wconf 89' lang='lat' dir='ltr'><strong>et</strong></span> <span class='ocrx_word' id='word_1_331' title='bbox 762 2983 862 3037; x_wconf 92' lang='lat' dir='ltr'><strong>alia</strong></span> <span class='ocrx_word' id='word_1_332' title='bbox 894 2982 958 3037; x_wconf 94' lang='lat' dir='ltr'><strong>iis</strong></span> <span class='ocrx_word' id='word_1_333' title='bbox 985 2983 1164 3052; x_wconf 80' lang='lat' dir='ltr'><strong>pejora</strong></span> <span class='ocrx_word' id='word_1_334' title='bbox 1193 2983 1549 3038; x_wconf 87' lang='lat' dir='ltr'><strong>continentes.</strong></span> 
     </span>
    </p>
   </div>
   <div class='ocr_carea' id='block_1_35' title="bbox 306 3059 3558 3145">
    <p class='ocr_par' dir='ltr' id='par_1_35' title="bbox 306 3059 3558 3145">
     <span class='ocr_line' id='line_1_35' title="bbox 306 3059 3558 3145; baseline -0.006 -12"><span class='ocrx_word' id='word_1_335' title='bbox 306 3078 543 3133; x_wconf 84' lang='lat' dir='ltr'><strong>Renatus</strong></span> <span class='ocrx_word' id='word_1_336' title='bbox 585 3075 880 3131; x_wconf 90' lang='lat' dir='ltr'><strong>monachus</strong></span> <span class='ocrx_word' id='word_1_337' title='bbox 903 3117 916 3142; x_wconf 93' lang='lat'><strong>,</strong></span> <span class='ocrx_word' id='word_1_338' title='bbox 944 3075 1033 3145; x_wconf 88' lang='lat' dir='ltr'><strong>qui</strong></span> <span class='ocrx_word' id='word_1_339' title='bbox 1071 3074 1331 3130; x_wconf 74' lang='lat' dir='ltr'><strong>Caesarea:</strong></span> <span class='ocrx_word' id='word_1_340' title='bbox 1374 3083 1500 3130; x_wconf 92' lang='lat' dir='ltr'><strong>tunc</strong></span> <span class='ocrx_word' id='word_1_341' title='bbox 1526 3082 1661 3140; x_wconf 89' lang='lat' dir='ltr'><strong>erat,</strong></span> <span class='ocrx_word' id='word_1_342' title='bbox 1691 3073 1831 3128; x_wconf 88' lang='lat' dir='ltr'><strong>idem</strong></span> <span class='ocrx_word' id='word_1_343' title='bbox 1878 3071 1989 3135; x_wconf 90' lang='lat' dir='ltr'><strong>ille,</strong></span> <span class='ocrx_word' id='word_1_344' title='bbox 2019 3080 2074 3126; x_wconf 91' lang='lat' dir='ltr'><strong>ut</strong></span> <span class='ocrx_word' id='word_1_345' title='bbox 2115 3070 2343 3139; x_wconf 89' lang='lat' dir='ltr'><strong>videtur,</strong></span> <span class='ocrx_word' id='word_1_346' title='bbox 2371 3069 2462 3140; x_wconf 88' lang='lat' dir='ltr'><strong>qui</strong></span> <span class='ocrx_word' id='word_1_347' title='bbox 2500 3067 2799 3138; x_wconf 82' lang='lat' dir='ltr'><strong>Augustino</strong></span> <span class='ocrx_word' id='word_1_348' title='bbox 2826 3066 2877 3120; x_wconf 92' lang='lat' dir='ltr'><strong>in</strong></span> <span class='ocrx_word' id='word_1_349' title='bbox 2906 3063 3092 3119; x_wconf 88' lang='lat' dir='ltr'><strong>eadem</strong></span> <span class='ocrx_word' id='word_1_350' title='bbox 3122 3059 3256 3117; x_wconf 86' lang='lat' dir='ltr'><strong>urbe</strong></span> <span class='ocrx_word' id='word_1_351' title='bbox 3283 3067 3558 3139; x_wconf 2' lang='lat' dir='ltr'><strong>autumno,</strong></span> 
     </span>
    </p>
   </div>
   <div class='ocr_carea' id='block_1_36' title="bbox 244 3155 3540 3238">
    <p class='ocr_par' dir='ltr' id='par_1_36' title="bbox 244 3155 3540 3238">
     <span class='ocr_line' id='line_1_36' title="bbox 244 3155 3540 3238; baseline -0.005 -14"><span class='ocrx_word' id='word_1_352' title='bbox 244 3172 357 3226; x_wconf 79' lang='lat' dir='ltr'><strong>anni</strong></span> <span class='ocrx_word' id='word_1_353' title='bbox 382 3171 489 3226; x_wconf 73' lang='grc'><strong>418</strong></span> <span class='ocrx_word' id='word_1_354' title='bbox 517 3170 791 3233; x_wconf 85' lang='lat' dir='ltr'><strong>existenti,</strong></span> <span class='ocrx_word' id='word_1_355' title='bbox 825 3167 1002 3238; x_wconf 89' lang='lat' dir='ltr'><strong>Optati</strong></span> <span class='ocrx_word' id='word_1_356' title='bbox 1033 3167 1271 3238; x_wconf 88' lang='lat' dir='ltr'><strong>episcopi</strong></span> <span class='ocrx_word' id='word_1_357' title='bbox 1297 3167 1365 3222; x_wconf 88' lang='lat' dir='ltr'><strong>de</strong></span> <span class='ocrx_word' id='word_1_358' title='bbox 1394 3166 1585 3222; x_wconf 63' lang='lat' dir='ltr'><strong>anima:</strong></span> <span class='ocrx_word' id='word_1_359' title='bbox 1625 3165 1830 3235; x_wconf 85' lang='lat' dir='ltr'><strong>origine</strong></span> <span class='ocrx_word' id='word_1_360' title='bbox 1859 3164 2192 3220; x_wconf 90' lang='lat' dir='ltr'><strong>consulentis</strong></span> <span class='ocrx_word' id='word_1_361' title='bbox 2231 3163 2510 3234; x_wconf 89' lang='lat' dir='ltr'><strong>epistolam</strong></span> <span class='ocrx_word' id='word_1_362' title='bbox 2539 3160 2854 3215; x_wconf 75' lang='lat' dir='ltr'><strong>exhibuerat</strong></span> <span class='ocrx_word' id='word_1_363' title='bbox 2881 3157 2953 3230; x_wconf 88' lang='lat' dir='ltr'><strong>(b)</strong></span> <span class='ocrx_word' id='word_1_364' title='bbox 2980 3174 2992 3211; x_wconf 92' lang='lat'><strong>:</strong></span> <span class='ocrx_word' id='word_1_365' title='bbox 3026 3155 3113 3212; x_wconf 92' lang='lat' dir='ltr'><strong>hic</strong></span> <span class='ocrx_word' id='word_1_366' title='bbox 3149 3155 3328 3225; x_wconf 83' lang='lat' dir='ltr'><strong>itaque</strong></span> <span class='ocrx_word' id='word_1_367' title='bbox 3353 3168 3420 3209; x_wconf 81' lang='lat' dir='ltr'><strong>ex</strong></span> <span class='ocrx_word' id='word_1_368' title='bbox 3446 3167 3540 3208; x_wconf 89' lang='lat' dir='ltr'><strong>or-</strong></span> 
     </span>
    </p>
   </div>
   <div class='ocr_carea' id='block_1_37' title="bbox 242 3243 3540 3330">
    <p class='ocr_par' dir='ltr' id='par_1_37' title="bbox 242 3243 3540 3330">
     <span class='ocr_line' id='line_1_37' title="bbox 242 3243 3540 3330; baseline -0.004 -16"><span class='ocrx_word' id='word_1_369' title='bbox 242 3261 358 3316; x_wconf 89' lang='lat' dir='ltr'><strong>dine</strong></span> <span class='ocrx_word' id='word_1_370' title='bbox 399 3259 618 3330; x_wconf 88' lang='lat' dir='ltr'><strong>quidem</strong></span> <span class='ocrx_word' id='word_1_371' title='bbox 652 3259 929 3324; x_wconf 88' lang='lat' dir='ltr'><strong>laicorum,</strong></span> <span class='ocrx_word' id='word_1_372' title='bbox 964 3257 1059 3313; x_wconf 90' lang='lat' dir='ltr'><strong>sed</strong></span> <span class='ocrx_word' id='word_1_373' title='bbox 1107 3257 1210 3313; x_wconf 84' lang='lat' dir='ltr'><strong>fide</strong></span> <span class='ocrx_word' id='word_1_374' title='bbox 1235 3258 1520 3313; x_wconf 91' lang='lat' dir='ltr'><strong>admodum</strong></span> <span class='ocrx_word' id='word_1_375' title='bbox 1567 3256 1902 3324; x_wconf 77' lang='lat' dir='ltr'><strong>orthodoxa,</strong></span> <span class='ocrx_word' id='word_1_376' title='bbox 1933 3256 2231 3325; x_wconf 90' lang='lat' dir='ltr'><strong>descriptos</strong></span> <span class='ocrx_word' id='word_1_377' title='bbox 2261 3255 2547 3324; x_wconf 84' lang='lat' dir='ltr'><strong>diligenter</strong></span> <span class='ocrx_word' id='word_1_378' title='bbox 2576 3251 2792 3308; x_wconf 81' lang='lat' dir='ltr'><strong>eosdem</strong></span> <span class='ocrx_word' id='word_1_379' title='bbox 2843 3251 3004 3304; x_wconf 88' lang='lat' dir='ltr'><strong>libros</strong></span> <span class='ocrx_word' id='word_1_380' title='bbox 3035 3247 3264 3303; x_wconf 88' lang='lat' dir='ltr'><strong>Victoris</strong></span> <span class='ocrx_word' id='word_1_381' title='bbox 3297 3243 3540 3300; x_wconf 82' lang='lat' dir='ltr'><strong>Caesarea</strong></span> 
     </span>
    </p>
   </div>
   <div class='ocr_carea' id='block_1_38' title="bbox 243 3343 3540 3424">
    <p class='ocr_par' dir='ltr' id='par_1_38' title="bbox 243 3343 3540 3424">
     <span class='ocr_line' id='line_1_38' title="bbox 243 3343 3540 3424; baseline -0.004 -16"><span class='ocrx_word' id='word_1_382' title='bbox 243 3353 530 3424; x_wconf 69' lang='lat' dir='ltr'><strong>lipponem</strong></span> <span class='ocrx_word' id='word_1_383' title='bbox 563 3351 854 3406; x_wconf 85' lang='lat' dir='ltr'><strong>transmisit</strong></span> <span class='ocrx_word' id='word_1_384' title='bbox 883 3353 1064 3406; x_wconf 59' lang='lat' dir='ltr'><strong>aestiva</strong></span> <span class='ocrx_word' id='word_1_385' title='bbox 1093 3359 1449 3422; x_wconf 86' lang='lat' dir='ltr'><strong>tempestate:</strong></span> <span class='ocrx_word' id='word_1_386' title='bbox 1480 3366 1615 3422; x_wconf 89' lang='lat' dir='ltr'><strong>quos</strong></span> <span class='ocrx_word' id='word_1_387' title='bbox 1660 3359 1836 3406; x_wconf 90' lang='lat' dir='ltr'><strong>tamen</strong></span> <span class='ocrx_word' id='word_1_388' title='bbox 1878 3359 2108 3406; x_wconf 85' lang='lat' dir='ltr'><strong>exeunte</strong></span> <span class='ocrx_word' id='word_1_389' title='bbox 2151 3358 2353 3404; x_wconf 91' lang='lat' dir='ltr'><strong>tantum</strong></span> <span class='ocrx_word' id='word_1_390' title='bbox 2389 3357 2646 3402; x_wconf 88' lang='lat' dir='ltr'><strong>autumno</strong></span> <span class='ocrx_word' id='word_1_391' title='bbox 2685 3347 2892 3416; x_wconf 90' lang='lat' dir='ltr'><strong>accepit</strong></span> <span class='ocrx_word' id='word_1_392' title='bbox 2917 3343 3248 3416; x_wconf 80' lang='lat' dir='ltr'><strong>Augustinus</strong></span> <span class='ocrx_word' id='word_1_393' title='bbox 3269 3384 3284 3410; x_wconf 92' lang='lat'><strong>,</strong></span> <span class='ocrx_word' id='word_1_394' title='bbox 3312 3356 3452 3396; x_wconf 90' lang='lat' dir='ltr'><strong>anno</strong></span> <span class='ocrx_word' id='word_1_395' title='bbox 3480 3346 3540 3395; x_wconf 92' lang='lat' dir='ltr'><strong>ut</strong></span> 
     </span>
    </p>
   </div>
   <div class='ocr_carea' id='block_1_39' title="bbox 243 3435 3540 3516">
    <p class='ocr_par' dir='ltr' id='par_1_39' title="bbox 243 3435 3540 3516">
     <span class='ocr_line' id='line_1_39' title="bbox 243 3435 3540 3516; baseline -0.002 -16"><span class='ocrx_word' id='word_1_396' title='bbox 243 3455 419 3516; x_wconf 84' lang='lat' dir='ltr'><strong>putant</strong></span> <span class='ocrx_word' id='word_1_397' title='bbox 449 3446 579 3502; x_wconf 75' lang='grc'><strong>419.</strong></span> <span class='ocrx_word' id='word_1_398' title='bbox 613 3445 734 3500; x_wconf 74' lang='lat' dir='ltr'><strong>Mox</strong></span> <span class='ocrx_word' id='word_1_399' title='bbox 764 3454 819 3498; x_wconf 91' lang='lat' dir='ltr'><strong>ut</strong></span> <span class='ocrx_word' id='word_1_400' title='bbox 849 3445 965 3498; x_wconf 89' lang='lat' dir='ltr'><strong>illos</strong></span> <span class='ocrx_word' id='word_1_401' title='bbox 995 3445 1122 3515; x_wconf 88' lang='lat' dir='ltr'><strong>legit</strong></span> <span class='ocrx_word' id='word_1_402' title='bbox 1149 3452 1362 3499; x_wconf 91' lang='lat' dir='ltr'><strong>sanctus</strong></span> <span class='ocrx_word' id='word_1_403' title='bbox 1406 3445 1623 3512; x_wconf 88' lang='lat' dir='ltr'><strong>Doctor,</strong></span> <span class='ocrx_word' id='word_1_404' title='bbox 1675 3445 1905 3515; x_wconf 90' lang='lat' dir='ltr'><strong>primum</strong></span> <span class='ocrx_word' id='word_1_405' title='bbox 1949 3461 2014 3500; x_wconf 86' lang='lat' dir='ltr'><strong>ex</strong></span> <span class='ocrx_word' id='word_1_406' title='bbox 2055 3453 2282 3514; x_wconf 87' lang='lat' dir='ltr'><strong>quatuor</strong></span> <span class='ocrx_word' id='word_1_407' title='bbox 2316 3443 2765 3513; x_wconf 89' lang='lat' dir='ltr'><strong>subsequentibus</strong></span> <span class='ocrx_word' id='word_1_408' title='bbox 2795 3441 2946 3497; x_wconf 89' lang='lat' dir='ltr'><strong>libris</strong></span> <span class='ocrx_word' id='word_1_409' title='bbox 2982 3440 3098 3496; x_wconf 91' lang='lat' dir='ltr'><strong>sine</strong></span> <span class='ocrx_word' id='word_1_410' title='bbox 3137 3439 3242 3495; x_wconf 91' lang='lat' dir='ltr'><strong>ulla</strong></span> <span class='ocrx_word' id='word_1_411' title='bbox 3285 3435 3540 3492; x_wconf 88' lang='lat' dir='ltr'><strong>dilatione</strong></span> 
     </span>
    </p>
   </div>
   <div class='ocr_carea' id='block_1_40' title="bbox 245 3531 3541 3607">
    <p class='ocr_par' dir='ltr' id='par_1_40' title="bbox 245 3531 3541 3607">
     <span class='ocr_line' id='line_1_40' title="bbox 245 3531 3541 3607; baseline -0.002 -16"><span class='ocrx_word' id='word_1_412' title='bbox 245 3535 558 3606; x_wconf 84' lang='lat' dir='ltr'><strong>conscripsit</strong></span> <span class='ocrx_word' id='word_1_413' title='bbox 588 3535 654 3589; x_wconf 91' lang='lat' dir='ltr'><strong>ad</strong></span> <span class='ocrx_word' id='word_1_414' title='bbox 682 3534 945 3588; x_wconf 84' lang='lat' dir='ltr'><strong>chatum</strong></span> <span class='ocrx_word' id='word_1_415' title='bbox 973 3535 1336 3590; x_wconf 89' lang='lat' dir='ltr'><strong>monachum:</strong></span> <span class='ocrx_word' id='word_1_416' title='bbox 1367 3536 1659 3592; x_wconf 87' lang='lat' dir='ltr'><strong>secundum</strong></span> <span class='ocrx_word' id='word_1_417' title='bbox 1692 3535 1906 3602; x_wconf 91' lang='lat' dir='ltr'><strong>deinde,</strong></span> <span class='ocrx_word' id='word_1_418' title='bbox 1936 3536 2175 3607; x_wconf 82' lang='lat' dir='ltr'><strong>epistolae</strong></span> <span class='ocrx_word' id='word_1_419' title='bbox 2203 3534 2402 3602; x_wconf 88' lang='lat' dir='ltr'><strong>forma,</strong></span> <span class='ocrx_word' id='word_1_420' title='bbox 2434 3534 2499 3590; x_wconf 91' lang='lat' dir='ltr'><strong>ad</strong></span> <span class='ocrx_word' id='word_1_421' title='bbox 2531 3535 2742 3591; x_wconf 85' lang='lat' dir='ltr'><strong>Petrum</strong></span> <span class='ocrx_word' id='word_1_422' title='bbox 2788 3533 3158 3606; x_wconf 79' lang='lat' dir='ltr'><strong>presbyterum</strong></span> <span class='ocrx_word' id='word_1_423' title='bbox 3198 3549 3212 3586; x_wconf 88' lang='lat'><strong>:</strong></span> <span class='ocrx_word' id='word_1_424' title='bbox 3250 3531 3386 3586; x_wconf 90' lang='lat' dir='ltr'><strong>duos</strong></span> <span class='ocrx_word' id='word_1_425' title='bbox 3409 3542 3541 3584; x_wconf 86' lang='lat' dir='ltr'><strong>vero</strong></span> 
     </span>
    </p>
   </div>
   <div class='ocr_carea' id='block_1_41' title="bbox 245 3619 3538 3700">
    <p class='ocr_par' dir='ltr' id='par_1_41' title="bbox 245 3619 3538 3700">
     <span class='ocr_line' id='line_1_41' title="bbox 245 3619 3538 3700; baseline -0.002 -18"><span class='ocrx_word' id='word_1_426' title='bbox 245 3639 534 3695; x_wconf 84' lang='lat' dir='ltr'><strong>postremos</strong></span> <span class='ocrx_word' id='word_1_427' title='bbox 565 3626 632 3682; x_wconf 88' lang='lat' dir='ltr'><strong>ad</strong></span> <span class='ocrx_word' id='word_1_428' title='bbox 661 3627 834 3697; x_wconf 89' lang='lat' dir='ltr'><strong>ipsum</strong></span> <span class='ocrx_word' id='word_1_429' title='bbox 859 3626 1149 3694; x_wconf 87' lang='lat' dir='ltr'><strong>Victorem,</strong></span> <span class='ocrx_word' id='word_1_430' title='bbox 1179 3627 1273 3683; x_wconf 90' lang='lat' dir='ltr'><strong>sed</strong></span> <span class='ocrx_word' id='word_1_431' title='bbox 1300 3629 1570 3698; x_wconf 91' lang='lat' dir='ltr'><strong>aliquanto</strong></span> <span class='ocrx_word' id='word_1_432' title='bbox 1601 3637 1718 3700; x_wconf 92' lang='lat' dir='ltr'><strong>post</strong></span> <span class='ocrx_word' id='word_1_433' title='bbox 1743 3639 2002 3699; x_wconf 89' lang='lat' dir='ltr'><strong>tempore,</strong></span> <span class='ocrx_word' id='word_1_434' title='bbox 2037 3638 2093 3684; x_wconf 90' lang='lat' dir='ltr'><strong>ut</strong></span> <span class='ocrx_word' id='word_1_435' title='bbox 2117 3645 2182 3686; x_wconf 81' lang='lat' dir='ltr'><strong>ex</strong></span> <span class='ocrx_word' id='word_1_436' title='bbox 2213 3629 2315 3684; x_wconf 90' lang='lat' dir='ltr'><strong>illis</strong></span> <span class='ocrx_word' id='word_1_437' title='bbox 2345 3629 2656 3700; x_wconf 84' lang='lat' dir='ltr'><strong>intelligitur</strong></span> <span class='ocrx_word' id='word_1_438' title='bbox 2691 3628 2871 3684; x_wconf 90' lang='lat' dir='ltr'><strong>verbis</strong></span> <span class='ocrx_word' id='word_1_439' title='bbox 2898 3627 3019 3682; x_wconf 90' lang='lat' dir='ltr'><strong>libri</strong></span> <span class='ocrx_word' id='word_1_440' title='bbox 3047 3626 3104 3695; x_wconf 78' lang='lat'><strong>2,</strong></span> <span class='ocrx_word' id='word_1_441' title='bbox 3136 3641 3193 3681; x_wconf 91' lang='lat' dir='ltr'><strong>n.</strong></span> <span class='ocrx_word' id='word_1_442' title='bbox 3223 3626 3276 3690; x_wconf 88' lang='lat'><strong>7,</strong></span> <span class='ocrx_word' id='word_1_443' title='bbox 3328 3622 3391 3679; x_wconf 88' lang='lat' dir='ltr'><strong>Si</strong></span> <span class='ocrx_word' id='word_1_444' title='bbox 3427 3619 3538 3676; x_wconf 64' lang='lat' dir='ltr'><strong>&#39;au-</strong></span> 
     </span>
    </p>
   </div>
   <div class='ocr_carea' id='block_1_42' title="bbox 246 3713 3540 3789">
    <p class='ocr_par' dir='ltr' id='par_1_42' title="bbox 246 3713 3540 3789">
     <span class='ocr_line' id='line_1_42' title="bbox 246 3713 3540 3789; baseline -0.001 -18"><span class='ocrx_word' id='word_1_445' title='bbox 246 3727 334 3772; x_wconf 82' lang='lat' dir='ltr'><strong>tem</strong></span> <span class='ocrx_word' id='word_1_446' title='bbox 361 3718 616 3774; x_wconf 77' lang='lat' dir='ltr'><strong>Dominus</strong></span> <span class='ocrx_word' id='word_1_447' title='bbox 661 3718 894 3780; x_wconf 84' lang='lat' dir='ltr'><strong>voluerit,</strong></span> <span class='ocrx_word' id='word_1_448' title='bbox 927 3727 982 3772; x_wconf 84' lang='lat' dir='ltr'><strong>ut</strong></span> <span class='ocrx_word' id='word_1_449' title='bbox 1016 3719 1084 3772; x_wconf 85' lang='lat' dir='ltr'><strong>ad</strong></span> <span class='ocrx_word' id='word_1_450' title='bbox 1108 3719 1253 3773; x_wconf 86' lang='lat' dir='ltr'><strong>illum</strong></span> <span class='ocrx_word' id='word_1_451' title='bbox 1279 3721 1445 3788; x_wconf 83' lang='lat' dir='ltr'><strong>ipsum</strong></span> <span class='ocrx_word' id='word_1_452' title='bbox 1466 3722 1701 3789; x_wconf 85' lang='lat' dir='ltr'><strong>juvenem</strong></span> <span class='ocrx_word' id='word_1_453' title='bbox 1739 3719 1976 3788; x_wconf 81' lang='lat' dir='ltr'><strong>scn&#39;bam,</strong></span> <span class='ocrx_word' id='word_1_454' title='bbox 2007 3721 2138 3776; x_wconf 85' lang='lat' dir='ltr'><strong>sicut</strong></span> <span class='ocrx_word' id='word_1_455' title='bbox 2165 3721 2416 3777; x_wconf 82' lang='lat' dir='ltr'><strong>desidero.</strong></span> <span class='ocrx_word' id='word_1_456' title='bbox 2463 3720 2519 3776; x_wconf 90' lang='lat' dir='ltr'><strong>In</strong></span> <span class='ocrx_word' id='word_1_457' title='bbox 2559 3719 3045 3776; x_wconf 78' lang='lat' dir='ltr'><strong>Retractationibus</strong></span> <span class='ocrx_word' id='word_1_458' title='bbox 3096 3718 3212 3774; x_wconf 62' lang='lat' dir='ltr'><strong>hac</strong></span> <span class='ocrx_word' id='word_1_459' title='bbox 3257 3713 3540 3788; x_wconf 87' lang='lat' dir='ltr'><strong>Augustini</strong></span> 
     </span>
    </p>
   </div>
   <div class='ocr_carea' id='block_1_43' title="bbox 246 3809 3536 3887">
    <p class='ocr_par' dir='ltr' id='par_1_43' title="bbox 246 3809 3536 3887">
     <span class='ocr_line' id='line_1_43' title="bbox 246 3809 3536 3887; baseline -0 -24"><span class='ocrx_word' id='word_1_460' title='bbox 246 3809 535 3867; x_wconf 86' lang='lat' dir='ltr'><strong>lucubratio</strong></span> <span class='ocrx_word' id='word_1_461' title='bbox 564 3813 812 3881; x_wconf 80' lang='lat' dir='ltr'><strong>proxime</strong></span> <span class='ocrx_word' id='word_1_462' title='bbox 835 3813 935 3867; x_wconf 93' lang='lat' dir='ltr'><strong>sub</strong></span> <span class='ocrx_word' id='word_1_463' title='bbox 959 3814 1228 3885; x_wconf 88' lang='lat' dir='ltr'><strong>opusculis</strong></span> <span class='ocrx_word' id='word_1_464' title='bbox 1256 3815 1382 3869; x_wconf 89' lang='lat' dir='ltr'><strong>anni</strong></span> <span class='ocrx_word' id='word_1_465' title='bbox 1428 3815 1534 3872; x_wconf 76' lang='lat' dir='ltr'><strong>H9</strong></span> <span class='ocrx_word' id='word_1_466' title='bbox 1563 3823 1894 3882; x_wconf 87' lang='lat' dir='ltr'><strong>recensetur,</strong></span> <span class='ocrx_word' id='word_1_467' title='bbox 1935 3815 2121 3886; x_wconf 91' lang='lat' dir='ltr'><strong>quinto</strong></span> <span class='ocrx_word' id='word_1_468' title='bbox 2161 3815 2416 3871; x_wconf 89' lang='lat' dir='ltr'><strong>videlicet</strong></span> <span class='ocrx_word' id='word_1_469' title='bbox 2455 3816 2572 3871; x_wconf 92' lang='lat' dir='ltr'><strong>loco</strong></span> <span class='ocrx_word' id='word_1_470' title='bbox 2610 3823 2733 3887; x_wconf 91' lang='lat' dir='ltr'><strong>post</strong></span> <span class='ocrx_word' id='word_1_471' title='bbox 2773 3813 2934 3871; x_wconf 86' lang='lat' dir='ltr'><strong>Gesta</strong></span> <span class='ocrx_word' id='word_1_472' title='bbox 2962 3828 3084 3868; x_wconf 89' lang='lat' dir='ltr'><strong>cum</strong></span> <span class='ocrx_word' id='word_1_473' title='bbox 3113 3810 3352 3868; x_wconf 81' lang='lat' dir='ltr'><strong>Emerita</strong></span> <span class='ocrx_word' id='word_1_474' title='bbox 3371 3850 3389 3875; x_wconf 96' lang='lat'><strong>,</strong></span> <span class='ocrx_word' id='word_1_475' title='bbox 3415 3821 3536 3879; x_wconf 65' lang='lat' dir='ltr'><strong>qua</strong></span> 
     </span>
    </p>
   </div>
   <div class='ocr_carea' id='block_1_44' title="bbox 251 3901 3537 3980">
    <p class='ocr_par' dir='ltr' id='par_1_44' title="bbox 251 3901 3537 3980">
     <span class='ocr_line' id='line_1_44' title="bbox 251 3901 3537 3980; baseline 0.002 -28"><span class='ocrx_word' id='word_1_476' title='bbox 251 3903 377 3971; x_wconf 85' lang='lat' dir='ltr'><strong>apud</strong></span> <span class='ocrx_word' id='word_1_477' title='bbox 405 3903 713 3958; x_wconf 71' lang='lat' dir='ltr'><strong>Cmsaream</strong></span> <span class='ocrx_word' id='word_1_478' title='bbox 741 3920 882 3958; x_wconf 92' lang='lat' dir='ltr'><strong>anno</strong></span> <span class='ocrx_word' id='word_1_479' title='bbox 906 3905 1030 3972; x_wconf 72' lang='grc'><strong>418,</strong></span> <span class='ocrx_word' id='word_1_480' title='bbox 1062 3920 1249 3961; x_wconf 89' lang='lat' dir='ltr'><strong>mense</strong></span> <span class='ocrx_word' id='word_1_481' title='bbox 1277 3906 1569 3976; x_wconf 88' lang='lat' dir='ltr'><strong>septembri</strong></span> <span class='ocrx_word' id='word_1_482' title='bbox 1599 3907 1842 3963; x_wconf 84' lang='lat' dir='ltr'><strong>confecta</strong></span> <span class='ocrx_word' id='word_1_483' title='bbox 1864 3916 1988 3963; x_wconf 90' lang='lat' dir='ltr'><strong>sunt</strong></span> <span class='ocrx_word' id='word_1_484' title='bbox 2019 3925 2031 3960; x_wconf 90' lang='lat'><strong>:</strong></span> <span class='ocrx_word' id='word_1_485' title='bbox 2067 3908 2300 3978; x_wconf 91' lang='lat' dir='ltr'><strong>pertinet</strong></span> <span class='ocrx_word' id='word_1_486' title='bbox 2324 3908 2500 3980; x_wconf 88' lang='lat' dir='ltr'><strong>itaque</strong></span> <span class='ocrx_word' id='word_1_487' title='bbox 2521 3907 2590 3964; x_wconf 90' lang='lat' dir='ltr'><strong>ad</strong></span> <span class='ocrx_word' id='word_1_488' title='bbox 2618 3908 2780 3964; x_wconf 86' lang='lat' dir='ltr'><strong>linem</strong></span> <span class='ocrx_word' id='word_1_489' title='bbox 2811 3907 2940 3963; x_wconf 81' lang='lat' dir='ltr'><strong>anni</strong></span> <span class='ocrx_word' id='word_1_490' title='bbox 2957 3906 3086 3972; x_wconf 76' lang='grc'><strong>419,</strong></span> <span class='ocrx_word' id='word_1_491' title='bbox 3115 3920 3212 3962; x_wconf 86' lang='lat' dir='ltr'><strong>seu</strong></span> <span class='ocrx_word' id='word_1_492' title='bbox 3235 3904 3302 3960; x_wconf 89' lang='lat' dir='ltr'><strong>ad</strong></span> <span class='ocrx_word' id='word_1_493' title='bbox 3329 3901 3537 3959; x_wconf 90' lang='lat' dir='ltr'><strong>initium</strong></span> 
     </span>
    </p>
   </div>
   <div class='ocr_carea' id='block_1_45' title="bbox 247 3993 3537 4077">
    <p class='ocr_par' dir='ltr' id='par_1_45' title="bbox 247 3993 3537 4077">
     <span class='ocr_line' id='line_1_45' title="bbox 247 3993 3537 4077; baseline 0.003 -30"><span class='ocrx_word' id='word_1_494' title='bbox 247 3993 361 4062; x_wconf 66' lang='lat'><strong>420,</strong></span> <span class='ocrx_word' id='word_1_495' title='bbox 385 3999 586 4067; x_wconf 89' lang='lat' dir='ltr'><strong>scripta</strong></span> <span class='ocrx_word' id='word_1_496' title='bbox 614 4006 736 4068; x_wconf 84' lang='lat' dir='ltr'><strong>post</strong></span> <span class='ocrx_word' id='word_1_497' title='bbox 758 3997 1073 4070; x_wconf 87' lang='lat' dir='ltr'><strong>Pelagianos</strong></span> <span class='ocrx_word' id='word_1_498' title='bbox 1103 4000 1452 4055; x_wconf 89' lang='lat' dir='ltr'><strong>conciliorum</strong></span> <span class='ocrx_word' id='word_1_499' title='bbox 1478 4001 1863 4058; x_wconf 85' lang='lat' dir='ltr'><strong>catholicorum</strong></span> <span class='ocrx_word' id='word_1_500' title='bbox 1888 4012 1944 4060; x_wconf 89' lang='lat' dir='ltr'><strong>et</strong></span> <span class='ocrx_word' id='word_1_501' title='bbox 1978 4004 2133 4060; x_wconf 89' lang='lat' dir='ltr'><strong>Sedis</strong></span> <span class='ocrx_word' id='word_1_502' title='bbox 2161 4005 2486 4076; x_wconf 69' lang='lat' dir='ltr'><strong>Apostolicte</strong></span> <span class='ocrx_word' id='word_1_503' title='bbox 2511 4006 2826 4062; x_wconf 86' lang='lat' dir='ltr'><strong>auctoritate</strong></span> <span class='ocrx_word' id='word_1_504' title='bbox 2844 4005 2957 4077; x_wconf 88' lang='lat' dir='ltr'><strong>jam</strong></span> <span class='ocrx_word' id='word_1_505' title='bbox 2987 4003 3204 4075; x_wconf 82' lang='lat' dir='ltr'><strong>quidem</strong></span> <span class='ocrx_word' id='word_1_506' title='bbox 3233 4002 3537 4069; x_wconf 83' lang='lat' dir='ltr'><strong>damnatos,</strong></span> 
     </span>
    </p>
   </div>
   <div class='ocr_carea' id='block_1_46' title="bbox 250 4090 2124 4172">
    <p class='ocr_par' dir='ltr' id='par_1_46' title="bbox 250 4090 2124 4172">
     <span class='ocr_line' id='line_1_46' title="bbox 250 4090 2124 4172; baseline 0.005 -27"><span class='ocrx_word' id='word_1_507' title='bbox 250 4090 331 4145; x_wconf 81' lang='lat' dir='ltr'><strong>sed</strong></span> <span class='ocrx_word' id='word_1_508' title='bbox 357 4093 676 4162; x_wconf 84' lang='lat' dir='ltr'><strong>nuperrime</strong></span> <span class='ocrx_word' id='word_1_509' title='bbox 703 4093 776 4165; x_wconf 79' lang='grc' dir='ltr'><strong>(ε)</strong></span> <span class='ocrx_word' id='word_1_510' title='bbox 813 4113 824 4148; x_wconf 90' lang='lat'>:</span> <span class='ocrx_word' id='word_1_511' title='bbox 857 4094 998 4164; x_wconf 91' lang='lat' dir='ltr'><strong>quod</strong></span> <span class='ocrx_word' id='word_1_512' title='bbox 1025 4111 1167 4150; x_wconf 90' lang='lat' dir='ltr'><strong>anno</strong></span> <span class='ocrx_word' id='word_1_513' title='bbox 1198 4095 1396 4151; x_wconf 90' lang='lat' dir='ltr'><strong>Christi</strong></span> <span class='ocrx_word' id='word_1_514' title='bbox 1419 4097 1524 4153; x_wconf 73' lang='grc'><strong>418</strong></span> <span class='ocrx_word' id='word_1_515' title='bbox 1550 4097 1781 4155; x_wconf 80' lang='lat' dir='ltr'><strong>feliciter</strong></span> <span class='ocrx_word' id='word_1_516' title='bbox 1809 4101 2124 4172; x_wconf 87' lang='lat' dir='ltr'><strong>contigerat.</strong></span> 
     </span>
    </p>
   </div>
   <div class='ocr_carea' id='block_1_47' title="bbox 311 4183 3539 4266">
    <p class='ocr_par' dir='ltr' id='par_1_47' title="bbox 311 4183 3539 4266">
     <span class='ocr_line' id='line_1_47' title="bbox 311 4183 3539 4266; baseline 0.002 -28"><span class='ocrx_word' id='word_1_517' title='bbox 311 4183 363 4238; x_wconf 90' lang='lat' dir='ltr'><strong>ln</strong></span> <span class='ocrx_word' id='word_1_518' title='bbox 387 4186 568 4254; x_wconf 88' lang='lat' dir='ltr'><strong>primo</strong></span> <span class='ocrx_word' id='word_1_519' title='bbox 596 4185 734 4240; x_wconf 89' lang='lat' dir='ltr'><strong>libro</strong></span> <span class='ocrx_word' id='word_1_520' title='bbox 761 4185 826 4239; x_wconf 90' lang='lat' dir='ltr'><strong>ad</strong></span> <span class='ocrx_word' id='word_1_521' title='bbox 857 4185 1120 4242; x_wconf 80' lang='lat' dir='ltr'><strong>Renatum</strong></span> <span class='ocrx_word' id='word_1_522' title='bbox 1147 4189 1368 4259; x_wconf 90' lang='lat' dir='ltr'><strong>scripto,</strong></span> <span class='ocrx_word' id='word_1_523' title='bbox 1401 4189 1735 4248; x_wconf 87' lang='lat' dir='ltr'><strong>demonstrat</strong></span> <span class='ocrx_word' id='word_1_524' title='bbox 1760 4208 1909 4248; x_wconf 90' lang='lat' dir='ltr'><strong>suam</strong></span> <span class='ocrx_word' id='word_1_525' title='bbox 1937 4193 2006 4250; x_wconf 91' lang='lat' dir='ltr'><strong>de</strong></span> <span class='ocrx_word' id='word_1_526' title='bbox 2031 4195 2224 4251; x_wconf 69' lang='lat' dir='ltr'><strong>anima:</strong></span> <span class='ocrx_word' id='word_1_527' title='bbox 2264 4204 2450 4252; x_wconf 90' lang='lat' dir='ltr'><strong>natura</strong></span> <span class='ocrx_word' id='word_1_528' title='bbox 2477 4199 2798 4254; x_wconf 89' lang='lat' dir='ltr'><strong>sententiam</strong></span> <span class='ocrx_word' id='word_1_529' title='bbox 2825 4238 2840 4265; x_wconf 92' lang='lat'><strong>,</strong></span> <span class='ocrx_word' id='word_1_530' title='bbox 2869 4207 2923 4252; x_wconf 90' lang='lat' dir='ltr'><strong>et</strong></span> <span class='ocrx_word' id='word_1_531' title='bbox 2955 4195 3025 4251; x_wconf 90' lang='lat' dir='ltr'><strong>de</strong></span> <span class='ocrx_word' id='word_1_532' title='bbox 3067 4193 3307 4266; x_wconf 83' lang='lat' dir='ltr'><strong>ejusdem</strong></span> <span class='ocrx_word' id='word_1_533' title='bbox 3332 4191 3539 4262; x_wconf 88' lang='lat' dir='ltr'><strong>origine</strong></span> 
     </span>
    </p>
   </div>
   <div class='ocr_carea' id='block_1_48' title="bbox 251 4277 3540 4360">
    <p class='ocr_par' dir='ltr' id='par_1_48' title="bbox 251 4277 3540 4360">
     <span class='ocr_line' id='line_1_48' title="bbox 251 4277 3540 4360; baseline 0.003 -32"><span class='ocrx_word' id='word_1_534' title='bbox 251 4279 631 4332; x_wconf 88' lang='lat' dir='ltr'><strong>cunctationem</strong></span> <span class='ocrx_word' id='word_1_535' title='bbox 661 4277 853 4347; x_wconf 90' lang='lat' dir='ltr'><strong>injuria</strong></span> <span class='ocrx_word' id='word_1_536' title='bbox 884 4279 1204 4350; x_wconf 89' lang='lat' dir='ltr'><strong>reprehendi</strong></span> <span class='ocrx_word' id='word_1_537' title='bbox 1235 4297 1265 4336; x_wconf 90' lang='lat' dir='ltr'><strong>a</strong></span> <span class='ocrx_word' id='word_1_538' title='bbox 1295 4279 1530 4338; x_wconf 89' lang='lat' dir='ltr'><strong>Victore.</strong></span> <span class='ocrx_word' id='word_1_539' title='bbox 1563 4282 1862 4341; x_wconf 87' lang='lat' dir='ltr'><strong>Juvenilem</strong></span> <span class='ocrx_word' id='word_1_540' title='bbox 1897 4297 2113 4344; x_wconf 89' lang='lat' dir='ltr'><strong>coercet</strong></span> <span class='ocrx_word' id='word_1_541' title='bbox 2142 4288 2375 4344; x_wconf 88' lang='lat' dir='ltr'><strong>hominis</strong></span> <span class='ocrx_word' id='word_1_542' title='bbox 2399 4291 2759 4360; x_wconf 89' lang='lat' dir='ltr'><strong>arrogantiam</strong></span> <span class='ocrx_word' id='word_1_543' title='bbox 2783 4331 2798 4354; x_wconf 92' lang='lat'><strong>,</strong></span> <span class='ocrx_word' id='word_1_544' title='bbox 2827 4305 2984 4359; x_wconf 92' lang='lat' dir='ltr'><strong>quem</strong></span> <span class='ocrx_word' id='word_1_545' title='bbox 3017 4290 3070 4343; x_wconf 92' lang='lat' dir='ltr'><strong>in</strong></span> <span class='ocrx_word' id='word_1_546' title='bbox 3111 4302 3322 4343; x_wconf 90' lang='lat' dir='ltr'><strong>errores</strong></span> <span class='ocrx_word' id='word_1_547' title='bbox 3347 4295 3540 4355; x_wconf 86' lang='lat' dir='ltr'><strong>graves</strong></span> 
     </span>
    </p>
   </div>
   <div class='ocr_carea' id='block_1_49' title="bbox 249 4368 3540 4450">
    <p class='ocr_par' dir='ltr' id='par_1_49' title="bbox 249 4368 3540 4450">
     <span class='ocr_line' id='line_1_49' title="bbox 249 4368 3540 4450; baseline 0.003 -31"><span class='ocrx_word' id='word_1_548' title='bbox 249 4379 304 4421; x_wconf 85' lang='lat' dir='ltr'><strong>ac</strong></span> <span class='ocrx_word' id='word_1_549' title='bbox 327 4368 615 4436; x_wconf 89' lang='lat' dir='ltr'><strong>inauditos,</strong></span> <span class='ocrx_word' id='word_1_550' title='bbox 639 4370 767 4424; x_wconf 90' lang='lat' dir='ltr'><strong>dum</strong></span> <span class='ocrx_word' id='word_1_551' title='bbox 801 4372 1152 4441; x_wconf 75' lang='lat' dir='ltr'><strong>quaestionem</strong></span> <span class='ocrx_word' id='word_1_552' title='bbox 1200 4372 1509 4428; x_wconf 89' lang='lat' dir='ltr'><strong>solvendam</strong></span> <span class='ocrx_word' id='word_1_553' title='bbox 1550 4389 1674 4432; x_wconf 89' lang='lat' dir='ltr'><strong>suas</strong></span> <span class='ocrx_word' id='word_1_554' title='bbox 1701 4377 1840 4433; x_wconf 90' lang='lat' dir='ltr'><strong>vires</strong></span> <span class='ocrx_word' id='word_1_555' title='bbox 1865 4378 2215 4435; x_wconf 83' lang='lat' dir='ltr'><strong>excedentem</strong></span> <span class='ocrx_word' id='word_1_556' title='bbox 2243 4381 2515 4450; x_wconf 87' lang='lat' dir='ltr'><strong>suscipere</strong></span> <span class='ocrx_word' id='word_1_557' title='bbox 2541 4381 2722 4446; x_wconf 88' lang='lat' dir='ltr'><strong>audet,</strong></span> <span class='ocrx_word' id='word_1_558' title='bbox 2754 4379 3059 4450; x_wconf 90' lang='lat' dir='ltr'><strong>prolapsum</strong></span> <span class='ocrx_word' id='word_1_559' title='bbox 3088 4375 3348 4441; x_wconf 82' lang='lat' dir='ltr'><strong>ostendit;</strong></span> <span class='ocrx_word' id='word_1_560' title='bbox 3379 4383 3540 4444; x_wconf 90' lang='lat' dir='ltr'><strong>atque</strong></span> 
     </span>
    </p>
   </div>
   <div class='ocr_carea' id='block_1_50' title="bbox 247 4459 3536 4544">
    <p class='ocr_par' dir='ltr' id='par_1_50' title="bbox 247 4459 3536 4544">
     <span class='ocr_line' id='line_1_50' title="bbox 247 4459 3536 4544; baseline 0.001 -30"><span class='ocrx_word' id='word_1_561' title='bbox 247 4459 427 4530; x_wconf 83' lang='lat' dir='ltr'><strong>ipsum,</strong></span> <span class='ocrx_word' id='word_1_562' title='bbox 464 4472 521 4518; x_wconf 92' lang='lat' dir='ltr'><strong>ut</strong></span> <span class='ocrx_word' id='word_1_563' title='bbox 549 4471 750 4518; x_wconf 87' lang='lat' dir='ltr'><strong>statuat</strong></span> <span class='ocrx_word' id='word_1_564' title='bbox 775 4466 981 4520; x_wconf 90' lang='lat' dir='ltr'><strong>animas</strong></span> <span class='ocrx_word' id='word_1_565' title='bbox 1007 4482 1112 4522; x_wconf 92' lang='lat' dir='ltr'><strong>non</strong></span> <span class='ocrx_word' id='word_1_566' title='bbox 1140 4482 1204 4522; x_wconf 81' lang='lat' dir='ltr'><strong>ex</strong></span> <span class='ocrx_word' id='word_1_567' title='bbox 1236 4468 1527 4540; x_wconf 88' lang='lat' dir='ltr'><strong>pr0pagine</strong></span> <span class='ocrx_word' id='word_1_568' title='bbox 1546 4469 1682 4536; x_wconf 82' lang='lat' dir='ltr'><strong>fieri,</strong></span> <span class='ocrx_word' id='word_1_569' title='bbox 1709 4470 1804 4528; x_wconf 89' lang='lat' dir='ltr'><strong>sed</strong></span> <span class='ocrx_word' id='word_1_570' title='bbox 1835 4487 2001 4528; x_wconf 91' lang='lat' dir='ltr'><strong>novas</strong></span> <span class='ocrx_word' id='word_1_571' title='bbox 2021 4472 2244 4544; x_wconf 85' lang='lat' dir='ltr'><strong>singulis</strong></span> <span class='ocrx_word' id='word_1_572' title='bbox 2264 4473 2604 4529; x_wconf 89' lang='lat' dir='ltr'><strong>nascentibus</strong></span> <span class='ocrx_word' id='word_1_573' title='bbox 2627 4489 2657 4528; x_wconf 91' lang='lat' dir='ltr'><strong>a</strong></span> <span class='ocrx_word' id='word_1_574' title='bbox 2689 4474 2802 4528; x_wconf 90' lang='lat' dir='ltr'><strong>Deo</strong></span> <span class='ocrx_word' id='word_1_575' title='bbox 2824 4470 3108 4535; x_wconf 76' lang='lat' dir='ltr'><strong>insufflari,</strong></span> <span class='ocrx_word' id='word_1_576' title='bbox 3140 4467 3536 4537; x_wconf 88' lang='lat' dir='ltr'><strong>Scripturarum</strong></span> 
     </span>
    </p>
   </div>
   <div class='ocr_carea' id='block_1_51' title="bbox 248 4555 2013 4630">
    <p class='ocr_par' dir='ltr' id='par_1_51' title="bbox 248 4555 2013 4630">
     <span class='ocr_line' id='line_1_51' title="bbox 248 4555 2013 4630; baseline 0.006 -21"><span class='ocrx_word' id='word_1_577' title='bbox 248 4555 542 4610; x_wconf 85' lang='lat' dir='ltr'><strong>testimonia</strong></span> <span class='ocrx_word' id='word_1_578' title='bbox 571 4557 819 4613; x_wconf 90' lang='lat' dir='ltr'><strong>conferre</strong></span> <span class='ocrx_word' id='word_1_579' title='bbox 845 4559 1111 4630; x_wconf 89' lang='lat' dir='ltr'><strong>ambigua,</strong></span> <span class='ocrx_word' id='word_1_580' title='bbox 1147 4575 1247 4616; x_wconf 86' lang='lat' dir='ltr'><strong>nec</strong></span> <span class='ocrx_word' id='word_1_581' title='bbox 1268 4561 1334 4615; x_wconf 91' lang='lat' dir='ltr'><strong>ad</strong></span> <span class='ocrx_word' id='word_1_582' title='bbox 1359 4575 1476 4616; x_wconf 91' lang='lat' dir='ltr'><strong>eam</strong></span> <span class='ocrx_word' id='word_1_583' title='bbox 1507 4578 1619 4618; x_wconf 91' lang='lat' dir='ltr'><strong>rem</strong></span> <span class='ocrx_word' id='word_1_584' title='bbox 1643 4565 1772 4620; x_wconf 90' lang='lat' dir='ltr'><strong>satis</strong></span> <span class='ocrx_word' id='word_1_585' title='bbox 1803 4564 2013 4620; x_wconf 91' lang='lat' dir='ltr'><strong>idonea.</strong></span> 
     </span>
    </p>
   </div>
   <div class='ocr_carea' id='block_1_52' title="bbox 310 4649 3537 4730">
    <p class='ocr_par' dir='ltr' id='par_1_52' title="bbox 310 4649 3537 4730">
     <span class='ocr_line' id='line_1_52' title="bbox 310 4649 3537 4730; baseline 0.001 -26"><span class='ocrx_word' id='word_1_586' title='bbox 310 4649 366 4704; x_wconf 86' lang='lat' dir='ltr'><strong>In</strong></span> <span class='ocrx_word' id='word_1_587' title='bbox 391 4650 654 4718; x_wconf 88' lang='lat' dir='ltr'><strong>secundo,</strong></span> <span class='ocrx_word' id='word_1_588' title='bbox 683 4651 901 4707; x_wconf 88' lang='lat' dir='ltr'><strong>Petrum</strong></span> <span class='ocrx_word' id='word_1_589' title='bbox 923 4653 1198 4720; x_wconf 90' lang='lat' dir='ltr'><strong>admonet,</strong></span> <span class='ocrx_word' id='word_1_590' title='bbox 1227 4670 1293 4710; x_wconf 92' lang='lat' dir='ltr'><strong>ne</strong></span> <span class='ocrx_word' id='word_1_591' title='bbox 1319 4655 1640 4722; x_wconf 87' lang='lat' dir='ltr'><strong>committat,</strong></span> <span class='ocrx_word' id='word_1_592' title='bbox 1671 4666 1727 4712; x_wconf 92' lang='lat' dir='ltr'><strong>ut</strong></span> <span class='ocrx_word' id='word_1_593' title='bbox 1754 4656 1920 4713; x_wconf 90' lang='lat' dir='ltr'><strong>libros</strong></span> <span class='ocrx_word' id='word_1_594' title='bbox 1940 4657 2007 4714; x_wconf 91' lang='lat' dir='ltr'><strong>de</strong></span> <span class='ocrx_word' id='word_1_595' title='bbox 2033 4659 2225 4714; x_wconf 84' lang='lat' dir='ltr'><strong>animae</strong></span> <span class='ocrx_word' id='word_1_596' title='bbox 2249 4659 2454 4730; x_wconf 88' lang='lat' dir='ltr'><strong>origine</strong></span> <span class='ocrx_word' id='word_1_597' title='bbox 2474 4674 2504 4715; x_wconf 89' lang='lat' dir='ltr'><strong>a</strong></span> <span class='ocrx_word' id='word_1_598' title='bbox 2534 4659 2749 4716; x_wconf 89' lang='lat' dir='ltr'><strong>Victore</strong></span> <span class='ocrx_word' id='word_1_599' title='bbox 2773 4658 2841 4714; x_wconf 89' lang='lat' dir='ltr'><strong>ad</strong></span> <span class='ocrx_word' id='word_1_600' title='bbox 2867 4658 3041 4728; x_wconf 87' lang='lat' dir='ltr'><strong>ipsum</strong></span> <span class='ocrx_word' id='word_1_601' title='bbox 3061 4654 3288 4726; x_wconf 88' lang='lat' dir='ltr'><strong>scriptos</strong></span> <span class='ocrx_word' id='word_1_602' title='bbox 3315 4649 3537 4708; x_wconf 88' lang='lat' dir='ltr'><strong>laudan-</strong></span> 
     </span>
    </p>
   </div>
   <div class='ocr_carea' id='block_1_53' title="bbox 245 4743 3542 4823">
    <p class='ocr_par' dir='ltr' id='par_1_53' title="bbox 245 4743 3542 4823">
     <span class='ocr_line' id='line_1_53' title="bbox 245 4743 3542 4823; baseline 0.001 -24"><span class='ocrx_word' id='word_1_603' title='bbox 245 4743 310 4800; x_wconf 89' lang='lat' dir='ltr'><strong>do</strong></span> <span class='ocrx_word' id='word_1_604' title='bbox 331 4747 684 4817; x_wconf 88' lang='lat' dir='ltr'><strong>approbasse,</strong></span> <span class='ocrx_word' id='word_1_605' title='bbox 717 4757 810 4802; x_wconf 88' lang='lat' dir='ltr'><strong>aut</strong></span> <span class='ocrx_word' id='word_1_606' title='bbox 831 4763 950 4822; x_wconf 78' lang='lat' dir='ltr'><strong>quae</strong></span> <span class='ocrx_word' id='word_1_607' title='bbox 981 4757 1184 4804; x_wconf 90' lang='lat' dir='ltr'><strong>temere</strong></span> <span class='ocrx_word' id='word_1_608' title='bbox 1210 4751 1421 4819; x_wconf 89' lang='lat' dir='ltr'><strong>juvenis</strong></span> <span class='ocrx_word' id='word_1_609' title='bbox 1447 4752 1535 4807; x_wconf 90' lang='lat' dir='ltr'><strong>ille</strong></span> <span class='ocrx_word' id='word_1_610' title='bbox 1576 4753 1937 4822; x_wconf 86' lang='lat' dir='ltr'><strong>pronuntiavit</strong></span> <span class='ocrx_word' id='word_1_611' title='bbox 1970 4753 2092 4809; x_wconf 88' lang='lat' dir='ltr'><strong>lidei</strong></span> <span class='ocrx_word' id='word_1_612' title='bbox 2123 4755 2427 4811; x_wconf 77' lang='lat' dir='ltr'><strong>christiana:</strong></span> <span class='ocrx_word' id='word_1_613' title='bbox 2455 4755 2742 4820; x_wconf 83' lang='lat' dir='ltr'><strong>contraria,</strong></span> <span class='ocrx_word' id='word_1_614' title='bbox 2774 4768 2870 4823; x_wconf 86' lang='lat' dir='ltr'><strong>pro</strong></span> <span class='ocrx_word' id='word_1_615' title='bbox 2893 4749 3230 4822; x_wconf 87' lang='lat' dir='ltr'><strong>dogmatibus</strong></span> <span class='ocrx_word' id='word_1_616' title='bbox 3263 4745 3542 4804; x_wconf 80' lang='lat' dir='ltr'><strong>catholicis</strong></span> 
     </span>
    </p>
   </div>
   <div class='ocr_carea' id='block_1_54' title="bbox 243 4835 3538 4916">
    <p class='ocr_par' dir='ltr' id='par_1_54' title="bbox 243 4835 3538 4916">
     <span class='ocr_line' id='line_1_54' title="bbox 243 4835 3538 4916; baseline 0.001 -22"><span class='ocrx_word' id='word_1_617' title='bbox 243 4835 435 4894; x_wconf 83' lang='lat' dir='ltr'><strong>habere</strong></span> <span class='ocrx_word' id='word_1_618' title='bbox 463 4839 822 4894; x_wconf 79' lang='lat' dir='ltr'><strong>existimetur.</strong></span> <span class='ocrx_word' id='word_1_619' title='bbox 856 4839 1080 4896; x_wconf 86' lang='lat' dir='ltr'><strong>Errores</strong></span> <span class='ocrx_word' id='word_1_620' title='bbox 1104 4841 1332 4898; x_wconf 85' lang='lat' dir='ltr'><strong>Victoris</strong></span> <span class='ocrx_word' id='word_1_621' title='bbox 1356 4844 1557 4912; x_wconf 88' lang='lat' dir='ltr'><strong>varios,</strong></span> <span class='ocrx_word' id='word_1_622' title='bbox 1582 4860 1782 4915; x_wconf 89' lang='lat' dir='ltr'><strong>eosque</strong></span> <span class='ocrx_word' id='word_1_623' title='bbox 1812 4845 2155 4916; x_wconf 83' lang='lat' dir='ltr'><strong>gravissimos</strong></span> <span class='ocrx_word' id='word_1_624' title='bbox 2178 4854 2346 4913; x_wconf 86' lang='lat' dir='ltr'><strong>notat,</strong></span> <span class='ocrx_word' id='word_1_625' title='bbox 2371 4856 2425 4902; x_wconf 89' lang='lat' dir='ltr'><strong>et</strong></span> <span class='ocrx_word' id='word_1_626' title='bbox 2446 4848 2623 4902; x_wconf 87' lang='lat' dir='ltr'><strong>verbis</strong></span> <span class='ocrx_word' id='word_1_627' title='bbox 2648 4846 2888 4903; x_wconf 90' lang='lat' dir='ltr'><strong>confutat</strong></span> <span class='ocrx_word' id='word_1_628' title='bbox 2911 4843 3113 4916; x_wconf 89' lang='lat' dir='ltr'><strong>paucis.</strong></span> <span class='ocrx_word' id='word_1_629' title='bbox 3143 4843 3302 4900; x_wconf 84' lang='lat' dir='ltr'><strong>Petro</strong></span> <span class='ocrx_word' id='word_1_630' title='bbox 3319 4840 3538 4898; x_wconf 88' lang='lat' dir='ltr'><strong>demum</strong></span> 
     </span>
    </p>
   </div>
   <div class='ocr_carea' id='block_1_55' title="bbox 243 4926 1832 5006">
    <p class='ocr_par' dir='ltr' id='par_1_55' title="bbox 243 4926 1832 5006">
     <span class='ocr_line' id='line_1_55' title="bbox 243 4926 1832 5006; baseline 0.007 -24"><span class='ocrx_word' id='word_1_631' title='bbox 243 4926 341 4998; x_wconf 85' lang='lat' dir='ltr'><strong>ipsi</strong></span> <span class='ocrx_word' id='word_1_632' title='bbox 359 4929 573 4996; x_wconf 89' lang='lat' dir='ltr'><strong>suadet,</strong></span> <span class='ocrx_word' id='word_1_633' title='bbox 607 4939 664 4986; x_wconf 92' lang='lat' dir='ltr'><strong>ut</strong></span> <span class='ocrx_word' id='word_1_634' title='bbox 689 4929 960 4987; x_wconf 87' lang='lat' dir='ltr'><strong>Victorem</strong></span> <span class='ocrx_word' id='word_1_635' title='bbox 985 4932 1051 4987; x_wconf 91' lang='lat' dir='ltr'><strong>ad</strong></span> <span class='ocrx_word' id='word_1_636' title='bbox 1074 4948 1167 4988; x_wconf 90' lang='lat' dir='ltr'><strong>eos</strong></span> <span class='ocrx_word' id='word_1_637' title='bbox 1197 4934 1545 5006; x_wconf 87' lang='lat' dir='ltr'><strong>corrigendos</strong></span> <span class='ocrx_word' id='word_1_638' title='bbox 1580 4937 1832 4993; x_wconf 88' lang='lat' dir='ltr'><strong>adducat.</strong></span> 
     </span>
    </p>
   </div>
   <div class='ocr_carea' id='block_1_56' title="bbox 313 5021 3538 5104">
    <p class='ocr_par' dir='ltr' id='par_1_56' title="bbox 313 5021 3538 5104">
     <span class='ocr_line' id='line_1_56' title="bbox 313 5021 3538 5104; baseline 0.002 -28"><span class='ocrx_word' id='word_1_639' title='bbox 313 5021 368 5077; x_wconf 92' lang='lat' dir='ltr'><strong>ln</strong></span> <span class='ocrx_word' id='word_1_640' title='bbox 390 5024 572 5093; x_wconf 89' lang='lat' dir='ltr'><strong>tertio,</strong></span> <span class='ocrx_word' id='word_1_641' title='bbox 596 5024 666 5080; x_wconf 89' lang='lat' dir='ltr'><strong>ad</strong></span> <span class='ocrx_word' id='word_1_642' title='bbox 691 5025 866 5096; x_wconf 91' lang='lat' dir='ltr'><strong>ipsum</strong></span> <span class='ocrx_word' id='word_1_643' title='bbox 893 5025 1168 5083; x_wconf 84' lang='lat' dir='ltr'><strong>Victorem</strong></span> <span class='ocrx_word' id='word_1_644' title='bbox 1198 5029 1420 5099; x_wconf 90' lang='lat' dir='ltr'><strong>scripto,</strong></span> <span class='ocrx_word' id='word_1_645' title='bbox 1447 5040 1710 5086; x_wconf 89' lang='lat' dir='ltr'><strong>monstrat</strong></span> <span class='ocrx_word' id='word_1_646' title='bbox 1729 5049 1975 5104; x_wconf 72' lang='lat' dir='ltr'><strong>quamam</strong></span> <span class='ocrx_word' id='word_1_647' title='bbox 2002 5035 2055 5089; x_wconf 92' lang='lat' dir='ltr'><strong>in</strong></span> <span class='ocrx_word' id='word_1_648' title='bbox 2083 5034 2193 5089; x_wconf 89' lang='lat' dir='ltr'><strong>suis</strong></span> <span class='ocrx_word' id='word_1_649' title='bbox 2221 5034 2402 5090; x_wconf 89' lang='lat' dir='ltr'><strong>Victor</strong></span> <span class='ocrx_word' id='word_1_650' title='bbox 2424 5035 2572 5091; x_wconf 87' lang='lat' dir='ltr'><strong>libris</strong></span> <span class='ocrx_word' id='word_1_651' title='bbox 2593 5035 2882 5092; x_wconf 87' lang='lat' dir='ltr'><strong>emendare</strong></span> <span class='ocrx_word' id='word_1_652' title='bbox 2905 5034 3115 5101; x_wconf 88' lang='lat' dir='ltr'><strong>debeat,</strong></span> <span class='ocrx_word' id='word_1_653' title='bbox 3136 5033 3181 5089; x_wconf 90' lang='lat' dir='ltr'><strong>si</strong></span> <span class='ocrx_word' id='word_1_654' title='bbox 3201 5032 3329 5089; x_wconf 87' lang='lat' dir='ltr'><strong>velit</strong></span> <span class='ocrx_word' id='word_1_655' title='bbox 3356 5030 3538 5086; x_wconf 85' lang='lat' dir='ltr'><strong>haberi</strong></span> 
     </span>
    </p>
   </div>
   <div class='ocr_carea' id='block_1_57' title="bbox 237 5115 3536 5197">
    <p class='ocr_par' dir='ltr' id='par_1_57' title="bbox 237 5115 3536 5197">
     <span class='ocr_line' id='line_1_57' title="bbox 237 5115 3536 5197; baseline 0.001 -25"><span class='ocrx_word' id='word_1_656' title='bbox 237 5115 536 5173; x_wconf 79' lang='lat' dir='ltr'><strong>catholicus</strong></span> <span class='ocrx_word' id='word_1_657' title='bbox 570 5134 583 5171; x_wconf 92' lang='lat'><strong>:</strong></span> <span class='ocrx_word' id='word_1_658' title='bbox 618 5132 788 5189; x_wconf 87' lang='lat' dir='ltr'><strong>eaque</strong></span> <span class='ocrx_word' id='word_1_659' title='bbox 815 5119 980 5190; x_wconf 88' lang='lat' dir='ltr'><strong>ipsius</strong></span> <span class='ocrx_word' id='word_1_660' title='bbox 1007 5119 1201 5190; x_wconf 89' lang='lat' dir='ltr'><strong>placita</strong></span> <span class='ocrx_word' id='word_1_661' title='bbox 1239 5129 1290 5176; x_wconf 91' lang='lat' dir='ltr'><strong>ct</strong></span> <span class='ocrx_word' id='word_1_662' title='bbox 1323 5121 1589 5190; x_wconf 81' lang='lat' dir='ltr'><strong>paradoxa</strong></span> <span class='ocrx_word' id='word_1_663' title='bbox 1610 5165 1624 5188; x_wconf 91' lang='lat'><strong>,</strong></span> <span class='ocrx_word' id='word_1_664' title='bbox 1656 5124 1710 5178; x_wconf 91' lang='lat' dir='ltr'><strong>iu</strong></span> <span class='ocrx_word' id='word_1_665' title='bbox 1739 5127 2101 5197; x_wconf 87' lang='lat' dir='ltr'><strong>superioribus</strong></span> <span class='ocrx_word' id='word_1_666' title='bbox 2128 5126 2194 5181; x_wconf 88' lang='lat' dir='ltr'><strong>ad</strong></span> <span class='ocrx_word' id='word_1_667' title='bbox 2226 5126 2489 5182; x_wconf 82' lang='lat' dir='ltr'><strong>chatum</strong></span> <span class='ocrx_word' id='word_1_668' title='bbox 2515 5136 2570 5184; x_wconf 89' lang='lat' dir='ltr'><strong>et</strong></span> <span class='ocrx_word' id='word_1_669' title='bbox 2603 5127 2670 5182; x_wconf 89' lang='lat' dir='ltr'><strong>ad</strong></span> <span class='ocrx_word' id='word_1_670' title='bbox 2698 5128 2912 5184; x_wconf 88' lang='lat' dir='ltr'><strong>Petrum</strong></span> <span class='ocrx_word' id='word_1_671' title='bbox 2940 5125 3090 5182; x_wconf 87' lang='lat' dir='ltr'><strong>libris</strong></span> <span class='ocrx_word' id='word_1_672' title='bbox 3107 5124 3220 5195; x_wconf 86' lang='lat' dir='ltr'><strong>jam</strong></span> <span class='ocrx_word' id='word_1_673' title='bbox 3242 5121 3536 5186; x_wconf 82' lang='lat' dir='ltr'><strong>confutata,</strong></span> 
     </span>
    </p>
   </div>
   <div class='ocr_carea' id='block_1_58' title="bbox 239 5207 2485 5288">
    <p class='ocr_par' dir='ltr' id='par_1_58' title="bbox 239 5207 2485 5288">
     <span class='ocr_line' id='line_1_58' title="bbox 239 5207 2485 5288; baseline 0.006 -28"><span class='ocrx_word' id='word_1_674' title='bbox 239 5207 343 5264; x_wconf 85' lang='lat' dir='ltr'><strong>hoc</strong></span> <span class='ocrx_word' id='word_1_675' title='bbox 365 5209 524 5265; x_wconf 88' lang='lat' dir='ltr'><strong>tertio</strong></span> <span class='ocrx_word' id='word_1_676' title='bbox 550 5208 690 5265; x_wconf 91' lang='lat' dir='ltr'><strong>libro</strong></span> <span class='ocrx_word' id='word_1_677' title='bbox 717 5209 1028 5282; x_wconf 89' lang='lat' dir='ltr'><strong>perstringit</strong></span> <span class='ocrx_word' id='word_1_678' title='bbox 1057 5211 1310 5280; x_wconf 89' lang='lat' dir='ltr'><strong>breviter,</strong></span> <span class='ocrx_word' id='word_1_679' title='bbox 1338 5222 1391 5268; x_wconf 90' lang='lat' dir='ltr'><strong>et</strong></span> <span class='ocrx_word' id='word_1_680' title='bbox 1416 5213 1482 5268; x_wconf 89' lang='lat' dir='ltr'><strong>ad</strong></span> <span class='ocrx_word' id='word_1_681' title='bbox 1513 5213 1759 5272; x_wconf 86' lang='lat' dir='ltr'><strong>undecim</strong></span> <span class='ocrx_word' id='word_1_682' title='bbox 1791 5233 2035 5274; x_wconf 88' lang='lat' dir='ltr'><strong>errorum</strong></span> <span class='ocrx_word' id='word_1_683' title='bbox 2059 5219 2228 5288; x_wconf 83' lang='lat' dir='ltr'><strong>capita</strong></span> <span class='ocrx_word' id='word_1_684' title='bbox 2251 5230 2485 5274; x_wconf 88' lang='lat' dir='ltr'><strong>revocat.</strong></span> 
     </span>
    </p>
   </div>
   <div class='ocr_carea' id='block_1_59' title="bbox 225 5301 3531 5382">
    <p class='ocr_par' dir='ltr' id='par_1_59' title="bbox 225 5301 3531 5382">
     <span class='ocr_line' id='line_1_59' title="bbox 225 5301 3531 5382; baseline 0.002 -28"><span class='ocrx_word' id='word_1_685' title='bbox 225 5310 236 5332; x_wconf 79' lang='grc'><strong>⁴</strong></span> <span class='ocrx_word' id='word_1_686' title='bbox 312 5301 368 5355; x_wconf 82' lang='lat' dir='ltr'><strong>in</strong></span> <span class='ocrx_word' id='word_1_687' title='bbox 398 5313 592 5374; x_wconf 90' lang='lat' dir='ltr'><strong>quarto</strong></span> <span class='ocrx_word' id='word_1_688' title='bbox 619 5303 687 5360; x_wconf 90' lang='lat' dir='ltr'><strong>ad</strong></span> <span class='ocrx_word' id='word_1_689' title='bbox 715 5304 962 5360; x_wconf 88' lang='lat' dir='ltr'><strong>eumdem</strong></span> <span class='ocrx_word' id='word_1_690' title='bbox 995 5303 1260 5360; x_wconf 87' lang='lat' dir='ltr'><strong>Victorem</strong></span> <span class='ocrx_word' id='word_1_691' title='bbox 1289 5305 1446 5373; x_wconf 89' lang='lat' dir='ltr'><strong>libro,</strong></span> <span class='ocrx_word' id='word_1_692' title='bbox 1471 5308 1701 5378; x_wconf 89' lang='lat' dir='ltr'><strong>primum</strong></span> <span class='ocrx_word' id='word_1_693' title='bbox 1729 5312 2122 5368; x_wconf 89' lang='lat' dir='ltr'><strong>cunctationem</strong></span> <span class='ocrx_word' id='word_1_694' title='bbox 2149 5326 2298 5368; x_wconf 86' lang='lat' dir='ltr'><strong>suam</strong></span> <span class='ocrx_word' id='word_1_695' title='bbox 2334 5312 2400 5367; x_wconf 90' lang='lat' dir='ltr'><strong>de</strong></span> <span class='ocrx_word' id='word_1_696' title='bbox 2422 5312 2721 5367; x_wconf 88' lang='lat' dir='ltr'><strong>animarum</strong></span> <span class='ocrx_word' id='word_1_697' title='bbox 2751 5310 2955 5382; x_wconf 86' lang='lat' dir='ltr'><strong>origine</strong></span> <span class='ocrx_word' id='word_1_698' title='bbox 2986 5310 3254 5366; x_wconf 89' lang='lat' dir='ltr'><strong>immerito</strong></span> <span class='ocrx_word' id='word_1_699' title='bbox 3301 5306 3531 5377; x_wconf 81' lang='lat' dir='ltr'><strong>culpari,</strong></span> 
     </span>
    </p>
   </div>
   <div class='ocr_carea' id='block_1_60' title="bbox 233 5395 3536 5475">
    <p class='ocr_par' dir='ltr' id='par_1_60' title="bbox 233 5395 3536 5475">
     <span class='ocr_line' id='line_1_60' title="bbox 233 5395 3536 5475; baseline 0 -26"><span class='ocrx_word' id='word_1_700' title='bbox 233 5409 404 5467; x_wconf 81' lang='lat' dir='ltr'><strong>seque</strong></span> <span class='ocrx_word' id='word_1_701' title='bbox 431 5397 500 5452; x_wconf 88' lang='lat' dir='ltr'><strong>ab</strong></span> <span class='ocrx_word' id='word_1_702' title='bbox 528 5397 677 5467; x_wconf 88' lang='lat' dir='ltr'><strong>ipso,</strong></span> <span class='ocrx_word' id='word_1_703' title='bbox 708 5397 832 5468; x_wconf 89' lang='lat' dir='ltr'><strong>quia</strong></span> <span class='ocrx_word' id='word_1_704' title='bbox 861 5397 994 5453; x_wconf 91' lang='lat' dir='ltr'><strong>nihil</strong></span> <span class='ocrx_word' id='word_1_705' title='bbox 1037 5397 1158 5452; x_wconf 90' lang='lat' dir='ltr'><strong>hinc</strong></span> <span class='ocrx_word' id='word_1_706' title='bbox 1196 5397 1421 5454; x_wconf 85' lang='lat' dir='ltr'><strong>delinire</strong></span> <span class='ocrx_word' id='word_1_707' title='bbox 1450 5413 1614 5455; x_wconf 89' lang='lat' dir='ltr'><strong>ausus</strong></span> <span class='ocrx_word' id='word_1_708' title='bbox 1643 5401 1732 5467; x_wconf 90' lang='lat' dir='ltr'><strong>sit,</strong></span> <span class='ocrx_word' id='word_1_709' title='bbox 1761 5401 1952 5472; x_wconf 86' lang='lat' dir='ltr'><strong>injuria</strong></span> <span class='ocrx_word' id='word_1_710' title='bbox 1984 5405 2267 5474; x_wconf 88' lang='lat' dir='ltr'><strong>pecoribus</strong></span> <span class='ocrx_word' id='word_1_711' title='bbox 2294 5404 2594 5475; x_wconf 88' lang='lat' dir='ltr'><strong>comparari</strong></span> <span class='ocrx_word' id='word_1_712' title='bbox 2624 5403 2977 5460; x_wconf 88' lang='lat' dir='ltr'><strong>demonstrat.</strong></span> <span class='ocrx_word' id='word_1_713' title='bbox 3012 5401 3212 5457; x_wconf 91' lang='lat' dir='ltr'><strong>Deinde</strong></span> <span class='ocrx_word' id='word_1_714' title='bbox 3240 5413 3364 5454; x_wconf 89' lang='lat' dir='ltr'><strong>vero</strong></span> <span class='ocrx_word' id='word_1_715' title='bbox 3395 5395 3536 5467; x_wconf 90' lang='lat' dir='ltr'><strong>quod</strong></span> 
     </span>
    </p>
   </div>
   <div class='ocr_carea' id='block_1_61' title="bbox 231 5487 3536 5568">
    <p class='ocr_par' dir='ltr' id='par_1_61' title="bbox 231 5487 3536 5568">
     <span class='ocr_line' id='line_1_61' title="bbox 231 5487 3536 5568; baseline 0 -26"><span class='ocrx_word' id='word_1_716' title='bbox 231 5487 613 5546; x_wconf 89' lang='lat' dir='ltr'><strong>incunctanter</strong></span> <span class='ocrx_word' id='word_1_717' title='bbox 631 5491 977 5556; x_wconf 88' lang='lat' dir='ltr'><strong>asseveravit,</strong></span> <span class='ocrx_word' id='word_1_718' title='bbox 1009 5493 1238 5548; x_wconf 89' lang='lat' dir='ltr'><strong>animam</strong></span> <span class='ocrx_word' id='word_1_719' title='bbox 1267 5491 1513 5561; x_wconf 89' lang='lat' dir='ltr'><strong>spiritum</strong></span> <span class='ocrx_word' id='word_1_720' title='bbox 1539 5507 1679 5558; x_wconf 84' lang='lat' dir='ltr'><strong>esse,</strong></span> <span class='ocrx_word' id='word_1_721' title='bbox 1704 5509 1808 5549; x_wconf 94' lang='lat' dir='ltr'><strong>non</strong></span> <span class='ocrx_word' id='word_1_722' title='bbox 1836 5511 2049 5566; x_wconf 85' lang='lat' dir='ltr'><strong>corpus,</strong></span> <span class='ocrx_word' id='word_1_723' title='bbox 2074 5496 2174 5552; x_wconf 91' lang='lat' dir='ltr'><strong>hoc</strong></span> <span class='ocrx_word' id='word_1_724' title='bbox 2196 5506 2394 5553; x_wconf 87' lang='lat' dir='ltr'><strong>temere</strong></span> <span class='ocrx_word' id='word_1_725' title='bbox 2417 5499 2574 5552; x_wconf 91' lang='lat' dir='ltr'><strong>etiam</strong></span> <span class='ocrx_word' id='word_1_726' title='bbox 2599 5496 2883 5568; x_wconf 89' lang='lat' dir='ltr'><strong>improbari</strong></span> <span class='ocrx_word' id='word_1_727' title='bbox 2907 5512 2936 5550; x_wconf 90' lang='lat' dir='ltr'><strong>a</strong></span> <span class='ocrx_word' id='word_1_728' title='bbox 2959 5495 3190 5558; x_wconf 88' lang='lat' dir='ltr'><strong>Victore,</strong></span> <span class='ocrx_word' id='word_1_729' title='bbox 3220 5499 3280 5546; x_wconf 92' lang='lat' dir='ltr'><strong>ut</strong></span> <span class='ocrx_word' id='word_1_730' title='bbox 3302 5489 3536 5544; x_wconf 90' lang='lat' dir='ltr'><strong>animam</strong></span> 
     </span>
    </p>
   </div>
   <div class='ocr_carea' id='block_1_62' title="bbox 229 5587 3282 5660">
    <p class='ocr_par' dir='ltr' id='par_1_62' title="bbox 229 5587 3282 5660">
     <span class='ocr_line' id='line_1_62' title="bbox 229 5587 3282 5660; baseline 0.001 -20"><span class='ocrx_word' id='word_1_731' title='bbox 229 5599 556 5656; x_wconf 85' lang='lat' dir='ltr'><strong>corpoream</strong></span> <span class='ocrx_word' id='word_1_732' title='bbox 585 5593 772 5642; x_wconf 87' lang='lat' dir='ltr'><strong>natura</strong></span> <span class='ocrx_word' id='word_1_733' title='bbox 797 5601 915 5654; x_wconf 88' lang='lat' dir='ltr'><strong>sua,</strong></span> <span class='ocrx_word' id='word_1_734' title='bbox 945 5594 1001 5643; x_wconf 88' lang='lat' dir='ltr'><strong>et</strong></span> <span class='ocrx_word' id='word_1_735' title='bbox 1024 5587 1268 5658; x_wconf 90' lang='lat' dir='ltr'><strong>spiritum</strong></span> <span class='ocrx_word' id='word_1_736' title='bbox 1295 5587 1363 5643; x_wconf 89' lang='lat' dir='ltr'><strong>ab</strong></span> <span class='ocrx_word' id='word_1_737' title='bbox 1393 5587 1507 5658; x_wconf 78' lang='lat' dir='ltr'><strong>ipsa</strong></span> <span class='ocrx_word' id='word_1_738' title='bbox 1534 5588 1716 5643; x_wconf 88' lang='lat' dir='ltr'><strong>anima</strong></span> <span class='ocrx_word' id='word_1_739' title='bbox 1743 5589 1797 5643; x_wconf 91' lang='lat' dir='ltr'><strong>in</strong></span> <span class='ocrx_word' id='word_1_740' title='bbox 1824 5590 2041 5648; x_wconf 91' lang='lat' dir='ltr'><strong>homine</strong></span> <span class='ocrx_word' id='word_1_741' title='bbox 2061 5593 2368 5648; x_wconf 90' lang='lat' dir='ltr'><strong>distinctum</strong></span> <span class='ocrx_word' id='word_1_742' title='bbox 2399 5609 2540 5660; x_wconf 89' lang='lat' dir='ltr'><strong>esse,</strong></span> <span class='ocrx_word' id='word_1_743' title='bbox 2574 5592 2716 5647; x_wconf 90' lang='lat' dir='ltr'><strong>inani</strong></span> <span class='ocrx_word' id='word_1_744' title='bbox 2746 5601 2942 5648; x_wconf 90' lang='lat' dir='ltr'><strong>conatu</strong></span> <span class='ocrx_word' id='word_1_745' title='bbox 2968 5594 3282 5659; x_wconf 88' lang='lat' dir='ltr'><strong>propugnet.</strong></span> 
     </span>
    </p>
   </div>
   <div class='ocr_carea' id='block_1_63' title="bbox 323 5676 3538 5767">
    <p class='ocr_par' dir='ltr' id='par_1_63' title="bbox 323 5676 3538 5767">
     <span class='ocr_line' id='line_1_63' title="bbox 323 5676 3538 5767; baseline 0.004 -28"><span class='ocrx_word' id='word_1_746' title='bbox 323 5677 634 5767; x_wconf 39' lang='lat' dir='ltr'><strong>‘InAl_i_bros</strong></span> <span class='ocrx_word' id='word_1_747' title='bbox 669 5687 959 5767; x_wconf 49' lang='lat' dir='ltr'><strong>quotam:</strong></span> <span class='ocrx_word' id='word_1_748' title='bbox 1000 5679 1076 5767; x_wconf 78' lang='lat' dir='ltr'><strong>de</strong></span> <span class='ocrx_word' id='word_1_749' title='bbox 1121 5681 1351 5767; x_wconf 84' lang='lat' dir='ltr'><strong>Anima</strong></span> <span class='ocrx_word' id='word_1_750' title='bbox 1372 5686 1434 5744; x_wconf 85' lang='lat' dir='ltr'><strong>et</strong></span> <span class='ocrx_word' id='word_1_751' title='bbox 1486 5681 1624 5762; x_wconf 90' lang='lat' dir='ltr'><strong>ejus</strong></span> <span class='ocrx_word' id='word_1_752' title='bbox 1656 5681 1942 5767; x_wconf 79' lang='lat' dir='ltr'><strong>Origine,</strong></span> <span class='ocrx_word' id='word_1_753' title='bbox 1972 5686 2244 5767; x_wconf 22' lang='lat' dir='ltr'><strong>eideilib.</strong></span> <span class='ocrx_word' id='word_1_754' title='bbox 2276 5687 2338 5759; x_wconf 77' lang='lat'><strong>2,</strong></span> <span class='ocrx_word' id='word_1_755' title='bbox 2391 5705 2524 5767; x_wconf 83' lang='lat' dir='ltr'><strong>cap.</strong></span> <span class='ocrx_word' id='word_1_756' title='bbox 2558 5686 2658 5758; x_wconf 84' lang='lat'><strong>56,</strong></span> <span class='ocrx_word' id='word_1_757' title='bbox 2689 5681 3262 5767; x_wconf 62' lang='lat' dir='ltr'><strong>Retraetationum,</strong></span> <span class='ocrx_word' id='word_1_758' title='bbox 3294 5685 3441 5739; x_wconf 81' lang='lat' dir='ltr'><strong>tom-</strong></span> <span class='ocrx_word' id='word_1_759' title='bbox 3477 5676 3538 5753; x_wconf 64' lang='grc'>1,</span> 
     </span>
    </p>
   </div>
   <div class='ocr_carea' id='block_1_64' title="bbox 228 5756 2983 5846">
    <p class='ocr_par' dir='ltr' id='par_1_64' title="bbox 228 5756 2983 5846">
     <span class='ocr_line' id='line_1_64' title="bbox 228 5756 2983 5846; baseline 0.002 -28"><span class='ocrx_word' id='word_1_760' title='bbox 228 5756 362 5820; x_wconf 85' lang='lat' dir='ltr'><strong>col.</strong></span> <span class='ocrx_word' id='word_1_761' title='bbox 395 5758 538 5831; x_wconf 81' lang='lat'><strong>653,</strong></span> <span class='ocrx_word' id='word_1_762' title='bbox 589 5779 628 5820; x_wconf 83' lang='grc' dir='ltr'>α</span> <span class='ocrx_word' id='word_1_763' title='bbox 655 5756 877 5830; x_wconf 58' lang='lat' dir='ltr'><strong>uerbis,</strong></span> <span class='ocrx_word' id='word_1_764' title='bbox 910 5759 1151 5822; x_wconf 89' lang='lat' dir='ltr'><strong>Eodem</strong></span> <span class='ocrx_word' id='word_1_765' title='bbox 1183 5765 1492 5841; x_wconf 82' lang='lat' dir='ltr'><strong>tempore,</strong></span> <span class='ocrx_word' id='word_1_766' title='bbox 1519 5756 1736 5844; x_wconf 57' lang='lat' dir='ltr'><strong>&#39;usque</strong></span> <span class='ocrx_word' id='word_1_767' title='bbox 1761 5756 1842 5826; x_wconf 75' lang='grc' dir='ltr'><strong>ᾶιι</strong></span> <span class='ocrx_word' id='word_1_768' title='bbox 1868 5756 2073 5836; x_wconf 82' lang='lat' dir='ltr'><strong>verba,</strong></span> <span class='ocrx_word' id='word_1_769' title='bbox 2111 5756 2533 5829; x_wconf 72' lang='lat' dir='ltr'><strong>Scribendtfm</strong></span> <span class='ocrx_word' id='word_1_770' title='bbox 2567 5756 2812 5846; x_wconf 80' lang='lat' dir='ltr'><strong>putavi.</strong></span> <span class='ocrx_word' id='word_1_771' title='bbox 2898 5762 2983 5824; x_wconf 85' lang='lat' dir='ltr'><strong>M.</strong></span> 
     </span>
    </p>
   </div>
   <div class='ocr_carea' id='block_1_65' title="bbox 299 5880 1034 6071">
    <p class='ocr_par' dir='ltr' id='par_1_65' title="bbox 299 5880 1034 6071">
     <span class='ocr_line' id='line_1_65' title="bbox 328 5880 1034 5944; baseline 0 -14"><span class='ocrx_word' id='word_1_772' title='bbox 328 5895 357 5930; x_wconf 78' lang='grc' dir='ltr'><em>α</em></span> <span class='ocrx_word' id='word_1_773' title='bbox 413 5882 532 5932; x_wconf 74' lang='lat' dir='ltr'><strong>Vide</strong></span> <span class='ocrx_word' id='word_1_774' title='bbox 558 5881 700 5943; x_wconf 78' lang='lat' dir='ltr'><strong>infra,</strong></span> <span class='ocrx_word' id='word_1_775' title='bbox 721 5881 808 5931; x_wconf 89' lang='lat' dir='ltr'><strong>lib.</strong></span> <span class='ocrx_word' id='word_1_776' title='bbox 833 5882 883 5944; x_wconf 78' lang='lat'><strong>5,</strong></span> <span class='ocrx_word' id='word_1_777' title='bbox 909 5898 958 5932; x_wconf 92' lang='lat' dir='ltr'><strong>n.</strong></span> <span class='ocrx_word' id='word_1_778' title='bbox 987 5880 1034 5932; x_wconf 73' lang='lat'><strong>2.</strong></span> 
     </span>
     <span class='ocr_line' id='line_1_66' title="bbox 330 5944 1034 6008; baseline 0.004 -17"><span class='ocrx_word' id='word_1_779' title='bbox 330 5944 357 5991; x_wconf 88' lang='lat' dir='ltr'><strong>b</strong></span> <span class='ocrx_word' id='word_1_780' title='bbox 411 5944 529 5993; x_wconf 69' lang='lat' dir='ltr'><strong>Vide</strong></span> <span class='ocrx_word' id='word_1_781' title='bbox 555 5947 804 6008; x_wconf 80' lang='lat' dir='ltr'><strong>Augustini</strong></span> <span class='ocrx_word' id='word_1_782' title='bbox 835 5945 1034 6008; x_wconf 88' lang='lat' dir='ltr'><strong>epistola</strong></span> 
     </span>
     <span class='ocr_line' id='line_1_67' title="bbox 299 5881 1032 6071; baseline 0.007 -17"><span class='ocrx_word' id='word_1_783' title='bbox 299 5881 380 6071; x_wconf 59' lang='grc' dir='ltr'><strong>ἒεξ</strong></span> <span class='ocrx_word' id='word_1_784' title='bbox 413 6007 529 6059; x_wconf 73' lang='lat' dir='ltr'><strong>Vide</strong></span> <span class='ocrx_word' id='word_1_785' title='bbox 553 6008 697 6071; x_wconf 84' lang='lat' dir='ltr'><strong>infra,</strong></span> <span class='ocrx_word' id='word_1_786' title='bbox 722 6007 806 6058; x_wconf 89' lang='lat' dir='ltr'><strong>lib.</strong></span> <span class='ocrx_word' id='word_1_787' title='bbox 825 6008 874 6071; x_wconf 76' lang='grc'>2,</span> <span class='ocrx_word' id='word_1_788' title='bbox 900 6022 949 6058; x_wconf 91' lang='lat' dir='ltr'><strong>n.</strong></span> <span class='ocrx_word' id='word_1_789' title='bbox 976 6009 1032 6059; x_wconf 85' lang='lat' dir='ltr'><strong>l7</strong></span> 
     </span>
    </p>
   </div>
   <div class='ocr_carea' id='block_1_66' title="bbox 330 5944 1384 6008">
    <p class='ocr_par' dir='ltr' id='par_1_66' title="bbox 330 5944 1384 6008">
     <span class='ocr_line' id='line_1_68' title="bbox 330 5944 1384 6008; baseline 0.003 -17"><span class='ocrx_word' id='word_1_790' title='bbox 330 5944 379 6008; x_wconf 73' lang='grc' dir='ltr'><strong>ὁ)</strong></span> <span class='ocrx_word' id='word_1_791' title='bbox 411 5944 529 6008; x_wconf 69' lang='lat' dir='ltr'><strong>Vide</strong></span> <span class='ocrx_word' id='word_1_792' title='bbox 555 5947 804 6008; x_wconf 80' lang='lat' dir='ltr'><strong>Augustini</strong></span> <span class='ocrx_word' id='word_1_793' title='bbox 835 5945 1087 6008; x_wconf 87' lang='lat' dir='ltr'><strong>epistolam</strong></span> <span class='ocrx_word' id='word_1_794' title='bbox 1123 5946 1230 6007; x_wconf 78' lang='grc'>190,</span> <span class='ocrx_word' id='word_1_795' title='bbox 1263 5960 1312 6003; x_wconf 89' lang='lat' dir='ltr'><strong>n,</strong></span> <span class='ocrx_word' id='word_1_796' title='bbox 1341 5947 1384 5996; x_wconf 83' lang='lat' dir='ltr'><strong>l.</strong></span> 
     </span>
    </p>
   </div>
   <div class='ocr_carea' id='block_1_67' title="bbox 328 6007 1493 6074">
    <p class='ocr_par' dir='ltr' id='par_1_67' title="bbox 328 6007 1493 6074">
     <span class='ocr_line' id='line_1_69' title="bbox 328 6007 1493 6074; baseline 0.005 -20"><span class='ocrx_word' id='word_1_797' title='bbox 328 6007 377 6069; x_wconf 74' lang='grc' dir='ltr'><strong>ε)</strong></span> <span class='ocrx_word' id='word_1_798' title='bbox 413 6007 529 6059; x_wconf 72' lang='lat' dir='ltr'><strong>Vide</strong></span> <span class='ocrx_word' id='word_1_799' title='bbox 553 6008 697 6071; x_wconf 87' lang='lat' dir='ltr'><strong>infra,</strong></span> <span class='ocrx_word' id='word_1_800' title='bbox 722 6007 806 6058; x_wconf 89' lang='lat' dir='ltr'><strong>lib.</strong></span> <span class='ocrx_word' id='word_1_801' title='bbox 825 6007 879 6071; x_wconf 77' lang='grc'>2,</span> <span class='ocrx_word' id='word_1_802' title='bbox 900 6022 949 6058; x_wconf 91' lang='lat' dir='ltr'><strong>n.</strong></span> <span class='ocrx_word' id='word_1_803' title='bbox 976 6009 1054 6072; x_wconf 84' lang='lat' dir='ltr'><strong>l7,</strong></span> <span class='ocrx_word' id='word_1_804' title='bbox 1081 6015 1132 6060; x_wconf 91' lang='lat' dir='ltr'><strong>et</strong></span> <span class='ocrx_word' id='word_1_805' title='bbox 1155 6010 1241 6058; x_wconf 86' lang='lat' dir='ltr'><strong>tib.</strong></span> <span class='ocrx_word' id='word_1_806' title='bbox 1273 6009 1316 6074; x_wconf 80' lang='grc'>1,</span> <span class='ocrx_word' id='word_1_807' title='bbox 1338 6021 1387 6059; x_wconf 87' lang='lat' dir='ltr'><strong>n.</strong></span> <span class='ocrx_word' id='word_1_808' title='bbox 1413 6008 1493 6062; x_wconf 65' lang='grc' dir='ltr'><strong>Μ.</strong></span> 
     </span>
    </p>
   </div>
   <div class='ocr_carea' id='block_1_68' title="bbox 239 1417 3526 1476">
    <p class='ocr_par' dir='ltr' id='par_1_68' title="bbox 239 1417 3526 1476">
     <span class='ocr_line' id='line_1_70' title="bbox 290 1424 2108 1436; baseline 0.002 -2"><span class='ocrx_word' id='word_1_809' title='bbox 290 1424 2108 1436; x_wconf 60' lang='lat' dir='ltr'><em>W</em></span> 
     </span>
     <span class='ocr_line' id='line_1_71' title="bbox 239 1417 3526 1476; baseline -0.002 -2"><span class='ocrx_word' id='word_1_810' title='bbox 239 1417 3526 1476; x_wconf 45' lang='grc' dir='ltr'><em>Μ</em></span> 
     </span>
    </p>
   </div>
  </div>
