4012 6474
231 393 330 458 677

841 394 931 452 DE
969 392 1176 456 AW
1219 394 1310 456 ET
1347 394 1515 458 Ellis
1549 394 1850 466 ORIGINE.
1883 396 1948 457 ﬁt.
1987 397 2356 460 aususnon
2387 399 2598 466 LIBER
2633 403 2908 464 PRIMUS.

231 509 308 567 vel
338 508 728 580 perniciosum,
759 511 805 570 si
827 525 948 572 cum
979 511 1224 572 laudatur
1250 511 1574 584 eloquentia,
1595 525 1821 588 persua-

3411 411 3520 473 178

1932 511 2183 584 trahitur,
2216 514 2312 571 sed
2335 530 2368 571 a
2394 516 2508 572 Deo
2533 534 2673 576 nova
2703 519 3036 590 insumatur;
3087 519 3228 582 hanc
3252 537 3382 602 ergo
3406 533 3517 584 tam

231 603 412 659 deatur
444 603 776 678 insipientia,
795 605 928 666 etin
953 608 1188 680 pretioso
1209 606 1402 678 poculo
1423 603 1632 666 bibatur
1655 603 1822 680 pesti-
1926 606 2204 663 molestam
2235 616 2290 665 et
2318 619 2424 664 tam
2451 609 2765 682 profundam
2795 613 2971 670 nitens
3000 615 3233 676 enodare
3261 618 3516 692 quaestio-

229 697 331 754 fcra
363 699 534 768 potio.

291 791 522 852 CAPUT
568 791 666 850 Ν,
705 823 776 834 -
812 795 867 856 4.
907 792 978 854 Ut
1006 793 1148 852 enim
1173 791 1284 863 jam
1305 791 1562 864 incipiam
1589 790 1814 852 demon-

224 891 409 951 strare,
429 899 554 957 qua:
564 885 842 956 praecipue
858 886 965 946 sint
990 885 1040 942 in
1059 885 1178 957 eius
1193 883 1550 958 disputatione
1564 882 1775 942 vitanda
1798 900 1814 940 :

221 975 464 1036 Animam
511 976 699 1034 dicita
729 977 840 1034 Deo
884 975 1098 1054 quidem
1148 977 1372 1042 factam,
1419 991 1519 1036 nec
1558 975 1650 1035 Dei
1695 989 1815 1036 esse

215 1079 420 1142 partem
451 1070 568 1126 sive
594 1080 871 1137 naturam;
897 1070 1043 1146 quod
1084 1069 1302 1130 omnino
1342 1084 1524 1130 verum
1559 1076 1684 1128 est:
1716 1066 1813 1126 sed

213 1176 333 1218 cum
370 1178 492 1220 eam
523 1178 634 1222 non
659 1165 772 1222 vult
807 1179 872 1224 ex
902 1163 1069 1222 nihilo
1098 1163 1292 1224 factam
1329 1162 1487 1222 lateri
1508 1203 1524 1232 ,
1559 1169 1616 1222 et
1645 1160 1811 1218 aliam

123 1309 126 1312 .
218 1253 410 1310 nullam
439 1263 743 1314 creaturam
773 1255 913 1315 unde
938 1256 1009 1313 sit
1035 1254 1174 1314 facta
1207 1261 1616 1320 commemorat.
1641 1261 1810 1324 atque

215 1346 283 1402 ita
309 1346 390 1406 illi
419 1345 514 1402 dat
538 1356 812 1408 auctorem
835 1347 1022 1416 Deum,
1049 1356 1106 1406 ut
1127 1362 1303 1418 neque
1327 1345 1573 1408 exnullis
1593 1349 1842 1408 (πωπω-⁸

217 1439 372 1508 tibus,
399 1440 456 1498 id
484 1449 564 1498 est
582 1483 598 1508 ,
631 1457 698 1500 ex
721 1441 910 1508 nihilo,
941 1456 1114 1514 neque
1143 1456 1209 1500 ex
1238 1440 1413 1512 aliqua
1444 1455 1524 1506 re,
1551 1454 1669 1508 quae
1697 1454 1806 1496 non

213 1533 457 1605 estquod
486 1533 630 1590 Deus
654 1546 758 1599 est,
787 1534 880 1592 sed
907 1534 974 1590 de
1000 1550 1059 1592 se
1089 1535 1206 1604 ipso
1229 1549 1353 1590 eam
1388 1532 1576 1593 [erisse
1601 1531 1804 1592 creda-

212 1631 327 1692 tur;
353 1627 528 1680 nescit
554 1641 618 1686 eo
643 1643 704 1692 se
735 1627 959 1694 revolvi,
981 1626 1124 1698 quod
1147 1626 1445 1686 declinasse
1469 1642 1530 1684 se
1555 1634 1724 1698 putat,
1744 1631 1805 1680 ut

210 1716 406 1774 scilicet
438 1717 574 1774 nihil
599 1717 746 1774 aliud
771 1718 946 1775 anima
975 1733 1135 1789 quam
1163 1717 1262 1776 Dei
1287 1727 1475 1777 natura
1505 1717 1610 1786 sit;
1635 1734 1700 1775 ac
1722 1718 1802 1776 sic

207 1816 598 1878 consequenter
637 1819 690 1864 ct
732 1809 799 1868 de
825 1810 919 1868 Dei
949 1820 1135 1869 natura
1155 1810 1258 1868 .ﬂat
1285 1809 1485 1882 aliquid
1513 1810 1580 1868 ab
1604 1809 1798 1868 eodem

205 1899 330 1968 Deo,
363 1902 454 1956 cui
487 1900 734 1960 faciendo
763 1903 983 1960 materia
1013 1901 1079 1960 de
1108 1918 1210 1974 qua
1250 1902 1406 1968 facit,
1441 1903 1515 1959 sit
1550 1903 1667 1972 ipse
1706 1902 1798 1974 qui

203 1990 319 2047 facit
345 2010 357 2046 :
388 2009 456 2048 ac
483 2009 583 2064 per
614 1995 797 2052 hocet
826 1995 924 2053 Dei
951 1996 1022 2052 sit
1045 2003 1232 2052 natura
1262 1996 1565 2064 mutabilis,
1593 2006 1648 2051 et
1671 2012 1794 2052 mu-

205 2093 303 2144 tata
325 2085 381 2142 in
404 2087 647 2145 deterius
669 2087 917 2159 ejusdem
945 2089 1108 2159 ipsius
1131 2089 1222 2146 Dei
1245 2088 1312 2144 ab
1331 2087 1518 2143 eodem
1546 2086 1662 2158 ipso
1683 2088 1794 2146 Deo

194 2188 380 2234 natura
411 2177 722 2236 damnetur.
755 2180 906 2250 Quod
952 2195 1049 2253 pro
1093 2189 1183 2238 tua
1231 2180 1374 2236 ﬁdeli
1422 2181 1788 2252 intelligentia,

201 2286 350 2344 quam
377 2288 490 2328 non
520 2273 589 2326 sit
615 2273 963 2344 opinandum,
991 2283 1045 2331 et
1070 2290 1227 2346 quam
1259 2275 1328 2331 sit
1355 2289 1384 2328 a
1414 2275 1574 2330 corde
1599 2275 1789 2332 catho-

202 2359 294 2418 lico
341 2362 767 2432 secludendutn,
813 2365 1074 2436 longeque
1121 2365 1447 2439 fugiendum,
1495 2367 1662 2422 vides.
1714 2367 1788 2424 Ita

202 2452 384 2524 quippe
414 2456 596 2510 anima
622 2455 708 2512 vel
734 2454 800 2511 de
829 2456 956 2514 ﬂatu
987 2455 1123 2514 facta
1142 2499 1157 2524 ,
1189 2458 1273 2512 vel
1309 2458 1398 2513 Dei
1428 2457 1585 2513 ﬂatus
1619 2458 1788 2516 factus

201 2554 273 2600 est
312 2546 452 2617 ipsa,
497 2557 558 2602 ut
603 2563 709 2604 non
757 2548 824 2606 de
867 2550 980 2619 ipso
1018 2549 1112 2614 sit.
1134 2549 1237 2606 sed
1268 2550 1335 2610 ab
1368 2551 1485 2621 ipso
1513 2551 1580 2607 de
1617 2549 1786 2606 nihilo

200 2649 364 2696 mata
409 2639 500 2694 sit.
531 2638 718 2711 Neque
753 2642 894 2698 enim
940 2643 1076 2698 sicut
1119 2642 1282 2702 homo
1328 2643 1540 2714 quando
1583 2642 1781 2711 suﬂlat,

200 2744 297 2785 non
327 2739 508 2804 potest
536 2731 606 2786 de
631 2731 796 2788 nihilo
825 2731 1007 2790 ﬂatum
1038 2733 1232 2801 facere,
1263 2734 1356 2792 sed
1388 2750 1545 2806 quem
1581 2734 1648 2791 de
1677 2735 1784 2792 isto

197 2836 314 2879 aere
344 2822 512 2892 ducit,
542 2822 687 2886 hunc
715 2822 924 2894 reddit;
953 2823 1024 2884 ita
1053 2825 1164 2884 Deo
1193 2825 1487 2897 putandum
1518 2835 1601 2883 est
1625 2842 1781 2884 auras

197 2919 388 2990 aliquas
437 2915 790 2974 circumfusas
837 2918 946 2988 jam
1009 2918 1200 2983 fuisse,
1256 2932 1478 2986 quarum
1533 2914 1778 2985 exiguam

196 3007 471 3082 quamdam
502 3010 821 3082 particulam
862 3009 1114 3081 spirando
1146 3005 1400 3076 traheret,
1433 3018 1486 3064 et
1511 3007 1778 3077 respiran-

198 3102 259 3160 do
282 3103 615 3169 refunderet,
643 3103 855 3175 quando
909 3104 959 3161 in
1006 3103 1240 3162 hominis
1288 3101 1477 3162 faciem
1525 3101 1778 3169 sufﬂavit,

199 3197 340 3270 eique
367 3194 463 3251 illo
506 3199 670 3254 modo
717 3198 946 3256 animam
986 3196 1138 3258 fecit.
1169 3195 1323 3266 Quod
1352 3205 1405 3254 et
1435 3196 1477 3251 si
1511 3196 1580 3251 ita
1611 3202 1775 3263 esset,

200 3307 286 3346 nec
311 3293 390 3346 sic
415 3289 483 3346 de
511 3289 650 3362 ipso,
701 3291 795 3350 sed
840 3292 906 3352 de
952 3292 1248 3362 subjacenti
1302 3307 1359 3347 re
1392 3289 1577 3361 aliqua
1616 3289 1780 3348 ﬂabili

200 3393 368 3456 posset
396 3396 519 3437 esse
549 3382 688 3454 quod
722 3383 881 3436 ﬂatit.
917 3382 1021 3438 Sed
1064 3384 1200 3438 absit
1237 3393 1291 3438 ω.
1331 3398 1583 3450 negemus
1614 3381 1785 3440 omni-

195 3474 454 3533 pmentem
493 3465 563 3523 de
597 3465 765 3524 nihilo
804 3467 987 3524 ﬂatum
1014 3469 1137 3526 vita:
1175 3469 1352 3528 facere
1383 3471 1640 3544 potuisse,
1673 3487 1779 3545 quo

195 3553 334 3611 ﬂeret
359 3556 527 3616 homo
557 3559 610 3616 in
637 3560 868 3620 animant
897 3562 1070 3618 vivam
1097 3580 1110 3620 :
1138 3571 1298 3636 atque
1337 3564 1389 3618 in
1429 3578 1521 3621 eas
1556 3573 1779 3622 contm-

194 3646 371 3706 damur
395 3654 696 3724 angustias,
720 3664 779 3709 ut
805 3656 887 3711 vel
903 3655 1019 3727 jam
1051 3657 1215 3714 fuisse
1248 3657 1467 3728 aliquid,
1497 3659 1638 3730 quod
1663 3659 1779 3730 ipse

194 3753 290 3798 non
328 3752 508 3812 esset,
539 3746 679 3804 unde
711 3743 891 3802 ﬂatum
923 3748 1153 3818 faceret,
1185 3750 1497 3820 Opinemur;
1525 3751 1609 3806 vel
1635 3751 1778 3822 quod

192 3836 434 3896 mutabile
455 3837 654 3893 factum
677 3837 936 3909 videmus,
955 3840 1022 3895 de
1043 3856 1101 3896 se
1123 3841 1236 3914 ipso
1263 3844 1452 3900 fecisse
1472 3843 1772 3904 credamus.

193 3927 331 3996 Quod
358 3932 505 3988 enim
534 3931 603 3991 de
631 3933 748 4006 ipso
774 3944 876 4001 est,
905 3949 1128 3991 necesse
1159 3945 1241 3992 est
1270 3944 1326 3990 ut
1349 3937 1586 4007 ejusdem
1618 3949 1777 3994 natuv-

191 4031 259 4076 rte
278 4023 344 4078 sit
361 4024 520 4099 cujus
546 4024 662 4098 ipse
688 4034 790 4094 est,
814 4041 877 4080 ac
905 4043 997 4100 per
1020 4026 1120 4081 hoc
1147 4027 1305 4082 etiam
1331 4027 1659 4084 immutabile
1683 4029 1773 4088 sit.

192 4115 367 4171 Anima
394 4129 553 4184 Vero,
577 4117 719 4190 quod
752 4133 938 4174 omnes
966 4116 1213 4185 fatentur,
1241 4121 1508 4180 mutabilis
1535 4131 1634 4178 est.
1657 4121 1775 4182 Non

190 4219 308 4276 ergo
341 4207 408 4264 de
439 4208 579 4282 ipso,
605 4209 730 4282 quia
756 4225 862 4284 non
891 4219 974 4266 est
1011 4210 1355 4266 immutabilis
1384 4212 1520 4270 sicut
1559 4212 1693 4285 ipse.
1719 4211 1776 4270 Si

188 4311 352 4356 autem
382 4301 455 4357 de
494 4303 640 4358 nulla
683 4319 743 4360 re
788 4303 893 4359 alia
938 4303 1073 4361 facta
1113 4313 1215 4374 est,
1243 4305 1310 4364 de
1337 4306 1506 4362 nihilo
1531 4306 1668 4366 facta
1693 4315 1775 4366 est

187 4395 361 4462 procul
382 4393 571 4463 dubio,
596 4395 691 4450 sed
719 4397 786 4452 ab
815 4395 955 4467 ipso.

251 4486 478 4546 CAPUT
519 4487 586 4541 γ.
631 4519 700 4529 —-
738 4489 792 4546 5.
833 4487 987 4558 Quod
1030 4506 1162 4547 vero
1199 4505 1318 4551 eam
1356 4506 1462 4548 non
1506 4492 1771 4563 spiritum,

182 4577 271 4633 sed
309 4595 508 4651 corpus
554 4597 676 4638 esse
719 4583 1026 4652 contendit;
1061 4583 1186 4656 quid
1216 4584 1360 4644 aliud
1396 4586 1508 4642 vult
1539 4587 1770 4657 efﬁcere,

183 4683 333 4742 quam
364 4690 466 4730 nos
495 4690 606 4730 non
637 4692 701 4732 ex
741 4675 918 4736 anima
961 4688 1015 4735 et
1054 4670 1310 4748 corpore,
1345 4679 1440 4736 sed
1471 4695 1534 4738 ex
1565 4679 1774 4742 duobus

179 4764 258 4818 vel
286 4765 450 4821 etiam
483 4766 654 4822 tribus
681 4778 930 4824 constare
957 4771 1310 4840 corporibus?
1334 4771 1465 4828 Cum
1489 4773 1635 4832 enim
1658 4773 1770 4844 Spi-

179 4855 300 4926 ritu,
341 4858 520 4915 anima
539 4901 556 4927 ,
591 4868 647 4915 et
672 4874 900 4933 corpore
931 4872 1174 4920 constare
1201 4878 1302 4918 nos
1323 4862 1481 4931 dicit,
1511 4873 1566 4920 et
1594 4865 1772 4924 omnia

173 4945 291 5004 hac
314 4950 418 5006 tria
440 4967 675 5022 corpora
700 4968 821 5008 esse
851 4954 1076 5020 asserit;
1101 4954 1341 5027 profecto
1363 4968 1429 5009 ex
1459 4955 1630 5011 tribus
1654 4971 1773 5012 cor-

175 5043 396 5114 poribus
443 5059 543 5102 nos
587 5055 736 5116 putat
775 5062 900 5103 esse
943 5058 1266 5119 compactos.
1299 5048 1356 5104 In
1383 5063 1488 5121 qua
1520 5047 1773 5118 opinione

174 5145 374 5208 quanta
401 5153 523 5194 eum
554 5147 813 5212 sequatur
837 5139 1159 5209 absurditas,
1190 5137 1264 5195 illi
1295 5141 1471 5212 potius
1492 5156 1648 5212 quam
1677 5140 1771 5202 tibi

173 5226 654 5292 demonstrandum
677 5241 825 5304 puto.
851 5233 1048 5295 Verum
1078 5235 1177 5292 iste
1204 5235 1494 5292 tolerabilis
1519 5250 1668 5292 error
1690 5243 1773 5294 est

169 5317 431 5390 hominis,
472 5322 565 5398 qul
610 5322 844 5380 nondum
893 5326 1142 5402 cogitavit
1190 5341 1308 5384 esse
1353 5327 1578 5398 aliquid,
1627 5327 1770 5399 quod

169 5427 293 5469 cum
323 5429 521 5488 corpus
551 5430 662 5473 non
693 5419 792 5488 sit,
821 5421 1063 5491 corporis
1094 5430 1269 5480 tamen
1299 5422 1582 5495 quamdam
1613 5422 1766 5482 simi-

164 5503 448 5564 litudinem
475 5525 666 5582 gerere
694 5511 879 5580 possit.

235 5600 469 5658 CAPUT
509 5602 882 5673 Vl.—6.,lllud
911 5605 1068 5676 plane
1091 5606 1210 5677 quis
1238 5606 1568 5678 ferat,.quod
1598 5607 1649 5666 in
1677 5621 1767 5662 se-

162 5692 350 5752 eundo
389 5693 561 5763 libro,
601 5709 729 5754 αιίι
767 5699 1116 5768 quaestionem
1152 5698 1519 5755 difﬁcillimam
1557 5701 1765 5757 solvere

161 5794 454 5842 conaretur
491 5787 562 5844 de
608 5788 850 5860 originali
891 5800 1128 5860 peccato,
1169 5800 1430 5861 quatenus
1466 5791 1532 5848 ad
1573 5806 1766 5859 corpus

155 5879 508 5951 animamque
549 5883 852 5952 pertineat,
894 5885 941 5943 si
979 5883 1156 5943 anima
1195 5900 1301 5943 non
1345 5885 1414 5944 dc
1455 5884 1765 5960 parentibus

233 5978 324 6003 ra
330 5982 364 5998 ο.

1923 715 2046 756 nem
2072 719 2087 755 :
2118 700 2356 771 (Merito,
2387 720 2408 756 ι
2435 701 2628 778 inquit,
2658 721 2680 758 ι
2711 721 2804 777 per
2833 721 3070 778 carnem,
3100 707 3330 782 priscam
3349 724 3516 784 repa-

1927 802 2042 854 trat
2060 791 2447 862 habitudinem,
2477 812 2635 868 quam
2655 797 2765 855 visa
2789 797 2961 858 fuerat
2977 802 3248 880 paulisper
3268 804 3513 862 amisisse

1928 904 1948 940 ί
1972 902 2067 957 per
2093 901 2331 956 carnem,
2365 897 2424 944 ut
2447 905 2547 960 per
2577 905 2692 945 eant
2721 891 2938 968 incipiat
2968 895 3193 962 renasci,
3218 905 3322 966 per
3349 911 3510 969 quam

1924 997 1945 1034 ι
1971 990 2238 1040 meruerat
2273 983 2555 1055 inquinari.
2596 1004 2615 1038 ι
2647 981 2836 1043 Cernis
2875 1002 3070 1062 nempe
3106 987 3376 1050 hominem
3413 1006 3511 1048 aua

1916 1088 2035 1132 sum
2077 1074 2353 1148 suscipere
2395 1074 2537 1152 quod
2573 1076 2715 1134 vires
2744 1077 2858 1152 ejus
2888 1079 3138 1146 excedit,
3181 1080 3232 1138 in
3269 1090 3373 1140 tam
3395 1082 3506 1140 .im-

1916 1181 2075 1223 mane
2095 1165 2449 1240 prmeipitium
2472 1167 2763 1239 decidisse,
2786 1177 2854 1230 ,ut
2880 1170 3078 1234 diceret
3105 1172 3366 1248 inquinari
3393 1171 3508 1231 ani-

1913 1275 2056 1318 mam
2085 1262 2345 1318 meruisse
2377 1277 2477 1334 per
2514 1278 2764 1333 carnem;
2807 1279 2928 1319 cum
2957 1263 3136 1324 dicere
3164 1263 3319 1324 nullo
3346 1263 3507 1322 modo

1911 1351 2112 1427 possit,
2157 1351 2297 1409 unde
2332 1351 2439 1412 hoc
2478 1353 2724 1414 meritum
2752 1356 2978 1414 traxerit
3017 1364 3142 1415 ante
3175 1371 3413 1415 carnem.
3446 1354 3504 1411 Si

1910 1445 2051 1500 enim
2073 1459 2110 1498 .a
2141 1459 2301 1500 carne
2327 1445 2509 1516 incipit
2538 1447 2784 1506 meritum
2812 1446 3008 1505 habere
3023 1447 3260 1519 peccati,
3290 1447 3431 1504 dicat
3455 1445 3502 1502 si

1907 1545 2100 1605 potest,
2132 1533 2272 1592 unde
2300 1546 2422 1592 ante
2447 1548 2724 1608 peccatum
2755 1554 2908 1596 suum
2939 1553 3099 1595 carne
3128 1538 3385 1600 meruerit
3405 1536 3499 1596 .in-

1905 1629 2133 1702 quinari.
2165 1629 2298 1686 Nam
2336 1629 2439 1686 hoc
2475 1632 2722 1687 meritum
2752 1647 2858 1703 quo
2887 1633 2941 1696 in
2976 1649 3191 1694 carnem
3232 1631 3496 1706 peccatri-

1904 1735 2019 1780 cem
2054 1721 2218 1778 missa
2252 1731 2355 1788 est,
2395 1731 2454 1778 ut
2489 1723 2855 1794 inquinaretur
2891 1741 2957 1788 ex
2995 1725 3106 1792 illa,
3144 1725 3382 1796 [reiecto
3405 1733 3497 1782 aut

1900 1827 1968 1872 ex
1997 1815 2285 1886 semetipsa
2315 1813 2532 1880 habuit,
2574 1826 2695 1884 aut,
2728 1815 2872 1888 quod
2900 1832 3026 1874 vero
3057 1817 3225 1876 multo
3265 1819 3497 1888 amplius

1867 1903 2175 1973 .abhorret,
2206 1920 2274 1963 ex
2304 1905 2436 1963 Deo.
2469 1907 2547 1966 Ex
2577 1923 2740 1966 carne
2769 1908 2964 1980 quippe
2991 1909 3240 1970 meritum
3265 1924 3371 1970 non
3391 1924 3495 1983 po-

1899 1998 2000 2053 tuit
2027 1997 2226 2057 habere
2251 2007 2376 2058 ante
2400 2014 2639 2068 carnem,
2668 2016 2774 2073 quo
2801 2001 2992 2058 merito
3019 2000 3343 2072 inquinanda
3369 2002 3495 2058 mit-

1898 2100 2101 2149 teretur
2131 2093 2182 2149 in
2204 2108 2440 2151 carnem.
2472 2093 2530 2150 Si
2557 2109 2684 2166 ergo
2715 2110 2746 2151 a
2787 2095 3069 2165 semetipsa
3109 2094 3212 2150 hoc
3238 2095 3492 2152 meritum

1895 2182 2114 2249 habuit;
2142 2183 2411 2256 quomodo
2437 2185 2641 2251 habuit,
2669 2202 2791 2256 quae
2817 2196 2940 2246 ante
2963 2201 3178 2246 carnem
3204 2185 3338 2244 nihil
3361 2186 3490 2248 mali

1894 2273 2122 2332 {coitib‘i
2142 2285 2320 2333 autem
2347 2276 2449 2334 hoc
2475 2279 2720 2338 meritum
2750 2294 2814 2336 ex
2845 2279 2952 2336 Deo
2981 2278 3175 2338 dicitur
3194 2277 3485 2345 habuisse;

1892 2367 2010 2438 quis
2027 2367 2125 2424 hoc
2143 2368 2364 2424 audiat?
2391 2368 2512 2440 quis
2529 2370 2703 2426 ferat?
2729 2371 2848 2440 quis
2877 2365 2982 2430 dici
3009 2371 3226 2439 impune
3245 2369 3485 2442 permit-

1889 2457 2008 2512 tat?
2037 2457 2151 2514 Non
2182 2459 2325 2514 enim
2356 2457 2459 2514 hoc
2489 2459 2606 2515 loco
2632 2459 2922 2530 quaeritur,
2953 2459 3078 2532 quid
3109 2461 3396 2526 meruerit,
3429 2468 3487 2516 ut

1876 2549 2214 2626 judicaretur
2240 2550 2537 2608 damnanda
2567 2561 2688 2622 post
2713 2567 2926 2608 carnem
2957 2569 2971 2605 :
2999 2551 3095 2608 sed
3121 2552 3245 2623 quid
3272 2566 3483 2610 merue-

1883 2646 1957 2700 rit
1979 2653 2102 2702 antc
2124 2660 2342 2703 carnem
2369 2645 2438 2700 ita
2465 2645 2727 2710 damnari,
2756 2655 2814 2702 ut
2838 2645 3156 2718 inquinanda
3181 2645 3483 2704 mitteretur

1886 2736 1940 2794 in
1967 2753 2204 2796 carnem.
2235 2736 2483 2808 Explicet
2511 2735 2614 2792 hoc
2638 2737 2680 2791 si
2704 2744 2899 2808 potest,
2929 2737 3018 2808 qui
3044 2745 3126 2796 est
3149 2752 3311 2796 ausus
3329 2737 3479 2798 dice-

1881 2847 1967 2899 re,
1999 2830 2263 2902 inquinari
2293 2830 2524 2888 animam
2554 2830 2816 2887 meruisse
2843 2845 2940 2902 per
2969 2845 3208 2891 carnem.

1955 2922 2179 2979 CAPUT
2202 2921 2385 2978 Vll.—
2405 2923 2457 2976 7.
2483 2921 2608 2984 Item
2637 2923 2742 2978 alio
2768 2923 2907 2991 loco,
2935 2937 3055 2978 cum
3083 2922 3349 2990 eamdem,
3372 2937 3478 2995 qua

1881 3030 1943 3072 se
1985 3017 2098 3087 ipse
2145 3016 2515 3087 implicuerat,
2557 3016 2702 3074 velut
2743 3015 3115 3087 explicandam
3156 3025 3477 3087 proponeret

1881 3108 2252 3178 quaestionem,
2281 3116 2530 3180 tauquam
2559 3124 2622 3166 ex
2651 3123 2876 3178 persona
2914 3107 3344 3166 adversariorum
3367 3107 3474 3163 ait:

1887 3195 2060 3265 «Cur,
2105 3197 2383 3270 inquiunt,
2429 3199 2569 3258 Dens
2602 3199 2833 3258 animam
2867 3207 2972 3253 tam
3001 3197 3196 3268 injusta
3229 3196 3478 3255 animad-

1887 3309 1908 3342 ι
1936 3291 2181 3348 versione
2211 3291 2518 3357 mulctavit,
2548 3301 2606 3344 ut
2635 3291 2686 3346 in
2713 3305 2909 3364 corpus
2939 3305 3058 3348 eam
3088 3291 3294 3361 peccati
3331 3291 3475 3348 rele-

1886 3399 1907 3435 ι
1929 3398 2059 3454 gare
2083 3383 2099 3414 ί
2125 3384 2368 3447 voluerit,
2401 3399 2520 3442 cum
2556 3385 2828 3440 consortio
2854 3385 3030 3441 carnis
3057 3384 3329 3456 peccatrix
3355 3399 3477 3443 esse

1886 3492 1907 3528 ι
1936 3475 2150 3550 incipit,
2191 3493 2308 3547 quae
2327 3478 2602 3547 peccatrix
2632 3492 2755 3536 esse
2784 3493 2888 3533 non
2922 3477 3132 3547 potuit?
3161 3495 3189 3530 .i
3225 3475 3284 3534 In
3315 3476 3474 3549 hujus

1879 3566 2192 3639 quaestionis
2219 3577 2471 3639 tanquam
2502 3568 2788 3640 scopuloso
2804 3568 3048 3640 gurgite,
3080 3567 3263 3626 debuit
3288 3569 3474 3640 utique

1879 3661 2435 3735 cavercnaufragium,
2456 3678 2554 3720 nec
2575 3677 2639 3720 eo
2659 3677 2720 3720 se
2740 3662 3100 3730 committere,
3123 3662 3264 3722 unde
3281 3676 3342 3718 se
3361 3676 3470 3718 non

1880 3763 2092 3812 erueret
2117 3755 2444 3818 transeundo
2463 3797 2482 3824 .
2508 3755 2601 3814 sed
2627 3755 2767 3816 forte
2797 3754 3070 3816 redeundo
3089 3797 3105 3821 ,
3135 3753 3189 3812 id
3216 3762 3328 3821 est,
3355 3769 3474 3828 pca-

1880 3845 2118 3906 nitcndo.
2149 3845 2284 3902 Nam
2311 3847 2380 3907 de
2405 3845 2739 3920 pratscientia
2778 3845 2878 3903 Dei
2905 3862 2962 3905 se
2985 3846 3172 3904 nititur
3212 3846 3472 3914 liberare,

1877 3938 1975 3998 sed
1993 3939 2207 3996 frustra.
2231 3939 2573 4000 Pracscientia
2594 3939 2788 4012 quippe
2813 3938 2904 3997 Dei
2926 3953 3019 3994 eos
3039 3953 3174 4010 quos
3185 3947 3474 4000 sanaturus

1879 4039 1982 4097 est,
2020 4040 2324 4100 peccatores
2352 4032 2656 4102 praznoscit,
2685 4046 2794 4090 non
2825 4031 2968 4090 facit.
2993 4031 3136 4088 Nam
3157 4031 3208 4089 si
3232 4031 3472 4090 cosani-

1879 4137 1996 4180 mas
2036 4123 2226 4178 liberat
2266 4139 2296 4178 a
2336 4132 2592 4193 peccato,
2638 4137 2772 4196 quas
2802 4123 3114 4182 innocentes
3147 4132 3210 4180 .et
3245 4122 3474 4184 mundus

1879 4214 2139 4286 implicuit
2161 4214 2273 4284 ipse
2295 4224 2538 4286 peccato,
2562 4215 2752 4274 vulnus
2771 4223 2926 4274 sanat
2942 4214 3084 4284 quod
3101 4214 3278 4270 intulit
3292 4215 3470 4282 nobis,

1877 4321 1984 4362 non
2021 4306 2159 4377 quod
2198 4307 2400 4363 invenit
2439 4309 2490 4364 in
2527 4309 2701 4366 nobis.
2747 4308 2970 4366 Avertat
2995 4317 3175 4362 autem
3205 4307 3380 4374 Deus,
3417 4318 3471 4367 et

1877 4399 2095 4456 omnino
2124 4398 2284 4467 absit,
2303 4408 2358 4456 ut
2370 4399 2632 4465 dicamus,
2645 4398 2858 4472 quando
2875 4399 3466 4469 lavacroregeneratio-

1879 4492 1962 4548 nis
1990 4493 2132 4551 Deus
2157 4492 2379 4552 mundat
2405 4493 2612 4552 animas
2629 4493 2998 4567 parvulorum,
3029 4501 3154 4554 tunc
3179 4492 3470 4554 eumunala

1874 4599 1974 4644 sua
2015 4586 2304 4658 corrigere,
2346 4603 2466 4658 quae
2501 4586 2605 4644 illis
2642 4588 2758 4660 ipse
2795 4585 2947 4656 fecit,
2973 4601 3107 4644 .cum
3139 4600 3235 4644 eas
3265 4585 3470 4646 nullum

1878 4677 2138 4742 habentes
2169 4691 2453 4752 peccatum
2482 4681 2777 4752 .peccatrici
2815 4681 2996 4751 carni,
3038 4681 3191 4750 cuius
3223 4679 3471 4750 originali

1875 4783 2095 4846 peccato
2123 4773 2636 4842 contaminarentur,
2657 4772 2965 4833 admiscuit.
2997 4772 3140 4842 Quas
3163 4781 3341 4830 tamen
3368 4773 3471 4830 iste

1873 4880 2138 4926 accusans
2180 4867 2308 4927 dicit
2345 4867 2610 4939 inquinari
2643 4867 2913 4928 meruisse
2941 4882 3048 4939 per
3090 4881 3330 4934 carnem,
3371 4882 3504 4958 uec'

1877 4967 2059 5031 potest
2093 4959 2271 5022 dicere
2295 4957 2443 5019 unde
2461 4967 2676 5022 tantum
2711 4960 2837 5020 mali
2868 4960 3167 5022 meruerint
3192 4968 3320 5024 ante
3347 4966 3502 5028 car-1‘

1873 5070 2023 5114 nem.

1949 5145 2174 5206 CAPUT
2213 5144 2329 5206 Vill
2350 5174 2425 5187 —
2451 5145 2504 5204 8.
2559 5145 2708 5206 lianc
2735 5161 2864 5219 ergo
2890 5147 3242 5218 quaestionem
3273 5145 3464 5210 frium

1875 5252 1936 5294 se
1963 5248 2153 5309 putans
2180 5237 2248 5295 de
2272 5238 2606 5311 praescientia
2625 5239 2722 5296 Dei
2747 5254 2904 5309 posse
2929 5239 3263 5308 dissolvere,
3293 5239 3464 5302 adhuc

1875 5343 1936 5388 se
1959 5329 2202 5396 involvit,
2227 5339 2281 5386 et
2305 5330 2434 5388 dicit
2458 5347 2516 5385 ιι
2539 5330 2731 5391 Anima
2753 5331 2797 5388 si
2819 5332 3087 5404 peccatrix
3112 5347 3230 5389 esse
3251 5330 3466 5398 meruit,

1874 5437 1993 5493 qua:
2036 5422 2302 5494 peccatrix
2329 5437 2449 5480 esse
2496 5437 2600 5480 non
2643 5423 2834 5496 potuit,
2864 5433 3041 5486 tamen
3067 5437 3244 5494 neque
3267 5421 3322 5477 in

1875 5520 1997 5568 cato
2025 5511 2300 5579 remansit,
2332 5513 2454 5585 quia
2481 5513 2534 5574 in
2563 5509 2775 5578 Christo
2804 5514 3215 5586 pmﬂguratain
3239 5522 3469 5585 peccato

1873 5620 1994 5664 esse
2049 5623 2156 5664 non
2213 5606 2427 5674 debuit,
2461 5607 2600 5670 sicut
2637 5623 2756 5667 esse
2792 5622 2898 5666 non
2941 5608 3131 5677 potuit.
3160 5625 3184 5658 ι
3215 5605 3354 5674 Quid
3384 5614 3468 5665 est

1873 5697 2016 5770 quod
2040 5698 2187 5766 dicit,
2217 5717 2236 5752 ε
2265 5699 2533 5770 peccatrix
2559 5715 2677 5760 esse
2703 5716 2808 5760 non
2835 5698 3026 5770 potuit.
3051 5716 3078 5752 ,ι
3103 5697 3187 5753 vel
3200 5715 3233 5752 ,ι
3263 5697 3316 5752 in
3343 5713 3468 5768 peo-

1879 5834 2041 5960 ‘egtap'i
2060 5839 2188 5897 Mss,
2213 5832 2440 5900 religare.
2477 5835 2550 5886 sic
2571 5832 2713 5897 infra,
2758 5847 2809 5884 n.
2853 5835 2947 5898 15.
3000 5831 3467 5907 mum!"
