4012 6482
561 405 664 466 ιπ

561 553 682 601 cato
711 562 830 604 esse
859 561 962 602 non
1003 547 1207 618 potuit,
1245 564 1263 600 ι
1295 546 1418 616 nisi,
1451 546 1647 612 credo,
1695 547 1740 601 si
1792 559 1899 600 non
1939 541 2150 598 veniret

564 639 616 693 in
645 640 900 696 carnem?
928 638 1111 712 Neque
1139 641 1280 696 enim
1314 641 1483 712 potuit
1510 640 1752 711 originali
1783 645 2004 710 peccato
2031 649 2151 691 esse

565 732 848 802 peccatrix,
875 741 969 788 aut
991 749 1204 805 quoquo
1227 733 1388 790 modo
1413 733 1466 788 in
1492 731 1738 803 originali
1766 739 1982 801 peccato
2004 742 2144 793 esse,

565 825 666 881 nisi
693 840 788 896 per
811 841 1050 896 carnem,
1079 829 1124 883 si
1151 827 1219 884 de
1245 836 1464 898 parente
1489 841 1594 882 non
1622 824 1866 880 trahitur.
1899 822 2152 878 Videmus

563 931 690 987 ergo
727 932 847 973 eam
884 934 981 989 per
1021 920 1246 990 gratiam
1294 919 1510 975 liberari
1548 934 1578 973 a
1622 926 1839 988 peccato
1869 933 1882 969 :
1912 914 2008 971 sed
2047 927 2152 968 non

562 1007 805 1065 videmus
832 1011 975 1067 unde
1000 1012 1258 1068 meruerit
1283 1013 1491 1068 haerere
1517 1018 1755 1082 peccato.
1787 1007 1924 1077 Quid
1952 1016 2037 1063 est
2063 1021 2154 1062 er-

561 1112 628 1170 go
655 1101 796 1171 quod
826 1103 952 1159 dicit
977 1122 987 1158 :
1019 1121 1038 1157 ι
1063 1103 1121 1160 Si
1153 1105 1418 1176 peccatrix
1443 1119 1562 1161 esse
1589 1105 1804 1169 meruit,
1838 1119 1944 1158 non
1974 1111 2152 1157 tamen

564 1192 619 1246 in
664 1202 882 1263 peccato
924 1198 1223 1252 remansit?
1259 1217 1277 1250 ι
1309 1197 1368 1253 Si
1392 1198 1533 1254 enim
1571 1197 1639 1252 ab
1665 1197 1754 1251 illo
1775 1211 2027 1268 quaeram,
2060 1209 2154 1249 cur

564 1300 670 1341 non
715 1287 767 1342 in
814 1300 1034 1356 peccato
1075 1291 1424 1356 remanserit,
1468 1290 1770 1347 rectissime
1811 1286 2153 1359 respondebit

566 1377 706 1448 quod
737 1393 856 1435 eam
894 1380 1091 1437 Christi
1121 1384 1289 1454 gratia
1322 1383 1646 1439 liberaverit.
1693 1382 1842 1439 Sicut
1872 1396 1998 1451 ergo
2027 1378 2156 1434 dicit

568 1469 707 1524 unde
727 1470 903 1526 anima
928 1475 1131 1542 parvuli
1156 1473 1312 1530 fuerit
1334 1475 1552 1530 liberata
1576 1474 1864 1546 peccatrix,
1892 1473 1968 1527 sic
1992 1471 2152 1527 etiam

567 1560 708 1616 dicat
736 1562 879 1618 unde
906 1566 1160 1620 meruerit
1188 1581 1308 1621 esse
1333 1567 1622 1636 peccatrix.

637 1652 692 1708 9.
732 1652 838 1709 Sed
879 1655 1004 1726 quid
1045 1656 1192 1725 dicit,
1236 1658 1319 1712 cui
1362 1657 1465 1712 hoc
1500 1655 1640 1727 quod
1683 1655 2004 1727 przelocutus
2033 1659 2150 1721 est,

569 1744 831 1815 contigit?
867 1745 1107 1818 Namque
1149 1755 1208 1803 ut
1245 1747 1403 1803 istam
1444 1747 1793 1828 quaestionem
1825 1745 1924 1801 sibi
1954 1758 2154 1815 propo-

573 1844 756 1902 neret,
803 1836 919 1892 ait:
953 1856 972 1890 ι
1009 1839 1128 1894 Alia
1171 1839 1552 1895 substruuntur
1590 1838 1873 1910 opprobria
1916 1835 2154 1909 querulis

570 1929 1080 1986 murmurationibus
1146 1931 1560 1998 oblatrantium,
1623 1938 1678 1986 et
1742 1929 1950 1986 excussi
2000 1925 2153 1998 quasi

567 2018 799 2088 quodam
845 2021 1084 2090 turbine,
1140 2021 1426 2082 identidem
1458 2023 1598 2078 inter
1622 2021 1874 2076 immania
1899 2034 2026 2074 saxa
2051 2018 2155 2074 col-

564 2109 799 2166 lidimur.
846 2130 866 2164 ι
894 2112 1006 2169 Hoc
1057 2115 1104 2169 si
1146 2129 1245 2184 ego
1273 2115 1340 2170 de
1369 2115 1460 2169 illo
1485 2114 1741 2182 dicerem,
1774 2112 1996 2168 forsitan
2028 2125 2151 2166 suc—

561 2213 826 2260 censeret.
861 2204 1035 2262 Verba
1064 2215 1188 2263 sunt
1215 2209 1334 2278 ejus
1367 2227 1380 2262 :
1409 2207 1602 2278 quibus
1634 2206 1923 2278 praemissis
1954 2218 2150 2275 propo-

563 2295 670 2350 suit
710 2297 1093 2366 quaestionem,
1141 2300 1192 2354 in
1235 2314 1340 2369 qua
1383 2299 1496 2369 ipsa
1535 2313 1662 2353 saxa
1705 2297 1897 2369 quibus
1935 2296 2151 2352 collisus

561 2387 888 2460 naufragavit
906 2431 921 2455 ,
954 2391 1281 2448 ostenderet.
1310 2392 1390 2446 Ad
1419 2391 1521 2448 hoc
1547 2392 1689 2446 enim
1719 2390 2005 2462 perductus
2034 2395 2115 2443 est
2133 2428 2148 2451 ,

561 2489 616 2536 et
641 2488 745 2536 tam
770 2481 1050 2538 horrendis
1074 2486 1317 2540 cautibus
1342 2485 1553 2540 illatus‘
1581 2527 1596 2551 ,
1623 2484 1902 2554 impulsus,
1931 2480 2147 2547 inﬁxus,

562 2582 623 2628 ut
651 2589 838 2630 eruere
863 2591 922 2632 se
951 2577 1054 2632 nisi
1080 2577 1411 2633 emendando
1439 2578 1582 2648 quod
1608 2577 1763 2642 dixit,
1796 2577 2015 2631 omnino
2041 2589 2148 2628 non

566 2664 773 2733 possit;
815 2680 922 2721 non
963 2669 1146 2722 valens
1174 2668 1454 2724 ostendere
1491 2683 1596 2738 quo
1631 2668 1823 2722 merito
1862 2668 2036 2721 anima
2080 2667 2150 2721 sit

561 2753 700 2810 facta
733 2759 1033 2827 peccatrix,
1072 2774 1231 2830 quam
1269 2760 1449 2815 dicere
1488 2775 1593 2815 non
1635 2761 1808 2814 timuit
1840 2769 1963 2814 ante
1989 2774 2148 2814 omne

555 2862 718 2904 suum
749 2860 1024 2920 peccatum
1054 2853 1314 2908 meruisse
1341 2853 1452 2907 fieri
1481 2853 1850 2924 peccatricem.
1881 2853 2009 2922 Quis
2039 2861 2145 2908 tam

557 2938 793 2995 immane
815 2943 1128 3012 supplicium
1155 2952 1390 3000 meretur
1413 2944 1528 2999 sine
1552 2954 1790 3015 peccato,
1820 2955 1875 3000 ut
1898 2946 1948 3000 in
1975 2945 2144 3000 aliena

561 3029 838 3100 iniquitate
866 3043 1187 3102 conceptus,
1229 3044 1511 3106 antequam
1553 3046 1707 3091 exeat
1746 3037 1814 3092 de
1854 3037 2146 3092 visceribus

559 3123 764 3190 matris,
787 3124 897 3194 jam
921 3141 1026 3180 non
1053 3127 1121 3182 sit
1149 3127 1263 3184 sine
1287 3131 1541 3198 peccato?
1565 3131 1640 3184 De
1661 3129 1761 3186 hac
1785 3140 1958 3187 autem
1987 3147 2145 3202 pmna

558 3215 904 3282 parvulorum
949 3217 1193 3286 animas,
1239 3219 1329 3289 qui
1371 3230 1752 3290 regenerantur
1796 3222 1847 3276 in
1893 3221 2140 3290 Christo,

559 3306 720 3362 nullis
754 3323 938 3364 eorum
983 3309 1406 3381 praecedentibus
1445 3312 1651 3368 meritis
1689 3315 1913 3384 gratuita
1955 3315 2143 3370 liberat

558 3399 725 3468 gratia
753 3417 765 3454 :
789 3401 1020 3471 alioquin
1061 3405 1228 3472 gratia
1263 3404 1372 3474 jam
1409 3420 1513 3459 non
1551 3414 1634 3460 est
1665 3408 1831 3476 gratia
1855 3406 2030 3481 (Rom.
2060 3424 2138 3474 xt,

557 3489 636 3560 6).
674 3490 900 3548 Proinde
949 3494 1048 3550 iste
1099 3495 1261 3550 homo
1291 3497 1443 3552 valde
1473 3497 1804 3569 intelligens,
1837 3500 1923 3554 cui
1952 3500 2142 3570 displi-

560 3588 645 3637 cet
669 3581 721 3636 in
751 3591 896 3640 tanta
922 3587 1298 3656 prol’unditate,
1327 3589 1422 3643 etsi
1451 3604 1554 3643 non
1581 3590 1756 3656 docta,
1786 3601 1961 3646 tamen
1988 3602 2138 3648 cauta

553 3681 734 3730 nostra
763 3677 1052 3743 cunctatio,
1085 3677 1226 3734 dicat
1252 3679 1296 3734 si
1321 3689 1515 3750 potest,
1545 3681 1597 3734 in
1626 3681 1761 3737 hanc
1791 3697 2002 3752 poenam
2033 3699 2139 3755 quo

553 3767 858 3835 pervenerit
884 3769 1058 3823 anima
1094 3772 1318 3838 merito,
1347 3771 1414 3826 de
1442 3787 1544 3843 qua
1573 3788 1730 3843 poma
1761 3775 1948 3832 liberat
1973 3778 2141 3848 gratia

558 3857 675 3912 sine
705 3860 914 3913 merito.
949 3861 1116 3928 Dicat,
1151 3870 1207 3917 ut
1235 3863 1376 3933 quod
1405 3863 1556 3931 dixit,
1589 3865 1786 3936 aliqua,
1819 3867 1865 3923 si
1894 3869 2139 3939 valuerit,

553 3947 759 4004 ratione
787 3948 1058 4006 defendat.
1109 3951 1224 4008 Non
1255 3954 1399 4008 enim
1428 3953 1529 4011 hoc
1558 3958 1823 4028 exigerem
1848 4002 1862 4026 ,
1896 3962 1996 4016 nisi
2028 3961 2141 4032 ipse

555 4035 777 4094 dixisset
819 4041 961 4110 quod
1003 4044 1181 4098 anima
1221 4047 1475 4102 meruerit
1503 4062 1623 4104 esse
1666 4051 1954 4119 peccatrix.
1992 4053 2142 4109 Dicat

554 4131 802 4187 meritum
831 4133 976 4204 ejus.
1014 4147 1186 4192 utrum
1218 4138 1414 4195 bonum
1445 4139 1631 4208 fuerit,
1665 4158 1803 4200 anne
1833 4146 2048 4201 malum.
2082 4147 2139 4204 Si

554 4219 773 4292 bonum,
802 4241 908 4297 quo
932 4230 1126 4285 merito
1150 4230 1291 4287 bono
1322 4233 1464 4288 venit
1488 4233 1541 4288 in
1569 4236 1807 4291 malum?
1830 4238 1886 4293 Si
1914 4241 2135 4306 malum,

551 4317 694 4374 unde
724 4318 933 4390 aliquod
966 4323 1162 4378 malum
1195 4325 1440 4380 meritum
1472 4337 1594 4383 ante
1623 4343 1782 4385 omne
1811 4341 2086 4400 peccatum
2115 4332 2139 4388 ?

554 4407 686 4465 Item
715 4410 834 4467 dico
863 4430 875 4467 :
902 4413 957 4468 Si
984 4413 1179 4470 bonum
1202 4459 1217 4483 ,
1254 4433 1359 4472 non
1387 4434 1515 4490 ergo
1544 4436 1661 4476 cam
1690 4425 1856 4492 gratis
1875 4465 1891 4491 ,
1923 4423 2018 4479 sed
2048 4439 2137 4479 se-

550 4501 782 4555 cundum
809 4503 1044 4558 debitum
1075 4506 1261 4563 liberat
1283 4511 1451 4577 gratia
1474 4553 1489 4578 ,
1536 4513 1686 4582 cujus
1722 4515 1996 4584 praecessit
2023 4531 2138 4571 me-

554 4593 712 4648 ritum
747 4594 978 4664 bonum;
1019 4613 1081 4652 ac
1113 4599 1191 4654 sic
1228 4602 1397 4672 gratia
1431 4605 1540 4673 jam
1578 4620 1683 4660 non
1721 4608 1824 4663 erit
1852 4608 2041 4678 gratia.
2078 4610 2133 4665 Si

553 4691 730 4738 autem
759 4685 978 4752 malum,
1007 4703 1188 4758 quaero
1216 4691 1356 4760 quod
1381 4693 1448 4748 sit
1472 4713 1485 4749 :
1508 4710 1575 4751 an
1603 4695 1746 4766 quod
1771 4698 1915 4753 venit
1939 4699 1994 4754 in
2020 4714 2135 4756 car-

555 4788 677 4829 nem
697 4817 710 4841 ,
742 4791 848 4847 quo
878 4793 982 4833 non
1012 4781 1268 4851 venisset,
1299 4783 1401 4840 nisi
1429 4785 1568 4856 apud
1595 4803 1752 4857 quem
1782 4804 1887 4844 non
1917 4799 2000 4846 est
2049 4793 2134 4846 in-

551 4869 761 4940 iquitas,
788 4871 902 4941 ipse
916 4872 1181 4930 misisset?
1193 4876 1474 4949 Nunquam
1499 4879 1657 4951 igitur
1676 4881 1777 4937 nisi
1799 4897 1858 4939 se
1879 4883 1932 4938 in
1954 4885 2136 4956 pejora

551 4963 907 5033 prcccipitans,
935 4964 1071 5022 hanc
1094 4983 1243 5023 suam
1265 4971 1581 5027 sententiam
1603 4974 1854 5031 molietur
1871 4985 2132 5045 astruere,

550 5068 652 5125 qua
679 5055 818 5111 dixit
843 5059 980 5128 quod
1008 5059 1182 5115 anima
1211 5064 1403 5118 meruit
1424 5081 1542 5122 esse
1565 5069 1852 5136 peccatrix.
1877 5071 1942 5126 Et
1964 5071 2028 5126 de
2053 5071 2134 5129 his

551 5148 765 5219 quidem
782 5153 1034 5222 parvulis,
1053 5170 1280 5225 quorum
1299 5158 1352 5212 in
1365 5159 1634 5229 Baptismo
1647 5161 1866 5219 diluitur
1878 5165 2135 5237 originale

549 5249 848 5311 peccatum,
878 5245 1080 5301 invenit
1106 5248 1562 5323 qualitercumque
1588 5255 1729 5325 quod
1754 5255 1974 5319 diceret,
2004 5273 2134 5328 quo-

547 5333 690 5389 niam
720 5338 1047 5406 prmscientia
1080 5341 1171 5396 Dei
1202 5343 1587 5412 praedestinatis
1611 5349 1660 5402 in
1690 5350 1849 5405 vitam
1875 5359 2132 5406 .eternam

551 5427 684 5483 nihil
710 5429 899 5487 obesse
922 5433 1204 5503 potuisset,
1233 5437 1502 5507 paulisper
1527 5440 1700 5496 alieno
1725 5441 1988 5498 inhzerere
2012 5459 2135 5514 pec-

549 5527 689 5574 cato.
722 5520 874 5589 Quod
905 5524 1250 5580 tolerabiliter
1287 5527 1581 5597 diceretur,
1613 5532 1658 5586 si
1687 5547 1792 5586 non
1826 5533 1926 5588 iste
1954 5536 2132 5591 verbis

549 5613 660 5667 suis
701 5614 1061 5685 implicaretur
1081 5660 1094 5684 ,
1127 5619 1310 5676 dicens
1347 5622 1487 5692 quod
1515 5625 1770 5680 meruerit
1810 5627 1983 5682 anima
2013 5643 2133 5684 esse

547 5707 851 5774 peccatrix;
883 5709 1025 5766 unde
1050 5725 1108 5767 se
1137 5713 1354 5769 omnino
1383 5730 1490 5770 non
1516 5716 1724 5787 liberat,
1755 5721 1854 5777 nisi
1883 5721 1983 5779 hoc
2007 5731 2131 5779 eum

547 5797 745 5878 dixisse
770 5804 1043 5872 poeniteat.

663 5961 739 6009 Ir.
777 5966 830 6011 et
850 5964 980 6026 bon,
1002 5960 1301 6031 inanem.
1329 5976 1522 6037 ctuss.,
1547 5970 1708 6024 illatus

1454 400 1540 459 DE
1579 401 1792 461 ANIMA
1834 400 1920 456 ET
1961 395 2123 456 EJUS
2163 390 2457 461 ORIGINE,
2484 395 2542 452 S.
2584 391 2950 456 AUGUSTINI

3737 399 3859 462 ‘80

2329 533 2556 592 CAPUT
2585 534 2839 592 lX.—i0.
2867 535 2944 592 De
2968 534 3073 591 illis
3095 544 3272 592 autem
3298 535 3535 608 parvulis
3559 537 3648 610 qui
3674 549 3862 596 morte

2255 628 2652 699 prteveniuntur
2677 629 2985 698 priusquam
3013 628 3352 698 baptizentur
3380 631 3434 686 in
3459 629 3696 700 Christo,
3726 647 3858 688 cum

2258 718 2583 789 respondere
2610 718 2897 785 voluisset,
2929 733 3091 775 ausus
3127 730 3211 776 est
3235 721 3315 777 eis
3353 723 3662 792 promittere
3682 764 3699 791 ,
3745 738 3861 779 non

2257 811 2430 866 solum
2475 811 2800 882 paradisum,
2848 827 3031 869 verum
3071 814 3232 869 etiam
3272 827 3496 886 regnum
3531 816 3797 872 caelorum
3840 833 3857 871 :

2258 920 2364 961 non
2395 904 2674 976 inveniens
2702 920 2806 976 qua
2836 905 3026 972 exiret,
3059 921 3126 963 ne
3159 907 3325 963 Deum
3353 908 3560 965 animas
3589 910 3860 965 innocen-

2258 1004 2340 1052 tes
2363 996 2544 1052 dicere
2566 1005 2846 1068 cogeretur
2864 1007 3066 1054 aeterna
3091 1008 3262 1054 morte
3281 999 3556 1068 damnare,
3582 1015 3717 1072 quas
3743 1001 3866 1057 nul-

2255 1089 2309 1146 lo
2330 1091 2522 1146 merito
2545 1090 2883 1161 praecedente
2908 1092 3130 1162 peccati,
3159 1093 3306 1148 carni
3333 1095 3515 1149 inserit
3538 1096 3856 1166 peccatrici.

2257 1180 2362 1236 Sed
2391 1189 2680 1253 utcumque
2705 1183 2942 1238 sentiens
2967 1182 3097 1253 quid
3125 1184 3251 1238 mali
3281 1185 3298 1216 ⁸
3327 1184 3549 1253 dixerit,
3594 1187 3714 1242 sine
3746 1186 3858 1243 ulla

2256 1271 2454 1328 Christi
2482 1275 2650 1344 gratia
2678 1273 2885 1330 animas
2915 1275 3107 1330 redimi
3138 1275 3478 1346 parvulorum
3512 1277 3565 1332 in
3591 1287 3856 1335 mternam

2256 1363 2418 1418 vitam
2449 1378 2781 1436 regnumque
2809 1365 3090 1434 caelorum,
3120 1375 3174 1422 et
3202 1367 3256 1421 in
3283 1367 3362 1422 eis
3390 1383 3546 1438 posse
3573 1370 3708 1425 solvi
3736 1372 3855 1427 ori-

2257 1455 2432 1526 ginale
2459 1465 2734 1526 peccatum
2770 1457 2887 1514 sine
2915 1458 3187 1528 Baptismo
3211 1459 3430 1526 Christi,
3461 1463 3511 1516 in
3542 1477 3648 1532 quo
3677 1463 3740 1516 fit
3764 1477 3855 1519 re-

2258 1548 2446 1604 missio
2475 1559 2814 1620 peccatorum
2841 1568 2855 1604 :
2883 1551 3071 1607 videns
3096 1567 3244 1624 ergo,
3276 1553 3326 1606 in
3357 1570 3514 1623 quam
3546 1571 3602 1610 se
3630 1555 3854 1626 profun—

2257 1641 2478 1698 ditatem
2507 1643 2806 1715 naufragosi
2835 1644 3057 1715 gurgitis
3081 1645 3302 1715 jccerit,
3341 1664 3361 1698 ι
3391 1646 3550 1714 Sane,
3588 1667 3607 1700 ι
3645 1649 3853 1721 inquit,

2264 1749 2285 1784 ι
2317 1748 2416 1803 pro
2465 1735 2545 1790 eis
2589 1734 2886 1790 oblationes
2926 1735 3167 1792 assiduas
3191 1778 3205 1803 ,
3247 1746 3302 1792 et
3341 1737 3612 1795 offerenda
3652 1740 3858 1812 jugiter

2257 1833 2561 1880 sanctorum
2589 1841 2785 1883 censeo
2811 1826 3072 1884 sacrificia
3102 1829 3458 1885 sacerdotum.
3495 1853 3508 1883 ι
3538 1832 3677 1888 Ecce
3704 1834 3852 1890 aliud

2257 1918 2398 1973 unde
2428 1934 2695 1990 nunquam
2726 1921 2966 1977 exiturus
2994 1931 3104 1988 est,
3151 1921 3254 1976 nisi
3281 1937 3404 1977 eum
3435 1923 3637 1981 dixisse
3667 1927 3850 1996 paeni-

2259 2018 2385 2065 teat.
2417 2011 2544 2080 Quis
2573 2013 2714 2066 enim
2757 2012 2946 2068 offerat
2975 2029 3170 2084 corpus
3209 2013 3448 2082 Christi,
3491 2019 3588 2074 nisi
3631 2035 3728 2090 pro
3769 2021 3855 2077 eis

2255 2105 2345 2174 qui
2375 2105 2611 2161 membra
2643 2116 2764 2160 sunt
2795 2106 3038 2162 Christi?
3067 2109 3143 2163 Ex
3172 2123 3278 2180 quo
3321 2119 3496 2166 autem
3530 2113 3597 2168 ab
3641 2114 3732 2169 illo
3769 2114 3854 2171 di-

2255 2206 2398 2252 ctum
2424 2209 2526 2264 est,
2574 2199 2689 2254 Nisi
2712 2201 2822 2271 quis
2846 2211 3049 2256 renatus
3075 2205 3226 2274 fuerit
3253 2221 3316 2258 ea:
3336 2222 3466 2276 aqua
3490 2217 3538 2261 et
3568 2207 3768 2278 Spiritu
3800 2212 3848 2277 ³,

2255 2307 2356 2344 ιιοη
2383 2300 2543 2361 potest
2568 2292 2759 2346 intrare
2797 2293 2848 2347 in
2879 2311 3086 2366 regnum
3113 2294 3206 2349 Dei
3221 2295 3402 2366 (Joan.
3434 2315 3509 2363 ιιι,
3533 2298 3625 2372 5)’;
3658 2309 3713 2357 et
3740 2302 3854 2358 alio

2255 2381 2392 2449 loco,
2427 2382 2526 2447 Qui
2552 2384 2827 2452 perdiderit
2846 2386 3066 2439 animant
3101 2403 3246 2442 suam
3287 2400 3490 2459 propter
3511 2409 3604 2458 me,
3630 2393 3852 2450 inveniet

2255 2491 2364 2528 eam
2405 2475 2616 2545 (Matth.
2648 2493 2701 2542 x,
2731 2477 2825 2546 59)
2852 2495 2865 2532 :
2893 2493 3048 2532 nemo
3082 2479 3139 2533 ﬁt
3165 2481 3462 2536 membrum
3489 2483 3710 2547 Christi,
3747 2487 3852 2542 nisi

2254 2575 2346 2621 aut
2378 2568 2695 2637 Baptismate
2724 2569 2774 2624 in
2815 2566 3154 2636 Christo,aut
3183 2582 3353 2628 morte
3385 2589 3476 2644 pro
3501 2574 3738 2632 Christo.

2324 2659 2410 2712 lt.
2458 2659 2610 2715 Unde
2647 2668 2702 2716 et
2738 2660 2875 2715 latro
2923 2662 3032 2729 ille,
3062 2678 3164 2718 non
3209 2673 3334 2720 ante
3377 2680 3588 2722 crucem
3635 2669 3851 2727 Domini

2252 2751 2527 2816 scctator‘,
2553 2752 2647 2807 sed
2672 2753 2721 2807 in
2740 2768 2898 2809 cruce
2914 2754 3209 2824 confessor,
3243 2757 3311 2814 de
3343 2775 3448 2829 quo
3466 2776 3850 2833 nonnunquam

2253 2843 2612 2912 prmjudicium
2642 2853 2904 2915 captatur,
2927 2849 3040 2903 sive
3063 2857 3313 2917 tentatur,
3334 2861 3522 2909 contra
3549 2853 3851 2926 Baptisma-

2252 2935 2318 2988 tis
2366 2946 2776 3006 sacramentum,
2817 2956 2847 2994 a
2885 2939 3152 3014 Cypriano
3190 2955 3377 3000 sancto
3419 2947 3560 3004 inter
3583 2959 3850 3021 martyres

2250 3037 2587 3098 computatur
2612 3029 2945 3102 (Cyprianus,
2980 3033 3146 3106 Epist.
3169 3036 3238 3090 ad
3255 3036 3610 3113 Jubaiauum),
3633 3042 3724 3112 qui
3746 3058 3849 3098 suo

2249 3121 2506 3190 sanguine
2542 3121 2906 3195 baptizantur,
2949 3127 3089 3197 quod
3117 3128 3388 3201 plerisque
3419 3148 3524 3188 non
3564 3133 3849 3205 baptizatis

2250 3210 2488 3269 fervente
2533 3219 2902 3284 persecutione
2956 3222 3201 3290 provenit
3233 3222 3367 3296 (a).
3397 3225 3568 3282 Tanto
3612 3245 3848 3300 namque

2248 3303 2483 3373 pondere
2512 3321 2804 3377 appensum
2831 3318 2933 3375 est,
2977 3321 3286 3385 tantumque
3326 3317 3492 3374 valuit
3537 3321 3676 3390 apud
3719 3339 3846 3379 eum

2247 3396 2337 3466 qui
2368 3395 2482 3452 haec
2509 3400 2652 3454 novit
2689 3403 3015 3472 appendere,
3047 3406 3188 3476 quod
3231 3407 3508 3467 confessus
3534 3422 3618 3468 est
3656 3414 3846 3472 Domi-

2247 3503 2374 3544 num
2401 3491 2732 3560 crucifixum,
2762 3504 3017 3565 quantum
3047 3498 3091 3553 si
3124 3498 3310 3556 fuisset
3330 3516 3427 3572 pro
3469 3503 3695 3561 Domino
3715 3521 3845 3563 cru-

2245 3581 2453 3638 cifixus.
2487 3583 2636 3640 Tunc
2659 3587 2802 3642 enim
2836 3587 2966 3644 ﬁdes
2993 3589 3110 3661 ejus
3136 3591 3204 3648 de
3231 3593 3374 3664 ligno
3403 3594 3600 3666 ﬂoruit,
3628 3600 3847 3670 quando

2246 3675 2624 3749 discipulorum
2644 3684 2869 3739 marcuit
2889 3702 2904 3752 ;
2925 3685 3061 3740 nisi‘
3087 3688 3238 3758 cujus
3269 3692 3457 3747 mortis
3475 3701 3683 3751 terrore
3703 3713 3849 3753 mar-

2245 3780 2447 3840 cuerat,
2467 3773 2583 3842 ejus
2603 3777 2992 3834 resurrectione
3012 3779 3380 3839 reviresceret.
3404 3783 3483 3839 llli
3501 3786 3642 3842 enim
3659 3787 3847 3860 despe-

2244 3871 2497 3918 raverunt
2513 3863 2579 3919 de
2594 3867 2876 3934 moriente,
2897 3869 2984 3925 ille
3001 3873 3237 3942 speravit
3251 3874 3302 3929 in
3319 3878 3708 3934 commoriente
3727 3900 3739 3933 :
3760 3898 3848 3936 re-

2246 3953 2494 4026 fugerunt
2531 3957 2604 4012 illi
2652 3969 2923 4018 auctorem
2964 3965 3120 4031 Viue;
3163 3967 3369 4038 rogavit
3409 3968 3495 4024 ille
3531 3983 3843 4029 consortem

2243 4061 2416 4116 poenae
2437 4067 2448 4102 :
2464 4049 2748 4108 doluerunt
2762 4055 2835 4109 illi
2851 4065 3097 4128 tanquam
3111 4059 3340 4116 hominis
3351 4071 3600 4131 mortem,
3614 4066 3847 4124 credidit

2244 4141 2333 4198 ille
2346 4154 2685 4214 regnaturum
2704 4163 2822 4204 esse
2833 4158 2953 4220 post
2966 4160 3189 4207 mortem
3207 4171 3220 4207 :
3235 4154 3584 4212 deseruerunt
3599 4158 3674 4213 illi
3686 4175 3849 4228 spon-

2243 4249 2418 4290 sorem
2441 4237 2646 4305 salutis,
2668 4238 2947 4297 honoravit
2969 4243 3056 4301 ille
3082 4245 3284 4301 socium
3306 4248 3497 4305 crucis.
3515 4249 3733 4306 inventa
3757 4262 3843 4308 est

2244 4327 2295 4382 in
2315 4344 2380 4383 eo
2399 4346 2646 4386 mensura
2675 4335 2944 4406 martyris,
2969 4337 3055 4407 qui
3075 4348 3199 4394 tunc
3226 4340 3278 4395 in
3301 4339 3571 4397 Christum
3587 4344 3839 4413 credidit,

2243 4420 2454 4488 quando
2494 4421 2803 4479 defecerunt
2839 4426 2928 4496 qui
2956 4427 3111 4482 futuri
3145 4439 3295 4486 erant
3323 4442 3605 4506 martyres.
3642 4435 3711 4490 Et
3739 4435 3845 4492 hoc

2241 4513 2454 4582 quidem
2485 4517 2650 4571 oculis
2676 4518 2886 4574 Domini
2917 4520 3114 4577 clarum
3148 4522 3260 4589 fuit,
3299 4525 3388 4594 qui
3418 4541 3522 4580 non
3547 4527 3840 4596 baptizata,

2241 4609 2493 4673 tanquam
2523 4609 3040 4681 niartyriisanguine
3066 4613 3266 4683 abluto,
3296 4625 3496 4671 tantam
3528 4616 3840 4676 felicitatem

2241 4696 2418 4751 statim
2441 4699 2826 4774 contulit(Luc.
2847 4717 3002 4768 χχιιι,
3019 4705 3130 4775 45).
3154 4705 3256 4761 Sed
3277 4708 3436 4763 etiam
3455 4720 3694 4766 nostrum
3717 4712 3842 4781 quis

2242 4803 2347 4843 non
2370 4790 2691 4860 consideret,
2729 4805 2920 4864 quanta
2941 4797 3062 4862 fide,
3086 4810 3278 4870 quanta
3310 4816 3425 4873 spe,
3444 4813 3638 4874 quanta
3655 4805 3841 4862 chari-

2242 4887 2348 4936 tate
2375 4892 2600 4939 mortem
2629 4900 2726 4954 pro
2747 4885 2960 4942 Christo
2984 4890 3192 4946 vivente
3219 4893 3488 4964 suscipere
3520 4897 3710 4966 potuit,
3746 4902 3842 4969 qui

2239 4971 2398 5026 vitam
2428 4974 2478 5027 in
2512 4977 2772 5032 moriente
2797 4980 3058 5047 quaesivit.
3080 4981 3192 5037 "uc
3220 4984 3441 5050 accedit,
3474 4987 3594 5056 quia
3626 5005 3733 5043 non
3759 4990 3843 5044 in-

2239 5065 2565 5122 credibiliter
2589 5067 2810 5137 dicitur,
2846 5071 3102 5128 latronem
3142 5076 3229 5146 qui
3262 5085 3384 5132 tunc
3412 5079 3658 5148 credidit,
3685 5082 3840 5151 juxta

2242 5154 2522 5213 Dominum
2546 5160 2882 5228 crucifixum,
2902 5177 3035 5234 aqua
3060 5165 3144 5220 illa
3175 5183 3293 5238 quae
3309 5169 3376 5225 de
3402 5171 3618 5227 vulnere
3649 5172 3841 5230 lateris

2241 5247 2353 5315 ejus
2396 5250 2632 5318 emicuit,
2676 5261 2926 5323 tanquam
2967 5258 3329 5314 sacratissimo
3361 5260 3628 5332 baptismo
3668 5263 3842 5324 fuisse

2243 5339 2534 5409 perfusum.
2565 5343 2633 5400 Ut
2669 5346 2908 5402 omittam
2936 5349 3078 5419 quod
3117 5368 3262 5422 eum,
3288 5363 3570 5427 antequam
3606 5357 3841 5418 damna-

2239 5440 2407 5502 retur,
2427 5433 2747 5505 baptizatum
2775 5454 2879 5494 non
2909 5440 3094 5512 fuisse,
3119 5446 3367 5515 quoniam
3398 5465 3555 5506 nemo
3586 5461 3842 5512 nostrum

2305 5611 2322 5677 ξ
2357 5609 2525 5677 Plures
2545 5619 2676 5674 Mss,
2701 5615 2831 5677 quod
2848 5616 2992 5670 male.

2302 5673 2329 5782 ἒ
2337 5673 2493 5783 gigni,
2515 5687 2580 5726 ea:
2603 5673 2730 5740 aqua
2751 5684 2798 5729 et
2820 5680 2999 5744 Spiritu
3014 5691 3194 5738 sancto.
3232 5689 3398 5754 Abest,
3413 5695 3597 5755 amicta,
3619 5706 3651 5746 a
3667 5707 3845 5746 manu-

2239 5745 2445 5796 scriptis.

2303 5797 2324 5860 ἓ
2351 5799 2603 5860 Vaticanus
2626 5808 2730 5860 Ms,
2754 5814 2957 5858 secutor.

2301 5858 2322 5930 ξ
2356 5859 2485 5930 idem
2512 5858 2760 5930 viaticanus
2779 5877 2885 5930 Ms,
2909 5879 2975 5921 ut.

2301 5919 2374 6006 (Ω
2398 5921 2513 6006 Vide
2536 5924 2755 6006 libb.
2779 5919 2910 6006 Dapt.
2935 5919 3099 6006 cutura
3118 5942 3305 6006 Donat"
3330 5953 3380 5993 n.
3400 5941 3476 6004 29,
3513 5949 3566 5994 et
3592 5943 3644 5993 in
3676 5947 3840 6006 Levii.

2241 5985 2408 6050 φεμ,
2451 5985 2533 6039 lib.
2560 5991 2591 6042 ιε
2628 5985 2930 6055 Retract.,'oc
2976 5997 3033 6048 l8
3057 5985 3206 6056 et
