  <div class='ocr_page' id='page_1' title='image "/cluster/home/n/w/nwhite01/storage/ocr_20150623/44/hvd.32044015706336/246.png"; bbox 0 0 4012 6472; ppageno 0'>
   <div class='ocr_carea' id='block_1_1' title="bbox 178 414 266 474">
    <p class='ocr_par' dir='ltr' id='par_1_1' title="bbox 178 414 266 474">
     <span class='ocr_line' id='line_1_1' title="bbox 178 414 266 474; baseline -0.023 0"><span class='ocrx_word' id='word_1_1' title='bbox 178 414 266 474; x_wconf 67' lang='grc' dir='ltr'><strong>υ(</strong></span> 
     </span>
    </p>
   </div>
   <div class='ocr_carea' id='block_1_2' title="bbox 177 529 1762 602">
    <p class='ocr_par' dir='ltr' id='par_1_2' title="bbox 177 529 1762 602">
     <span class='ocr_line' id='line_1_2' title="bbox 177 529 1762 602; baseline -0.003 -10"><span class='ocrx_word' id='word_1_2' title='bbox 177 534 330 597; x_wconf 85' lang='lat' dir='ltr'><strong>novit,</strong></span> <span class='ocrx_word' id='word_1_3' title='bbox 363 546 533 588; x_wconf 89' lang='lat' dir='ltr'><strong>nemo</strong></span> <span class='ocrx_word' id='word_1_4' title='bbox 575 530 864 590; x_wconf 77' lang='lat' dir='ltr'><strong>convincit.</strong></span> <span class='ocrx_word' id='word_1_5' title='bbox 899 530 1090 586; x_wconf 82' lang='lat' dir='ltr'><strong>Verum</strong></span> <span class='ocrx_word' id='word_1_6' title='bbox 1119 529 1234 586; x_wconf 64' lang='lat' dir='ltr'><strong>haec</strong></span> <span class='ocrx_word' id='word_1_7' title='bbox 1271 538 1330 586; x_wconf 92' lang='lat' dir='ltr'><strong>ut</strong></span> <span class='ocrx_word' id='word_1_8' title='bbox 1353 529 1497 587; x_wconf 91' lang='lat' dir='ltr'><strong>volet</strong></span> <span class='ocrx_word' id='word_1_9' title='bbox 1538 530 1762 602; x_wconf 92' lang='lat' dir='ltr'><strong>quisque</strong></span> 
     </span>
    </p>
   </div>
   <div class='ocr_carea' id='block_1_3' title="bbox 175 624 1762 698">
    <p class='ocr_par' dir='ltr' id='par_1_3' title="bbox 175 624 1762 698">
     <span class='ocr_line' id='line_1_3' title="bbox 175 624 1762 698; baseline -0.004 -14"><span class='ocrx_word' id='word_1_10' title='bbox 175 625 412 698; x_wconf 87' lang='lat' dir='ltr'><strong>accipiat,</strong></span> <span class='ocrx_word' id='word_1_11' title='bbox 439 625 576 681; x_wconf 89' lang='lat' dir='ltr'><strong>dum</strong></span> <span class='ocrx_word' id='word_1_12' title='bbox 628 635 804 683; x_wconf 86' lang='lat' dir='ltr'><strong>tamen</strong></span> <span class='ocrx_word' id='word_1_13' title='bbox 828 624 896 682; x_wconf 89' lang='lat' dir='ltr'><strong>de</strong></span> <span class='ocrx_word' id='word_1_14' title='bbox 930 624 1201 696; x_wconf 89' lang='lat' dir='ltr'><strong>Baptismo</strong></span> <span class='ocrx_word' id='word_1_15' title='bbox 1233 639 1339 680; x_wconf 91' lang='lat' dir='ltr'><strong>non</strong></span> <span class='ocrx_word' id='word_1_16' title='bbox 1383 624 1762 695; x_wconf 70' lang='lat' dir='ltr'><strong>prmscrihatur</strong></span> 
     </span>
    </p>
   </div>
   <div class='ocr_carea' id='block_1_4' title="bbox 175 716 1761 789">
    <p class='ocr_par' dir='ltr' id='par_1_4' title="bbox 175 716 1761 789">
     <span class='ocr_line' id='line_1_4' title="bbox 175 716 1761 789; baseline -0.003 -13"><span class='ocrx_word' id='word_1_17' title='bbox 175 719 460 776; x_wconf 84' lang='lat' dir='ltr'><strong>Salvatoris</strong></span> <span class='ocrx_word' id='word_1_18' title='bbox 508 727 800 789; x_wconf 52' lang='lat' dir='ltr'><strong>praecepto,</strong></span> <span class='ocrx_word' id='word_1_19' title='bbox 830 716 984 788; x_wconf 85' lang='lat' dir='ltr'><strong>hujus</strong></span> <span class='ocrx_word' id='word_1_20' title='bbox 1025 717 1247 772; x_wconf 91' lang='lat' dir='ltr'><strong>latronis</strong></span> <span class='ocrx_word' id='word_1_21' title='bbox 1275 717 1538 787; x_wconf 88' lang='lat' dir='ltr'><strong>exemplo;</strong></span> <span class='ocrx_word' id='word_1_22' title='bbox 1562 725 1617 773; x_wconf 91' lang='lat' dir='ltr'><strong>et</strong></span> <span class='ocrx_word' id='word_1_23' title='bbox 1652 731 1761 772; x_wconf 87' lang='lat' dir='ltr'><strong>non</strong></span> 
     </span>
    </p>
   </div>
   <div class='ocr_carea' id='block_1_5' title="bbox 178 809 1762 883">
    <p class='ocr_par' dir='ltr' id='par_1_5' title="bbox 178 809 1762 883">
     <span class='ocr_line' id='line_1_5' title="bbox 178 809 1762 883; baseline -0.003 -14"><span class='ocrx_word' id='word_1_24' title='bbox 178 810 452 883; x_wconf 80' lang='lat' dir='ltr'><strong>baptizatis</strong></span> <span class='ocrx_word' id='word_1_25' title='bbox 477 811 714 882; x_wconf 81' lang='lat' dir='ltr'><strong>parvulis</strong></span> <span class='ocrx_word' id='word_1_26' title='bbox 738 826 896 867; x_wconf 89' lang='lat' dir='ltr'><strong>nemo</strong></span> <span class='ocrx_word' id='word_1_27' title='bbox 917 809 1188 881; x_wconf 92' lang='lat' dir='ltr'><strong>promittat</strong></span> <span class='ocrx_word' id='word_1_28' title='bbox 1212 811 1349 866; x_wconf 89' lang='lat' dir='ltr'><strong>inter</strong></span> <span class='ocrx_word' id='word_1_29' title='bbox 1363 809 1762 865; x_wconf 90' lang='lat' dir='ltr'><strong>damnationem</strong></span> 
     </span>
    </p>
   </div>
   <div class='ocr_carea' id='block_1_6' title="bbox 177 899 1766 975">
    <p class='ocr_par' dir='ltr' id='par_1_6' title="bbox 177 899 1766 975">
     <span class='ocr_line' id='line_1_6' title="bbox 177 899 1766 975; baseline 0 -19"><span class='ocrx_word' id='word_1_30' title='bbox 177 917 503 975; x_wconf 71' lang='lat' dir='ltr'><strong>regnumque</strong></span> <span class='ocrx_word' id='word_1_31' title='bbox 536 902 819 968; x_wconf 69' lang='lat' dir='ltr'><strong>caelorum,</strong></span> <span class='ocrx_word' id='word_1_32' title='bbox 847 901 1044 972; x_wconf 87' lang='lat' dir='ltr'><strong>quietis</strong></span> <span class='ocrx_word' id='word_1_33' title='bbox 1076 899 1162 958; x_wconf 91' lang='lat' dir='ltr'><strong>vel</strong></span> <span class='ocrx_word' id='word_1_34' title='bbox 1187 899 1455 956; x_wconf 87' lang='lat' dir='ltr'><strong>felicitatis</strong></span> <span class='ocrx_word' id='word_1_35' title='bbox 1483 900 1766 970; x_wconf 81' lang='lat' dir='ltr'><strong>cujuslibet</strong></span> 
     </span>
    </p>
   </div>
   <div class='ocr_carea' id='block_1_7' title="bbox 175 991 1765 1066">
    <p class='ocr_par' dir='ltr' id='par_1_7' title="bbox 175 991 1765 1066">
     <span class='ocr_line' id='line_1_7' title="bbox 175 991 1765 1066; baseline -0.001 -16"><span class='ocrx_word' id='word_1_36' title='bbox 175 1004 325 1066; x_wconf 89' lang='lat' dir='ltr'><strong>atque</strong></span> <span class='ocrx_word' id='word_1_37' title='bbox 379 994 608 1050; x_wconf 87' lang='lat' dir='ltr'><strong>ubilibet</strong></span> <span class='ocrx_word' id='word_1_38' title='bbox 645 993 796 1065; x_wconf 89' lang='lat' dir='ltr'><strong>quasi</strong></span> <span class='ocrx_word' id='word_1_39' title='bbox 839 991 1070 1048; x_wconf 89' lang='lat' dir='ltr'><strong>medium</strong></span> <span class='ocrx_word' id='word_1_40' title='bbox 1109 992 1305 1048; x_wconf 89' lang='lat' dir='ltr'><strong>locum.</strong></span> <span class='ocrx_word' id='word_1_41' title='bbox 1351 991 1463 1048; x_wconf 82' lang='lat' dir='ltr'><strong>Hoc</strong></span> <span class='ocrx_word' id='word_1_42' title='bbox 1503 993 1645 1048; x_wconf 90' lang='lat' dir='ltr'><strong>enim</strong></span> <span class='ocrx_word' id='word_1_43' title='bbox 1685 993 1765 1048; x_wconf 90' lang='lat' dir='ltr'><strong>eis</strong></span> 
     </span>
    </p>
   </div>
   <div class='ocr_carea' id='block_1_8' title="bbox 176 1084 1762 1158">
    <p class='ocr_par' dir='ltr' id='par_1_8' title="bbox 176 1084 1762 1158">
     <span class='ocr_line' id='line_1_8' title="bbox 176 1084 1762 1158; baseline -0.003 -13"><span class='ocrx_word' id='word_1_44' title='bbox 176 1089 326 1145; x_wconf 82' lang='lat' dir='ltr'><strong>etiam</strong></span> <span class='ocrx_word' id='word_1_45' title='bbox 373 1087 598 1144; x_wconf 77' lang='lat' dir='ltr'><strong>haeresis</strong></span> <span class='ocrx_word' id='word_1_46' title='bbox 625 1086 906 1158; x_wconf 74' lang='lat' dir='ltr'><strong>Pelagiana</strong></span> <span class='ocrx_word' id='word_1_47' title='bbox 944 1085 1191 1157; x_wconf 86' lang='lat' dir='ltr'><strong>promisit</strong></span> <span class='ocrx_word' id='word_1_48' title='bbox 1216 1103 1230 1140; x_wconf 91' lang='lat'><strong>:</strong></span> <span class='ocrx_word' id='word_1_49' title='bbox 1255 1085 1376 1157; x_wconf 85' lang='lat' dir='ltr'><strong>quia</strong></span> <span class='ocrx_word' id='word_1_50' title='bbox 1415 1100 1514 1142; x_wconf 90' lang='lat' dir='ltr'><strong>nec</strong></span> <span class='ocrx_word' id='word_1_51' title='bbox 1537 1084 1762 1141; x_wconf 90' lang='lat' dir='ltr'><strong>damna-</strong></span> 
     </span>
    </p>
   </div>
   <div class='ocr_carea' id='block_1_9' title="bbox 179 1178 1763 1251">
    <p class='ocr_par' dir='ltr' id='par_1_9' title="bbox 179 1178 1763 1251">
     <span class='ocr_line' id='line_1_9' title="bbox 179 1178 1763 1251; baseline -0.002 -13"><span class='ocrx_word' id='word_1_52' title='bbox 179 1183 374 1238; x_wconf 86' lang='lat' dir='ltr'><strong>tionem</strong></span> <span class='ocrx_word' id='word_1_53' title='bbox 423 1180 619 1236; x_wconf 82' lang='lat' dir='ltr'><strong>metuit</strong></span> <span class='ocrx_word' id='word_1_54' title='bbox 665 1180 918 1251; x_wconf 80' lang='lat' dir='ltr'><strong>parvulis.</strong></span> <span class='ocrx_word' id='word_1_55' title='bbox 955 1194 1090 1250; x_wconf 89' lang='lat' dir='ltr'><strong>quos</strong></span> <span class='ocrx_word' id='word_1_56' title='bbox 1135 1179 1336 1234; x_wconf 91' lang='lat' dir='ltr'><strong>nullum</strong></span> <span class='ocrx_word' id='word_1_57' title='bbox 1377 1187 1528 1251; x_wconf 89' lang='lat' dir='ltr'><strong>putat</strong></span> <span class='ocrx_word' id='word_1_58' title='bbox 1565 1178 1763 1235; x_wconf 88' lang='lat' dir='ltr'><strong>habere</strong></span> 
     </span>
    </p>
   </div>
   <div class='ocr_carea' id='block_1_10' title="bbox 176 1271 1759 1344">
    <p class='ocr_par' dir='ltr' id='par_1_10' title="bbox 176 1271 1759 1344">
     <span class='ocr_line' id='line_1_10' title="bbox 176 1271 1759 1344; baseline -0.002 -15"><span class='ocrx_word' id='word_1_59' title='bbox 176 1272 428 1344; x_wconf 80' lang='lat' dir='ltr'><strong>originale</strong></span> <span class='ocrx_word' id='word_1_60' title='bbox 454 1282 753 1343; x_wconf 85' lang='lat' dir='ltr'><strong>peccatum;</strong></span> <span class='ocrx_word' id='word_1_61' title='bbox 783 1287 883 1327; x_wconf 90' lang='lat' dir='ltr'><strong>nec</strong></span> <span class='ocrx_word' id='word_1_62' title='bbox 913 1281 1094 1342; x_wconf 87' lang='lat' dir='ltr'><strong>sperat</strong></span> <span class='ocrx_word' id='word_1_63' title='bbox 1119 1272 1196 1327; x_wconf 90' lang='lat' dir='ltr'><strong>eis</strong></span> <span class='ocrx_word' id='word_1_64' title='bbox 1233 1287 1453 1342; x_wconf 89' lang='lat' dir='ltr'><strong>regnum</strong></span> <span class='ocrx_word' id='word_1_65' title='bbox 1479 1271 1759 1339; x_wconf 75' lang='lat' dir='ltr'><strong>ctelorum,</strong></span> 
     </span>
    </p>
   </div>
   <div class='ocr_carea' id='block_1_11' title="bbox 175 1363 1763 1437">
    <p class='ocr_par' dir='ltr' id='par_1_11' title="bbox 175 1363 1763 1437">
     <span class='ocr_line' id='line_1_11' title="bbox 175 1363 1763 1437; baseline -0.001 -16"><span class='ocrx_word' id='word_1_66' title='bbox 175 1367 213 1422; x_wconf 77' lang='lat' dir='ltr'><strong>ti</strong></span> <span class='ocrx_word' id='word_1_67' title='bbox 247 1382 354 1420; x_wconf 90' lang='lat' dir='ltr'><strong>non</strong></span> <span class='ocrx_word' id='word_1_68' title='bbox 399 1363 808 1437; x_wconf 89' lang='lat' dir='ltr'><strong>perveniuntad</strong></span> <span class='ocrx_word' id='word_1_69' title='bbox 843 1365 1180 1436; x_wconf 87' lang='lat' dir='ltr'><strong>Baptismatis</strong></span> <span class='ocrx_word' id='word_1_70' title='bbox 1213 1373 1626 1421; x_wconf 80' lang='lat' dir='ltr'><strong>sacramentum.</strong></span> <span class='ocrx_word' id='word_1_71' title='bbox 1659 1365 1763 1420; x_wconf 92' lang='lat' dir='ltr'><strong>Iste</strong></span> 
     </span>
    </p>
   </div>
   <div class='ocr_carea' id='block_1_12' title="bbox 177 1456 1762 1527">
    <p class='ocr_par' dir='ltr' id='par_1_12' title="bbox 177 1456 1762 1527">
     <span class='ocr_line' id='line_1_12' title="bbox 177 1456 1762 1527; baseline -0.001 -15"><span class='ocrx_word' id='word_1_72' title='bbox 177 1469 345 1514; x_wconf 84' lang='lat' dir='ltr'><strong>autem</strong></span> <span class='ocrx_word' id='word_1_73' title='bbox 392 1473 519 1513; x_wconf 93' lang='lat' dir='ltr'><strong>cum</strong></span> <span class='ocrx_word' id='word_1_74' title='bbox 559 1457 878 1513; x_wconf 89' lang='lat' dir='ltr'><strong>conﬁteatur</strong></span> <span class='ocrx_word' id='word_1_75' title='bbox 910 1456 1158 1527; x_wconf 90' lang='lat' dir='ltr'><strong>parvulos</strong></span> <span class='ocrx_word' id='word_1_76' title='bbox 1199 1456 1438 1527; x_wconf 79' lang='lat' dir='ltr'><strong>originali</strong></span> <span class='ocrx_word' id='word_1_77' title='bbox 1478 1458 1762 1513; x_wconf 87' lang='lat' dir='ltr'><strong>obstrictos</strong></span> 
     </span>
    </p>
   </div>
   <div class='ocr_carea' id='block_1_13' title="bbox 175 1548 1762 1620">
    <p class='ocr_par' dir='ltr' id='par_1_13' title="bbox 175 1548 1762 1620">
     <span class='ocr_line' id='line_1_13' title="bbox 175 1548 1762 1620; baseline -0.001 -14"><span class='ocrx_word' id='word_1_78' title='bbox 175 1565 285 1606; x_wconf 86' lang='lat' dir='ltr'><strong>esse</strong></span> <span class='ocrx_word' id='word_1_79' title='bbox 329 1557 576 1619; x_wconf 87' lang='lat' dir='ltr'><strong>peccato,</strong></span> <span class='ocrx_word' id='word_1_80' title='bbox 599 1549 678 1604; x_wconf 88' lang='lat' dir='ltr'><strong>eis</strong></span> <span class='ocrx_word' id='word_1_81' title='bbox 704 1548 864 1604; x_wconf 89' lang='lat' dir='ltr'><strong>etiam</strong></span> <span class='ocrx_word' id='word_1_82' title='bbox 899 1563 1119 1619; x_wconf 89' lang='lat' dir='ltr'><strong>regnum</strong></span> <span class='ocrx_word' id='word_1_83' title='bbox 1157 1548 1414 1604; x_wconf 72' lang='lat' dir='ltr'><strong>cmlorum</strong></span> <span class='ocrx_word' id='word_1_84' title='bbox 1458 1563 1564 1604; x_wconf 92' lang='lat' dir='ltr'><strong>non</strong></span> <span class='ocrx_word' id='word_1_85' title='bbox 1591 1549 1762 1620; x_wconf 86' lang='lat' dir='ltr'><strong>bapti-</strong></span> 
     </span>
    </p>
   </div>
   <div class='ocr_carea' id='block_1_14' title="bbox 177 1639 1762 1712">
    <p class='ocr_par' dir='ltr' id='par_1_14' title="bbox 177 1639 1762 1712">
     <span class='ocr_line' id='line_1_14' title="bbox 177 1639 1762 1712; baseline -0.001 -14"><span class='ocrx_word' id='word_1_86' title='bbox 177 1643 296 1698; x_wconf 78' lang='lat' dir='ltr'><strong>zatis</strong></span> <span class='ocrx_word' id='word_1_87' title='bbox 323 1657 489 1697; x_wconf 84' lang='lat' dir='ltr'><strong>ausus</strong></span> <span class='ocrx_word' id='word_1_88' title='bbox 505 1650 588 1696; x_wconf 89' lang='lat' dir='ltr'><strong>est</strong></span> <span class='ocrx_word' id='word_1_89' title='bbox 600 1640 834 1710; x_wconf 89' lang='lat' dir='ltr'><strong>polliceri</strong></span> <span class='ocrx_word' id='word_1_90' title='bbox 861 1639 1028 1710; x_wconf 73' lang='lat' dir='ltr'><strong>:‘quod</strong></span> <span class='ocrx_word' id='word_1_91' title='bbox 1045 1655 1145 1696; x_wconf 92' lang='lat' dir='ltr'><strong>nec</strong></span> <span class='ocrx_word' id='word_1_92' title='bbox 1159 1639 1232 1694; x_wconf 87' lang='lat' dir='ltr'><strong>illi</strong></span> <span class='ocrx_word' id='word_1_93' title='bbox 1251 1640 1364 1694; x_wconf 87' lang='lat' dir='ltr'><strong>ausi</strong></span> <span class='ocrx_word' id='word_1_94' title='bbox 1389 1648 1533 1707; x_wconf 90' lang='lat' dir='ltr'><strong>sunt,</strong></span> <span class='ocrx_word' id='word_1_95' title='bbox 1561 1641 1650 1712; x_wconf 91' lang='lat' dir='ltr'><strong>qui</strong></span> <span class='ocrx_word' id='word_1_96' title='bbox 1668 1656 1762 1696; x_wconf 86' lang='lat' dir='ltr'><strong>eos</strong></span> 
     </span>
    </p>
   </div>
   <div class='ocr_carea' id='block_1_15' title="bbox 176 1732 1762 1805">
    <p class='ocr_par' dir='ltr' id='par_1_15' title="bbox 176 1732 1762 1805">
     <span class='ocr_line' id='line_1_15' title="bbox 176 1732 1762 1805; baseline 0 -16"><span class='ocrx_word' id='word_1_97' title='bbox 176 1743 413 1789; x_wconf 81' lang='lat' dir='ltr'><strong>asserunt</strong></span> <span class='ocrx_word' id='word_1_98' title='bbox 433 1734 553 1788; x_wconf 89' lang='lat' dir='ltr'><strong>sine</strong></span> <span class='ocrx_word' id='word_1_99' title='bbox 575 1732 682 1787; x_wconf 89' lang='lat' dir='ltr'><strong>ullo</strong></span> <span class='ocrx_word' id='word_1_100' title='bbox 705 1748 926 1805; x_wconf 88' lang='lat' dir='ltr'><strong>prorsus</strong></span> <span class='ocrx_word' id='word_1_101' title='bbox 948 1747 1068 1788; x_wconf 82' lang='lat' dir='ltr'><strong>esse</strong></span> <span class='ocrx_word' id='word_1_102' title='bbox 1094 1741 1333 1802; x_wconf 89' lang='lat' dir='ltr'><strong>peccato.</strong></span> <span class='ocrx_word' id='word_1_103' title='bbox 1355 1732 1494 1787; x_wconf 85' lang='lat' dir='ltr'><strong>Ecce</strong></span> <span class='ocrx_word' id='word_1_104' title='bbox 1516 1733 1762 1805; x_wconf 88' lang='lat' dir='ltr'><strong>qualibus</strong></span> 
     </span>
    </p>
   </div>
   <div class='ocr_carea' id='block_1_16' title="bbox 177 1823 1760 1898">
    <p class='ocr_par' dir='ltr' id='par_1_16' title="bbox 177 1823 1760 1898">
     <span class='ocr_line' id='line_1_16' title="bbox 177 1823 1760 1898; baseline -0.001 -16"><span class='ocrx_word' id='word_1_105' title='bbox 177 1841 227 1882; x_wconf 87' lang='lat' dir='ltr'><strong>se</strong></span> <span class='ocrx_word' id='word_1_106' title='bbox 267 1825 478 1898; x_wconf 87' lang='lat' dir='ltr'><strong>laqueis</strong></span> <span class='ocrx_word' id='word_1_107' title='bbox 536 1825 966 1896; x_wconf 68' lang='lat' dir='ltr'><strong>praesumptionis</strong></span> <span class='ocrx_word' id='word_1_108' title='bbox 1012 1823 1278 1893; x_wconf 90' lang='lat' dir='ltr'><strong>innectat,</strong></span> <span class='ocrx_word' id='word_1_109' title='bbox 1324 1825 1424 1881; x_wconf 89' lang='lat' dir='ltr'><strong>nisi</strong></span> <span class='ocrx_word' id='word_1_110' title='bbox 1468 1840 1591 1880; x_wconf 90' lang='lat' dir='ltr'><strong>cum</strong></span> <span class='ocrx_word' id='word_1_111' title='bbox 1637 1824 1760 1881; x_wconf 89' lang='lat' dir='ltr'><strong>talia</strong></span> 
     </span>
    </p>
   </div>
   <div class='ocr_carea' id='block_1_17' title="bbox 178 1920 762 1990">
    <p class='ocr_par' dir='ltr' id='par_1_17' title="bbox 178 1920 762 1990">
     <span class='ocr_line' id='line_1_17' title="bbox 178 1920 762 1990; baseline -0.003 -14"><span class='ocrx_word' id='word_1_112' title='bbox 178 1921 446 1989; x_wconf 82' lang='lat' dir='ltr'><strong>scripsisse</strong></span> <span class='ocrx_word' id='word_1_113' title='bbox 474 1920 733 1990; x_wconf 71' lang='lat' dir='ltr'><strong>pmniteat</strong></span> <span class='ocrx_word' id='word_1_114' title='bbox 749 1959 762 1974; x_wconf 95' lang='lat'><strong>.</strong></span> 
     </span>
    </p>
   </div>
   <div class='ocr_carea' id='block_1_18' title="bbox 234 2008 1752 2078">
    <p class='ocr_par' dir='ltr' id='par_1_18' title="bbox 234 2008 1752 2078">
     <span class='ocr_line' id='line_1_18' title="bbox 234 2008 1752 2078; baseline -0.002 -13"><span class='ocrx_word' id='word_1_115' title='bbox 234 2010 462 2068; x_wconf 81' lang='lat' dir='ltr'><strong>CAPUT</strong></span> <span class='ocrx_word' id='word_1_116' title='bbox 504 2009 572 2066; x_wconf 79' lang='grc' dir='ltr'><strong>Χ.</strong></span> <span class='ocrx_word' id='word_1_117' title='bbox 600 2040 671 2050; x_wconf 91' lang='grc'><strong><em>-</em></strong></span> <span class='ocrx_word' id='word_1_118' title='bbox 698 2010 784 2065; x_wconf 73' lang='grc'><strong>12.</strong></span> <span class='ocrx_word' id='word_1_119' title='bbox 830 2009 902 2065; x_wconf 92' lang='lat' dir='ltr'><strong>De</strong></span> <span class='ocrx_word' id='word_1_120' title='bbox 929 2009 1094 2065; x_wconf 82' lang='lat' dir='ltr'><strong>fratre</strong></span> <span class='ocrx_word' id='word_1_121' title='bbox 1119 2020 1296 2064; x_wconf 90' lang='lat' dir='ltr'><strong>autem</strong></span> <span class='ocrx_word' id='word_1_122' title='bbox 1326 2017 1522 2063; x_wconf 73' lang='lat' dir='ltr'><strong>saneta:</strong></span> <span class='ocrx_word' id='word_1_123' title='bbox 1550 2008 1752 2078; x_wconf 89' lang='lat' dir='ltr'><strong>Perpe-</strong></span> 
     </span>
    </p>
   </div>
   <div class='ocr_carea' id='block_1_19' title="bbox 179 2101 1759 2172">
    <p class='ocr_par' dir='ltr' id='par_1_19' title="bbox 179 2101 1759 2172">
     <span class='ocr_line' id='line_1_19' title="bbox 179 2101 1759 2172; baseline -0.001 -14"><span class='ocrx_word' id='word_1_124' title='bbox 179 2112 269 2158; x_wconf 72' lang='lat' dir='ltr'><strong>tua:</strong></span> <span class='ocrx_word' id='word_1_125' title='bbox 295 2103 608 2169; x_wconf 90' lang='lat' dir='ltr'><strong>Dinocrate,</strong></span> <span class='ocrx_word' id='word_1_126' title='bbox 651 2117 751 2157; x_wconf 90' lang='lat' dir='ltr'><strong>nec</strong></span> <span class='ocrx_word' id='word_1_127' title='bbox 778 2102 1038 2172; x_wconf 87' lang='lat' dir='ltr'><strong>scriptura</strong></span> <span class='ocrx_word' id='word_1_128' title='bbox 1083 2101 1195 2172; x_wconf 84' lang='lat' dir='ltr'><strong>ipsa</strong></span> <span class='ocrx_word' id='word_1_129' title='bbox 1223 2101 1478 2156; x_wconf 91' lang='lat' dir='ltr'><strong>canonica</strong></span> <span class='ocrx_word' id='word_1_130' title='bbox 1519 2110 1622 2169; x_wconf 90' lang='lat' dir='ltr'><strong>est,</strong></span> <span class='ocrx_word' id='word_1_131' title='bbox 1660 2116 1759 2157; x_wconf 91' lang='lat' dir='ltr'><strong>nec</strong></span> 
     </span>
    </p>
   </div>
   <div class='ocr_carea' id='block_1_20' title="bbox 177 2191 1756 2264">
    <p class='ocr_par' dir='ltr' id='par_1_20' title="bbox 177 2191 1756 2264">
     <span class='ocr_line' id='line_1_20' title="bbox 177 2191 1756 2264; baseline -0.003 -15"><span class='ocrx_word' id='word_1_132' title='bbox 177 2194 254 2250; x_wconf 88' lang='lat' dir='ltr'><strong>illa</strong></span> <span class='ocrx_word' id='word_1_133' title='bbox 275 2193 352 2248; x_wconf 88' lang='lat' dir='ltr'><strong>sic</strong></span> <span class='ocrx_word' id='word_1_134' title='bbox 375 2193 616 2263; x_wconf 82' lang='lat' dir='ltr'><strong>scripsit,</strong></span> <span class='ocrx_word' id='word_1_135' title='bbox 645 2193 731 2248; x_wconf 86' lang='lat' dir='ltr'><strong>vel</strong></span> <span class='ocrx_word' id='word_1_136' title='bbox 753 2193 1072 2264; x_wconf 89' lang='lat' dir='ltr'><strong>quicumque</strong></span> <span class='ocrx_word' id='word_1_137' title='bbox 1101 2191 1228 2247; x_wconf 89' lang='lat' dir='ltr'><strong>illtid</strong></span> <span class='ocrx_word' id='word_1_138' title='bbox 1259 2191 1490 2261; x_wconf 86' lang='lat' dir='ltr'><strong>scripsit,</strong></span> <span class='ocrx_word' id='word_1_139' title='bbox 1521 2201 1578 2245; x_wconf 90' lang='lat' dir='ltr'><strong>ut</strong></span> <span class='ocrx_word' id='word_1_140' title='bbox 1606 2191 1756 2245; x_wconf 92' lang='lat' dir='ltr'><strong>illum</strong></span> 
     </span>
    </p>
   </div>
   <div class='ocr_carea' id='block_1_21' title="bbox 178 2282 1758 2356">
    <p class='ocr_par' dir='ltr' id='par_1_21' title="bbox 178 2282 1758 2356">
     <span class='ocr_line' id='line_1_21' title="bbox 178 2282 1758 2356; baseline -0.001 -16"><span class='ocrx_word' id='word_1_141' title='bbox 178 2299 386 2355; x_wconf 85' lang='lat' dir='ltr'><strong>puerum</strong></span> <span class='ocrx_word' id='word_1_142' title='bbox 418 2284 514 2356; x_wconf 85' lang='lat' dir='ltr'><strong>qui</strong></span> <span class='ocrx_word' id='word_1_143' title='bbox 549 2285 824 2356; x_wconf 84' lang='lat' dir='ltr'><strong>septennis</strong></span> <span class='ocrx_word' id='word_1_144' title='bbox 856 2294 1098 2339; x_wconf 89' lang='lat' dir='ltr'><strong>mortuus</strong></span> <span class='ocrx_word' id='word_1_145' title='bbox 1129 2282 1322 2353; x_wconf 83' lang='lat' dir='ltr'><strong>fuerat,</strong></span> <span class='ocrx_word' id='word_1_146' title='bbox 1350 2285 1466 2340; x_wconf 91' lang='lat' dir='ltr'><strong>sine</strong></span> <span class='ocrx_word' id='word_1_147' title='bbox 1490 2283 1758 2354; x_wconf 86' lang='lat' dir='ltr'><strong>Bapttsrno</strong></span> 
     </span>
    </p>
   </div>
   <div class='ocr_carea' id='block_1_22' title="bbox 179 2374 1758 2447">
    <p class='ocr_par' dir='ltr' id='par_1_22' title="bbox 179 2374 1758 2447">
     <span class='ocr_line' id='line_1_22' title="bbox 179 2374 1758 2447; baseline -0.001 -15"><span class='ocrx_word' id='word_1_148' title='bbox 179 2377 362 2433; x_wconf 80' lang='lat' dir='ltr'><strong>diceret</strong></span> <span class='ocrx_word' id='word_1_149' title='bbox 406 2377 576 2433; x_wconf 89' lang='lat' dir='ltr'><strong>fuisse</strong></span> <span class='ocrx_word' id='word_1_150' title='bbox 620 2375 930 2432; x_wconf 89' lang='lat' dir='ltr'><strong>defunctum</strong></span> <span class='ocrx_word' id='word_1_151' title='bbox 967 2395 981 2430; x_wconf 87' lang='lat'><strong>:</strong></span> <span class='ocrx_word' id='word_1_152' title='bbox 1014 2391 1112 2447; x_wconf 90' lang='lat' dir='ltr'><strong>pro</strong></span> <span class='ocrx_word' id='word_1_153' title='bbox 1152 2390 1258 2447; x_wconf 79' lang='lat' dir='ltr'><strong>quo</strong></span> <span class='ocrx_word' id='word_1_154' title='bbox 1310 2375 1398 2430; x_wconf 88' lang='lat' dir='ltr'><strong>illa</strong></span> <span class='ocrx_word' id='word_1_155' title='bbox 1447 2374 1758 2431; x_wconf 88' lang='lat' dir='ltr'><strong>imminente</strong></span> 
     </span>
    </p>
   </div>
   <div class='ocr_carea' id='block_1_23' title="bbox 179 2468 1757 2546">
    <p class='ocr_par' dir='ltr' id='par_1_23' title="bbox 179 2468 1757 2546">
     <span class='ocr_line' id='line_1_23' title="bbox 179 2468 1757 2546; baseline -0.003 -19"><span class='ocrx_word' id='word_1_156' title='bbox 179 2472 428 2546; x_wconf 79' lang='lat' dir='ltr'><strong>martyrio</strong></span> <span class='ocrx_word' id='word_1_157' title='bbox 457 2471 699 2527; x_wconf 90' lang='lat' dir='ltr'><strong>creditur</strong></span> <span class='ocrx_word' id='word_1_158' title='bbox 723 2469 990 2536; x_wconf 77' lang='lat' dir='ltr'><strong>exaudita,</strong></span> <span class='ocrx_word' id='word_1_159' title='bbox 1025 2478 1082 2525; x_wconf 92' lang='lat' dir='ltr'><strong>ut</strong></span> <span class='ocrx_word' id='word_1_160' title='bbox 1109 2485 1139 2524; x_wconf 89' lang='lat' dir='ltr'><strong>a</strong></span> <span class='ocrx_word' id='word_1_161' title='bbox 1177 2469 1349 2540; x_wconf 67' lang='lat' dir='ltr'><strong>paruis</strong></span> <span class='ocrx_word' id='word_1_162' title='bbox 1380 2468 1757 2524; x_wconf 76' lang='lat' dir='ltr'><strong>transferretur</strong></span> 
     </span>
    </p>
   </div>
   <div class='ocr_carea' id='block_1_24' title="bbox 179 2560 1756 2637">
    <p class='ocr_par' dir='ltr' id='par_1_24' title="bbox 179 2560 1756 2637">
     <span class='ocr_line' id='line_1_24' title="bbox 179 2560 1756 2637; baseline -0.004 -17"><span class='ocrx_word' id='word_1_163' title='bbox 179 2567 233 2621; x_wconf 84' lang='lat' dir='ltr'><strong>ad</strong></span> <span class='ocrx_word' id='word_1_164' title='bbox 268 2565 535 2637; x_wconf 85' lang='lat' dir='ltr'><strong>requiem.</strong></span> <span class='ocrx_word' id='word_1_165' title='bbox 581 2562 714 2620; x_wconf 82' lang='lat' dir='ltr'><strong>Nam</strong></span> <span class='ocrx_word' id='word_1_166' title='bbox 754 2562 895 2618; x_wconf 91' lang='lat' dir='ltr'><strong>illius</strong></span> <span class='ocrx_word' id='word_1_167' title='bbox 927 2561 1098 2616; x_wconf 69' lang='lat' dir='ltr'><strong>aetatis</strong></span> <span class='ocrx_word' id='word_1_168' title='bbox 1125 2560 1294 2633; x_wconf 90' lang='lat' dir='ltr'><strong>pueri,</strong></span> <span class='ocrx_word' id='word_1_169' title='bbox 1336 2569 1392 2616; x_wconf 90' lang='lat' dir='ltr'><strong>et</strong></span> <span class='ocrx_word' id='word_1_170' title='bbox 1426 2560 1658 2626; x_wconf 80' lang='lat' dir='ltr'><strong>mentiri,</strong></span> <span class='ocrx_word' id='word_1_171' title='bbox 1703 2568 1756 2614; x_wconf 94' lang='lat' dir='ltr'><strong>et</strong></span> 
     </span>
    </p>
   </div>
   <div class='ocr_carea' id='block_1_25' title="bbox 178 2649 1757 2726">
    <p class='ocr_par' dir='ltr' id='par_1_25' title="bbox 178 2649 1757 2726">
     <span class='ocr_line' id='line_1_25' title="bbox 178 2649 1757 2726; baseline -0.003 -17"><span class='ocrx_word' id='word_1_172' title='bbox 178 2671 345 2712; x_wconf 77' lang='lat' dir='ltr'><strong>verum</strong></span> <span class='ocrx_word' id='word_1_173' title='bbox 380 2655 552 2726; x_wconf 90' lang='lat' dir='ltr'><strong>loqui,</strong></span> <span class='ocrx_word' id='word_1_174' title='bbox 583 2663 639 2710; x_wconf 91' lang='lat' dir='ltr'><strong>et</strong></span> <span class='ocrx_word' id='word_1_175' title='bbox 669 2653 932 2717; x_wconf 90' lang='lat' dir='ltr'><strong>conﬁteri,</strong></span> <span class='ocrx_word' id='word_1_176' title='bbox 969 2661 1024 2708; x_wconf 91' lang='lat' dir='ltr'><strong>et</strong></span> <span class='ocrx_word' id='word_1_177' title='bbox 1064 2667 1259 2723; x_wconf 87' lang='lat' dir='ltr'><strong>negare</strong></span> <span class='ocrx_word' id='word_1_178' title='bbox 1282 2651 1391 2722; x_wconf 90' lang='lat' dir='ltr'><strong>jam</strong></span> <span class='ocrx_word' id='word_1_179' title='bbox 1419 2663 1658 2720; x_wconf 89' lang='lat' dir='ltr'><strong>possunt.</strong></span> <span class='ocrx_word' id='word_1_180' title='bbox 1689 2649 1757 2705; x_wconf 82' lang='lat' dir='ltr'><strong>Et</strong></span> 
     </span>
    </p>
   </div>
   <div class='ocr_carea' id='block_1_26' title="bbox 181 2744 1758 2819">
    <p class='ocr_par' dir='ltr' id='par_1_26' title="bbox 181 2744 1758 2819">
     <span class='ocr_line' id='line_1_26' title="bbox 181 2744 1758 2819; baseline -0.003 -15"><span class='ocrx_word' id='word_1_181' title='bbox 181 2748 289 2804; x_wconf 88' lang='lat' dir='ltr'><strong>ideo</strong></span> <span class='ocrx_word' id='word_1_182' title='bbox 315 2766 441 2804; x_wconf 90' lang='lat' dir='ltr'><strong>cum</strong></span> <span class='ocrx_word' id='word_1_183' title='bbox 468 2749 823 2819; x_wconf 86' lang='lat' dir='ltr'><strong>haptizantur,</strong></span> <span class='ocrx_word' id='word_1_184' title='bbox 855 2746 965 2817; x_wconf 92' lang='lat' dir='ltr'><strong>jam</strong></span> <span class='ocrx_word' id='word_1_185' title='bbox 993 2753 1046 2801; x_wconf 91' lang='lat' dir='ltr'><strong>et</strong></span> <span class='ocrx_word' id='word_1_186' title='bbox 1085 2744 1384 2817; x_wconf 86' lang='lat' dir='ltr'><strong>symbolum</strong></span> <span class='ocrx_word' id='word_1_187' title='bbox 1425 2745 1673 2811; x_wconf 87' lang='lat' dir='ltr'><strong>reddunt,</strong></span> <span class='ocrx_word' id='word_1_188' title='bbox 1704 2754 1758 2800; x_wconf 89' lang='lat' dir='ltr'><strong>et</strong></span> 
     </span>
    </p>
   </div>
   <div class='ocr_carea' id='block_1_27' title="bbox 177 2835 1757 2912">
    <p class='ocr_par' dir='ltr' id='par_1_27' title="bbox 177 2835 1757 2912">
     <span class='ocr_line' id='line_1_27' title="bbox 177 2835 1757 2912; baseline -0.004 -16"><span class='ocrx_word' id='word_1_189' title='bbox 177 2842 264 2912; x_wconf 83' lang='lat' dir='ltr'><strong>ipsi</strong></span> <span class='ocrx_word' id='word_1_190' title='bbox 287 2857 386 2912; x_wconf 92' lang='lat' dir='ltr'><strong>pro</strong></span> <span class='ocrx_word' id='word_1_191' title='bbox 411 2856 472 2896; x_wconf 90' lang='lat' dir='ltr'><strong>se</strong></span> <span class='ocrx_word' id='word_1_192' title='bbox 493 2839 561 2894; x_wconf 88' lang='lat' dir='ltr'><strong>ad</strong></span> <span class='ocrx_word' id='word_1_193' title='bbox 591 2841 914 2909; x_wconf 87' lang='lat' dir='ltr'><strong>interrogata</strong></span> <span class='ocrx_word' id='word_1_194' title='bbox 941 2835 1284 2909; x_wconf 88' lang='lat' dir='ltr'><strong>respondent.</strong></span> <span class='ocrx_word' id='word_1_195' title='bbox 1327 2835 1456 2903; x_wconf 83' lang='lat' dir='ltr'><strong>Quis</strong></span> <span class='ocrx_word' id='word_1_196' title='bbox 1481 2835 1637 2906; x_wconf 90' lang='lat' dir='ltr'><strong>igitur</strong></span> <span class='ocrx_word' id='word_1_197' title='bbox 1658 2837 1757 2890; x_wconf 88' lang='lat' dir='ltr'><strong>scit</strong></span> 
     </span>
    </p>
   </div>
   <div class='ocr_carea' id='block_1_28' title="bbox 179 2930 1758 3007">
    <p class='ocr_par' dir='ltr' id='par_1_28' title="bbox 179 2930 1758 3007">
     <span class='ocr_line' id='line_1_28' title="bbox 179 2930 1758 3007; baseline -0.004 -16"><span class='ocrx_word' id='word_1_198' title='bbox 179 2946 336 2991; x_wconf 88' lang='lat' dir='ltr'><strong>utrum</strong></span> <span class='ocrx_word' id='word_1_199' title='bbox 368 2951 504 3007; x_wconf 88' lang='lat' dir='ltr'><strong>puer</strong></span> <span class='ocrx_word' id='word_1_200' title='bbox 549 2933 641 2990; x_wconf 89' lang='lat' dir='ltr'><strong>ille</strong></span> <span class='ocrx_word' id='word_1_201' title='bbox 667 2943 786 3005; x_wconf 92' lang='lat' dir='ltr'><strong>post</strong></span> <span class='ocrx_word' id='word_1_202' title='bbox 831 2933 1178 3002; x_wconf 82' lang='lat' dir='ltr'><strong>Baptismum,</strong></span> <span class='ocrx_word' id='word_1_203' title='bbox 1210 2930 1596 3001; x_wconf 88' lang='lat' dir='ltr'><strong>persecutionis</strong></span> <span class='ocrx_word' id='word_1_204' title='bbox 1623 2937 1758 2984; x_wconf 82' lang='lat' dir='ltr'><strong>tem—</strong></span> 
     </span>
    </p>
   </div>
   <div class='ocr_carea' id='block_1_29' title="bbox 177 3018 1756 3096">
    <p class='ocr_par' dir='ltr' id='par_1_29' title="bbox 177 3018 1756 3096">
     <span class='ocr_line' id='line_1_29' title="bbox 177 3018 1756 3096; baseline -0.005 -15"><span class='ocrx_word' id='word_1_205' title='bbox 177 3041 293 3095; x_wconf 87' lang='lat' dir='ltr'><strong>pore</strong></span> <span class='ocrx_word' id='word_1_206' title='bbox 320 3041 351 3080; x_wconf 90' lang='lat' dir='ltr'><strong>a</strong></span> <span class='ocrx_word' id='word_1_207' title='bbox 379 3033 539 3096; x_wconf 89' lang='lat' dir='ltr'><strong>patre</strong></span> <span class='ocrx_word' id='word_1_208' title='bbox 559 3024 726 3094; x_wconf 91' lang='lat' dir='ltr'><strong>impio</strong></span> <span class='ocrx_word' id='word_1_209' title='bbox 755 3037 849 3094; x_wconf 90' lang='lat' dir='ltr'><strong>per</strong></span> <span class='ocrx_word' id='word_1_210' title='bbox 875 3019 1227 3076; x_wconf 89' lang='lat' dir='ltr'><strong>idololatriam</strong></span> <span class='ocrx_word' id='word_1_211' title='bbox 1254 3018 1414 3074; x_wconf 86' lang='lat' dir='ltr'><strong>fuerit</strong></span> <span class='ocrx_word' id='word_1_212' title='bbox 1436 3018 1699 3073; x_wconf 86' lang='lat' dir='ltr'><strong>alienatus</strong></span> <span class='ocrx_word' id='word_1_213' title='bbox 1725 3034 1756 3073; x_wconf 89' lang='lat' dir='ltr'><strong>a</strong></span> 
     </span>
    </p>
   </div>
   <div class='ocr_carea' id='block_1_30' title="bbox 178 3110 1753 3186">
    <p class='ocr_par' dir='ltr' id='par_1_30' title="bbox 178 3110 1753 3186">
     <span class='ocr_line' id='line_1_30' title="bbox 178 3110 1753 3186; baseline -0.006 -14"><span class='ocrx_word' id='word_1_214' title='bbox 178 3116 398 3183; x_wconf 81' lang='lat' dir='ltr'><strong>Christo,</strong></span> <span class='ocrx_word' id='word_1_215' title='bbox 448 3125 670 3186; x_wconf 87' lang='lat' dir='ltr'><strong>propter</strong></span> <span class='ocrx_word' id='word_1_216' title='bbox 695 3113 836 3185; x_wconf 85' lang='lat' dir='ltr'><strong>quod</strong></span> <span class='ocrx_word' id='word_1_217' title='bbox 868 3113 918 3168; x_wconf 92' lang='lat' dir='ltr'><strong>in</strong></span> <span class='ocrx_word' id='word_1_218' title='bbox 949 3111 1343 3168; x_wconf 86' lang='lat' dir='ltr'><strong>damnationem</strong></span> <span class='ocrx_word' id='word_1_219' title='bbox 1383 3111 1572 3166; x_wconf 90' lang='lat' dir='ltr'><strong>mortis</strong></span> <span class='ocrx_word' id='word_1_220' title='bbox 1613 3110 1753 3179; x_wconf 90' lang='lat' dir='ltr'><strong>ierit,</strong></span> 
     </span>
    </p>
   </div>
   <div class='ocr_carea' id='block_1_31' title="bbox 177 3201 1757 3278">
    <p class='ocr_par' dir='ltr' id='par_1_31' title="bbox 177 3201 1757 3278">
     <span class='ocr_line' id='line_1_31' title="bbox 177 3201 1757 3278; baseline -0.004 -14"><span class='ocrx_word' id='word_1_221' title='bbox 177 3224 262 3264; x_wconf 81' lang='lat' dir='ltr'><strong>nec</strong></span> <span class='ocrx_word' id='word_1_222' title='bbox 297 3208 427 3264; x_wconf 89' lang='lat' dir='ltr'><strong>inde</strong></span> <span class='ocrx_word' id='word_1_223' title='bbox 457 3207 560 3262; x_wconf 89' lang='lat' dir='ltr'><strong>nisi</strong></span> <span class='ocrx_word' id='word_1_224' title='bbox 586 3222 684 3278; x_wconf 91' lang='lat' dir='ltr'><strong>pro</strong></span> <span class='ocrx_word' id='word_1_225' title='bbox 715 3205 930 3262; x_wconf 87' lang='lat' dir='ltr'><strong>Christo</strong></span> <span class='ocrx_word' id='word_1_226' title='bbox 970 3205 1243 3261; x_wconf 79' lang='lat' dir='ltr'><strong>moriturae</strong></span> <span class='ocrx_word' id='word_1_227' title='bbox 1280 3205 1483 3260; x_wconf 89' lang='lat' dir='ltr'><strong>sororis</strong></span> <span class='ocrx_word' id='word_1_228' title='bbox 1507 3201 1757 3275; x_wconf 89' lang='lat' dir='ltr'><strong>precibus</strong></span> 
     </span>
    </p>
   </div>
   <div class='ocr_carea' id='block_1_32' title="bbox 177 3298 640 3355">
    <p class='ocr_par' dir='ltr' id='par_1_32' title="bbox 177 3298 640 3355">
     <span class='ocr_line' id='line_1_32' title="bbox 177 3298 640 3355; baseline -0.011 0"><span class='ocrx_word' id='word_1_229' title='bbox 177 3299 391 3355; x_wconf 87' lang='lat' dir='ltr'><strong>donatus</strong></span> <span class='ocrx_word' id='word_1_230' title='bbox 411 3298 640 3355; x_wconf 81' lang='lat' dir='ltr'><strong>exierit?</strong></span> 
     </span>
    </p>
   </div>
   <div class='ocr_carea' id='block_1_33' title="bbox 232 3386 1758 3448">
    <p class='ocr_par' dir='ltr' id='par_1_33' title="bbox 232 3386 1758 3448">
     <span class='ocr_line' id='line_1_33' title="bbox 232 3386 1758 3448; baseline -0.003 -1"><span class='ocrx_word' id='word_1_231' title='bbox 232 3391 464 3448; x_wconf 78' lang='lat' dir='ltr'><strong>CAPUT</strong></span> <span class='ocrx_word' id='word_1_232' title='bbox 505 3389 597 3445; x_wconf 81' lang='lat' dir='ltr'><strong>XI.</strong></span> <span class='ocrx_word' id='word_1_233' title='bbox 625 3389 802 3446; x_wconf 79' lang='grc'><strong>-15.</strong></span> <span class='ocrx_word' id='word_1_234' title='bbox 843 3389 949 3445; x_wconf 87' lang='lat' dir='ltr'><strong>Sed</strong></span> <span class='ocrx_word' id='word_1_235' title='bbox 981 3391 1187 3444; x_wconf 86' lang='lat' dir='ltr'><strong>etiamsi</strong></span> <span class='ocrx_word' id='word_1_236' title='bbox 1228 3387 1330 3443; x_wconf 90' lang='lat' dir='ltr'><strong>hoc</strong></span> <span class='ocrx_word' id='word_1_237' title='bbox 1374 3387 1458 3442; x_wconf 83' lang='lat' dir='ltr'><strong>isti</strong></span> <span class='ocrx_word' id='word_1_238' title='bbox 1495 3386 1758 3443; x_wconf 85' lang='lat' dir='ltr'><strong>conceda-</strong></span> 
     </span>
    </p>
   </div>
   <div class='ocr_carea' id='block_1_34' title="bbox 177 3479 1754 3555">
    <p class='ocr_par' dir='ltr' id='par_1_34' title="bbox 177 3479 1754 3555">
     <span class='ocr_line' id='line_1_34' title="bbox 177 3479 1754 3555; baseline -0.003 -17"><span class='ocrx_word' id='word_1_239' title='bbox 177 3495 267 3550; x_wconf 88' lang='lat' dir='ltr'><strong>tur,</strong></span> <span class='ocrx_word' id='word_1_240' title='bbox 287 3483 435 3555; x_wconf 91' lang='lat' dir='ltr'><strong>quod</strong></span> <span class='ocrx_word' id='word_1_241' title='bbox 467 3482 614 3536; x_wconf 86' lang='lat' dir='ltr'><strong>salva</strong></span> <span class='ocrx_word' id='word_1_242' title='bbox 647 3481 749 3536; x_wconf 84' lang='lat' dir='ltr'><strong>fide</strong></span> <span class='ocrx_word' id='word_1_243' title='bbox 784 3480 1042 3536; x_wconf 85' lang='lat' dir='ltr'><strong>catholica</strong></span> <span class='ocrx_word' id='word_1_244' title='bbox 1074 3490 1129 3535; x_wconf 85' lang='lat' dir='ltr'><strong>et</strong></span> <span class='ocrx_word' id='word_1_245' title='bbox 1154 3479 1518 3536; x_wconf 75' lang='lat' dir='ltr'><strong>ecclesiastica</strong></span> <span class='ocrx_word' id='word_1_246' title='bbox 1550 3480 1754 3551; x_wconf 82' lang='lat' dir='ltr'><strong>regula,</strong></span> 
     </span>
    </p>
   </div>
   <div class='ocr_carea' id='block_1_35' title="bbox 177 3569 1758 3639">
    <p class='ocr_par' dir='ltr' id='par_1_35' title="bbox 177 3569 1758 3639">
     <span class='ocr_line' id='line_1_35' title="bbox 177 3569 1758 3639; baseline -0.003 -11"><span class='ocrx_word' id='word_1_247' title='bbox 177 3574 302 3630; x_wconf 88' lang='lat' dir='ltr'><strong>nulla</strong></span> <span class='ocrx_word' id='word_1_248' title='bbox 335 3573 548 3628; x_wconf 88' lang='lat' dir='ltr'><strong>ratione</strong></span> <span class='ocrx_word' id='word_1_249' title='bbox 578 3571 911 3638; x_wconf 80' lang='lat' dir='ltr'><strong>conceditur,</strong></span> <span class='ocrx_word' id='word_1_250' title='bbox 936 3580 993 3624; x_wconf 92' lang='lat' dir='ltr'><strong>ut</strong></span> <span class='ocrx_word' id='word_1_251' title='bbox 1020 3585 1116 3639; x_wconf 93' lang='lat' dir='ltr'><strong>pro</strong></span> <span class='ocrx_word' id='word_1_252' title='bbox 1138 3585 1242 3624; x_wconf 89' lang='lat' dir='ltr'><strong>non</strong></span> <span class='ocrx_word' id='word_1_253' title='bbox 1274 3569 1554 3639; x_wconf 74' lang='lat' dir='ltr'><strong>baptizatus</strong></span> <span class='ocrx_word' id='word_1_254' title='bbox 1585 3585 1758 3639; x_wconf 60' lang='lat' dir='ltr'><strong>cujus-</strong></span> 
     </span>
    </p>
   </div>
   <div class='ocr_carea' id='block_1_36' title="bbox 178 3661 1757 3732">
    <p class='ocr_par' dir='ltr' id='par_1_36' title="bbox 178 3661 1757 3732">
     <span class='ocr_line' id='line_1_36' title="bbox 178 3661 1757 3732; baseline -0.002 -12"><span class='ocrx_word' id='word_1_255' title='bbox 178 3665 293 3721; x_wconf 87' lang='lat' dir='ltr'><strong>libet</strong></span> <span class='ocrx_word' id='word_1_256' title='bbox 337 3665 517 3719; x_wconf 77' lang='lat' dir='ltr'><strong>aetatis</strong></span> <span class='ocrx_word' id='word_1_257' title='bbox 545 3663 848 3719; x_wconf 88' lang='lat' dir='ltr'><strong>hominibus</strong></span> <span class='ocrx_word' id='word_1_258' title='bbox 878 3661 1132 3717; x_wconf 83' lang='lat' dir='ltr'><strong>offeratur</strong></span> <span class='ocrx_word' id='word_1_259' title='bbox 1158 3661 1474 3717; x_wconf 90' lang='lat' dir='ltr'><strong>sacriﬁcium</strong></span> <span class='ocrx_word' id='word_1_260' title='bbox 1517 3663 1757 3732; x_wconf 83' lang='lat' dir='ltr'><strong>corporis</strong></span> 
     </span>
    </p>
   </div>
   <div class='ocr_carea' id='block_1_37' title="bbox 179 3753 1754 3828">
    <p class='ocr_par' dir='ltr' id='par_1_37' title="bbox 179 3753 1754 3828">
     <span class='ocr_line' id='line_1_37' title="bbox 179 3753 1754 3828; baseline -0.003 -16"><span class='ocrx_word' id='word_1_261' title='bbox 179 3767 224 3812; x_wconf 83' lang='lat' dir='ltr'><strong>et</strong></span> <span class='ocrx_word' id='word_1_262' title='bbox 241 3757 516 3828; x_wconf 75' lang='lat' dir='ltr'><strong>sanguinis</strong></span> <span class='ocrx_word' id='word_1_263' title='bbox 545 3755 765 3820; x_wconf 84' lang='lat' dir='ltr'><strong>Christi,</strong></span> <span class='ocrx_word' id='word_1_264' title='bbox 797 3765 1042 3826; x_wconf 89' lang='lat' dir='ltr'><strong>tauquam</strong></span> <span class='ocrx_word' id='word_1_265' title='bbox 1066 3768 1159 3824; x_wconf 91' lang='lat' dir='ltr'><strong>per</strong></span> <span class='ocrx_word' id='word_1_266' title='bbox 1180 3753 1479 3824; x_wconf 90' lang='lat' dir='ltr'><strong>hujusmodi</strong></span> <span class='ocrx_word' id='word_1_267' title='bbox 1508 3763 1754 3825; x_wconf 86' lang='lat' dir='ltr'><strong>pietatem</strong></span> 
     </span>
    </p>
   </div>
   <div class='ocr_carea' id='block_1_38' title="bbox 179 3847 1758 3919">
    <p class='ocr_par' dir='ltr' id='par_1_38' title="bbox 179 3847 1758 3919">
     <span class='ocr_line' id='line_1_38' title="bbox 179 3847 1758 3919; baseline -0.003 -14"><span class='ocrx_word' id='word_1_268' title='bbox 179 3866 383 3905; x_wconf 87' lang='lat' dir='ltr'><strong>suorum</strong></span> <span class='ocrx_word' id='word_1_269' title='bbox 410 3848 479 3904; x_wconf 90' lang='lat' dir='ltr'><strong>ad</strong></span> <span class='ocrx_word' id='word_1_270' title='bbox 502 3863 726 3919; x_wconf 84' lang='lat' dir='ltr'><strong>regnum</strong></span> <span class='ocrx_word' id='word_1_271' title='bbox 751 3847 1008 3902; x_wconf 75' lang='lat' dir='ltr'><strong>cmlorum</strong></span> <span class='ocrx_word' id='word_1_272' title='bbox 1036 3861 1142 3917; x_wconf 92' lang='lat' dir='ltr'><strong>quo</strong></span> <span class='ocrx_word' id='word_1_273' title='bbox 1168 3847 1478 3916; x_wconf 70' lang='lat' dir='ltr'><strong>perveniant</strong></span> <span class='ocrx_word' id='word_1_274' title='bbox 1503 3847 1758 3916; x_wconf 81' lang='lat' dir='ltr'><strong>adjuven-</strong></span> 
     </span>
    </p>
   </div>
   <div class='ocr_carea' id='block_1_39' title="bbox 180 3937 1754 4014">
    <p class='ocr_par' dir='ltr' id='par_1_39' title="bbox 180 3937 1754 4014">
     <span class='ocr_line' id='line_1_39' title="bbox 180 3937 1754 4014; baseline -0.004 -16"><span class='ocrx_word' id='word_1_275' title='bbox 180 3951 272 4008; x_wconf 85' lang='lat' dir='ltr'><strong>tur,</strong></span> <span class='ocrx_word' id='word_1_276' title='bbox 311 3941 441 4014; x_wconf 90' lang='lat' dir='ltr'><strong>quid</strong></span> <span class='ocrx_word' id='word_1_277' title='bbox 485 3955 845 4010; x_wconf 84' lang='lat' dir='ltr'><strong>responsurus</strong></span> <span class='ocrx_word' id='word_1_278' title='bbox 886 3938 1063 3994; x_wconf 83' lang='lat' dir='ltr'><strong>estde</strong></span> <span class='ocrx_word' id='word_1_279' title='bbox 1095 3947 1170 3992; x_wconf 89' lang='lat' dir='ltr'><strong>tot</strong></span> <span class='ocrx_word' id='word_1_280' title='bbox 1208 3937 1754 4003; x_wconf 70' lang='lat' dir='ltr'><strong>mitlihus’infantum,</strong></span> 
     </span>
    </p>
   </div>
   <div class='ocr_carea' id='block_1_40' title="bbox 180 4032 1758 4109">
    <p class='ocr_par' dir='ltr' id='par_1_40' title="bbox 180 4032 1758 4109">
     <span class='ocr_line' id='line_1_40' title="bbox 180 4032 1758 4109; baseline -0.004 -17"><span class='ocrx_word' id='word_1_281' title='bbox 180 4040 257 4109; x_wconf 90' lang='lat' dir='ltr'><strong>qui</strong></span> <span class='ocrx_word' id='word_1_282' title='bbox 287 4045 586 4094; x_wconf 89' lang='lat' dir='ltr'><strong>nascuntur</strong></span> <span class='ocrx_word' id='word_1_283' title='bbox 611 4051 678 4090; x_wconf 89' lang='lat' dir='ltr'><strong>ex</strong></span> <span class='ocrx_word' id='word_1_284' title='bbox 713 4034 904 4104; x_wconf 85' lang='lat' dir='ltr'><strong>impiis,</strong></span> <span class='ocrx_word' id='word_1_285' title='bbox 934 4049 1032 4089; x_wconf 87' lang='lat' dir='ltr'><strong>nec</strong></span> <span class='ocrx_word' id='word_1_286' title='bbox 1058 4033 1110 4088; x_wconf 89' lang='lat' dir='ltr'><strong>in</strong></span> <span class='ocrx_word' id='word_1_287' title='bbox 1136 4047 1324 4086; x_wconf 88' lang='lat' dir='ltr'><strong>manus</strong></span> <span class='ocrx_word' id='word_1_288' title='bbox 1355 4034 1558 4098; x_wconf 87' lang='lat' dir='ltr'><strong>piorum</strong></span> <span class='ocrx_word' id='word_1_289' title='bbox 1585 4032 1758 4102; x_wconf 81' lang='lat' dir='ltr'><strong>aliqua</strong></span> 
     </span>
    </p>
   </div>
   <div class='ocr_carea' id='block_1_41' title="bbox 178 4123 1758 4197">
    <p class='ocr_par' dir='ltr' id='par_1_41' title="bbox 178 4123 1758 4197">
     <span class='ocr_line' id='line_1_41' title="bbox 178 4123 1758 4197; baseline -0.003 -13"><span class='ocrx_word' id='word_1_290' title='bbox 178 4134 251 4187; x_wconf 74' lang='lat' dir='ltr'><strong>vel</strong></span> <span class='ocrx_word' id='word_1_291' title='bbox 275 4133 461 4187; x_wconf 86' lang='lat' dir='ltr'><strong>divina</strong></span> <span class='ocrx_word' id='word_1_292' title='bbox 492 4129 578 4185; x_wconf 88' lang='lat' dir='ltr'><strong>vel</strong></span> <span class='ocrx_word' id='word_1_293' title='bbox 610 4130 839 4184; x_wconf 89' lang='lat' dir='ltr'><strong>humana</strong></span> <span class='ocrx_word' id='word_1_294' title='bbox 879 4128 1219 4182; x_wconf 84' lang='lat' dir='ltr'><strong>miseratione</strong></span> <span class='ocrx_word' id='word_1_295' title='bbox 1243 4127 1576 4197; x_wconf 89' lang='lat' dir='ltr'><strong>perveniunt,</strong></span> <span class='ocrx_word' id='word_1_296' title='bbox 1610 4134 1664 4180; x_wconf 88' lang='lat' dir='ltr'><strong>et</strong></span> <span class='ocrx_word' id='word_1_297' title='bbox 1692 4123 1758 4180; x_wconf 92' lang='lat' dir='ltr'><strong>de</strong></span> 
     </span>
    </p>
   </div>
   <div class='ocr_carea' id='block_1_42' title="bbox 183 4216 1757 4287">
    <p class='ocr_par' dir='ltr' id='par_1_42' title="bbox 183 4216 1757 4287">
     <span class='ocr_line' id='line_1_42' title="bbox 183 4216 1757 4287; baseline -0.003 -11"><span class='ocrx_word' id='word_1_298' title='bbox 183 4223 269 4277; x_wconf 78' lang='lat' dir='ltr'><strong>iSIa</strong></span> <span class='ocrx_word' id='word_1_299' title='bbox 300 4224 407 4276; x_wconf 80' lang='lat' dir='ltr'><strong>vita</strong></span> <span class='ocrx_word' id='word_1_300' title='bbox 437 4222 490 4277; x_wconf 92' lang='lat' dir='ltr'><strong>in</strong></span> <span class='ocrx_word' id='word_1_301' title='bbox 523 4219 614 4275; x_wconf 93' lang='lat' dir='ltr'><strong>illa</strong></span> <span class='ocrx_word' id='word_1_302' title='bbox 644 4219 928 4276; x_wconf 88' lang='lat' dir='ltr'><strong>tenerrima</strong></span> <span class='ocrx_word' id='word_1_303' title='bbox 955 4227 1132 4283; x_wconf 84' lang='lat' dir='ltr'><strong>aetate,</strong></span> <span class='ocrx_word' id='word_1_304' title='bbox 1161 4219 1276 4272; x_wconf 89' lang='lat' dir='ltr'><strong>sine</strong></span> <span class='ocrx_word' id='word_1_305' title='bbox 1297 4216 1508 4271; x_wconf 84' lang='lat' dir='ltr'><strong>lavacro</strong></span> <span class='ocrx_word' id='word_1_306' title='bbox 1538 4231 1757 4287; x_wconf 83' lang='lat' dir='ltr'><strong>regene-</strong></span> 
     </span>
    </p>
   </div>
   <div class='ocr_carea' id='block_1_43' title="bbox 177 4307 1759 4380">
    <p class='ocr_par' dir='ltr' id='par_1_43' title="bbox 177 4307 1759 4380">
     <span class='ocr_line' id='line_1_43' title="bbox 177 4307 1759 4380; baseline -0.004 -12"><span class='ocrx_word' id='word_1_307' title='bbox 177 4316 388 4369; x_wconf 85' lang='lat' dir='ltr'><strong>rationis</strong></span> <span class='ocrx_word' id='word_1_308' title='bbox 413 4310 750 4368; x_wconf 81' lang='lat' dir='ltr'><strong>abscedunt?</strong></span> <span class='ocrx_word' id='word_1_309' title='bbox 778 4309 948 4378; x_wconf 83' lang='lat' dir='ltr'><strong>Dicat,</strong></span> <span class='ocrx_word' id='word_1_310' title='bbox 975 4310 1020 4364; x_wconf 78' lang='lat' dir='ltr'><strong>si</strong></span> <span class='ocrx_word' id='word_1_311' title='bbox 1043 4316 1236 4380; x_wconf 87' lang='lat' dir='ltr'><strong>potest,</strong></span> <span class='ocrx_word' id='word_1_312' title='bbox 1267 4307 1406 4362; x_wconf 90' lang='lat' dir='ltr'><strong>unde</strong></span> <span class='ocrx_word' id='word_1_313' title='bbox 1431 4317 1546 4361; x_wconf 74' lang='lat' dir='ltr'><strong>ista:</strong></span> <span class='ocrx_word' id='word_1_314' title='bbox 1566 4307 1759 4361; x_wconf 70' lang='lat' dir='ltr'><strong>animae</strong></span> 
     </span>
    </p>
   </div>
   <div class='ocr_carea' id='block_1_44' title="bbox 177 4397 1755 4476">
    <p class='ocr_par' dir='ltr' id='par_1_44' title="bbox 177 4397 1755 4476">
     <span class='ocr_line' id='line_1_44' title="bbox 177 4397 1755 4476; baseline -0.006 -16"><span class='ocrx_word' id='word_1_315' title='bbox 177 4406 246 4460; x_wconf 80' lang='lat' dir='ltr'><strong>sic</strong></span> <span class='ocrx_word' id='word_1_316' title='bbox 270 4403 603 4476; x_wconf 88' lang='lat' dir='ltr'><strong>peccatrices</strong></span> <span class='ocrx_word' id='word_1_317' title='bbox 634 4401 746 4458; x_wconf 91' lang='lat' dir='ltr'><strong>ﬁeri</strong></span> <span class='ocrx_word' id='word_1_318' title='bbox 793 4409 1122 4468; x_wconf 89' lang='lat' dir='ltr'><strong>meruerunt,</strong></span> <span class='ocrx_word' id='word_1_319' title='bbox 1162 4409 1220 4454; x_wconf 87' lang='lat' dir='ltr'><strong>ut</strong></span> <span class='ocrx_word' id='word_1_320' title='bbox 1253 4414 1281 4452; x_wconf 87' lang='lat' dir='ltr'><strong>a</strong></span> <span class='ocrx_word' id='word_1_321' title='bbox 1311 4407 1529 4467; x_wconf 82' lang='lat' dir='ltr'><strong>peccato</strong></span> <span class='ocrx_word' id='word_1_322' title='bbox 1569 4397 1755 4452; x_wconf 83' lang='lat' dir='ltr'><strong>saltem</strong></span> 
     </span>
    </p>
   </div>
   <div class='ocr_carea' id='block_1_45' title="bbox 175 4477 1758 4568">
    <p class='ocr_par' dir='ltr' id='par_1_45' title="bbox 175 4477 1758 4568">
     <span class='ocr_line' id='line_1_45' title="bbox 175 4477 1758 4568; baseline -0.006 -16"><span class='ocrx_word' id='word_1_323' title='bbox 175 4511 264 4552; x_wconf 77' lang='lat' dir='ltr'><strong>nec</strong></span> <span class='ocrx_word' id='word_1_324' title='bbox 291 4505 476 4568; x_wconf 85' lang='lat' dir='ltr'><strong>postea</strong></span> <span class='ocrx_word' id='word_1_325' title='bbox 517 4477 830 4550; x_wconf 80' lang='lat' dir='ltr'><strong>liberentur.</strong></span> <span class='ocrx_word' id='word_1_326' title='bbox 877 4491 932 4549; x_wconf 91' lang='lat' dir='ltr'><strong>Si</strong></span> <span class='ocrx_word' id='word_1_327' title='bbox 979 4491 1123 4546; x_wconf 90' lang='lat' dir='ltr'><strong>enim</strong></span> <span class='ocrx_word' id='word_1_328' title='bbox 1167 4507 1426 4561; x_wconf 75' lang='lat' dir='ltr'><strong>quan-am,</strong></span> <span class='ocrx_word' id='word_1_329' title='bbox 1457 4504 1622 4560; x_wconf 88' lang='lat' dir='ltr'><strong>quare</strong></span> <span class='ocrx_word' id='word_1_330' title='bbox 1661 4488 1758 4543; x_wconf 82' lang='lat' dir='ltr'><strong>da-</strong></span> 
     </span>
    </p>
   </div>
   <div class='ocr_carea' id='block_1_46' title="bbox 174 4581 1760 4656">
    <p class='ocr_par' dir='ltr' id='par_1_46' title="bbox 174 4581 1760 4656">
     <span class='ocr_line' id='line_1_46' title="bbox 174 4581 1760 4656; baseline -0.006 -10"><span class='ocrx_word' id='word_1_331' title='bbox 174 4591 338 4646; x_wconf 87' lang='lat' dir='ltr'><strong>mnari</strong></span> <span class='ocrx_word' id='word_1_332' title='bbox 367 4595 704 4654; x_wconf 82' lang='lat' dir='ltr'><strong>mereantur,</strong></span> <span class='ocrx_word' id='word_1_333' title='bbox 727 4586 772 4641; x_wconf 88' lang='lat' dir='ltr'><strong>si</strong></span> <span class='ocrx_word' id='word_1_334' title='bbox 801 4601 906 4641; x_wconf 92' lang='lat' dir='ltr'><strong>non</strong></span> <span class='ocrx_word' id='word_1_335' title='bbox 947 4584 1317 4656; x_wconf 83' lang='lat' dir='ltr'><strong>baptizautur;</strong></span> <span class='ocrx_word' id='word_1_336' title='bbox 1351 4591 1496 4638; x_wconf 89' lang='lat' dir='ltr'><strong>recte</strong></span> <span class='ocrx_word' id='word_1_337' title='bbox 1521 4581 1649 4637; x_wconf 91' lang='lat' dir='ltr'><strong>mihi</strong></span> <span class='ocrx_word' id='word_1_338' title='bbox 1676 4596 1760 4636; x_wconf 83' lang='lat' dir='ltr'><strong>re-</strong></span> 
     </span>
    </p>
   </div>
   <div class='ocr_carea' id='block_1_47' title="bbox 175 4673 1760 4752">
    <p class='ocr_par' dir='ltr' id='par_1_47' title="bbox 175 4673 1760 4752">
     <span class='ocr_line' id='line_1_47' title="bbox 175 4673 1760 4752; baseline -0.006 -16"><span class='ocrx_word' id='word_1_339' title='bbox 175 4682 485 4752; x_wconf 78' lang='lat' dir='ltr'><strong>spondelur,</strong></span> <span class='ocrx_word' id='word_1_340' title='bbox 515 4687 734 4749; x_wconf 87' lang='lat' dir='ltr'><strong>propter</strong></span> <span class='ocrx_word' id='word_1_341' title='bbox 766 4676 1022 4748; x_wconf 79' lang='lat' dir='ltr'><strong>originale</strong></span> <span class='ocrx_word' id='word_1_342' title='bbox 1043 4682 1339 4747; x_wconf 90' lang='lat' dir='ltr'><strong>peccatum.</strong></span> <span class='ocrx_word' id='word_1_343' title='bbox 1376 4673 1505 4729; x_wconf 89' lang='lat' dir='ltr'><strong>Item</strong></span> <span class='ocrx_word' id='word_1_344' title='bbox 1545 4674 1589 4728; x_wconf 91' lang='lat' dir='ltr'><strong>si</strong></span> <span class='ocrx_word' id='word_1_345' title='bbox 1617 4688 1760 4745; x_wconf 72' lang='lat' dir='ltr'><strong>quae-</strong></span> 
     </span>
    </p>
   </div>
   <div class='ocr_carea' id='block_1_48' title="bbox 174 4767 1761 4840">
    <p class='ocr_par' dir='ltr' id='par_1_48' title="bbox 174 4767 1761 4840">
     <span class='ocr_line' id='line_1_48' title="bbox 174 4767 1761 4840; baseline -0.006 -10"><span class='ocrx_word' id='word_1_346' title='bbox 174 4789 301 4840; x_wconf 71' lang='lat' dir='ltr'><strong>ram,</strong></span> <span class='ocrx_word' id='word_1_347' title='bbox 336 4771 480 4828; x_wconf 89' lang='lat' dir='ltr'><strong>unde</strong></span> <span class='ocrx_word' id='word_1_348' title='bbox 505 4770 766 4826; x_wconf 88' lang='lat' dir='ltr'><strong>traxerint</strong></span> <span class='ocrx_word' id='word_1_349' title='bbox 794 4769 1050 4838; x_wconf 84' lang='lat' dir='ltr'><strong>originale</strong></span> <span class='ocrx_word' id='word_1_350' title='bbox 1071 4776 1380 4836; x_wconf 89' lang='lat' dir='ltr'><strong>peccatum;</strong></span> <span class='ocrx_word' id='word_1_351' title='bbox 1410 4767 1512 4820; x_wconf 91' lang='lat' dir='ltr'><strong>iste</strong></span> <span class='ocrx_word' id='word_1_352' title='bbox 1539 4779 1761 4836; x_wconf 85' lang='lat' dir='ltr'><strong>respon-</strong></span> 
     </span>
    </p>
   </div>
   <div class='ocr_carea' id='block_1_49' title="bbox 175 4857 1756 4932">
    <p class='ocr_par' dir='ltr' id='par_1_49' title="bbox 175 4857 1756 4932">
     <span class='ocr_line' id='line_1_49' title="bbox 175 4857 1756 4932; baseline -0.007 -13"><span class='ocrx_word' id='word_1_353' title='bbox 175 4863 333 4932; x_wconf 85' lang='lat' dir='ltr'><strong>debit,</strong></span> <span class='ocrx_word' id='word_1_354' title='bbox 375 4880 443 4920; x_wconf 82' lang='lat' dir='ltr'><strong>ex</strong></span> <span class='ocrx_word' id='word_1_355' title='bbox 480 4877 646 4917; x_wconf 75' lang='lat' dir='ltr'><strong>carne</strong></span> <span class='ocrx_word' id='word_1_356' title='bbox 684 4861 863 4930; x_wconf 87' lang='lat' dir='ltr'><strong>utique</strong></span> <span class='ocrx_word' id='word_1_357' title='bbox 904 4857 1216 4929; x_wconf 88' lang='lat' dir='ltr'><strong>peccatrice.</strong></span> <span class='ocrx_word' id='word_1_358' title='bbox 1254 4857 1309 4912; x_wconf 81' lang='lat' dir='ltr'><strong>Si</strong></span> <span class='ocrx_word' id='word_1_359' title='bbox 1341 4870 1467 4925; x_wconf 87' lang='lat' dir='ltr'><strong>ergo</strong></span> <span class='ocrx_word' id='word_1_360' title='bbox 1501 4871 1756 4924; x_wconf 72' lang='lat' dir='ltr'><strong>qumram,</strong></span> 
     </span>
    </p>
   </div>
   <div class='ocr_carea' id='block_1_50' title="bbox 174 4949 1760 5021">
    <p class='ocr_par' dir='ltr' id='par_1_50' title="bbox 174 4949 1760 5021">
     <span class='ocr_line' id='line_1_50' title="bbox 174 4949 1760 5021; baseline -0.007 -9"><span class='ocrx_word' id='word_1_361' title='bbox 174 4959 309 5014; x_wconf 87' lang='lat' dir='ltr'><strong>unde</strong></span> <span class='ocrx_word' id='word_1_362' title='bbox 338 4957 584 5012; x_wconf 87' lang='lat' dir='ltr'><strong>damnari</strong></span> <span class='ocrx_word' id='word_1_363' title='bbox 612 4954 906 5010; x_wconf 88' lang='lat' dir='ltr'><strong>meruerint</strong></span> <span class='ocrx_word' id='word_1_364' title='bbox 929 4952 978 5006; x_wconf 92' lang='lat' dir='ltr'><strong>in</strong></span> <span class='ocrx_word' id='word_1_365' title='bbox 1003 4949 1352 5021; x_wconf 87' lang='lat' dir='ltr'><strong>peccatricem</strong></span> <span class='ocrx_word' id='word_1_366' title='bbox 1375 4962 1613 5013; x_wconf 83' lang='lat' dir='ltr'><strong>carnem,</strong></span> <span class='ocrx_word' id='word_1_367' title='bbox 1643 4964 1760 5012; x_wconf 72' lang='lat' dir='ltr'><strong>qua:</strong></span> 
     </span>
    </p>
   </div>
   <div class='ocr_carea' id='block_1_51' title="bbox 172 5039 1760 5108">
    <p class='ocr_par' dir='ltr' id='par_1_51' title="bbox 172 5039 1760 5108">
     <span class='ocr_line' id='line_1_51' title="bbox 172 5039 1760 5108; baseline -0.007 -4"><span class='ocrx_word' id='word_1_368' title='bbox 172 5051 298 5105; x_wconf 90' lang='lat' dir='ltr'><strong>nihil</strong></span> <span class='ocrx_word' id='word_1_369' title='bbox 344 5050 472 5104; x_wconf 88' lang='lat' dir='ltr'><strong>tnali</strong></span> <span class='ocrx_word' id='word_1_370' title='bbox 501 5047 740 5102; x_wconf 83' lang='lat' dir='ltr'><strong>fecerant</strong></span> <span class='ocrx_word' id='word_1_371' title='bbox 786 5054 908 5099; x_wconf 91' lang='lat' dir='ltr'><strong>ante</strong></span> <span class='ocrx_word' id='word_1_372' title='bbox 948 5057 1198 5108; x_wconf 86' lang='lat' dir='ltr'><strong>carnem;</strong></span> <span class='ocrx_word' id='word_1_373' title='bbox 1235 5041 1320 5095; x_wconf 92' lang='lat' dir='ltr'><strong>hic</strong></span> <span class='ocrx_word' id='word_1_374' title='bbox 1362 5039 1596 5094; x_wconf 88' lang='lat' dir='ltr'><strong>inveniat</strong></span> <span class='ocrx_word' id='word_1_375' title='bbox 1633 5040 1760 5108; x_wconf 89' lang='lat' dir='ltr'><strong>quid</strong></span> 
     </span>
    </p>
   </div>
   <div class='ocr_carea' id='block_1_52' title="bbox 172 5134 1761 5213">
    <p class='ocr_par' dir='ltr' id='par_1_52' title="bbox 172 5134 1761 5213">
     <span class='ocr_line' id='line_1_52' title="bbox 172 5134 1761 5213; baseline -0.008 -15"><span class='ocrx_word' id='word_1_376' title='bbox 172 5141 565 5213; x_wconf 77' lang='lat' dir='ltr'><strong>respondeat&#39;;</strong></span> <span class='ocrx_word' id='word_1_377' title='bbox 620 5149 675 5194; x_wconf 91' lang='lat' dir='ltr'><strong>et</strong></span> <span class='ocrx_word' id='word_1_378' title='bbox 714 5140 791 5193; x_wconf 88' lang='lat' dir='ltr'><strong>sic</strong></span> <span class='ocrx_word' id='word_1_379' title='bbox 815 5137 1057 5193; x_wconf 90' lang='lat' dir='ltr'><strong>damnari</strong></span> <span class='ocrx_word' id='word_1_380' title='bbox 1087 5135 1151 5190; x_wconf 89' lang='lat' dir='ltr'><strong>ad</strong></span> <span class='ocrx_word' id='word_1_381' title='bbox 1182 5134 1471 5189; x_wconf 90' lang='lat' dir='ltr'><strong>alienorum</strong></span> <span class='ocrx_word' id='word_1_382' title='bbox 1514 5143 1761 5202; x_wconf 84' lang='lat' dir='ltr'><strong>peccato-</strong></span> 
     </span>
    </p>
   </div>
   <div class='ocr_carea' id='block_1_53' title="bbox 170 5225 1763 5300">
    <p class='ocr_par' dir='ltr' id='par_1_53' title="bbox 170 5225 1763 5300">
     <span class='ocr_line' id='line_1_53' title="bbox 170 5225 1763 5300; baseline -0.009 -9"><span class='ocrx_word' id='word_1_383' title='bbox 170 5252 282 5291; x_wconf 87' lang='lat' dir='ltr'><strong>rum</strong></span> <span class='ocrx_word' id='word_1_384' title='bbox 326 5232 602 5290; x_wconf 87' lang='lat' dir='ltr'><strong>subeunda</strong></span> <span class='ocrx_word' id='word_1_385' title='bbox 637 5229 902 5300; x_wconf 85' lang='lat' dir='ltr'><strong>contagia,</strong></span> <span class='ocrx_word' id='word_1_386' title='bbox 953 5237 1013 5284; x_wconf 92' lang='lat' dir='ltr'><strong>ut</strong></span> <span class='ocrx_word' id='word_1_387' title='bbox 1050 5242 1151 5282; x_wconf 89' lang='lat' dir='ltr'><strong>nec</strong></span> <span class='ocrx_word' id='word_1_388' title='bbox 1181 5225 1445 5294; x_wconf 86' lang='lat' dir='ltr'><strong>Baptisma</strong></span> <span class='ocrx_word' id='word_1_389' title='bbox 1484 5233 1763 5293; x_wconf 86' lang='lat' dir='ltr'><strong>regeneret</strong></span> 
     </span>
    </p>
   </div>
   <div class='ocr_carea' id='block_1_54' title="bbox 169 5311 1762 5396">
    <p class='ocr_par' dir='ltr' id='par_1_54' title="bbox 169 5311 1762 5396">
     <span class='ocr_line' id='line_1_54' title="bbox 169 5311 1762 5396; baseline -0.01 -13"><span class='ocrx_word' id='word_1_390' title='bbox 169 5329 306 5382; x_wconf 88' lang='lat' dir='ltr'><strong>male</strong></span> <span class='ocrx_word' id='word_1_391' title='bbox 337 5333 640 5396; x_wconf 82' lang='lat' dir='ltr'><strong>generatos,</strong></span> <span class='ocrx_word' id='word_1_392' title='bbox 690 5336 790 5377; x_wconf 92' lang='lat' dir='ltr'><strong>nec</strong></span> <span class='ocrx_word' id='word_1_393' title='bbox 814 5320 1068 5377; x_wconf 63' lang='lat' dir='ltr'><strong>sacviﬁcia</strong></span> <span class='ocrx_word' id='word_1_394' title='bbox 1097 5317 1313 5387; x_wconf 76' lang='lat' dir='ltr'><strong>eripient</strong></span> <span class='ocrx_word' id='word_1_395' title='bbox 1338 5315 1658 5384; x_wconf 85' lang='lat' dir='ltr'><strong>inquinatos.</strong></span> <span class='ocrx_word' id='word_1_396' title='bbox 1688 5311 1762 5368; x_wconf 89' lang='lat' dir='ltr'><strong>Ibi</strong></span> 
     </span>
    </p>
   </div>
   <div class='ocr_carea' id='block_1_55' title="bbox 167 5404 1763 5483">
    <p class='ocr_par' dir='ltr' id='par_1_55' title="bbox 167 5404 1763 5483">
     <span class='ocr_line' id='line_1_55' title="bbox 167 5404 1763 5483; baseline -0.011 -8"><span class='ocrx_word' id='word_1_397' title='bbox 167 5420 310 5475; x_wconf 78' lang='lat' dir='ltr'><strong>enim</strong></span> <span class='ocrx_word' id='word_1_398' title='bbox 344 5429 396 5474; x_wconf 91' lang='lat' dir='ltr'><strong>et</strong></span> <span class='ocrx_word' id='word_1_399' title='bbox 442 5418 508 5474; x_wconf 89' lang='lat' dir='ltr'><strong>de</strong></span> <span class='ocrx_word' id='word_1_400' title='bbox 541 5414 735 5470; x_wconf 89' lang='lat' dir='ltr'><strong>talibus</strong></span> <span class='ocrx_word' id='word_1_401' title='bbox 780 5411 833 5466; x_wconf 92' lang='lat' dir='ltr'><strong>hi</strong></span> <span class='ocrx_word' id='word_1_402' title='bbox 862 5409 1070 5483; x_wconf 76' lang='lat' dir='ltr'><strong>parvuli</strong></span> <span class='ocrx_word' id='word_1_403' title='bbox 1111 5409 1217 5463; x_wconf 92' lang='lat' dir='ltr'><strong>nati</strong></span> <span class='ocrx_word' id='word_1_404' title='bbox 1264 5414 1410 5471; x_wconf 90' lang='lat' dir='ltr'><strong>sunt,</strong></span> <span class='ocrx_word' id='word_1_405' title='bbox 1450 5407 1561 5460; x_wconf 90' lang='lat' dir='ltr'><strong>sive</strong></span> <span class='ocrx_word' id='word_1_406' title='bbox 1591 5404 1763 5459; x_wconf 87' lang='lat' dir='ltr'><strong>adhuc</strong></span> 
     </span>
    </p>
   </div>
   <div class='ocr_carea' id='block_1_56' title="bbox 171 5496 1764 5585">
    <p class='ocr_par' dir='ltr' id='par_1_56' title="bbox 171 5496 1764 5585">
     <span class='ocr_line' id='line_1_56' title="bbox 171 5496 1764 5585; baseline -0.011 -17"><span class='ocrx_word' id='word_1_407' title='bbox 171 5529 344 5585; x_wconf 88' lang='lat' dir='ltr'><strong>usque</strong></span> <span class='ocrx_word' id='word_1_408' title='bbox 383 5519 700 5571; x_wconf 85' lang='lat' dir='ltr'><strong>nascuntur,</strong></span> <span class='ocrx_word' id='word_1_409' title='bbox 751 5515 808 5561; x_wconf 89' lang='lat' dir='ltr'><strong>ut</strong></span> <span class='ocrx_word' id='word_1_410' title='bbox 855 5505 936 5560; x_wconf 89' lang='lat' dir='ltr'><strong>eis</strong></span> <span class='ocrx_word' id='word_1_411' title='bbox 984 5502 1129 5557; x_wconf 91' lang='lat' dir='ltr'><strong>nullo</strong></span> <span class='ocrx_word' id='word_1_412' title='bbox 1172 5500 1261 5556; x_wconf 89' lang='lat' dir='ltr'><strong>tali</strong></span> <span class='ocrx_word' id='word_1_413' title='bbox 1291 5498 1459 5568; x_wconf 88' lang='lat' dir='ltr'><strong>possit</strong></span> <span class='ocrx_word' id='word_1_414' title='bbox 1501 5496 1764 5566; x_wconf 87' lang='lat' dir='ltr'><strong>adjutorio</strong></span> 
     </span>
    </p>
   </div>
   <div class='ocr_carea' id='block_1_57' title="bbox 169 5591 1761 5667">
    <p class='ocr_par' dir='ltr' id='par_1_57' title="bbox 169 5591 1761 5667">
     <span class='ocr_line' id='line_1_57' title="bbox 169 5591 1761 5667; baseline -0.012 -4"><span class='ocrx_word' id='word_1_415' title='bbox 169 5607 468 5664; x_wconf 78' lang='lat' dir='ltr'><strong>subveniri.</strong></span> <span class='ocrx_word' id='word_1_416' title='bbox 503 5603 602 5660; x_wconf 88' lang='lat' dir='ltr'><strong>IIic</strong></span> <span class='ocrx_word' id='word_1_417' title='bbox 643 5613 786 5655; x_wconf 81' lang='lat' dir='ltr'><strong>certe</strong></span> <span class='ocrx_word' id='word_1_418' title='bbox 812 5599 988 5654; x_wconf 93' lang='lat' dir='ltr'><strong>omnis</strong></span> <span class='ocrx_word' id='word_1_419' title='bbox 1013 5595 1401 5667; x_wconf 86' lang='lat' dir='ltr'><strong>argumentatio</strong></span> <span class='ocrx_word' id='word_1_420' title='bbox 1423 5591 1618 5646; x_wconf 82' lang='lat' dir='ltr'><strong>deﬁcit.</strong></span> <span class='ocrx_word' id='word_1_421' title='bbox 1649 5591 1761 5645; x_wconf 84' lang='lat' dir='ltr'><strong>Non</strong></span> 
     </span>
    </p>
   </div>
   <div class='ocr_carea' id='block_1_58' title="bbox 168 5685 1768 5768">
    <p class='ocr_par' dir='ltr' id='par_1_58' title="bbox 168 5685 1768 5768">
     <span class='ocr_line' id='line_1_58' title="bbox 168 5685 1768 5768; baseline -0.013 -11"><span class='ocrx_word' id='word_1_422' title='bbox 168 5702 313 5756; x_wconf 84' lang='lat' dir='ltr'><strong>enim</strong></span> <span class='ocrx_word' id='word_1_423' title='bbox 337 5697 651 5768; x_wconf 66' lang='lat' dir='ltr'><strong>qumrimus,</strong></span> <span class='ocrx_word' id='word_1_424' title='bbox 680 5691 822 5746; x_wconf 89' lang='lat' dir='ltr'><strong>unde</strong></span> <span class='ocrx_word' id='word_1_425' title='bbox 849 5690 1040 5744; x_wconf 74' lang='lat' dir='ltr'><strong>anima:</strong></span> <span class='ocrx_word' id='word_1_426' title='bbox 1070 5686 1307 5742; x_wconf 89' lang='lat' dir='ltr'><strong>damnari</strong></span> <span class='ocrx_word' id='word_1_427' title='bbox 1337 5685 1626 5738; x_wconf 88' lang='lat' dir='ltr'><strong>meruerint</strong></span> <span class='ocrx_word' id='word_1_428' title='bbox 1646 5692 1768 5753; x_wconf 83' lang='lat' dir='ltr'><strong>post</strong></span> 
     </span>
    </p>
   </div>
   <div class='ocr_carea' id='block_1_59' title="bbox 231 5793 1768 5867">
    <p class='ocr_par' dir='ltr' id='par_1_59' title="bbox 231 5793 1768 5867">
     <span class='ocr_line' id='line_1_59' title="bbox 231 5793 1768 5867; baseline -0.01 -8"><span class='ocrx_word' id='word_1_429' title='bbox 231 5813 249 5844; x_wconf 78' lang='grc' dir='ltr'><strong>ι</strong></span> <span class='ocrx_word' id='word_1_430' title='bbox 290 5809 463 5860; x_wconf 80' lang='lat' dir='ltr'><strong>tstha:c</strong></span> <span class='ocrx_word' id='word_1_431' title='bbox 487 5806 675 5866; x_wconf 84' lang='lat' dir='ltr'><strong>verba,</strong></span> <span class='ocrx_word' id='word_1_432' title='bbox 720 5799 797 5852; x_wconf 77' lang='lat' dir='ltr'><strong>hic</strong></span> <span class='ocrx_word' id='word_1_433' title='bbox 820 5798 1026 5867; x_wconf 67' lang='lat' dir='ltr'><strong>inpertiet</strong></span> <span class='ocrx_word' id='word_1_434' title='bbox 1049 5797 1490 5867; x_wconf 40' lang='lat' dir='ltr'><strong>quid‘respondeat,</strong></span> <span class='ocrx_word' id='word_1_435' title='bbox 1529 5793 1768 5867; x_wconf 81' lang='lat' dir='ltr'><strong>nonnullis</strong></span> 
     </span>
    </p>
   </div>
   <div class='ocr_carea' id='block_1_60' title="bbox 167 5859 1767 5933">
    <p class='ocr_par' dir='ltr' id='par_1_60' title="bbox 167 5859 1767 5933">
     <span class='ocr_line' id='line_1_60' title="bbox 167 5859 1767 5933; baseline -0.011 -9"><span class='ocrx_word' id='word_1_436' title='bbox 167 5873 218 5924; x_wconf 60' lang='grc' dir='ltr'><strong>ἡ</strong></span> <span class='ocrx_word' id='word_1_437' title='bbox 253 5859 604 5933; x_wconf 71' lang='lat' dir='ltr'><strong>manme</strong></span> <span class='ocrx_word' id='word_1_438' title='bbox 645 5859 930 5929; x_wconf 70' lang='lat' dir='ltr'><strong>transposita</strong></span> <span class='ocrx_word' id='word_1_439' title='bbox 972 5859 1085 5913; x_wconf 78' lang='lat' dir='ltr'><strong>sunt</strong></span> <span class='ocrx_word' id='word_1_440' title='bbox 1120 5859 1239 5912; x_wconf 83' lang='lat' dir='ltr'><strong>infra</strong></span> <span class='ocrx_word' id='word_1_441' title='bbox 1270 5859 1423 5924; x_wconf 76' lang='lat' dir='ltr'><strong>post,</strong></span> <span class='ocrx_word' id='word_1_442' title='bbox 1462 5859 1653 5924; x_wconf 76' lang='lat' dir='ltr'><strong>expiem</strong></span> <span class='ocrx_word' id='word_1_443' title='bbox 1693 5859 1767 5907; x_wconf 82' lang='lat' dir='ltr'><strong>in-</strong></span> 
     </span>
    </p>
   </div>
   <div class='ocr_carea' id='block_1_61' title="bbox 1558 411 2068 473">
    <p class='ocr_par' dir='ltr' id='par_1_61' title="bbox 1558 411 2068 473">
     <span class='ocr_line' id='line_1_61' title="bbox 1558 411 2068 473; baseline 0.002 -5"><span class='ocrx_word' id='word_1_444' title='bbox 1558 412 1758 469; x_wconf 82' lang='lat' dir='ltr'><strong>LIBER</strong></span> <span class='ocrx_word' id='word_1_445' title='bbox 1798 411 2068 473; x_wconf 77' lang='lat' dir='ltr'><strong>PRIMUS.</strong></span> 
     </span>
    </p>
   </div>
   <div class='ocr_carea' id='block_1_62' title="bbox 1878 534 3452 621">
    <p class='ocr_par' dir='ltr' id='par_1_62' title="bbox 1878 534 3452 621">
     <span class='ocr_line' id='line_1_62' title="bbox 1878 534 3452 621; baseline 0.017 -35"><span class='ocrx_word' id='word_1_446' title='bbox 1878 534 2054 589; x_wconf 90' lang='lat' dir='ltr'><strong>carnis</strong></span> <span class='ocrx_word' id='word_1_447' title='bbox 2093 539 2419 595; x_wconf 88' lang='lat' dir='ltr'><strong>consortium</strong></span> <span class='ocrx_word' id='word_1_448' title='bbox 2461 545 2770 613; x_wconf 85' lang='lat' dir='ltr'><strong>peccatricis</strong></span> <span class='ocrx_word' id='word_1_449' title='bbox 2797 564 2810 602; x_wconf 90' lang='lat'>:</span> <span class='ocrx_word' id='word_1_450' title='bbox 2837 547 2932 604; x_wconf 89' lang='lat' dir='ltr'><strong>sed</strong></span> <span class='ocrx_word' id='word_1_451' title='bbox 2961 552 3271 621; x_wconf 74' lang='lat' dir='ltr'><strong>quaerimus,</strong></span> <span class='ocrx_word' id='word_1_452' title='bbox 3310 553 3452 612; x_wconf 87' lang='lat' dir='ltr'><strong>unde</strong></span> 
     </span>
    </p>
   </div>
   <div class='ocr_carea' id='block_1_63' title="bbox 1873 622 3445 701">
    <p class='ocr_par' dir='ltr' id='par_1_63' title="bbox 1873 622 3445 701">
     <span class='ocr_line' id='line_1_63' title="bbox 1873 622 3445 701; baseline 0.015 -24"><span class='ocrx_word' id='word_1_453' title='bbox 1873 624 2064 680; x_wconf 69' lang='lat' dir='ltr'><strong>animae</strong></span> <span class='ocrx_word' id='word_1_454' title='bbox 2089 625 2328 684; x_wconf 89' lang='lat' dir='ltr'><strong>damnari</strong></span> <span class='ocrx_word' id='word_1_455' title='bbox 2350 635 2640 690; x_wconf 90' lang='lat' dir='ltr'><strong>meruerint</strong></span> <span class='ocrx_word' id='word_1_456' title='bbox 2665 635 2732 692; x_wconf 88' lang='lat' dir='ltr'><strong>ad</strong></span> <span class='ocrx_word' id='word_1_457' title='bbox 2760 622 3089 696; x_wconf 87' lang='lat' dir='ltr'><strong>subeundum</strong></span> <span class='ocrx_word' id='word_1_458' title='bbox 3115 644 3293 698; x_wconf 92' lang='lat' dir='ltr'><strong>carnis</strong></span> <span class='ocrx_word' id='word_1_459' title='bbox 3311 659 3445 701; x_wconf 90' lang='lat' dir='ltr'><strong>con-</strong></span> 
     </span>
    </p>
   </div>
   <div class='ocr_carea' id='block_1_64' title="bbox 1872 717 3450 801">
    <p class='ocr_par' dir='ltr' id='par_1_64' title="bbox 1872 717 3450 801">
     <span class='ocr_line' id='line_1_64' title="bbox 1872 717 3450 801; baseline 0.016 -30"><span class='ocrx_word' id='word_1_460' title='bbox 1872 717 2094 774; x_wconf 88' lang='lat' dir='ltr'><strong>sortium</strong></span> <span class='ocrx_word' id='word_1_461' title='bbox 2123 723 2453 792; x_wconf 87' lang='lat' dir='ltr'><strong>peccatricis,</strong></span> <span class='ocrx_word' id='word_1_462' title='bbox 2486 727 2684 784; x_wconf 90' lang='lat' dir='ltr'><strong>nullum</strong></span> <span class='ocrx_word' id='word_1_463' title='bbox 2725 740 2998 801; x_wconf 87' lang='lat' dir='ltr'><strong>peceatum</strong></span> <span class='ocrx_word' id='word_1_464' title='bbox 3029 734 3286 794; x_wconf 90' lang='lat' dir='ltr'><strong>habentes</strong></span> <span class='ocrx_word' id='word_1_465' title='bbox 3323 747 3450 796; x_wconf 84' lang='lat' dir='ltr'><strong>ante</strong></span> 
     </span>
    </p>
   </div>
   <div class='ocr_carea' id='block_1_65' title="bbox 1871 811 3445 900">
    <p class='ocr_par' dir='ltr' id='par_1_65' title="bbox 1871 811 3445 900">
     <span class='ocr_line' id='line_1_65' title="bbox 1871 811 3445 900; baseline 0.013 -34"><span class='ocrx_word' id='word_1_466' title='bbox 1871 811 2049 866; x_wconf 89' lang='lat' dir='ltr'><strong>carnis</strong></span> <span class='ocrx_word' id='word_1_467' title='bbox 2078 815 2403 871; x_wconf 90' lang='lat' dir='ltr'><strong>consortium</strong></span> <span class='ocrx_word' id='word_1_468' title='bbox 2457 821 2785 888; x_wconf 90' lang='lat' dir='ltr'><strong>peccatricis.</strong></span> <span class='ocrx_word' id='word_1_469' title='bbox 2827 823 2944 880; x_wconf 84' lang='lat' dir='ltr'><strong>Non</strong></span> <span class='ocrx_word' id='word_1_470' title='bbox 2990 839 3072 883; x_wconf 87' lang='lat' dir='ltr'><strong>est</strong></span> <span class='ocrx_word' id='word_1_471' title='bbox 3113 836 3173 884; x_wconf 93' lang='lat' dir='ltr'><strong>ut</strong></span> <span class='ocrx_word' id='word_1_472' title='bbox 3219 830 3445 900; x_wconf 90' lang='lat' dir='ltr'><strong>dicatur,</strong></span> 
     </span>
    </p>
   </div>
   <div class='ocr_carea' id='block_1_66' title="bbox 1877 903 3449 989">
    <p class='ocr_par' dir='ltr' id='par_1_66' title="bbox 1877 903 3449 989">
     <span class='ocr_line' id='line_1_66' title="bbox 1877 903 3449 989; baseline 0.016 -34"><span class='ocrx_word' id='word_1_473' title='bbox 1877 921 1896 955; x_wconf 73' lang='grc' dir='ltr'><strong>ι</strong></span> <span class='ocrx_word' id='word_1_474' title='bbox 1923 903 2065 961; x_wconf 84' lang='lat' dir='ltr'><strong>Nihil</strong></span> <span class='ocrx_word' id='word_1_475' title='bbox 2086 905 2164 963; x_wconf 90' lang='lat' dir='ltr'><strong>eis</strong></span> <span class='ocrx_word' id='word_1_476' title='bbox 2182 908 2354 965; x_wconf 87' lang='lat' dir='ltr'><strong>obfuit</strong></span> <span class='ocrx_word' id='word_1_477' title='bbox 2373 911 2533 966; x_wconf 90' lang='lat' dir='ltr'><strong>alieni</strong></span> <span class='ocrx_word' id='word_1_478' title='bbox 2550 916 2752 983; x_wconf 83' lang='lat' dir='ltr'><strong>peccati</strong></span> <span class='ocrx_word' id='word_1_479' title='bbox 2775 918 3040 989; x_wconf 88' lang='lat' dir='ltr'><strong>paulisper</strong></span> <span class='ocrx_word' id='word_1_480' title='bbox 3059 925 3449 980; x_wconf 84' lang='lat' dir='ltr'><strong>communicata</strong></span> 
     </span>
    </p>
   </div>
   <div class='ocr_carea' id='block_1_67' title="bbox 1869 997 3450 1084">
    <p class='ocr_par' dir='ltr' id='par_1_67' title="bbox 1869 997 3450 1084">
     <span class='ocr_line' id='line_1_67' title="bbox 1869 997 3450 1084; baseline 0.015 -35"><span class='ocrx_word' id='word_1_481' title='bbox 1869 997 2136 1068; x_wconf 87' lang='lat' dir='ltr'><strong>contagio,</strong></span> <span class='ocrx_word' id='word_1_482' title='bbox 2164 1000 2358 1071; x_wconf 89' lang='lat' dir='ltr'><strong>quibus</strong></span> <span class='ocrx_word' id='word_1_483' title='bbox 2379 1001 2433 1059; x_wconf 90' lang='lat' dir='ltr'><strong>in</strong></span> <span class='ocrx_word' id='word_1_484' title='bbox 2463 1003 2557 1059; x_wconf 89' lang='lat' dir='ltr'><strong>Dei</strong></span> <span class='ocrx_word' id='word_1_485' title='bbox 2581 1007 2918 1076; x_wconf 80' lang='lat' dir='ltr'><strong>praescientia</strong></span> <span class='ocrx_word' id='word_1_486' title='bbox 2943 1009 3116 1069; x_wconf 88' lang='lat' dir='ltr'><strong>fuerat</strong></span> <span class='ocrx_word' id='word_1_487' title='bbox 3139 1025 3321 1084; x_wconf 89' lang='lat' dir='ltr'><strong>parata</strong></span> <span class='ocrx_word' id='word_1_488' title='bbox 3359 1033 3450 1073; x_wconf 87' lang='lat' dir='ltr'><strong>re-</strong></span> 
     </span>
    </p>
   </div>
   <div class='ocr_carea' id='block_1_68' title="bbox 1869 1087 3449 1177">
    <p class='ocr_par' dir='ltr' id='par_1_68' title="bbox 1869 1087 3449 1177">
     <span class='ocr_line' id='line_1_68' title="bbox 1869 1087 3449 1177; baseline 0.015 -36"><span class='ocrx_word' id='word_1_489' title='bbox 1869 1087 2126 1160; x_wconf 89' lang='lat' dir='ltr'><strong>demptio.</strong></span> <span class='ocrx_word' id='word_1_490' title='bbox 2157 1111 2177 1146; x_wconf 73' lang='grc' dir='ltr'><strong>ι</strong></span> <span class='ocrx_word' id='word_1_491' title='bbox 2212 1093 2288 1149; x_wconf 92' lang='lat' dir='ltr'><strong>De</strong></span> <span class='ocrx_word' id='word_1_492' title='bbox 2330 1095 2414 1152; x_wconf 85' lang='lat' dir='ltr'><strong>Itis</strong></span> <span class='ocrx_word' id='word_1_493' title='bbox 2449 1097 2591 1153; x_wconf 87' lang='lat' dir='ltr'><strong>enim</strong></span> <span class='ocrx_word' id='word_1_494' title='bbox 2630 1115 2772 1164; x_wconf 90' lang='lat' dir='ltr'><strong>nunc</strong></span> <span class='ocrx_word' id='word_1_495' title='bbox 2794 1101 3077 1174; x_wconf 91' lang='lat' dir='ltr'><strong>loquimur,</strong></span> <span class='ocrx_word' id='word_1_496' title='bbox 3107 1107 3298 1177; x_wconf 88' lang='lat' dir='ltr'><strong>quibus</strong></span> <span class='ocrx_word' id='word_1_497' title='bbox 3326 1118 3449 1166; x_wconf 89' lang='lat' dir='ltr'><strong>ante</strong></span> 
     </span>
    </p>
   </div>
   <div class='ocr_carea' id='block_1_69' title="bbox 1867 1179 3450 1268">
    <p class='ocr_par' dir='ltr' id='par_1_69' title="bbox 1867 1179 3450 1268">
     <span class='ocr_line' id='line_1_69' title="bbox 1867 1179 3450 1268; baseline 0.014 -34"><span class='ocrx_word' id='word_1_498' title='bbox 1867 1179 2194 1252; x_wconf 89' lang='lat' dir='ltr'><strong>Baptismum</strong></span> <span class='ocrx_word' id='word_1_499' title='bbox 2225 1186 2293 1243; x_wconf 91' lang='lat' dir='ltr'><strong>de</strong></span> <span class='ocrx_word' id='word_1_500' title='bbox 2333 1203 2560 1260; x_wconf 89' lang='lat' dir='ltr'><strong>corpore</strong></span> <span class='ocrx_word' id='word_1_501' title='bbox 2607 1194 2924 1250; x_wconf 82' lang='lat' dir='ltr'><strong>exeuntibus</strong></span> <span class='ocrx_word' id='word_1_502' title='bbox 2961 1195 3261 1268; x_wconf 89' lang='lat' dir='ltr'><strong>redemptio</strong></span> <span class='ocrx_word' id='word_1_503' title='bbox 3304 1200 3450 1256; x_wconf 89' lang='lat' dir='ltr'><strong>nulla</strong></span> 
     </span>
    </p>
   </div>
   <div class='ocr_carea' id='block_1_70' title="bbox 1869 1275 3449 1360">
    <p class='ocr_par' dir='ltr' id='par_1_70' title="bbox 1869 1275 3449 1360">
     <span class='ocr_line' id='line_1_70' title="bbox 1869 1275 3449 1360; baseline 0.013 -34"><span class='ocrx_word' id='word_1_504' title='bbox 1869 1275 2153 1330; x_wconf 89' lang='lat' dir='ltr'><strong>succurrit.</strong></span> <span class='ocrx_word' id='word_1_505' title='bbox 2196 1275 2311 1332; x_wconf 86' lang='lat' dir='ltr'><strong>Non</strong></span> <span class='ocrx_word' id='word_1_506' title='bbox 2350 1288 2433 1335; x_wconf 91' lang='lat' dir='ltr'><strong>est</strong></span> <span class='ocrx_word' id='word_1_507' title='bbox 2475 1289 2532 1336; x_wconf 91' lang='lat' dir='ltr'><strong>ut</strong></span> <span class='ocrx_word' id='word_1_508' title='bbox 2570 1281 2795 1351; x_wconf 85' lang='lat' dir='ltr'><strong>dicatur,</strong></span> <span class='ocrx_word' id='word_1_509' title='bbox 2847 1303 2866 1336; x_wconf 77' lang='grc' dir='ltr'><strong>ι</strong></span> <span class='ocrx_word' id='word_1_510' title='bbox 2895 1286 3000 1341; x_wconf 89' lang='lat' dir='ltr'><strong>Eas</strong></span> <span class='ocrx_word' id='word_1_511' title='bbox 3025 1301 3158 1358; x_wconf 91' lang='lat' dir='ltr'><strong>quas</strong></span> <span class='ocrx_word' id='word_1_512' title='bbox 3183 1288 3449 1360; x_wconf 87' lang='lat' dir='ltr'><strong>Baptisma</strong></span> 
     </span>
    </p>
   </div>
   <div class='ocr_carea' id='block_1_71' title="bbox 1869 1365 3446 1447">
    <p class='ocr_par' dir='ltr' id='par_1_71' title="bbox 1869 1365 3446 1447">
     <span class='ocr_line' id='line_1_71' title="bbox 1869 1365 3446 1447; baseline 0.012 -31"><span class='ocrx_word' id='word_1_513' title='bbox 1869 1378 1976 1418; x_wconf 92' lang='lat' dir='ltr'><strong>non</strong></span> <span class='ocrx_word' id='word_1_514' title='bbox 2021 1365 2206 1433; x_wconf 88' lang='lat' dir='ltr'><strong>abluit,</strong></span> <span class='ocrx_word' id='word_1_515' title='bbox 2263 1371 2518 1427; x_wconf 89' lang='lat' dir='ltr'><strong>sacriﬁcia</strong></span> <span class='ocrx_word' id='word_1_516' title='bbox 2560 1387 2660 1444; x_wconf 90' lang='lat' dir='ltr'><strong>pro</strong></span> <span class='ocrx_word' id='word_1_517' title='bbox 2713 1375 2793 1428; x_wconf 89' lang='lat' dir='ltr'><strong>eis</strong></span> <span class='ocrx_word' id='word_1_518' title='bbox 2844 1377 3030 1433; x_wconf 87' lang='lat' dir='ltr'><strong>crebra</strong></span> <span class='ocrx_word' id='word_1_519' title='bbox 3080 1378 3446 1447; x_wconf 86' lang='lat' dir='ltr'><strong>mundabunt;</strong></span> 
     </span>
    </p>
   </div>
   <div class='ocr_carea' id='block_1_72' title="bbox 1865 1455 3448 1535">
    <p class='ocr_par' dir='ltr' id='par_1_72' title="bbox 1865 1455 3448 1535">
     <span class='ocr_line' id='line_1_72' title="bbox 1865 1455 3448 1535; baseline 0.013 -27"><span class='ocrx_word' id='word_1_520' title='bbox 1865 1455 2006 1525; x_wconf 91' lang='lat' dir='ltr'><strong>quod</strong></span> <span class='ocrx_word' id='word_1_521' title='bbox 2050 1460 2334 1528; x_wconf 59' lang='lat' dir='ltr'><strong>priesciens</strong></span> <span class='ocrx_word' id='word_1_522' title='bbox 2377 1463 2536 1529; x_wconf 86' lang='lat' dir='ltr'><strong>Deus,</strong></span> <span class='ocrx_word' id='word_1_523' title='bbox 2584 1466 2853 1535; x_wconf 87' lang='lat' dir='ltr'><strong>paululum</strong></span> <span class='ocrx_word' id='word_1_524' title='bbox 2901 1468 3018 1524; x_wconf 90' lang='lat' dir='ltr'><strong>illas</strong></span> <span class='ocrx_word' id='word_1_525' title='bbox 3063 1471 3228 1527; x_wconf 91' lang='lat' dir='ltr'><strong>voluit</strong></span> <span class='ocrx_word' id='word_1_526' title='bbox 3260 1472 3448 1529; x_wconf 89' lang='lat' dir='ltr'><strong>alienis</strong></span> 
     </span>
    </p>
   </div>
   <div class='ocr_carea' id='block_1_73' title="bbox 1865 1546 3442 1632">
    <p class='ocr_par' dir='ltr' id='par_1_73' title="bbox 1865 1546 3442 1632">
     <span class='ocr_line' id='line_1_73' title="bbox 1865 1546 3442 1632; baseline 0.011 -29"><span class='ocrx_word' id='word_1_527' title='bbox 1865 1546 2070 1606; x_wconf 69' lang='lat' dir='ltr'><strong>merere</strong></span> <span class='ocrx_word' id='word_1_528' title='bbox 2097 1555 2349 1622; x_wconf 90' lang='lat' dir='ltr'><strong>peccatis,</strong></span> <span class='ocrx_word' id='word_1_529' title='bbox 2373 1556 2490 1612; x_wconf 93' lang='lat' dir='ltr'><strong>sine</strong></span> <span class='ocrx_word' id='word_1_530' title='bbox 2517 1557 2622 1612; x_wconf 86' lang='lat' dir='ltr'><strong>ullo</strong></span> <span class='ocrx_word' id='word_1_531' title='bbox 2642 1558 2806 1614; x_wconf 82' lang='lat' dir='ltr'><strong>exitio</strong></span> <span class='ocrx_word' id='word_1_532' title='bbox 2828 1559 3181 1619; x_wconf 90' lang='lat' dir='ltr'><strong>damnationis</strong></span> <span class='ocrx_word' id='word_1_533' title='bbox 3209 1573 3442 1632; x_wconf 67' lang='lat' dir='ltr'><strong>aeternae,</strong></span> 
     </span>
    </p>
   </div>
   <div class='ocr_carea' id='block_1_74' title="bbox 1863 1639 3476 1713">
    <p class='ocr_par' dir='ltr' id='par_1_74' title="bbox 1863 1639 3476 1713">
     <span class='ocr_line' id='line_1_74' title="bbox 1863 1639 3476 1713; baseline 0.009 -17"><span class='ocrx_word' id='word_1_534' title='bbox 1863 1647 2053 1696; x_wconf 85' lang='lat' dir='ltr'><strong>etcum</strong></span> <span class='ocrx_word' id='word_1_535' title='bbox 2080 1657 2175 1713; x_wconf 91' lang='lat' dir='ltr'><strong>spe</strong></span> <span class='ocrx_word' id='word_1_536' title='bbox 2209 1643 2476 1700; x_wconf 85' lang='lat' dir='ltr'><strong>felicitatis</strong></span> <span class='ocrx_word' id='word_1_537' title='bbox 2499 1655 2734 1703; x_wconf 77' lang='lat' dir='ltr'><strong>:eternze.</strong></span> <span class='ocrx_word' id='word_1_538' title='bbox 2765 1668 2786 1702; x_wconf 72' lang='grc' dir='ltr'><strong>ι</strong></span> <span class='ocrx_word' id='word_1_539' title='bbox 2818 1650 2894 1706; x_wconf 89' lang='lat' dir='ltr'><strong>De</strong></span> <span class='ocrx_word' id='word_1_540' title='bbox 2919 1651 3002 1707; x_wconf 86' lang='lat' dir='ltr'><strong>his</strong></span> <span class='ocrx_word' id='word_1_541' title='bbox 3025 1653 3170 1709; x_wconf 92' lang='lat' dir='ltr'><strong>enim</strong></span> <span class='ocrx_word' id='word_1_542' title='bbox 3193 1670 3334 1710; x_wconf 89' lang='lat' dir='ltr'><strong>nunc</strong></span> <span class='ocrx_word' id='word_1_543' title='bbox 3361 1655 3445 1712; x_wconf 87' lang='lat' dir='ltr'><strong>lo-</strong></span> <span class='ocrx_word' id='word_1_544' title='bbox 3473 1639 3476 1642; x_wconf 44' lang='grc'><strong>’</strong></span> 
     </span>
    </p>
   </div>
   <div class='ocr_carea' id='block_1_75' title="bbox 1865 1731 3445 1816">
    <p class='ocr_par' dir='ltr' id='par_1_75' title="bbox 1865 1731 3445 1816">
     <span class='ocr_line' id='line_1_75' title="bbox 1865 1731 3445 1816; baseline 0.01 -31"><span class='ocrx_word' id='word_1_545' title='bbox 1865 1731 2095 1803; x_wconf 90' lang='lat' dir='ltr'><strong>quimur,</strong></span> <span class='ocrx_word' id='word_1_546' title='bbox 2134 1750 2353 1805; x_wconf 89' lang='lat' dir='ltr'><strong>quarum</strong></span> <span class='ocrx_word' id='word_1_547' title='bbox 2381 1738 2630 1794; x_wconf 86' lang='lat' dir='ltr'><strong>nativitas</strong></span> <span class='ocrx_word' id='word_1_548' title='bbox 2671 1740 2809 1810; x_wconf 90' lang='lat' dir='ltr'><strong>apud</strong></span> <span class='ocrx_word' id='word_1_549' title='bbox 2846 1741 3038 1812; x_wconf 90' lang='lat' dir='ltr'><strong>impios</strong></span> <span class='ocrx_word' id='word_1_550' title='bbox 3075 1753 3130 1800; x_wconf 87' lang='lat' dir='ltr'><strong>et</strong></span> <span class='ocrx_word' id='word_1_551' title='bbox 3169 1759 3233 1799; x_wconf 90' lang='lat' dir='ltr'><strong>ex</strong></span> <span class='ocrx_word' id='word_1_552' title='bbox 3264 1745 3445 1816; x_wconf 86' lang='lat' dir='ltr'><strong>impiis</strong></span> 
     </span>
    </p>
   </div>
   <div class='ocr_carea' id='block_1_76' title="bbox 1864 1824 3442 1907">
    <p class='ocr_par' dir='ltr' id='par_1_76' title="bbox 1864 1824 3442 1907">
     <span class='ocr_line' id='line_1_76' title="bbox 1864 1824 3442 1907; baseline 0.01 -29"><span class='ocrx_word' id='word_1_553' title='bbox 1864 1824 2004 1880; x_wconf 89' lang='lat' dir='ltr'><strong>nulla</strong></span> <span class='ocrx_word' id='word_1_554' title='bbox 2036 1825 2158 1880; x_wconf 89' lang='lat' dir='ltr'><strong>talia</strong></span> <span class='ocrx_word' id='word_1_555' title='bbox 2189 1829 2420 1896; x_wconf 88' lang='lat' dir='ltr'><strong>potuerit</strong></span> <span class='ocrx_word' id='word_1_556' title='bbox 2444 1829 2683 1886; x_wconf 90' lang='lat' dir='ltr'><strong>invenire</strong></span> <span class='ocrx_word' id='word_1_557' title='bbox 2713 1833 2977 1902; x_wconf 64' lang='lat' dir='ltr'><strong>praesidia.</strong></span> <span class='ocrx_word' id='word_1_558' title='bbox 3002 1836 3132 1903; x_wconf 75' lang='lat' dir='ltr'><strong>Qua:</strong></span> <span class='ocrx_word' id='word_1_559' title='bbox 3151 1837 3364 1907; x_wconf 88' lang='lat' dir='ltr'><strong>quidem</strong></span> <span class='ocrx_word' id='word_1_560' title='bbox 3393 1838 3442 1894; x_wconf 91' lang='lat' dir='ltr'><strong>si</strong></span> 
     </span>
    </p>
   </div>
   <div class='ocr_carea' id='block_1_77' title="bbox 1862 1917 3444 2000">
    <p class='ocr_par' dir='ltr' id='par_1_77' title="bbox 1862 1917 3444 2000">
     <span class='ocr_line' id='line_1_77' title="bbox 1862 1917 3444 2000; baseline 0.009 -30"><span class='ocrx_word' id='word_1_561' title='bbox 1862 1917 2101 1973; x_wconf 90' lang='lat' dir='ltr'><strong>adhiberi</strong></span> <span class='ocrx_word' id='word_1_562' title='bbox 2142 1930 2387 1988; x_wconf 80' lang='lat' dir='ltr'><strong>possent,</strong></span> <span class='ocrx_word' id='word_1_563' title='bbox 2411 1921 2598 1992; x_wconf 89' lang='lat' dir='ltr'><strong>procul</strong></span> <span class='ocrx_word' id='word_1_564' title='bbox 2623 1923 2786 1978; x_wconf 92' lang='lat' dir='ltr'><strong>dubio</strong></span> <span class='ocrx_word' id='word_1_565' title='bbox 2813 1941 2918 1981; x_wconf 92' lang='lat' dir='ltr'><strong>non</strong></span> <span class='ocrx_word' id='word_1_566' title='bbox 2965 1926 3240 1997; x_wconf 84' lang='lat' dir='ltr'><strong>baptizatis</strong></span> <span class='ocrx_word' id='word_1_567' title='bbox 3279 1929 3444 2000; x_wconf 87' lang='lat' dir='ltr'><strong>prod-</strong></span> 
     </span>
    </p>
   </div>
   <div class='ocr_carea' id='block_1_78' title="bbox 1861 2014 3440 2088">
    <p class='ocr_par' dir='ltr' id='par_1_78' title="bbox 1861 2014 3440 2088">
     <span class='ocr_line' id='line_1_78' title="bbox 1861 2014 3440 2088; baseline 0.009 -27"><span class='ocrx_word' id='word_1_568' title='bbox 1861 2022 1982 2064; x_wconf 84' lang='lat' dir='ltr'><strong>esse</strong></span> <span class='ocrx_word' id='word_1_569' title='bbox 2025 2026 2129 2064; x_wconf 91' lang='lat' dir='ltr'><strong>non</strong></span> <span class='ocrx_word' id='word_1_570' title='bbox 2172 2022 2423 2081; x_wconf 89' lang='lat' dir='ltr'><strong>possent:</strong></span> <span class='ocrx_word' id='word_1_571' title='bbox 2456 2014 2594 2068; x_wconf 90' lang='lat' dir='ltr'><strong>sicut</strong></span> <span class='ocrx_word' id='word_1_572' title='bbox 2623 2031 2721 2070; x_wconf 91' lang='lat' dir='ltr'><strong>nec</strong></span> <span class='ocrx_word' id='word_1_573' title='bbox 2761 2017 2850 2072; x_wconf 93' lang='lat' dir='ltr'><strong>illa</strong></span> <span class='ocrx_word' id='word_1_574' title='bbox 2893 2034 3012 2088; x_wconf 69' lang='lat' dir='ltr'><strong>quae</strong></span> <span class='ocrx_word' id='word_1_575' title='bbox 3052 2018 3121 2074; x_wconf 89' lang='lat' dir='ltr'><strong>de</strong></span> <span class='ocrx_word' id='word_1_576' title='bbox 3162 2019 3299 2075; x_wconf 92' lang='lat' dir='ltr'><strong>libro</strong></span> <span class='ocrx_word' id='word_1_577' title='bbox 3325 2020 3440 2076; x_wconf 86' lang='lat' dir='ltr'><strong>Ma-</strong></span> 
     </span>
    </p>
   </div>
   <div class='ocr_carea' id='block_1_79' title="bbox 1861 2097 3441 2180">
    <p class='ocr_par' dir='ltr' id='par_1_79' title="bbox 1861 2097 3441 2180">
     <span class='ocr_line' id='line_1_79' title="bbox 1861 2097 3441 2180; baseline 0.009 -26"><span class='ocrx_word' id='word_1_578' title='bbox 1861 2097 2197 2154; x_wconf 69' lang='lat' dir='ltr'><strong>chabacorutn</strong></span> <span class='ocrx_word' id='word_1_579' title='bbox 2221 2106 2658 2160; x_wconf 86' lang='lat' dir='ltr'><strong>commemoravit</strong></span> <span class='ocrx_word' id='word_1_580' title='bbox 2681 2108 2938 2162; x_wconf 86' lang='lat' dir='ltr'><strong>sacriﬁcia</strong></span> <span class='ocrx_word' id='word_1_581' title='bbox 2962 2123 3059 2178; x_wconf 91' lang='lat' dir='ltr'><strong>pro</strong></span> <span class='ocrx_word' id='word_1_582' title='bbox 3076 2111 3441 2180; x_wconf 75' lang='lat' dir='ltr'><strong>peccatoribus</strong></span> 
     </span>
    </p>
   </div>
   <div class='ocr_carea' id='block_1_80' title="bbox 1863 2193 3441 2274">
    <p class='ocr_par' dir='ltr' id='par_1_80' title="bbox 1863 2193 3441 2274">
     <span class='ocr_line' id='line_1_80' title="bbox 1863 2193 3441 2274; baseline 0.011 -30"><span class='ocrx_word' id='word_1_583' title='bbox 1863 2193 2085 2249; x_wconf 88' lang='lat' dir='ltr'><strong>mortuis</strong></span> <span class='ocrx_word' id='word_1_584' title='bbox 2111 2194 2178 2266; x_wconf 91' lang='lat' dir='ltr'><strong>(ll</strong></span> <span class='ocrx_word' id='word_1_585' title='bbox 2205 2194 2443 2251; x_wconf 78' lang='lat' dir='ltr'><strong>Machab.</strong></span> <span class='ocrx_word' id='word_1_586' title='bbox 2476 2213 2570 2267; x_wconf 82' lang='lat' dir='ltr'><strong>xu,</strong></span> <span class='ocrx_word' id='word_1_587' title='bbox 2589 2199 2701 2271; x_wconf 68' lang='grc'><strong>45),</strong></span> <span class='ocrx_word' id='word_1_588' title='bbox 2729 2201 2806 2256; x_wconf 89' lang='lat' dir='ltr'><strong>eis</strong></span> <span class='ocrx_word' id='word_1_589' title='bbox 2821 2201 3017 2274; x_wconf 87' lang='lat' dir='ltr'><strong>aliquid</strong></span> <span class='ocrx_word' id='word_1_590' title='bbox 3036 2203 3378 2273; x_wconf 87' lang='lat' dir='ltr'><strong>profuissent,</strong></span> <span class='ocrx_word' id='word_1_591' title='bbox 3394 2207 3441 2262; x_wconf 87' lang='lat' dir='ltr'><strong>si</strong></span> 
     </span>
    </p>
   </div>
   <div class='ocr_carea' id='block_1_81' title="bbox 1860 2283 2558 2345">
    <p class='ocr_par' dir='ltr' id='par_1_81' title="bbox 1860 2283 2558 2345">
     <span class='ocr_line' id='line_1_81' title="bbox 1860 2283 2558 2345; baseline 0.01 -7"><span class='ocrx_word' id='word_1_592' title='bbox 1860 2283 2161 2340; x_wconf 88' lang='lat' dir='ltr'><strong>circumcisi</strong></span> <span class='ocrx_word' id='word_1_593' title='bbox 2187 2302 2292 2342; x_wconf 87' lang='lat' dir='ltr'><strong>non</strong></span> <span class='ocrx_word' id='word_1_594' title='bbox 2317 2288 2558 2345; x_wconf 90' lang='lat' dir='ltr'><strong>fuissent.</strong></span> 
     </span>
    </p>
   </div>
   <div class='ocr_carea' id='block_1_82' title="bbox 1934 2375 3442 2455">
    <p class='ocr_par' dir='ltr' id='par_1_82' title="bbox 1934 2375 3442 2455">
     <span class='ocr_line' id='line_1_82' title="bbox 1934 2375 3442 2455; baseline 0.01 -27"><span class='ocrx_word' id='word_1_595' title='bbox 1934 2376 2020 2430; x_wconf 74' lang='grc'><strong>14.</strong></span> <span class='ocrx_word' id='word_1_596' title='bbox 2060 2375 2298 2432; x_wconf 88' lang='lat' dir='ltr'><strong>Inveniat</strong></span> <span class='ocrx_word' id='word_1_597' title='bbox 2326 2393 2474 2449; x_wconf 89' lang='lat' dir='ltr'><strong>ergo,</strong></span> <span class='ocrx_word' id='word_1_598' title='bbox 2521 2383 2566 2435; x_wconf 88' lang='lat' dir='ltr'><strong>si</strong></span> <span class='ocrx_word' id='word_1_599' title='bbox 2610 2389 2804 2450; x_wconf 87' lang='lat' dir='ltr'><strong>potest,</strong></span> <span class='ocrx_word' id='word_1_600' title='bbox 2845 2382 2946 2438; x_wconf 90' lang='lat' dir='ltr'><strong>iste</strong></span> <span class='ocrx_word' id='word_1_601' title='bbox 2973 2383 3100 2454; x_wconf 92' lang='lat' dir='ltr'><strong>quid</strong></span> <span class='ocrx_word' id='word_1_602' title='bbox 3126 2385 3290 2455; x_wconf 89' lang='lat' dir='ltr'><strong>dicat,</strong></span> <span class='ocrx_word' id='word_1_603' title='bbox 3317 2401 3442 2443; x_wconf 92' lang='lat' dir='ltr'><strong>cum</strong></span> 
     </span>
    </p>
   </div>
   <div class='ocr_carea' id='block_1_83' title="bbox 1859 2465 3443 2549">
    <p class='ocr_par' dir='ltr' id='par_1_83' title="bbox 1859 2465 3443 2549">
     <span class='ocr_line' id='line_1_83' title="bbox 1859 2465 3443 2549; baseline 0.011 -30"><span class='ocrx_word' id='word_1_604' title='bbox 1859 2465 1926 2522; x_wconf 87' lang='lat' dir='ltr'><strong>ab</strong></span> <span class='ocrx_word' id='word_1_605' title='bbox 1952 2467 2041 2520; x_wconf 92' lang='lat' dir='ltr'><strong>illo</strong></span> <span class='ocrx_word' id='word_1_606' title='bbox 2063 2473 2337 2538; x_wconf 69' lang='lat' dir='ltr'><strong>quaeritur,</strong></span> <span class='ocrx_word' id='word_1_607' title='bbox 2371 2470 2498 2540; x_wconf 85' lang='lat' dir='ltr'><strong>quid</strong></span> <span class='ocrx_word' id='word_1_608' title='bbox 2526 2473 2784 2528; x_wconf 88' lang='lat' dir='ltr'><strong>nteruerit</strong></span> <span class='ocrx_word' id='word_1_609' title='bbox 2810 2474 3009 2544; x_wconf 86' lang='lat' dir='ltr'><strong>anima,</strong></span> <span class='ocrx_word' id='word_1_610' title='bbox 3036 2477 3154 2534; x_wconf 86' lang='lat' dir='ltr'><strong>sine</strong></span> <span class='ocrx_word' id='word_1_611' title='bbox 3183 2478 3292 2535; x_wconf 92' lang='lat' dir='ltr'><strong>ullo</strong></span> <span class='ocrx_word' id='word_1_612' title='bbox 3318 2495 3443 2549; x_wconf 87' lang='lat' dir='ltr'><strong>pec-</strong></span> 
     </span>
    </p>
   </div>
   <div class='ocr_carea' id='block_1_84' title="bbox 1857 2561 3441 2636">
    <p class='ocr_par' dir='ltr' id='par_1_84' title="bbox 1857 2561 3441 2636">
     <span class='ocr_line' id='line_1_84' title="bbox 1857 2561 3441 2636; baseline 0.007 -22"><span class='ocrx_word' id='word_1_613' title='bbox 1857 2569 1998 2625; x_wconf 90' lang='lat' dir='ltr'><strong>cato,</strong></span> <span class='ocrx_word' id='word_1_614' title='bbox 2039 2561 2120 2615; x_wconf 91' lang='lat' dir='ltr'><strong>vel</strong></span> <span class='ocrx_word' id='word_1_615' title='bbox 2163 2563 2425 2632; x_wconf 84' lang='lat' dir='ltr'><strong>originali,</strong></span> <span class='ocrx_word' id='word_1_616' title='bbox 2469 2563 2553 2619; x_wconf 91' lang='lat' dir='ltr'><strong>vel</strong></span> <span class='ocrx_word' id='word_1_617' title='bbox 2594 2567 2831 2636; x_wconf 89' lang='lat' dir='ltr'><strong>proprio,</strong></span> <span class='ocrx_word' id='word_1_618' title='bbox 2876 2566 2954 2621; x_wconf 93' lang='lat' dir='ltr'><strong>sic</strong></span> <span class='ocrx_word' id='word_1_619' title='bbox 2997 2567 3064 2622; x_wconf 87' lang='lat' dir='ltr'><strong>ad</strong></span> <span class='ocrx_word' id='word_1_620' title='bbox 3107 2569 3441 2625; x_wconf 90' lang='lat' dir='ltr'><strong>subeundum</strong></span> 
     </span>
    </p>
   </div>
   <div class='ocr_carea' id='block_1_85' title="bbox 1857 2651 3442 2726">
    <p class='ocr_par' dir='ltr' id='par_1_85' title="bbox 1857 2651 3442 2726">
     <span class='ocr_line' id='line_1_85' title="bbox 1857 2651 3442 2726; baseline 0.008 -22"><span class='ocrx_word' id='word_1_621' title='bbox 1857 2651 2086 2706; x_wconf 87' lang='lat' dir='ltr'><strong>alienum</strong></span> <span class='ocrx_word' id='word_1_622' title='bbox 2117 2664 2390 2722; x_wconf 86' lang='lat' dir='ltr'><strong>peccatum</strong></span> <span class='ocrx_word' id='word_1_623' title='bbox 2419 2655 2676 2726; x_wconf 86' lang='lat' dir='ltr'><strong>originale</strong></span> <span class='ocrx_word' id='word_1_624' title='bbox 2713 2658 2980 2725; x_wconf 81' lang='lat' dir='ltr'><strong>damnari,</strong></span> <span class='ocrx_word' id='word_1_625' title='bbox 3027 2667 3084 2713; x_wconf 91' lang='lat' dir='ltr'><strong>ut</strong></span> <span class='ocrx_word' id='word_1_626' title='bbox 3111 2674 3218 2714; x_wconf 94' lang='lat' dir='ltr'><strong>non</strong></span> <span class='ocrx_word' id='word_1_627' title='bbox 3255 2661 3442 2717; x_wconf 88' lang='lat' dir='ltr'><strong>abillo</strong></span> 
     </span>
    </p>
   </div>
   <div class='ocr_carea' id='block_1_86' title="bbox 1857 2743 3441 2820">
    <p class='ocr_par' dir='ltr' id='par_1_86' title="bbox 1857 2743 3441 2820">
     <span class='ocr_line' id='line_1_86' title="bbox 1857 2743 3441 2820; baseline 0.007 -23"><span class='ocrx_word' id='word_1_628' title='bbox 1857 2744 2032 2797; x_wconf 85' lang='lat' dir='ltr'><strong>valeat</strong></span> <span class='ocrx_word' id='word_1_629' title='bbox 2053 2743 2264 2800; x_wconf 83' lang='lat' dir='ltr'><strong>liberari</strong></span> <span class='ocrx_word' id='word_1_630' title='bbox 2297 2762 2309 2800; x_wconf 92' lang='lat'>:</span> <span class='ocrx_word' id='word_1_631' title='bbox 2339 2755 2393 2801; x_wconf 90' lang='lat' dir='ltr'><strong>et</strong></span> <span class='ocrx_word' id='word_1_632' title='bbox 2419 2745 2594 2802; x_wconf 84' lang='lat' dir='ltr'><strong>videat</strong></span> <span class='ocrx_word' id='word_1_633' title='bbox 2619 2747 2744 2818; x_wconf 92' lang='lat' dir='ltr'><strong>quid</strong></span> <span class='ocrx_word' id='word_1_634' title='bbox 2774 2748 2934 2820; x_wconf 84' lang='lat' dir='ltr'><strong>eligat</strong></span> <span class='ocrx_word' id='word_1_635' title='bbox 2959 2748 3234 2819; x_wconf 87' lang='lat' dir='ltr'><strong>eduobus,</strong></span> <span class='ocrx_word' id='word_1_636' title='bbox 3265 2761 3441 2808; x_wconf 91' lang='lat' dir='ltr'><strong>utrum</strong></span> 
     </span>
    </p>
   </div>
   <div class='ocr_carea' id='block_1_87' title="bbox 1857 2835 3441 2916">
    <p class='ocr_par' dir='ltr' id='par_1_87' title="bbox 1857 2835 3441 2916">
     <span class='ocr_line' id='line_1_87' title="bbox 1857 2835 3441 2916; baseline 0.006 -26"><span class='ocrx_word' id='word_1_637' title='bbox 1857 2835 2000 2890; x_wconf 79' lang='lat' dir='ltr'><strong>d-cat</strong></span> <span class='ocrx_word' id='word_1_638' title='bbox 2023 2836 2184 2892; x_wconf 89' lang='lat' dir='ltr'><strong>etiam</strong></span> <span class='ocrx_word' id='word_1_639' title='bbox 2212 2852 2306 2892; x_wconf 84' lang='lat' dir='ltr'><strong>eas</strong></span> <span class='ocrx_word' id='word_1_640' title='bbox 2330 2839 2534 2894; x_wconf 89' lang='lat' dir='ltr'><strong>animas</strong></span> <span class='ocrx_word' id='word_1_641' title='bbox 2559 2840 2897 2895; x_wconf 88' lang='lat' dir='ltr'><strong>morientium</strong></span> <span class='ocrx_word' id='word_1_642' title='bbox 2927 2842 3289 2912; x_wconf 84' lang='lat' dir='ltr'><strong>parvulorum,</strong></span> <span class='ocrx_word' id='word_1_643' title='bbox 3321 2861 3441 2916; x_wconf 66' lang='lat' dir='ltr'><strong>qua:</strong></span> 
     </span>
    </p>
   </div>
   <div class='ocr_carea' id='block_1_88' title="bbox 1859 2928 3442 3007">
    <p class='ocr_par' dir='ltr' id='par_1_88' title="bbox 1859 2928 3442 3007">
     <span class='ocr_line' id='line_1_88' title="bbox 1859 2928 3442 3007; baseline 0.006 -23"><span class='ocrx_word' id='word_1_644' title='bbox 1859 2928 1984 2984; x_wconf 85' lang='lat' dir='ltr'><strong>hinc</strong></span> <span class='ocrx_word' id='word_1_645' title='bbox 2029 2931 2144 2986; x_wconf 91' lang='lat' dir='ltr'><strong>sine</strong></span> <span class='ocrx_word' id='word_1_646' title='bbox 2185 2931 2398 2988; x_wconf 89' lang='lat' dir='ltr'><strong>lavacro</strong></span> <span class='ocrx_word' id='word_1_647' title='bbox 2437 2933 2854 3003; x_wconf 89' lang='lat' dir='ltr'><strong>regenerationis</strong></span> <span class='ocrx_word' id='word_1_648' title='bbox 2895 2934 3210 3002; x_wconf 85' lang='lat' dir='ltr'><strong>abscedunt,</strong></span> <span class='ocrx_word' id='word_1_649' title='bbox 3253 2945 3308 2992; x_wconf 90' lang='lat' dir='ltr'><strong>et</strong></span> <span class='ocrx_word' id='word_1_650' title='bbox 3343 2952 3442 3007; x_wconf 90' lang='lat' dir='ltr'><strong>pro</strong></span> 
     </span>
    </p>
   </div>
   <div class='ocr_carea' id='block_1_89' title="bbox 1857 3024 3438 3098">
    <p class='ocr_par' dir='ltr' id='par_1_89' title="bbox 1857 3024 3438 3098">
     <span class='ocr_line' id='line_1_89' title="bbox 1857 3024 3438 3098; baseline 0.003 -18"><span class='ocrx_word' id='word_1_651' title='bbox 1857 3024 2051 3098; x_wconf 88' lang='lat' dir='ltr'><strong>quibus</strong></span> <span class='ocrx_word' id='word_1_652' title='bbox 2073 3026 2278 3080; x_wconf 92' lang='lat' dir='ltr'><strong>nullum</strong></span> <span class='ocrx_word' id='word_1_653' title='bbox 2303 3025 2622 3082; x_wconf 89' lang='lat' dir='ltr'><strong>sacriﬁcium</strong></span> <span class='ocrx_word' id='word_1_654' title='bbox 2650 3027 2889 3098; x_wconf 89' lang='lat' dir='ltr'><strong>corporis</strong></span> <span class='ocrx_word' id='word_1_655' title='bbox 2909 3027 3171 3084; x_wconf 88' lang='lat' dir='ltr'><strong>Dorninici</strong></span> <span class='ocrx_word' id='word_1_656' title='bbox 3198 3027 3438 3096; x_wconf 77' lang='lat' dir='ltr'><strong>oﬁ&#39;ertur,</strong></span> 
     </span>
    </p>
   </div>
   <div class='ocr_carea' id='block_1_90' title="bbox 1857 3119 3443 3193">
    <p class='ocr_par' dir='ltr' id='par_1_90' title="bbox 1857 3119 3443 3193">
     <span class='ocr_line' id='line_1_90' title="bbox 1857 3119 3443 3193; baseline 0.004 -21"><span class='ocrx_word' id='word_1_657' title='bbox 1857 3132 1888 3173; x_wconf 91' lang='lat' dir='ltr'><strong>a</strong></span> <span class='ocrx_word' id='word_1_658' title='bbox 1912 3135 2054 3174; x_wconf 83' lang='lat' dir='ltr'><strong>nexu</strong></span> <span class='ocrx_word' id='word_1_659' title='bbox 2085 3120 2288 3188; x_wconf 86' lang='lat' dir='ltr'><strong>peccati</strong></span> <span class='ocrx_word' id='word_1_660' title='bbox 2309 3119 2584 3192; x_wconf 79' lang='lat' dir='ltr'><strong>originalis</strong></span> <span class='ocrx_word' id='word_1_661' title='bbox 2608 3119 2848 3187; x_wconf 86' lang='lat' dir='ltr'><strong>absolvi;</strong></span> <span class='ocrx_word' id='word_1_662' title='bbox 2879 3135 3000 3176; x_wconf 91' lang='lat' dir='ltr'><strong>cum</strong></span> <span class='ocrx_word' id='word_1_663' title='bbox 3026 3121 3314 3193; x_wconf 81' lang='lat' dir='ltr'><strong>Apostolus</strong></span> <span class='ocrx_word' id='word_1_664' title='bbox 3345 3122 3443 3178; x_wconf 89' lang='lat' dir='ltr'><strong>do-</strong></span> 
     </span>
    </p>
   </div>
   <div class='ocr_carea' id='block_1_91' title="bbox 1857 3212 3439 3287">
    <p class='ocr_par' dir='ltr' id='par_1_91' title="bbox 1857 3212 3439 3287">
     <span class='ocr_line' id='line_1_91' title="bbox 1857 3212 3439 3287; baseline 0.001 -19"><span class='ocrx_word' id='word_1_665' title='bbox 1857 3221 1996 3280; x_wconf 87' lang='lat' dir='ltr'><strong>ceat,</strong></span> <span class='ocrx_word' id='word_1_666' title='bbox 2019 3227 2083 3267; x_wconf 89' lang='lat' dir='ltr'><strong>ex</strong></span> <span class='ocrx_word' id='word_1_667' title='bbox 2114 3228 2219 3266; x_wconf 92' lang='lat' dir='ltr'><strong>uno</strong></span> <span class='ocrx_word' id='word_1_668' title='bbox 2249 3212 2326 3268; x_wconf 89' lang='lat' dir='ltr'><strong>ire</strong></span> <span class='ocrx_word' id='word_1_669' title='bbox 2354 3228 2542 3268; x_wconf 90' lang='lat' dir='ltr'><strong>omnes</strong></span> <span class='ocrx_word' id='word_1_670' title='bbox 2570 3213 2621 3267; x_wconf 92' lang='lat' dir='ltr'><strong>iu</strong></span> <span class='ocrx_word' id='word_1_671' title='bbox 2648 3213 3147 3269; x_wconf 88' lang='lat' dir='ltr'><strong>condemnationem</strong></span> <span class='ocrx_word' id='word_1_672' title='bbox 3182 3214 3357 3287; x_wconf 85' lang='lat' dir='ltr'><strong>(Rom.</strong></span> <span class='ocrx_word' id='word_1_673' title='bbox 3385 3231 3439 3283; x_wconf 93' lang='lat' dir='ltr'><strong>v,</strong></span> 
     </span>
    </p>
   </div>
   <div class='ocr_carea' id='block_1_92' title="bbox 1859 3303 3441 3375">
    <p class='ocr_par' dir='ltr' id='par_1_92' title="bbox 1859 3303 3441 3375">
     <span class='ocr_line' id='line_1_92' title="bbox 1859 3303 3441 3375; baseline 0.001 -17"><span class='ocrx_word' id='word_1_674' title='bbox 1859 3303 1974 3371; x_wconf 73' lang='grc'><strong>16),</strong></span> <span class='ocrx_word' id='word_1_675' title='bbox 2003 3303 2197 3375; x_wconf 87' lang='lat' dir='ltr'><strong>quibus</strong></span> <span class='ocrx_word' id='word_1_676' title='bbox 2226 3304 2407 3374; x_wconf 90' lang='lat' dir='ltr'><strong>utique</strong></span> <span class='ocrx_word' id='word_1_677' title='bbox 2435 3319 2538 3358; x_wconf 94' lang='lat' dir='ltr'><strong>non</strong></span> <span class='ocrx_word' id='word_1_678' title='bbox 2575 3303 2819 3358; x_wconf 89' lang='lat' dir='ltr'><strong>subvenit</strong></span> <span class='ocrx_word' id='word_1_679' title='bbox 2840 3303 3029 3374; x_wconf 86' lang='lat' dir='ltr'><strong>gratia,</strong></span> <span class='ocrx_word' id='word_1_680' title='bbox 3067 3312 3126 3359; x_wconf 89' lang='lat' dir='ltr'><strong>ut</strong></span> <span class='ocrx_word' id='word_1_681' title='bbox 3155 3320 3250 3374; x_wconf 89' lang='lat' dir='ltr'><strong>per</strong></span> <span class='ocrx_word' id='word_1_682' title='bbox 3279 3321 3441 3359; x_wconf 90' lang='lat' dir='ltr'><strong>unum</strong></span> 
     </span>
    </p>
   </div>
   <div class='ocr_carea' id='block_1_93' title="bbox 1856 3394 3443 3467">
    <p class='ocr_par' dir='ltr' id='par_1_93' title="bbox 1856 3394 3443 3467">
     <span class='ocr_line' id='line_1_93' title="bbox 1856 3394 3443 3467; baseline -0.001 -16"><span class='ocrx_word' id='word_1_683' title='bbox 1856 3405 2113 3451; x_wconf 80' lang='lat' dir='ltr'><strong>eruantur</strong></span> <span class='ocrx_word' id='word_1_684' title='bbox 2141 3394 2192 3450; x_wconf 93' lang='lat' dir='ltr'><strong>in</strong></span> <span class='ocrx_word' id='word_1_685' title='bbox 2221 3395 2640 3467; x_wconf 88' lang='lat' dir='ltr'><strong>redemptionem</strong></span> <span class='ocrx_word' id='word_1_686' title='bbox 2665 3411 2679 3461; x_wconf 88' lang='lat'><strong>;</strong></span> <span class='ocrx_word' id='word_1_687' title='bbox 2707 3409 2774 3449; x_wconf 88' lang='lat' dir='ltr'><strong>an</strong></span> <span class='ocrx_word' id='word_1_688' title='bbox 2803 3395 2946 3448; x_wconf 88' lang='lat' dir='ltr'><strong>dicat</strong></span> <span class='ocrx_word' id='word_1_689' title='bbox 2971 3394 3176 3450; x_wconf 89' lang='lat' dir='ltr'><strong>animas</strong></span> <span class='ocrx_word' id='word_1_690' title='bbox 3205 3410 3312 3450; x_wconf 92' lang='lat' dir='ltr'><strong>non</strong></span> <span class='ocrx_word' id='word_1_691' title='bbox 3348 3395 3443 3449; x_wconf 86' lang='lat' dir='ltr'><strong>ha-</strong></span> 
     </span>
    </p>
   </div>
   <div class='ocr_carea' id='block_1_94' title="bbox 1858 3487 3438 3558">
    <p class='ocr_par' dir='ltr' id='par_1_94' title="bbox 1858 3487 3438 3558">
     <span class='ocr_line' id='line_1_94' title="bbox 1858 3487 3438 3558; baseline -0.003 -13"><span class='ocrx_word' id='word_1_692' title='bbox 1858 3489 2046 3546; x_wconf 83' lang='lat' dir='ltr'><strong>bentes</strong></span> <span class='ocrx_word' id='word_1_693' title='bbox 2083 3489 2245 3543; x_wconf 92' lang='lat' dir='ltr'><strong>ullum</strong></span> <span class='ocrx_word' id='word_1_694' title='bbox 2270 3487 2354 3542; x_wconf 89' lang='lat' dir='ltr'><strong>vel</strong></span> <span class='ocrx_word' id='word_1_695' title='bbox 2381 3488 2676 3558; x_wconf 88' lang='lat' dir='ltr'><strong>proprium,</strong></span> <span class='ocrx_word' id='word_1_696' title='bbox 2715 3487 2800 3542; x_wconf 87' lang='lat' dir='ltr'><strong>vel</strong></span> <span class='ocrx_word' id='word_1_697' title='bbox 2847 3487 3104 3558; x_wconf 83' lang='lat' dir='ltr'><strong>originale</strong></span> <span class='ocrx_word' id='word_1_698' title='bbox 3142 3496 3438 3557; x_wconf 88' lang='lat' dir='ltr'><strong>peccatum,</strong></span> 
     </span>
    </p>
   </div>
   <div class='ocr_carea' id='block_1_95' title="bbox 1859 3577 3442 3649">
    <p class='ocr_par' dir='ltr' id='par_1_95' title="bbox 1859 3577 3442 3649">
     <span class='ocr_line' id='line_1_95' title="bbox 1859 3577 3442 3649; baseline -0.001 -14"><span class='ocrx_word' id='word_1_699' title='bbox 1859 3589 1916 3636; x_wconf 82' lang='lat' dir='ltr'><strong>et</strong></span> <span class='ocrx_word' id='word_1_700' title='bbox 1944 3582 2089 3634; x_wconf 90' lang='lat' dir='ltr'><strong>omni</strong></span> <span class='ocrx_word' id='word_1_701' title='bbox 2131 3579 2290 3635; x_wconf 86' lang='lat' dir='ltr'><strong>modo</strong></span> <span class='ocrx_word' id='word_1_702' title='bbox 2335 3578 2669 3645; x_wconf 90' lang='lat' dir='ltr'><strong>innocentes,</strong></span> <span class='ocrx_word' id='word_1_703' title='bbox 2711 3577 3003 3648; x_wconf 89' lang='lat' dir='ltr'><strong>simplices,</strong></span> <span class='ocrx_word' id='word_1_704' title='bbox 3032 3593 3214 3649; x_wconf 86' lang='lat' dir='ltr'><strong>puras,</strong></span> <span class='ocrx_word' id='word_1_705' title='bbox 3246 3578 3442 3648; x_wconf 91' lang='lat' dir='ltr'><strong>ajusto</strong></span> 
     </span>
    </p>
   </div>
   <div class='ocr_carea' id='block_1_96' title="bbox 1862 3671 3442 3743">
    <p class='ocr_par' dir='ltr' id='par_1_96' title="bbox 1862 3671 3442 3743">
     <span class='ocr_line' id='line_1_96' title="bbox 1862 3671 3442 3743; baseline -0.002 -14"><span class='ocrx_word' id='word_1_706' title='bbox 1862 3674 1992 3740; x_wconf 90' lang='lat' dir='ltr'><strong>Deo,</strong></span> <span class='ocrx_word' id='word_1_707' title='bbox 2030 3689 2150 3728; x_wconf 91' lang='lat' dir='ltr'><strong>cum</strong></span> <span class='ocrx_word' id='word_1_708' title='bbox 2179 3687 2272 3728; x_wconf 90' lang='lat' dir='ltr'><strong>eas</strong></span> <span class='ocrx_word' id='word_1_709' title='bbox 2301 3673 2414 3743; x_wconf 88' lang='lat' dir='ltr'><strong>ipse</strong></span> <span class='ocrx_word' id='word_1_710' title='bbox 2444 3687 2548 3726; x_wconf 92' lang='lat' dir='ltr'><strong>non</strong></span> <span class='ocrx_word' id='word_1_711' title='bbox 2589 3671 2894 3727; x_wconf 88' lang='lat' dir='ltr'><strong>liberandas</strong></span> <span class='ocrx_word' id='word_1_712' title='bbox 2922 3671 3068 3728; x_wconf 90' lang='lat' dir='ltr'><strong>carni</strong></span> <span class='ocrx_word' id='word_1_713' title='bbox 3108 3671 3292 3726; x_wconf 88' lang='lat' dir='ltr'><strong>inserit</strong></span> <span class='ocrx_word' id='word_1_714' title='bbox 3317 3686 3442 3742; x_wconf 90' lang='lat' dir='ltr'><strong>pec-</strong></span> 
     </span>
    </p>
   </div>
   <div class='ocr_carea' id='block_1_97' title="bbox 1859 3762 2873 3834">
    <p class='ocr_par' dir='ltr' id='par_1_97' title="bbox 1859 3762 2873 3834">
     <span class='ocr_line' id='line_1_97' title="bbox 1859 3762 2873 3834; baseline -0.003 -14"><span class='ocrx_word' id='word_1_715' title='bbox 1859 3765 2062 3833; x_wconf 84' lang='lat' dir='ltr'><strong>catrici,</strong></span> <span class='ocrx_word' id='word_1_716' title='bbox 2091 3774 2288 3820; x_wconf 61' lang='lat' dir='ltr'><strong>aeterna</strong></span> <span class='ocrx_word' id='word_1_717' title='bbox 2314 3763 2653 3820; x_wconf 87' lang='lat' dir='ltr'><strong>damnatione</strong></span> <span class='ocrx_word' id='word_1_718' title='bbox 2679 3762 2873 3834; x_wconf 89' lang='lat' dir='ltr'><strong>puniri.</strong></span> 
     </span>
    </p>
   </div>
   <div class='ocr_carea' id='block_1_98' title="bbox 1930 3853 3443 3927">
    <p class='ocr_par' dir='ltr' id='par_1_98' title="bbox 1930 3853 3443 3927">
     <span class='ocr_line' id='line_1_98' title="bbox 1930 3853 3443 3927; baseline -0.001 -15"><span class='ocrx_word' id='word_1_719' title='bbox 1930 3855 2158 3913; x_wconf 84' lang='lat' dir='ltr'><strong>CAPUT</strong></span> <span class='ocrx_word' id='word_1_720' title='bbox 2197 3853 2310 3912; x_wconf 78' lang='lat' dir='ltr'><strong>XII.</strong></span> <span class='ocrx_word' id='word_1_721' title='bbox 2341 3856 2516 3912; x_wconf 79' lang='grc'><strong>-15.</strong></span> <span class='ocrx_word' id='word_1_722' title='bbox 2559 3855 2671 3927; x_wconf 82' lang='lat' dir='ltr'><strong>Ego</strong></span> <span class='ocrx_word' id='word_1_723' title='bbox 2700 3855 2832 3910; x_wconf 91' lang='lat' dir='ltr'><strong>nihil</strong></span> <span class='ocrx_word' id='word_1_724' title='bbox 2859 3855 3080 3911; x_wconf 88' lang='lat' dir='ltr'><strong>istorum</strong></span> <span class='ocrx_word' id='word_1_725' title='bbox 3109 3854 3335 3911; x_wconf 90' lang='lat' dir='ltr'><strong>duorum</strong></span> <span class='ocrx_word' id='word_1_726' title='bbox 3362 3855 3443 3911; x_wconf 89' lang='lat' dir='ltr'><strong>di-</strong></span> 
     </span>
    </p>
   </div>
   <div class='ocr_carea' id='block_1_99' title="bbox 1861 3946 3444 4015">
    <p class='ocr_par' dir='ltr' id='par_1_99' title="bbox 1861 3946 3444 4015">
     <span class='ocr_line' id='line_1_99' title="bbox 1861 3946 3444 4015; baseline -0.001 -11"><span class='ocrx_word' id='word_1_727' title='bbox 1861 3949 2087 4005; x_wconf 79' lang='lat' dir='ltr'><strong>cendum</strong></span> <span class='ocrx_word' id='word_1_728' title='bbox 2114 3964 2234 4005; x_wconf 89' lang='lat' dir='ltr'><strong>esse</strong></span> <span class='ocrx_word' id='word_1_729' title='bbox 2265 3947 2563 4014; x_wconf 89' lang='lat' dir='ltr'><strong>conﬁrmo;</strong></span> <span class='ocrx_word' id='word_1_730' title='bbox 2597 3962 2698 4003; x_wconf 90' lang='lat' dir='ltr'><strong>nec</strong></span> <span class='ocrx_word' id='word_1_731' title='bbox 2729 3947 2857 4002; x_wconf 88' lang='lat' dir='ltr'><strong>illud</strong></span> <span class='ocrx_word' id='word_1_732' title='bbox 2891 3946 3122 4011; x_wconf 90' lang='lat' dir='ltr'><strong>tertium,</strong></span> <span class='ocrx_word' id='word_1_733' title='bbox 3160 3947 3285 4001; x_wconf 88' lang='lat' dir='ltr'><strong>alibi</strong></span> <span class='ocrx_word' id='word_1_734' title='bbox 3317 3961 3444 4015; x_wconf 82' lang='lat' dir='ltr'><strong>pec-</strong></span> 
     </span>
    </p>
   </div>
   <div class='ocr_carea' id='block_1_100' title="bbox 1861 4037 3441 4107">
    <p class='ocr_par' dir='ltr' id='par_1_100' title="bbox 1861 4037 3441 4107">
     <span class='ocr_line' id='line_1_100' title="bbox 1861 4037 3441 4107; baseline -0.003 -10"><span class='ocrx_word' id='word_1_735' title='bbox 1861 4055 2014 4097; x_wconf 89' lang='lat' dir='ltr'><strong>casse</strong></span> <span class='ocrx_word' id='word_1_736' title='bbox 2041 4042 2248 4095; x_wconf 88' lang='lat' dir='ltr'><strong>animas</strong></span> <span class='ocrx_word' id='word_1_737' title='bbox 2271 4047 2396 4095; x_wconf 86' lang='lat' dir='ltr'><strong>ante</strong></span> <span class='ocrx_word' id='word_1_738' title='bbox 2420 4055 2658 4107; x_wconf 90' lang='lat' dir='ltr'><strong>carnem,</strong></span> <span class='ocrx_word' id='word_1_739' title='bbox 2688 4047 2746 4092; x_wconf 91' lang='lat' dir='ltr'><strong>ut</strong></span> <span class='ocrx_word' id='word_1_740' title='bbox 2769 4038 3009 4094; x_wconf 87' lang='lat' dir='ltr'><strong>damnari</strong></span> <span class='ocrx_word' id='word_1_741' title='bbox 3034 4046 3366 4093; x_wconf 90' lang='lat' dir='ltr'><strong>mererentur</strong></span> <span class='ocrx_word' id='word_1_742' title='bbox 3389 4037 3441 4092; x_wconf 91' lang='lat' dir='ltr'><strong>in</strong></span> 
     </span>
    </p>
   </div>
   <div class='ocr_carea' id='block_1_101' title="bbox 1861 4129 3445 4204">
    <p class='ocr_par' dir='ltr' id='par_1_101' title="bbox 1861 4129 3445 4204">
     <span class='ocr_line' id='line_1_101' title="bbox 1861 4129 3445 4204; baseline -0.003 -16"><span class='ocrx_word' id='word_1_743' title='bbox 1861 4150 2098 4189; x_wconf 89' lang='lat' dir='ltr'><strong>carnem.</strong></span> <span class='ocrx_word' id='word_1_744' title='bbox 2127 4131 2419 4204; x_wconf 83' lang='lat' dir='ltr'><strong>Apostolus</strong></span> <span class='ocrx_word' id='word_1_745' title='bbox 2445 4132 2641 4203; x_wconf 89' lang='lat' dir='ltr'><strong>quippe</strong></span> <span class='ocrx_word' id='word_1_746' title='bbox 2662 4130 2998 4200; x_wconf 89' lang='lat' dir='ltr'><strong>apertissime</strong></span> <span class='ocrx_word' id='word_1_747' title='bbox 3026 4129 3282 4196; x_wconf 89' lang='lat' dir='ltr'><strong>deﬁnivit,</strong></span> <span class='ocrx_word' id='word_1_748' title='bbox 3312 4145 3445 4184; x_wconf 88' lang='lat' dir='ltr'><strong>non-</strong></span> 
     </span>
    </p>
   </div>
   <div class='ocr_carea' id='block_1_102' title="bbox 1862 4221 3444 4294">
    <p class='ocr_par' dir='ltr' id='par_1_102' title="bbox 1862 4221 3444 4294">
     <span class='ocr_line' id='line_1_102' title="bbox 1862 4221 3444 4294; baseline -0.001 -16"><span class='ocrx_word' id='word_1_749' title='bbox 1862 4224 1986 4279; x_wconf 89' lang='lat' dir='ltr'><strong>dum</strong></span> <span class='ocrx_word' id='word_1_750' title='bbox 2042 4225 2095 4278; x_wconf 91' lang='lat' dir='ltr'><strong>in</strong></span> <span class='ocrx_word' id='word_1_751' title='bbox 2146 4239 2308 4278; x_wconf 90' lang='lat' dir='ltr'><strong>carne</strong></span> <span class='ocrx_word' id='word_1_752' title='bbox 2358 4233 2512 4277; x_wconf 89' lang='lat' dir='ltr'><strong>natos</strong></span> <span class='ocrx_word' id='word_1_753' title='bbox 2575 4221 2702 4276; x_wconf 90' lang='lat' dir='ltr'><strong>nihil</strong></span> <span class='ocrx_word' id='word_1_754' title='bbox 2754 4223 2928 4294; x_wconf 87' lang='lat' dir='ltr'><strong>egisse</strong></span> <span class='ocrx_word' id='word_1_755' title='bbox 2970 4221 3119 4276; x_wconf 86' lang='lat' dir='ltr'><strong>boni</strong></span> <span class='ocrx_word' id='word_1_756' title='bbox 3176 4237 3270 4277; x_wconf 91' lang='lat' dir='ltr'><strong>seu</strong></span> <span class='ocrx_word' id='word_1_757' title='bbox 3318 4221 3444 4276; x_wconf 90' lang='lat' dir='ltr'><strong>mali</strong></span> 
     </span>
    </p>
   </div>
   <div class='ocr_carea' id='block_1_103' title="bbox 1863 4313 3442 4388">
    <p class='ocr_par' dir='ltr' id='par_1_103' title="bbox 1863 4313 3442 4388">
     <span class='ocr_line' id='line_1_103' title="bbox 1863 4313 3442 4388; baseline -0.003 -16"><span class='ocrx_word' id='word_1_758' title='bbox 1863 4319 2037 4388; x_wconf 80' lang='lat' dir='ltr'><strong>(Rom.</strong></span> <span class='ocrx_word' id='word_1_759' title='bbox 2069 4333 2142 4380; x_wconf 82' lang='lat' dir='ltr'><strong>Ix,</strong></span> <span class='ocrx_word' id='word_1_760' title='bbox 2171 4313 2282 4384; x_wconf 84' lang='lat' dir='ltr'><strong>II).</strong></span> <span class='ocrx_word' id='word_1_761' title='bbox 2312 4314 2464 4371; x_wconf 92' lang='lat' dir='ltr'><strong>Unde</strong></span> <span class='ocrx_word' id='word_1_762' title='bbox 2489 4323 2716 4380; x_wconf 87' lang='lat' dir='ltr'><strong>constat,</strong></span> <span class='ocrx_word' id='word_1_763' title='bbox 2753 4315 3022 4384; x_wconf 86' lang='lat' dir='ltr'><strong>parvulos,</strong></span> <span class='ocrx_word' id='word_1_764' title='bbox 3055 4323 3110 4368; x_wconf 90' lang='lat' dir='ltr'><strong>ut</strong></span> <span class='ocrx_word' id='word_1_765' title='bbox 3132 4313 3442 4368; x_wconf 88' lang='lat' dir='ltr'><strong>remissione</strong></span> 
     </span>
    </p>
   </div>
   <div class='ocr_carea' id='block_1_104' title="bbox 1863 4403 3444 4479">
    <p class='ocr_par' dir='ltr' id='par_1_104' title="bbox 1863 4403 3444 4479">
     <span class='ocr_line' id='line_1_104' title="bbox 1863 4403 3444 4479; baseline -0.004 -14"><span class='ocrx_word' id='word_1_766' title='bbox 1863 4409 2134 4478; x_wconf 78' lang='lat' dir='ltr'><strong>indigeant</strong></span> <span class='ocrx_word' id='word_1_767' title='bbox 2163 4417 2524 4479; x_wconf 81' lang='lat' dir='ltr'><strong>peccatorum,</strong></span> <span class='ocrx_word' id='word_1_768' title='bbox 2574 4405 2788 4460; x_wconf 89' lang='lat' dir='ltr'><strong>nonnisi</strong></span> <span class='ocrx_word' id='word_1_769' title='bbox 2819 4405 3076 4476; x_wconf 87' lang='lat' dir='ltr'><strong>originale</strong></span> <span class='ocrx_word' id='word_1_770' title='bbox 3115 4403 3444 4458; x_wconf 88' lang='lat' dir='ltr'><strong>contraxisse</strong></span> 
     </span>
    </p>
   </div>
   <div class='ocr_carea' id='block_1_105' title="bbox 1864 4493 3445 4573">
    <p class='ocr_par' dir='ltr' id='par_1_105' title="bbox 1864 4493 3445 4573">
     <span class='ocr_line' id='line_1_105' title="bbox 1864 4493 3445 4573; baseline -0.005 -18"><span class='ocrx_word' id='word_1_771' title='bbox 1864 4510 2162 4573; x_wconf 88' lang='lat' dir='ltr'><strong>peccatum.</strong></span> <span class='ocrx_word' id='word_1_772' title='bbox 2194 4497 2304 4554; x_wconf 84' lang='lat' dir='ltr'><strong>Nec</strong></span> <span class='ocrx_word' id='word_1_773' title='bbox 2357 4496 2486 4553; x_wconf 90' lang='lat' dir='ltr'><strong>illud</strong></span> <span class='ocrx_word' id='word_1_774' title='bbox 2517 4506 2786 4567; x_wconf 88' lang='lat' dir='ltr'><strong>quartum,</strong></span> <span class='ocrx_word' id='word_1_775' title='bbox 2832 4511 2924 4552; x_wconf 86' lang='lat' dir='ltr'><strong>eas</strong></span> <span class='ocrx_word' id='word_1_776' title='bbox 2966 4495 3169 4551; x_wconf 88' lang='lat' dir='ltr'><strong>animas</strong></span> <span class='ocrx_word' id='word_1_777' title='bbox 3197 4493 3445 4564; x_wconf 85' lang='lat' dir='ltr'><strong>parvulo-</strong></span> 
     </span>
    </p>
   </div>
   <div class='ocr_carea' id='block_1_106' title="bbox 1870 4585 3446 4662">
    <p class='ocr_par' dir='ltr' id='par_1_106' title="bbox 1870 4585 3446 4662">
     <span class='ocr_line' id='line_1_106' title="bbox 1870 4585 3446 4662; baseline -0.004 -14"><span class='ocrx_word' id='word_1_778' title='bbox 1870 4608 1988 4650; x_wconf 89' lang='lat' dir='ltr'><strong>rum</strong></span> <span class='ocrx_word' id='word_1_779' title='bbox 2010 4591 2125 4646; x_wconf 88' lang='lat' dir='ltr'><strong>sine</strong></span> <span class='ocrx_word' id='word_1_780' title='bbox 2154 4591 2477 4662; x_wconf 88' lang='lat' dir='ltr'><strong>Baptismate</strong></span> <span class='ocrx_word' id='word_1_781' title='bbox 2505 4588 2886 4644; x_wconf 89' lang='lat' dir='ltr'><strong>moriturorum</strong></span> <span class='ocrx_word' id='word_1_782' title='bbox 2909 4603 2939 4644; x_wconf 89' lang='lat' dir='ltr'><strong>a</strong></span> <span class='ocrx_word' id='word_1_783' title='bbox 2955 4587 3100 4658; x_wconf 87' lang='lat' dir='ltr'><strong>justo</strong></span> <span class='ocrx_word' id='word_1_784' title='bbox 3122 4587 3230 4642; x_wconf 88' lang='lat' dir='ltr'><strong>Deo</strong></span> <span class='ocrx_word' id='word_1_785' title='bbox 3255 4585 3306 4640; x_wconf 90' lang='lat' dir='ltr'><strong>in</strong></span> <span class='ocrx_word' id='word_1_786' title='bbox 3329 4600 3446 4641; x_wconf 81' lang='lat' dir='ltr'><strong>car-</strong></span> 
     </span>
    </p>
   </div>
   <div class='ocr_carea' id='block_1_107' title="bbox 1866 4679 3443 4756">
    <p class='ocr_par' dir='ltr' id='par_1_107' title="bbox 1866 4679 3443 4756">
     <span class='ocr_line' id='line_1_107' title="bbox 1866 4679 3443 4756; baseline -0.004 -17"><span class='ocrx_word' id='word_1_787' title='bbox 1866 4699 1988 4740; x_wconf 85' lang='lat' dir='ltr'><strong>nem</strong></span> <span class='ocrx_word' id='word_1_788' title='bbox 2014 4684 2364 4756; x_wconf 86' lang='lat' dir='ltr'><strong>peccatricem</strong></span> <span class='ocrx_word' id='word_1_789' title='bbox 2406 4682 2631 4753; x_wconf 85' lang='lat' dir='ltr'><strong>relegari</strong></span> <span class='ocrx_word' id='word_1_790' title='bbox 2677 4688 2836 4751; x_wconf 90' lang='lat' dir='ltr'><strong>atque</strong></span> <span class='ocrx_word' id='word_1_791' title='bbox 2860 4679 3120 4746; x_wconf 85' lang='lat' dir='ltr'><strong>damnari,</strong></span> <span class='ocrx_word' id='word_1_792' title='bbox 3149 4692 3280 4749; x_wconf 90' lang='lat' dir='ltr'><strong>quas</strong></span> <span class='ocrx_word' id='word_1_793' title='bbox 3311 4693 3443 4748; x_wconf 70' lang='lat' dir='ltr'><strong>prce-</strong></span> 
     </span>
    </p>
   </div>
   <div class='ocr_carea' id='block_1_108' title="bbox 1863 4769 3445 4843">
    <p class='ocr_par' dir='ltr' id='par_1_108' title="bbox 1863 4769 3445 4843">
     <span class='ocr_line' id='line_1_108' title="bbox 1863 4769 3445 4843; baseline -0.004 -11"><span class='ocrx_word' id='word_1_794' title='bbox 1863 4777 2040 4843; x_wconf 81' lang='lat' dir='ltr'><strong>scivit,</strong></span> <span class='ocrx_word' id='word_1_795' title='bbox 2087 4777 2130 4831; x_wconf 91' lang='lat' dir='ltr'><strong>si</strong></span> <span class='ocrx_word' id='word_1_796' title='bbox 2161 4775 2228 4831; x_wconf 92' lang='lat' dir='ltr'><strong>ad</strong></span> <span class='ocrx_word' id='word_1_797' title='bbox 2252 4783 2462 4830; x_wconf 80' lang='lat' dir='ltr'><strong>aetatem</strong></span> <span class='ocrx_word' id='word_1_798' title='bbox 2490 4773 2882 4843; x_wconf 87' lang='lat' dir='ltr'><strong>pervenissent,</strong></span> <span class='ocrx_word' id='word_1_799' title='bbox 2917 4773 2970 4825; x_wconf 94' lang='lat' dir='ltr'><strong>in</strong></span> <span class='ocrx_word' id='word_1_800' title='bbox 2999 4786 3099 4838; x_wconf 90' lang='lat' dir='ltr'><strong>qua</strong></span> <span class='ocrx_word' id='word_1_801' title='bbox 3138 4769 3303 4825; x_wconf 90' lang='lat' dir='ltr'><strong>libero</strong></span> <span class='ocrx_word' id='word_1_802' title='bbox 3329 4780 3445 4826; x_wconf 87' lang='lat' dir='ltr'><strong>ute-</strong></span> 
     </span>
    </p>
   </div>
   <div class='ocr_carea' id='block_1_109' title="bbox 1866 4861 3446 4932">
    <p class='ocr_par' dir='ltr' id='par_1_109' title="bbox 1866 4861 3446 4932">
     <span class='ocr_line' id='line_1_109' title="bbox 1866 4861 3446 4932; baseline -0.004 -9"><span class='ocrx_word' id='word_1_803' title='bbox 1866 4877 2051 4925; x_wconf 87' lang='lat' dir='ltr'><strong>rentur</strong></span> <span class='ocrx_word' id='word_1_804' title='bbox 2084 4866 2324 4931; x_wconf 90' lang='lat' dir='ltr'><strong>arbitrio,</strong></span> <span class='ocrx_word' id='word_1_805' title='bbox 2369 4865 2509 4920; x_wconf 91' lang='lat' dir='ltr'><strong>male</strong></span> <span class='ocrx_word' id='word_1_806' title='bbox 2561 4863 2724 4918; x_wconf 88' lang='lat' dir='ltr'><strong>fuisse</strong></span> <span class='ocrx_word' id='word_1_807' title='bbox 2771 4865 3023 4917; x_wconf 86' lang='lat' dir='ltr'><strong>victuras.</strong></span> <span class='ocrx_word' id='word_1_808' title='bbox 3066 4861 3177 4916; x_wconf 83' lang='lat' dir='ltr'><strong>Hoc</strong></span> <span class='ocrx_word' id='word_1_809' title='bbox 3217 4876 3446 4932; x_wconf 88' lang='lat' dir='ltr'><strong>namque</strong></span> 
     </span>
    </p>
   </div>
   <div class='ocr_carea' id='block_1_110' title="bbox 1868 4954 3447 5026">
    <p class='ocr_par' dir='ltr' id='par_1_110' title="bbox 1868 4954 3447 5026">
     <span class='ocr_line' id='line_1_110' title="bbox 1868 4954 3447 5026; baseline -0.003 -12"><span class='ocrx_word' id='word_1_810' title='bbox 1868 4977 1963 5014; x_wconf 89' lang='lat' dir='ltr'><strong>nec</strong></span> <span class='ocrx_word' id='word_1_811' title='bbox 2004 4960 2104 5014; x_wconf 79' lang='lat' dir='ltr'><strong>iste</strong></span> <span class='ocrx_word' id='word_1_812' title='bbox 2132 4975 2292 5013; x_wconf 89' lang='lat' dir='ltr'><strong>ausus</strong></span> <span class='ocrx_word' id='word_1_813' title='bbox 2316 4956 2621 5024; x_wconf 88' lang='lat' dir='ltr'><strong>estdicere,</strong></span> <span class='ocrx_word' id='word_1_814' title='bbox 2651 4956 2704 5011; x_wconf 90' lang='lat' dir='ltr'><strong>in</strong></span> <span class='ocrx_word' id='word_1_815' title='bbox 2746 4956 2906 5010; x_wconf 88' lang='lat' dir='ltr'><strong>tantis</strong></span> <span class='ocrx_word' id='word_1_816' title='bbox 2950 4954 3205 5026; x_wconf 84' lang='lat' dir='ltr'><strong>angustiis</strong></span> <span class='ocrx_word' id='word_1_817' title='bbox 3246 4956 3447 5009; x_wconf 91' lang='lat' dir='ltr'><strong>consti-</strong></span> 
     </span>
    </p>
   </div>
   <div class='ocr_carea' id='block_1_111' title="bbox 1867 5045 3446 5116">
    <p class='ocr_par' dir='ltr' id='par_1_111' title="bbox 1867 5045 3446 5116">
     <span class='ocr_line' id='line_1_111' title="bbox 1867 5045 3446 5116; baseline -0.004 -7"><span class='ocrx_word' id='word_1_818' title='bbox 1867 5062 2011 5110; x_wconf 90' lang='lat' dir='ltr'><strong>tutus</strong></span> <span class='ocrx_word' id='word_1_819' title='bbox 2043 5071 2056 5106; x_wconf 89' lang='lat'><strong>:</strong></span> <span class='ocrx_word' id='word_1_820' title='bbox 2090 5052 2197 5106; x_wconf 91' lang='lat' dir='ltr'><strong>imo</strong></span> <span class='ocrx_word' id='word_1_821' title='bbox 2240 5052 2399 5106; x_wconf 88' lang='lat' dir='ltr'><strong>etiam</strong></span> <span class='ocrx_word' id='word_1_822' title='bbox 2441 5059 2624 5104; x_wconf 90' lang='lat' dir='ltr'><strong>contra</strong></span> <span class='ocrx_word' id='word_1_823' title='bbox 2667 5050 2821 5103; x_wconf 86' lang='lat' dir='ltr'><strong>istam</strong></span> <span class='ocrx_word' id='word_1_824' title='bbox 2853 5048 3137 5102; x_wconf 81' lang='lat' dir='ltr'><strong>vanitatem</strong></span> <span class='ocrx_word' id='word_1_825' title='bbox 3164 5045 3272 5116; x_wconf 90' lang='lat' dir='ltr'><strong>jam</strong></span> <span class='ocrx_word' id='word_1_826' title='bbox 3317 5047 3446 5102; x_wconf 81' lang='lat' dir='ltr'><strong>Satis</strong></span> 
     </span>
    </p>
   </div>
   <div class='ocr_carea' id='block_1_112' title="bbox 1869 5139 3447 5208">
    <p class='ocr_par' dir='ltr' id='par_1_112' title="bbox 1869 5139 3447 5208">
     <span class='ocr_line' id='line_1_112' title="bbox 1869 5139 3447 5208; baseline -0.006 -4"><span class='ocrx_word' id='word_1_827' title='bbox 1869 5146 2147 5204; x_wconf 81' lang='lat' dir='ltr'><strong>manifeste</strong></span> <span class='ocrx_word' id='word_1_828' title='bbox 2174 5160 2236 5199; x_wconf 90' lang='lat' dir='ltr'><strong>ac</strong></span> <span class='ocrx_word' id='word_1_829' title='bbox 2264 5145 2497 5200; x_wconf 90' lang='lat' dir='ltr'><strong>breviter</strong></span> <span class='ocrx_word' id='word_1_830' title='bbox 2530 5152 2614 5198; x_wconf 90' lang='lat' dir='ltr'><strong>est</strong></span> <span class='ocrx_word' id='word_1_831' title='bbox 2638 5143 2866 5208; x_wconf 84' lang='lat' dir='ltr'><strong>locutus,</strong></span> <span class='ocrx_word' id='word_1_832' title='bbox 2898 5141 2984 5195; x_wconf 85' lang='lat' dir='ltr'><strong>ubi</strong></span> <span class='ocrx_word' id='word_1_833' title='bbox 3011 5140 3104 5208; x_wconf 86' lang='lat' dir='ltr'><strong>ait,</strong></span> <span class='ocrx_word' id='word_1_834' title='bbox 3140 5158 3158 5191; x_wconf 78' lang='grc' dir='ltr'><strong>ι</strong></span> <span class='ocrx_word' id='word_1_835' title='bbox 3193 5139 3447 5208; x_wconf 86' lang='lat' dir='ltr'><strong>lnjustutn</strong></span> 
     </span>
    </p>
   </div>
   <div class='ocr_carea' id='block_1_113' title="bbox 1869 5230 3450 5304">
    <p class='ocr_par' dir='ltr' id='par_1_113' title="bbox 1869 5230 3450 5304">
     <span class='ocr_line' id='line_1_113' title="bbox 1869 5230 3450 5304; baseline -0.008 -9"><span class='ocrx_word' id='word_1_836' title='bbox 1869 5241 2038 5295; x_wconf 87' lang='lat' dir='ltr'><strong>Deum</strong></span> <span class='ocrx_word' id='word_1_837' title='bbox 2061 5239 2295 5290; x_wconf 90' lang='lat' dir='ltr'><strong>luturum</strong></span> <span class='ocrx_word' id='word_1_838' title='bbox 2327 5235 2510 5299; x_wconf 87' lang='lat' dir='ltr'><strong>fuisse,</strong></span> <span class='ocrx_word' id='word_1_839' title='bbox 2540 5234 2584 5289; x_wconf 90' lang='lat' dir='ltr'><strong>si</strong></span> <span class='ocrx_word' id='word_1_840' title='bbox 2613 5249 2718 5288; x_wconf 92' lang='lat' dir='ltr'><strong>non</strong></span> <span class='ocrx_word' id='word_1_841' title='bbox 2741 5233 2989 5304; x_wconf 88' lang='lat' dir='ltr'><strong>perfectis</strong></span> <span class='ocrx_word' id='word_1_842' title='bbox 3013 5231 3239 5301; x_wconf 74' lang='lat' dir='ltr'><strong>propria:</strong></span> <span class='ocrx_word' id='word_1_843' title='bbox 3263 5230 3450 5284; x_wconf 86' lang='lat' dir='ltr'><strong>volun-</strong></span> 
     </span>
    </p>
   </div>
   <div class='ocr_carea' id='block_1_114' title="bbox 1870 5322 3444 5398">
    <p class='ocr_par' dir='ltr' id='par_1_114' title="bbox 1870 5322 3444 5398">
     <span class='ocr_line' id='line_1_114' title="bbox 1870 5322 3444 5398; baseline -0.009 -12"><span class='ocrx_word' id='word_1_844' title='bbox 1870 5332 1992 5386; x_wconf 87' lang='lat' dir='ltr'><strong>tatis</strong></span> <span class='ocrx_word' id='word_1_845' title='bbox 2018 5327 2286 5398; x_wconf 85' lang='lat' dir='ltr'><strong>operibus,</strong></span> <span class='ocrx_word' id='word_1_846' title='bbox 2313 5326 2471 5381; x_wconf 86' lang='lat' dir='ltr'><strong>vellet</strong></span> <span class='ocrx_word' id='word_1_847' title='bbox 2501 5325 2771 5380; x_wconf 89' lang='lat' dir='ltr'><strong>hominem</strong></span> <span class='ocrx_word' id='word_1_848' title='bbox 2794 5322 3037 5395; x_wconf 86' lang='lat' dir='ltr'><strong>judicarc</strong></span> <span class='ocrx_word' id='word_1_849' title='bbox 3063 5339 3164 5376; x_wconf 91' lang='lat' dir='ltr'><strong>non</strong></span> <span class='ocrx_word' id='word_1_850' title='bbox 3195 5329 3400 5375; x_wconf 89' lang='lat' dir='ltr'><strong>natum.</strong></span> <span class='ocrx_word' id='word_1_851' title='bbox 3427 5338 3444 5372; x_wconf 78' lang='grc' dir='ltr'><strong>ι</strong></span> 
     </span>
    </p>
   </div>
   <div class='ocr_carea' id='block_1_115' title="bbox 1869 5409 3452 5487">
    <p class='ocr_par' dir='ltr' id='par_1_115' title="bbox 1869 5409 3452 5487">
     <span class='ocr_line' id='line_1_115' title="bbox 1869 5409 3452 5487; baseline -0.009 -10"><span class='ocrx_word' id='word_1_852' title='bbox 1869 5422 1982 5478; x_wconf 84' lang='lat' dir='ltr'><strong>Hoc</strong></span> <span class='ocrx_word' id='word_1_853' title='bbox 2027 5421 2171 5475; x_wconf 91' lang='lat' dir='ltr'><strong>enim</strong></span> <span class='ocrx_word' id='word_1_854' title='bbox 2203 5416 2494 5487; x_wconf 77' lang='lat' dir='ltr'><strong>reSpoudit,</strong></span> <span class='ocrx_word' id='word_1_855' title='bbox 2538 5430 2658 5470; x_wconf 89' lang='lat' dir='ltr'><strong>cum</strong></span> <span class='ocrx_word' id='word_1_856' title='bbox 2699 5423 2952 5469; x_wconf 87' lang='lat' dir='ltr'><strong>tractaret</strong></span> <span class='ocrx_word' id='word_1_857' title='bbox 2990 5411 3338 5482; x_wconf 83' lang='lat' dir='ltr'><strong>quaestionem</strong></span> <span class='ocrx_word' id='word_1_858' title='bbox 3369 5409 3452 5463; x_wconf 89' lang='lat' dir='ltr'><strong>ad-</strong></span> 
     </span>
    </p>
   </div>
   <div class='ocr_carea' id='block_1_116' title="bbox 1870 5499 3447 5581">
    <p class='ocr_par' dir='ltr' id='par_1_116' title="bbox 1870 5499 3447 5581">
     <span class='ocr_line' id='line_1_116' title="bbox 1870 5499 3447 5581; baseline -0.009 -14"><span class='ocrx_word' id='word_1_859' title='bbox 1870 5526 2056 5567; x_wconf 88' lang='lat' dir='ltr'><strong>versus</strong></span> <span class='ocrx_word' id='word_1_860' title='bbox 2093 5526 2186 5566; x_wconf 80' lang='lat' dir='ltr'><strong>eos</strong></span> <span class='ocrx_word' id='word_1_861' title='bbox 2216 5510 2301 5581; x_wconf 92' lang='lat' dir='ltr'><strong>qui</strong></span> <span class='ocrx_word' id='word_1_862' title='bbox 2334 5508 2534 5572; x_wconf 90' lang='lat' dir='ltr'><strong>dicunt,</strong></span> <span class='ocrx_word' id='word_1_863' title='bbox 2581 5505 2687 5560; x_wconf 85' lang='lat' dir='ltr'><strong>Cur</strong></span> <span class='ocrx_word' id='word_1_864' title='bbox 2733 5506 2868 5559; x_wconf 89' lang='lat' dir='ltr'><strong>Deus</strong></span> <span class='ocrx_word' id='word_1_865' title='bbox 2899 5504 3167 5557; x_wconf 90' lang='lat' dir='ltr'><strong>hominem</strong></span> <span class='ocrx_word' id='word_1_866' title='bbox 3199 5499 3447 5566; x_wconf 76' lang='lat' dir='ltr'><strong>faciebat,</strong></span> 
     </span>
    </p>
   </div>
   <div class='ocr_carea' id='block_1_117' title="bbox 1871 5590 3453 5676">
    <p class='ocr_par' dir='ltr' id='par_1_117' title="bbox 1871 5590 3453 5676">
     <span class='ocr_line' id='line_1_117' title="bbox 1871 5590 3453 5676; baseline -0.009 -18"><span class='ocrx_word' id='word_1_867' title='bbox 1871 5621 2052 5676; x_wconf 87' lang='lat' dir='ltr'><strong>quem,</strong></span> <span class='ocrx_word' id='word_1_868' title='bbox 2083 5613 2262 5669; x_wconf 81' lang='lat' dir='ltr'><strong>utpote</strong></span> <span class='ocrx_word' id='word_1_869' title='bbox 2292 5600 2568 5672; x_wconf 64' lang='lat' dir='ltr'><strong>praescius,</strong></span> <span class='ocrx_word' id='word_1_870' title='bbox 2603 5597 2806 5651; x_wconf 88' lang='lat' dir='ltr'><strong>sciebat</strong></span> <span class='ocrx_word' id='word_1_871' title='bbox 2831 5595 3059 5649; x_wconf 90' lang='lat' dir='ltr'><strong>futurum</strong></span> <span class='ocrx_word' id='word_1_872' title='bbox 3087 5608 3190 5647; x_wconf 88' lang='lat' dir='ltr'><strong>non</strong></span> <span class='ocrx_word' id='word_1_873' title='bbox 3219 5590 3453 5646; x_wconf 84' lang='lat' dir='ltr'><strong>bonum?</strong></span> 
     </span>
    </p>
   </div>
   <div class='ocr_carea' id='block_1_118' title="bbox 1872 5690 3453 5764">
    <p class='ocr_par' dir='ltr' id='par_1_118' title="bbox 1872 5690 3453 5764">
     <span class='ocr_line' id='line_1_118' title="bbox 1872 5690 3453 5764; baseline -0.01 -10"><span class='ocrx_word' id='word_1_874' title='bbox 1872 5699 1986 5754; x_wconf 82' lang='lat' dir='ltr'><strong>Non</strong></span> <span class='ocrx_word' id='word_1_875' title='bbox 2019 5706 2198 5750; x_wconf 88' lang='lat' dir='ltr'><strong>natum</strong></span> <span class='ocrx_word' id='word_1_876' title='bbox 2251 5695 2390 5748; x_wconf 90' lang='lat' dir='ltr'><strong>enim</strong></span> <span class='ocrx_word' id='word_1_877' title='bbox 2412 5692 2696 5764; x_wconf 89' lang='lat' dir='ltr'><strong>judicaret,</strong></span> <span class='ocrx_word' id='word_1_878' title='bbox 2734 5690 2776 5742; x_wconf 90' lang='lat' dir='ltr'><strong>si</strong></span> <span class='ocrx_word' id='word_1_879' title='bbox 2809 5696 3085 5758; x_wconf 86' lang='lat' dir='ltr'><strong>propterea</strong></span> <span class='ocrx_word' id='word_1_880' title='bbox 3131 5700 3316 5741; x_wconf 90' lang='lat' dir='ltr'><strong>creare</strong></span> <span class='ocrx_word' id='word_1_881' title='bbox 3360 5701 3453 5739; x_wconf 83' lang='lat' dir='ltr'><strong>no-</strong></span> 
     </span>
    </p>
   </div>
   <div class='ocr_carea' id='block_1_119' title="bbox 1873 5776 3453 5856">
    <p class='ocr_par' dir='ltr' id='par_1_119' title="bbox 1873 5776 3453 5856">
     <span class='ocr_line' id='line_1_119' title="bbox 1873 5776 3453 5856; baseline -0.01 -10"><span class='ocrx_word' id='word_1_882' title='bbox 1873 5790 2080 5853; x_wconf 88' lang='lat' dir='ltr'><strong>luisset,</strong></span> <span class='ocrx_word' id='word_1_883' title='bbox 2111 5786 2230 5856; x_wconf 89' lang='lat' dir='ltr'><strong>quia</strong></span> <span class='ocrx_word' id='word_1_884' title='bbox 2261 5801 2366 5839; x_wconf 91' lang='lat' dir='ltr'><strong>non</strong></span> <span class='ocrx_word' id='word_1_885' title='bbox 2403 5783 2600 5838; x_wconf 90' lang='lat' dir='ltr'><strong>bonum</strong></span> <span class='ocrx_word' id='word_1_886' title='bbox 2628 5779 2863 5833; x_wconf 85' lang='lat' dir='ltr'><strong>futurum</strong></span> <span class='ocrx_word' id='word_1_887' title='bbox 2889 5792 3006 5832; x_wconf 88' lang='lat' dir='ltr'><strong>esse</strong></span> <span class='ocrx_word' id='word_1_888' title='bbox 3038 5776 3354 5845; x_wconf 60' lang='lat' dir='ltr'><strong>praiscisset.</strong></span> <span class='ocrx_word' id='word_1_889' title='bbox 3389 5776 3453 5830; x_wconf 70' lang='lat' dir='ltr'><strong>Et</strong></span> 
     </span>
    </p>
   </div>
   <div class='ocr_carea' id='block_1_120' title="bbox 1879 5869 3481 5960">
    <p class='ocr_par' dir='ltr' id='par_1_120' title="bbox 1879 5869 3481 5960">
     <span class='ocr_line' id='line_1_120' title="bbox 1879 5869 3481 5960; baseline -0.012 -20"><span class='ocrx_word' id='word_1_890' title='bbox 1879 5886 2059 5955; x_wconf 89' lang='lat' dir='ltr'><strong>utique</strong></span> <span class='ocrx_word' id='word_1_891' title='bbox 2086 5884 2223 5937; x_wconf 81' lang='lat' dir='ltr'><strong>sicut</strong></span> <span class='ocrx_word' id='word_1_892' title='bbox 2255 5892 2307 5937; x_wconf 90' lang='lat' dir='ltr'><strong>et</strong></span> <span class='ocrx_word' id='word_1_893' title='bbox 2345 5880 2466 5949; x_wconf 87' lang='lat' dir='ltr'><strong>huic</strong></span> <span class='ocrx_word' id='word_1_894' title='bbox 2495 5878 2665 5955; x_wconf 83' lang='lat' dir='ltr'><strong>visum</strong></span> <span class='ocrx_word' id='word_1_895' title='bbox 2692 5883 2793 5938; x_wconf 89' lang='lat' dir='ltr'><strong>est,</strong></span> <span class='ocrx_word' id='word_1_896' title='bbox 2822 5872 2891 5929; x_wconf 85' lang='lat' dir='ltr'><strong>de</strong></span> <span class='ocrx_word' id='word_1_897' title='bbox 2919 5870 3167 5960; x_wconf 83' lang='lat' dir='ltr'><strong>perfectis</strong></span> <span class='ocrx_word' id='word_1_898' title='bbox 3189 5869 3301 5958; x_wconf 83' lang='lat' dir='ltr'><strong>ejus</strong></span> <span class='ocrx_word' id='word_1_899' title='bbox 3329 5884 3426 5960; x_wconf 63' lang='lat' dir='ltr'><strong>opt,</strong></span> <span class='ocrx_word' id='word_1_900' title='bbox 3452 5899 3481 5920; x_wconf 81' lang='grc'><strong>-.</strong></span> 
     </span>
    </p>
   </div>
  </div>
