  <div class='ocr_page' id='page_1' title='image "/cluster/home/n/w/nwhite01/storage/ocr_20150623/44/hvd.32044015706336/247.png"; bbox 0 0 4012 6476; ppageno 0'>
   <div class='ocr_carea' id='block_1_1' title="bbox 508 544 2090 629">
    <p class='ocr_par' dir='ltr' id='par_1_1' title="bbox 508 544 2090 629">
     <span class='ocr_line' id='line_1_1' title="bbox 508 544 2090 629; baseline -0.018 -2"><span class='ocrx_word' id='word_1_1' title='bbox 508 562 665 627; x_wconf 81' lang='lat' dir='ltr'><strong>rillus</strong></span> <span class='ocrx_word' id='word_1_2' title='bbox 680 558 957 625; x_wconf 68' lang='lat' dir='ltr'><strong>debuisset</strong></span> <span class='ocrx_word' id='word_1_3' title='bbox 976 554 1253 618; x_wconf 83' lang='lat' dir='ltr'><strong>hominem</strong></span> <span class='ocrx_word' id='word_1_4' title='bbox 1278 548 1536 629; x_wconf 65' lang='lat' dir='ltr'><strong>Indicant,</strong></span> <span class='ocrx_word' id='word_1_5' title='bbox 1569 562 1675 609; x_wconf 82' lang='lat' dir='ltr'><strong>non</strong></span> <span class='ocrx_word' id='word_1_6' title='bbox 1702 549 1768 607; x_wconf 90' lang='lat' dir='ltr'><strong>de</strong></span> <span class='ocrx_word' id='word_1_7' title='bbox 1796 544 2090 622; x_wconf 71' lang='lat' dir='ltr'><strong>prmcogni-</strong></span> 
     </span>
    </p>
   </div>
   <div class='ocr_carea' id='block_1_2' title="bbox 511 645 2093 730">
    <p class='ocr_par' dir='ltr' id='par_1_2' title="bbox 511 645 2093 730">
     <span class='ocr_line' id='line_1_2' title="bbox 511 645 2093 730; baseline -0.019 -7"><span class='ocrx_word' id='word_1_8' title='bbox 511 664 602 730; x_wconf 86' lang='lat' dir='ltr'><strong>tis,</strong></span> <span class='ocrx_word' id='word_1_9' title='bbox 642 668 743 719; x_wconf 84' lang='lat' dir='ltr'><strong>nec</strong></span> <span class='ocrx_word' id='word_1_10' title='bbox 786 657 901 715; x_wconf 68' lang='lat' dir='ltr'><strong>ﬁeri</strong></span> <span class='ocrx_word' id='word_1_11' title='bbox 940 652 1223 728; x_wconf 71' lang='lat' dir='ltr'><strong>aliqitando</strong></span> <span class='ocrx_word' id='word_1_12' title='bbox 1266 646 1560 725; x_wconf 80' lang='lat' dir='ltr'><strong>permissis.</strong></span> <span class='ocrx_word' id='word_1_13' title='bbox 1592 646 1724 704; x_wconf 78' lang='lat' dir='ltr'><strong>Nam</strong></span> <span class='ocrx_word' id='word_1_14' title='bbox 1766 645 1809 700; x_wconf 94' lang='lat' dir='ltr'><strong>si</strong></span> <span class='ocrx_word' id='word_1_15' title='bbox 1855 648 2093 713; x_wconf 85' lang='lat' dir='ltr'><strong>peccata,</strong></span> 
     </span>
    </p>
   </div>
   <div class='ocr_carea' id='block_1_3' title="bbox 512 736 2091 829">
    <p class='ocr_par' dir='ltr' id='par_1_3' title="bbox 512 736 2091 829">
     <span class='ocr_line' id='line_1_3' title="bbox 512 736 2091 829; baseline -0.017 -16"><span class='ocrx_word' id='word_1_16' title='bbox 512 764 631 829; x_wconf 54' lang='lat' dir='ltr'><strong>quae;</strong></span> <span class='ocrx_word' id='word_1_17' title='bbox 667 753 720 811; x_wconf 91' lang='lat' dir='ltr'><strong>si</strong></span> <span class='ocrx_word' id='word_1_18' title='bbox 739 750 899 815; x_wconf 75' lang='lat' dir='ltr'><strong>homo</strong></span> <span class='ocrx_word' id='word_1_19' title='bbox 933 750 1134 809; x_wconf 68' lang='lat' dir='ltr'><strong>viveret</strong></span> <span class='ocrx_word' id='word_1_20' title='bbox 1174 744 1561 803; x_wconf 84' lang='lat' dir='ltr'><strong>commissurus</strong></span> <span class='ocrx_word' id='word_1_21' title='bbox 1599 746 1761 805; x_wconf 88' lang='lat' dir='ltr'><strong>esset,</strong></span> <span class='ocrx_word' id='word_1_22' title='bbox 1791 736 1950 793; x_wconf 61' lang='lat' dir='ltr'><strong>ethm</strong></span> <span class='ocrx_word' id='word_1_23' title='bbox 1986 744 2091 788; x_wconf 90' lang='lat' dir='ltr'><strong>non</strong></span> 
     </span>
    </p>
   </div>
   <div class='ocr_carea' id='block_1_4' title="bbox 509 829 2118 906">
    <p class='ocr_par' dir='ltr' id='par_1_4' title="bbox 509 829 2118 906">
     <span class='ocr_line' id='line_1_4' title="bbox 509 829 2118 906; baseline -0.014 -1"><span class='ocrx_word' id='word_1_24' title='bbox 509 844 794 906; x_wconf 76' lang='lat' dir='ltr'><strong>commissa</strong></span> <span class='ocrx_word' id='word_1_25' title='bbox 829 842 1149 901; x_wconf 72' lang='lat' dir='ltr'><strong>damnantur</strong></span> <span class='ocrx_word' id='word_1_26' title='bbox 1174 841 1227 896; x_wconf 92' lang='lat' dir='ltr'><strong>in</strong></span> <span class='ocrx_word' id='word_1_27' title='bbox 1269 846 1499 902; x_wconf 88' lang='lat' dir='ltr'><strong>mortuo,</strong></span> <span class='ocrx_word' id='word_1_28' title='bbox 1530 833 1734 892; x_wconf 90' lang='lat' dir='ltr'><strong>nullum</strong></span> <span class='ocrx_word' id='word_1_29' title='bbox 1773 829 2118 906; x_wconf 54' lang='lat' dir='ltr'><strong>beneficium;</strong></span> 
     </span>
    </p>
   </div>
   <div class='ocr_carea' id='block_1_5' title="bbox 508 886 2107 1013">
    <p class='ocr_par' dir='ltr' id='par_1_5' title="bbox 508 886 2107 1013">
     <span class='ocr_line' id='line_1_5' title="bbox 508 886 2107 1013; baseline -0.013 -17"><span class='ocrx_word' id='word_1_30' title='bbox 508 938 757 997; x_wconf 77' lang='lat' dir='ltr'><strong>collatilm</strong></span> <span class='ocrx_word' id='word_1_31' title='bbox 782 946 866 995; x_wconf 82' lang='lat' dir='ltr'><strong>est</strong></span> <span class='ocrx_word' id='word_1_32' title='bbox 904 932 979 992; x_wconf 90' lang='lat' dir='ltr'><strong>illi</strong></span> <span class='ocrx_word' id='word_1_33' title='bbox 1007 934 1096 1013; x_wconf 78' lang='lat' dir='ltr'><strong>qui</strong></span> <span class='ocrx_word' id='word_1_34' title='bbox 1128 940 1307 1005; x_wconf 79' lang='lat' dir='ltr'><strong>raptus</strong></span> <span class='ocrx_word' id='word_1_35' title='bbox 1345 942 1419 988; x_wconf 85' lang='lat' dir='ltr'><strong>est</strong></span> <span class='ocrx_word' id='word_1_36' title='bbox 1447 947 1510 987; x_wconf 84' lang='lat' dir='ltr'><strong>ne</strong></span> <span class='ocrx_word' id='word_1_37' title='bbox 1543 926 1738 984; x_wconf 78' lang='lat' dir='ltr'><strong>malitia</strong></span> <span class='ocrx_word' id='word_1_38' title='bbox 1763 931 1981 980; x_wconf 87' lang='lat' dir='ltr'><strong>mutaret</strong></span> <span class='ocrx_word' id='word_1_39' title='bbox 2009 886 2107 978; x_wconf 52' lang='lat' dir='ltr'><strong>in!</strong></span> 
     </span>
    </p>
   </div>
   <div class='ocr_carea' id='block_1_6' title="bbox 510 1016 2095 1105">
    <p class='ocr_par' dir='ltr' id='par_1_6' title="bbox 510 1016 2095 1105">
     <span class='ocr_line' id='line_1_6' title="bbox 510 1016 2095 1105; baseline -0.011 -17"><span class='ocrx_word' id='word_1_40' title='bbox 510 1028 761 1089; x_wconf 76' lang='lat' dir='ltr'><strong>tellecmm</strong></span> <span class='ocrx_word' id='word_1_41' title='bbox 785 1029 896 1101; x_wconf 69' lang='lat' dir='ltr'><strong>ejus</strong></span> <span class='ocrx_word' id='word_1_42' title='bbox 925 1024 1081 1105; x_wconf 71' lang='lat' dir='ltr'><strong>(Sep.</strong></span> <span class='ocrx_word' id='word_1_43' title='bbox 1115 1030 1195 1095; x_wconf 75' lang='lat' dir='ltr'><strong>tv,</strong></span> <span class='ocrx_word' id='word_1_44' title='bbox 1224 1026 1312 1098; x_wconf 74' lang='lat' dir='ltr'><strong>ll)</strong></span> <span class='ocrx_word' id='word_1_45' title='bbox 1338 1044 1350 1079; x_wconf 89' lang='lat'><strong>:</strong></span> <span class='ocrx_word' id='word_1_46' title='bbox 1375 1020 1809 1096; x_wconf 81' lang='lat' dir='ltr'><strong>quandoquidem</strong></span> <span class='ocrx_word' id='word_1_47' title='bbox 1832 1016 2095 1090; x_wconf 84' lang='lat' dir='ltr'><strong>judicabi-</strong></span> 
     </span>
    </p>
   </div>
   <div class='ocr_carea' id='block_1_7' title="bbox 510 1108 2097 1190">
    <p class='ocr_par' dir='ltr' id='par_1_7' title="bbox 510 1108 2097 1190">
     <span class='ocr_line' id='line_1_7' title="bbox 510 1108 2097 1190; baseline -0.011 -9"><span class='ocrx_word' id='word_1_48' title='bbox 510 1118 923 1180; x_wconf 78' lang='lat' dir='ltr'><strong>tur&#39;secund&#39;mn</strong></span> <span class='ocrx_word' id='word_1_49' title='bbox 948 1130 1089 1185; x_wconf 88' lang='lat' dir='ltr'><strong>eam,</strong></span> <span class='ocrx_word' id='word_1_50' title='bbox 1113 1126 1233 1190; x_wconf 66' lang='lat' dir='ltr'><strong>quae</strong></span> <span class='ocrx_word' id='word_1_51' title='bbox 1274 1116 1328 1173; x_wconf 85' lang='lat' dir='ltr'><strong>in</strong></span> <span class='ocrx_word' id='word_1_52' title='bbox 1371 1114 1463 1172; x_wconf 80' lang='lat' dir='ltr'><strong>illo</strong></span> <span class='ocrx_word' id='word_1_53' title='bbox 1498 1112 1669 1171; x_wconf 86' lang='lat' dir='ltr'><strong>fuerat</strong></span> <span class='ocrx_word' id='word_1_54' title='bbox 1710 1109 1908 1177; x_wconf 83' lang='lat' dir='ltr'><strong>futura,</strong></span> <span class='ocrx_word' id='word_1_55' title='bbox 1938 1108 2097 1166; x_wconf 88' lang='lat' dir='ltr'><strong>mali-</strong></span> 
     </span>
    </p>
   </div>
   <div class='ocr_carea' id='block_1_8' title="bbox 510 1200 2094 1282">
    <p class='ocr_par' dir='ltr' id='par_1_8' title="bbox 510 1200 2094 1282">
     <span class='ocr_line' id='line_1_8' title="bbox 510 1200 2094 1282; baseline -0.009 -12"><span class='ocrx_word' id='word_1_56' title='bbox 510 1210 675 1281; x_wconf 83' lang='lat' dir='ltr'><strong>tiam;</strong></span> <span class='ocrx_word' id='word_1_57' title='bbox 706 1222 814 1269; x_wconf 88' lang='lat' dir='ltr'><strong>non</strong></span> <span class='ocrx_word' id='word_1_58' title='bbox 850 1209 1149 1267; x_wconf 83' lang='lat' dir='ltr'><strong>secundum</strong></span> <span class='ocrx_word' id='word_1_59' title='bbox 1191 1217 1334 1273; x_wconf 83' lang='lat' dir='ltr'><strong>eam,</strong></span> <span class='ocrx_word' id='word_1_60' title='bbox 1368 1210 1487 1282; x_wconf 80' lang='lat' dir='ltr'><strong>quae</strong></span> <span class='ocrx_word' id='word_1_61' title='bbox 1531 1202 1585 1260; x_wconf 79' lang='lat' dir='ltr'><strong>iu</strong></span> <span class='ocrx_word' id='word_1_62' title='bbox 1612 1200 1707 1259; x_wconf 91' lang='lat' dir='ltr'><strong>il&#39;lo</strong></span> <span class='ocrx_word' id='word_1_63' title='bbox 1751 1200 1964 1258; x_wconf 83' lang='lat' dir='ltr'><strong>inventa</strong></span> <span class='ocrx_word' id='word_1_64' title='bbox 1991 1204 2094 1265; x_wconf 80' lang='lat' dir='ltr'><strong>est,</strong></span> 
     </span>
    </p>
   </div>
   <div class='ocr_carea' id='block_1_9' title="bbox 509 1294 2098 1369">
    <p class='ocr_par' dir='ltr' id='par_1_9' title="bbox 509 1294 2098 1369">
     <span class='ocr_line' id='line_1_9' title="bbox 509 1294 2098 1369; baseline -0.01 -5"><span class='ocrx_word' id='word_1_65' title='bbox 509 1302 868 1367; x_wconf 77' lang='lat' dir='ltr'><strong>innocentiam</strong></span> <span class='ocrx_word' id='word_1_66' title='bbox 899 1321 912 1359; x_wconf 93' lang='lat'><strong>:</strong></span> <span class='ocrx_word' id='word_1_67' title='bbox 939 1302 1001 1360; x_wconf 77' lang='lat' dir='ltr'><strong>et‘</strong></span> <span class='ocrx_word' id='word_1_68' title='bbox 1037 1303 1105 1359; x_wconf 82' lang='lat' dir='ltr'><strong>de</strong></span> <span class='ocrx_word' id='word_1_69' title='bbox 1155 1298 1302 1356; x_wconf 80' lang='lat' dir='ltr'><strong>nullo</strong></span> <span class='ocrx_word' id='word_1_70' title='bbox 1337 1305 1551 1356; x_wconf 76' lang='lat' dir='ltr'><strong>martuo</strong></span> <span class='ocrx_word' id='word_1_71' title='bbox 1593 1296 1861 1369; x_wconf 81' lang='lat' dir='ltr'><strong>baptizato</strong></span> <span class='ocrx_word' id='word_1_72' title='bbox 1900 1294 2098 1366; x_wconf 90' lang='lat' dir='ltr'><strong>poterit</strong></span> 
     </span>
    </p>
   </div>
   <div class='ocr_carea' id='block_1_10' title="bbox 508 1382 2100 1466">
    <p class='ocr_par' dir='ltr' id='par_1_10' title="bbox 508 1382 2100 1466">
     <span class='ocr_line' id='line_1_10' title="bbox 508 1382 2100 1466; baseline -0.009 -11"><span class='ocrx_word' id='word_1_73' title='bbox 508 1382 631 1459; x_wconf 72' lang='lat' dir='ltr'><strong>esse</strong></span> <span class='ocrx_word' id='word_1_74' title='bbox 667 1394 962 1463; x_wconf 68' lang='lat' dir='ltr'><strong>securitas;</strong></span> <span class='ocrx_word' id='word_1_75' title='bbox 991 1388 1113 1466; x_wconf 81' lang='lat' dir='ltr'><strong>quia</strong></span> <span class='ocrx_word' id='word_1_76' title='bbox 1155 1401 1213 1450; x_wconf 89' lang='lat' dir='ltr'><strong>et</strong></span> <span class='ocrx_word' id='word_1_77' title='bbox 1249 1396 1368 1465; x_wconf 92' lang='lat' dir='ltr'><strong>post</strong></span> <span class='ocrx_word' id='word_1_78' title='bbox 1412 1390 1767 1464; x_wconf 80' lang='lat' dir='ltr'><strong>Baptismum,</strong></span> <span class='ocrx_word' id='word_1_79' title='bbox 1795 1402 1903 1444; x_wconf 90' lang='lat' dir='ltr'><strong>non</strong></span> <span class='ocrx_word' id='word_1_80' title='bbox 1935 1386 2100 1459; x_wconf 85' lang='lat' dir='ltr'><strong>quali-</strong></span> 
     </span>
    </p>
   </div>
   <div class='ocr_carea' id='block_1_11' title="bbox 509 1478 2105 1563">
    <p class='ocr_par' dir='ltr' id='par_1_11' title="bbox 509 1478 2105 1563">
     <span class='ocr_line' id='line_1_11' title="bbox 509 1478 2105 1563; baseline -0.007 -16"><span class='ocrx_word' id='word_1_81' title='bbox 509 1498 818 1563; x_wconf 75' lang='lat' dir='ltr'><strong>tercumque</strong></span> <span class='ocrx_word' id='word_1_82' title='bbox 846 1503 1090 1559; x_wconf 78' lang='lat' dir='ltr'><strong>peccare,</strong></span> <span class='ocrx_word' id='word_1_83' title='bbox 1120 1494 1305 1544; x_wconf 65' lang='lat' dir='ltr'><strong>rerum</strong></span> <span class='ocrx_word' id='word_1_84' title='bbox 1330 1484 1487 1544; x_wconf 75' lang='lat' dir='ltr'><strong>etiam</strong></span> <span class='ocrx_word' id='word_1_85' title='bbox 1518 1490 1821 1556; x_wconf 90' lang='lat' dir='ltr'><strong>apostatare</strong></span> <span class='ocrx_word' id='word_1_86' title='bbox 1845 1478 2105 1537; x_wconf 77' lang='lat' dir='ltr'><strong>homines</strong></span> 
     </span>
    </p>
   </div>
   <div class='ocr_carea' id='block_1_12' title="bbox 505 1572 2092 1656">
    <p class='ocr_par' dir='ltr' id='par_1_12' title="bbox 505 1572 2092 1656">
     <span class='ocr_line' id='line_1_12' title="bbox 505 1572 2092 1656; baseline -0.008 -17"><span class='ocrx_word' id='word_1_87' title='bbox 505 1586 747 1656; x_wconf 89' lang='lat' dir='ltr'><strong>possunt.</strong></span> <span class='ocrx_word' id='word_1_88' title='bbox 774 1574 921 1652; x_wconf 77' lang='lat' dir='ltr'><strong>Quid</strong></span> <span class='ocrx_word' id='word_1_89' title='bbox 940 1578 985 1635; x_wconf 87' lang='lat' dir='ltr'><strong>si</strong></span> <span class='ocrx_word' id='word_1_90' title='bbox 1023 1594 1153 1653; x_wconf 81' lang='lat' dir='ltr'><strong>ergo</strong></span> <span class='ocrx_word' id='word_1_91' title='bbox 1175 1577 1274 1651; x_wconf 87' lang='lat' dir='ltr'><strong>qui</strong></span> <span class='ocrx_word' id='word_1_92' title='bbox 1290 1576 1592 1652; x_wconf 76' lang='lat' dir='ltr'><strong>baptizatus</strong></span> <span class='ocrx_word' id='word_1_93' title='bbox 1622 1572 1744 1637; x_wconf 76' lang='lat' dir='ltr'><strong>hinc</strong></span> <span class='ocrx_word' id='word_1_94' title='bbox 1767 1580 1953 1646; x_wconf 77' lang='lat' dir='ltr'><strong>raptus</strong></span> <span class='ocrx_word' id='word_1_95' title='bbox 1987 1578 2092 1643; x_wconf 79' lang='lat' dir='ltr'><strong>est,</strong></span> 
     </span>
    </p>
   </div>
   <div class='ocr_carea' id='block_1_13' title="bbox 505 1664 2095 1750">
    <p class='ocr_par' dir='ltr' id='par_1_13' title="bbox 505 1664 2095 1750">
     <span class='ocr_line' id='line_1_13' title="bbox 505 1664 2095 1750; baseline -0.005 -20"><span class='ocrx_word' id='word_1_96' title='bbox 505 1674 747 1750; x_wconf 71' lang='lat' dir='ltr'><strong>apoSt‘ata</strong></span> <span class='ocrx_word' id='word_1_97' title='bbox 776 1678 893 1730; x_wconf 86' lang='lat' dir='ltr'><strong>erat</strong></span> <span class='ocrx_word' id='word_1_98' title='bbox 920 1670 1150 1740; x_wconf 78' lang='lat' dir='ltr'><strong>iuturus,</strong></span> <span class='ocrx_word' id='word_1_99' title='bbox 1180 1668 1227 1729; x_wconf 96' lang='lat' dir='ltr'><strong>si</strong></span> <span class='ocrx_word' id='word_1_100' title='bbox 1246 1668 1485 1735; x_wconf 83' lang='lat' dir='ltr'><strong>viveret;</strong></span> <span class='ocrx_word' id='word_1_101' title='bbox 1517 1668 1792 1724; x_wconf 85' lang='lat' dir='ltr'><strong>nullumne</strong></span> <span class='ocrx_word' id='word_1_102' title='bbox 1820 1664 1894 1721; x_wconf 82' lang='lat' dir='ltr'><strong>illi</strong></span> <span class='ocrx_word' id='word_1_103' title='bbox 1927 1664 2095 1722; x_wconf 87' lang='lat' dir='ltr'><strong>bene-</strong></span> 
     </span>
    </p>
   </div>
   <div class='ocr_carea' id='block_1_14' title="bbox 505 1760 2107 1845">
    <p class='ocr_par' dir='ltr' id='par_1_14' title="bbox 505 1760 2107 1845">
     <span class='ocr_line' id='line_1_14' title="bbox 505 1760 2107 1845; baseline -0.008 -20"><span class='ocrx_word' id='word_1_104' title='bbox 505 1768 683 1826; x_wconf 82' lang='lat' dir='ltr'><strong>ficium</strong></span> <span class='ocrx_word' id='word_1_105' title='bbox 711 1767 1018 1845; x_wconf 83' lang='lat' dir='ltr'><strong>putabimus</strong></span> <span class='ocrx_word' id='word_1_106' title='bbox 1060 1780 1182 1823; x_wconf 84' lang='lat' dir='ltr'><strong>esse</strong></span> <span class='ocrx_word' id='word_1_107' title='bbox 1214 1761 1488 1831; x_wconf 83' lang='lat' dir='ltr'><strong>collatum,</strong></span> <span class='ocrx_word' id='word_1_108' title='bbox 1535 1760 1679 1834; x_wconf 88' lang='lat' dir='ltr'><strong>quod</strong></span> <span class='ocrx_word' id='word_1_109' title='bbox 1720 1769 1895 1835; x_wconf 81' lang='lat' dir='ltr'><strong>raptus</strong></span> <span class='ocrx_word' id='word_1_110' title='bbox 1934 1768 2107 1815; x_wconf 81' lang='lat' dir='ltr'><strong>estne</strong></span> 
     </span>
    </p>
   </div>
   <div class='ocr_carea' id='block_1_15' title="bbox 504 1847 2097 1927">
    <p class='ocr_par' dir='ltr' id='par_1_15' title="bbox 504 1847 2097 1927">
     <span class='ocr_line' id='line_1_15' title="bbox 504 1847 2097 1927; baseline -0.006 -11"><span class='ocrx_word' id='word_1_111' title='bbox 504 1857 703 1916; x_wconf 79' lang='lat' dir='ltr'><strong>malitia</strong></span> <span class='ocrx_word' id='word_1_112' title='bbox 730 1864 947 1916; x_wconf 75' lang='lat' dir='ltr'><strong>mutaret</strong></span> <span class='ocrx_word' id='word_1_113' title='bbox 966 1854 1279 1913; x_wconf 75' lang='lat' dir='ltr'><strong>intellectum</strong></span> <span class='ocrx_word' id='word_1_114' title='bbox 1311 1856 1460 1927; x_wconf 84' lang='lat' dir='ltr'><strong>ejus;</strong></span> <span class='ocrx_word' id='word_1_115' title='bbox 1492 1859 1548 1909; x_wconf 89' lang='lat' dir='ltr'><strong>et</strong></span> <span class='ocrx_word' id='word_1_116' title='bbox 1575 1858 1799 1925; x_wconf 83' lang='lat' dir='ltr'><strong>propter</strong></span> <span class='ocrx_word' id='word_1_117' title='bbox 1834 1847 1934 1909; x_wconf 87' lang='lat' dir='ltr'><strong>Dei</strong></span> <span class='ocrx_word' id='word_1_118' title='bbox 1959 1866 2097 1921; x_wconf 84' lang='lat' dir='ltr'><strong>prae-</strong></span> 
     </span>
    </p>
   </div>
   <div class='ocr_carea' id='block_1_16' title="bbox 503 1939 2095 2017">
    <p class='ocr_par' dir='ltr' id='par_1_16' title="bbox 503 1939 2095 2017">
     <span class='ocr_line' id='line_1_16' title="bbox 503 1939 2095 2017; baseline -0.007 -9"><span class='ocrx_word' id='word_1_119' title='bbox 503 1946 807 2017; x_wconf 78' lang='lat' dir='ltr'><strong>scicntiam,</strong></span> <span class='ocrx_word' id='word_1_120' title='bbox 846 1963 957 2007; x_wconf 84' lang='lat' dir='ltr'><strong>non</strong></span> <span class='ocrx_word' id='word_1_121' title='bbox 1000 1950 1138 2005; x_wconf 88' lang='lat' dir='ltr'><strong>sicut</strong></span> <span class='ocrx_word' id='word_1_122' title='bbox 1184 1946 1341 2007; x_wconf 89' lang='lat' dir='ltr'><strong>fidele</strong></span> <span class='ocrx_word' id='word_1_123' title='bbox 1387 1944 1689 2003; x_wconf 84' lang='lat' dir='ltr'><strong>membrum</strong></span> <span class='ocrx_word' id='word_1_124' title='bbox 1731 1940 1953 2009; x_wconf 82' lang='lat' dir='ltr'><strong>Christi,</strong></span> <span class='ocrx_word' id='word_1_125' title='bbox 1999 1939 2095 1997; x_wconf 91' lang='lat' dir='ltr'><strong>sed</strong></span> 
     </span>
    </p>
   </div>
   <div class='ocr_carea' id='block_1_17' title="bbox 505 2033 2095 2117">
    <p class='ocr_par' dir='ltr' id='par_1_17' title="bbox 505 2033 2095 2117">
     <span class='ocr_line' id='line_1_17' title="bbox 505 2033 2095 2117; baseline -0.005 -18"><span class='ocrx_word' id='word_1_126' title='bbox 505 2043 643 2099; x_wconf 83' lang='lat' dir='ltr'><strong>sicut</strong></span> <span class='ocrx_word' id='word_1_127' title='bbox 658 2043 955 2115; x_wconf 88' lang='lat' dir='ltr'><strong>apostatam</strong></span> <span class='ocrx_word' id='word_1_128' title='bbox 976 2034 1324 2117; x_wconf 72' lang='lat' dir='ltr'><strong>Iudicandum</strong></span> <span class='ocrx_word' id='word_1_129' title='bbox 1343 2052 1464 2094; x_wconf 89' lang='lat' dir='ltr'><strong>esse</strong></span> <span class='ocrx_word' id='word_1_130' title='bbox 1488 2033 1826 2092; x_wconf 89' lang='lat' dir='ltr'><strong>censebimus</strong></span> <span class='ocrx_word' id='word_1_131' title='bbox 1845 2033 2095 2103; x_wconf 80' lang='lat' dir='ltr'><strong>?Quant0</strong></span> 
     </span>
    </p>
   </div>
   <div class='ocr_carea' id='block_1_18' title="bbox 500 2117 2094 2205">
    <p class='ocr_par' dir='ltr' id='par_1_18' title="bbox 500 2117 2094 2205">
     <span class='ocr_line' id='line_1_18' title="bbox 500 2117 2094 2205; baseline -0.007 -13"><span class='ocrx_word' id='word_1_132' title='bbox 500 2117 646 2191; x_wconf 84' lang='lat' dir='ltr'><strong>enim</strong></span> <span class='ocrx_word' id='word_1_133' title='bbox 681 2131 893 2201; x_wconf 86' lang='lat' dir='ltr'><strong>melius,</strong></span> <span class='ocrx_word' id='word_1_134' title='bbox 937 2130 991 2191; x_wconf 86' lang='lat' dir='ltr'><strong>si</strong></span> <span class='ocrx_word' id='word_1_135' title='bbox 1011 2133 1230 2205; x_wconf 84' lang='lat' dir='ltr'><strong>peccata</strong></span> <span class='ocrx_word' id='word_1_136' title='bbox 1260 2126 1497 2189; x_wconf 89' lang='lat' dir='ltr'><strong>nondum</strong></span> <span class='ocrx_word' id='word_1_137' title='bbox 1534 2128 1695 2196; x_wconf 87' lang='lat' dir='ltr'><strong>facta,</strong></span> <span class='ocrx_word' id='word_1_138' title='bbox 1728 2126 1965 2185; x_wconf 89' lang='lat' dir='ltr'><strong>nondum</strong></span> <span class='ocrx_word' id='word_1_139' title='bbox 2010 2141 2094 2182; x_wconf 87' lang='lat' dir='ltr'><strong>co-</strong></span> 
     </span>
    </p>
   </div>
   <div class='ocr_carea' id='block_1_19' title="bbox 500 2218 2087 2298">
    <p class='ocr_par' dir='ltr' id='par_1_19' title="bbox 500 2218 2087 2298">
     <span class='ocr_line' id='line_1_19' title="bbox 500 2218 2087 2298; baseline -0.004 -16"><span class='ocrx_word' id='word_1_140' title='bbox 500 2226 686 2298; x_wconf 78' lang='lat' dir='ltr'><strong>gilata,</strong></span> <span class='ocrx_word' id='word_1_141' title='bbox 718 2222 818 2282; x_wconf 85' lang='lat' dir='ltr'><strong>sed</strong></span> <span class='ocrx_word' id='word_1_142' title='bbox 839 2224 1162 2297; x_wconf 65' lang='lat' dir='ltr'><strong>praecognita</strong></span> <span class='ocrx_word' id='word_1_143' title='bbox 1203 2232 1258 2280; x_wconf 87' lang='lat' dir='ltr'><strong>et</strong></span> <span class='ocrx_word' id='word_1_144' title='bbox 1295 2220 1469 2278; x_wconf 73' lang='lat' dir='ltr'><strong>futura</strong></span> <span class='ocrx_word' id='word_1_145' title='bbox 1506 2221 1820 2293; x_wconf 90' lang='lat' dir='ltr'><strong>puniuntur,</strong></span> <span class='ocrx_word' id='word_1_146' title='bbox 1867 2218 2087 2295; x_wconf 82' lang='lat' dir='ltr'><strong>projice-</strong></span> 
     </span>
    </p>
   </div>
   <div class='ocr_carea' id='block_1_20' title="bbox 500 2311 2090 2391">
    <p class='ocr_par' dir='ltr' id='par_1_20' title="bbox 500 2311 2090 2391">
     <span class='ocr_line' id='line_1_20' title="bbox 500 2311 2090 2391; baseline -0.005 -15"><span class='ocrx_word' id='word_1_147' title='bbox 500 2328 688 2377; x_wconf 89' lang='lat' dir='ltr'><strong>rentur</strong></span> <span class='ocrx_word' id='word_1_148' title='bbox 710 2319 785 2374; x_wconf 89' lang='lat' dir='ltr'><strong>illi</strong></span> <span class='ocrx_word' id='word_1_149' title='bbox 814 2317 923 2377; x_wconf 92' lang='lat' dir='ltr'><strong>duo</strong></span> <span class='ocrx_word' id='word_1_150' title='bbox 951 2317 1019 2374; x_wconf 91' lang='lat' dir='ltr'><strong>de</strong></span> <span class='ocrx_word' id='word_1_151' title='bbox 1051 2316 1297 2391; x_wconf 82' lang='lat' dir='ltr'><strong>paradiso</strong></span> <span class='ocrx_word' id='word_1_152' title='bbox 1322 2324 1446 2372; x_wconf 89' lang='lat' dir='ltr'><strong>ante</strong></span> <span class='ocrx_word' id='word_1_153' title='bbox 1469 2321 1770 2387; x_wconf 89' lang='lat' dir='ltr'><strong>peccatum,</strong></span> <span class='ocrx_word' id='word_1_154' title='bbox 1796 2329 1864 2369; x_wconf 92' lang='lat' dir='ltr'><strong>ne</strong></span> <span class='ocrx_word' id='word_1_155' title='bbox 1889 2313 1941 2371; x_wconf 90' lang='lat' dir='ltr'><strong>in</strong></span> <span class='ocrx_word' id='word_1_156' title='bbox 1971 2311 2090 2369; x_wconf 92' lang='lat' dir='ltr'><strong>loco</strong></span> 
     </span>
    </p>
   </div>
   <div class='ocr_carea' id='block_1_21' title="bbox 503 2404 2095 2480">
    <p class='ocr_par' dir='ltr' id='par_1_21' title="bbox 503 2404 2095 2480">
     <span class='ocr_line' id='line_1_21' title="bbox 503 2404 2095 2480; baseline -0.004 -12"><span class='ocrx_word' id='word_1_157' title='bbox 503 2420 612 2468; x_wconf 88' lang='lat' dir='ltr'><strong>tam</strong></span> <span class='ocrx_word' id='word_1_158' title='bbox 648 2414 836 2470; x_wconf 80' lang='lat' dir='ltr'><strong>sancto</strong></span> <span class='ocrx_word' id='word_1_159' title='bbox 875 2419 932 2466; x_wconf 88' lang='lat' dir='ltr'><strong>et</strong></span> <span class='ocrx_word' id='word_1_160' title='bbox 956 2404 1206 2466; x_wconf 79' lang='lat' dir='ltr'><strong>beatifico</strong></span> <span class='ocrx_word' id='word_1_161' title='bbox 1241 2407 1599 2480; x_wconf 63' lang='lat' dir='ltr'><strong>peccaretur?</strong></span> <span class='ocrx_word' id='word_1_162' title='bbox 1623 2404 1783 2474; x_wconf 81' lang='lat' dir='ltr'><strong>Quid,</strong></span> <span class='ocrx_word' id='word_1_163' title='bbox 1813 2405 1954 2478; x_wconf 89' lang='lat' dir='ltr'><strong>quod</strong></span> <span class='ocrx_word' id='word_1_164' title='bbox 1983 2406 2095 2478; x_wconf 86' lang='lat' dir='ltr'><strong>ipsa</strong></span> 
     </span>
    </p>
   </div>
   <div class='ocr_carea' id='block_1_22' title="bbox 500 2495 2094 2572">
    <p class='ocr_par' dir='ltr' id='par_1_22' title="bbox 500 2495 2094 2572">
     <span class='ocr_line' id='line_1_22' title="bbox 500 2495 2094 2572; baseline -0.006 -13"><span class='ocrx_word' id='word_1_165' title='bbox 500 2498 805 2561; x_wconf 82' lang='lat' dir='ltr'><strong>exinanitur</strong></span> <span class='ocrx_word' id='word_1_166' title='bbox 827 2500 1044 2559; x_wconf 82' lang='lat' dir='ltr'><strong>omnino</strong></span> <span class='ocrx_word' id='word_1_167' title='bbox 1074 2498 1430 2572; x_wconf 74' lang='lat' dir='ltr'><strong>praescien&#39;tia,</strong></span> <span class='ocrx_word' id='word_1_168' title='bbox 1453 2497 1665 2570; x_wconf 85' lang='lat' dir='ltr'><strong>siquod‘</strong></span> <span class='ocrx_word' id='word_1_169' title='bbox 1680 2495 1962 2571; x_wconf 65' lang='lat' dir='ltr'><strong>praescitur</strong></span> <span class='ocrx_word' id='word_1_170' title='bbox 1986 2512 2094 2551; x_wconf 92' lang='lat' dir='ltr'><strong>non</strong></span> 
     </span>
    </p>
   </div>
   <div class='ocr_carea' id='block_1_23' title="bbox 499 2586 2095 2663">
    <p class='ocr_par' dir='ltr' id='par_1_23' title="bbox 499 2586 2095 2663">
     <span class='ocr_line' id='line_1_23' title="bbox 499 2586 2095 2663; baseline -0.006 -11"><span class='ocrx_word' id='word_1_171' title='bbox 499 2586 649 2653; x_wconf 67' lang='lat' dir='ltr'><strong>criti</strong></span> <span class='ocrx_word' id='word_1_172' title='bbox 668 2592 948 2662; x_wconf 84' lang='lat' dir='ltr'><strong>Quomodo</strong></span> <span class='ocrx_word' id='word_1_173' title='bbox 987 2586 1130 2651; x_wconf 85' lang='lat' dir='ltr'><strong>enim</strong></span> <span class='ocrx_word' id='word_1_174' title='bbox 1157 2595 1303 2649; x_wconf 79' lang='lat' dir='ltr'><strong>recte</strong></span> <span class='ocrx_word' id='word_1_175' title='bbox 1339 2588 1533 2652; x_wconf 85' lang='lat' dir='ltr'><strong>dicitur</strong></span> <span class='ocrx_word' id='word_1_176' title='bbox 1564 2588 1807 2663; x_wconf 67' lang='lat' dir='ltr'><strong>praesciri</strong></span> <span class='ocrx_word' id='word_1_177' title='bbox 1833 2588 2095 2656; x_wconf 81' lang='lat' dir='ltr'><strong>futurum,</strong></span> 
     </span>
    </p>
   </div>
   <div class='ocr_carea' id='block_1_24' title="bbox 499 2678 2096 2759">
    <p class='ocr_par' dir='ltr' id='par_1_24' title="bbox 499 2678 2096 2759">
     <span class='ocr_line' id='line_1_24' title="bbox 499 2678 2096 2759; baseline -0.004 -17"><span class='ocrx_word' id='word_1_178' title='bbox 499 2680 644 2759; x_wconf 88' lang='lat' dir='ltr'><strong>quod</strong></span> <span class='ocrx_word' id='word_1_179' title='bbox 688 2702 798 2743; x_wconf 93' lang='lat' dir='ltr'><strong>non</strong></span> <span class='ocrx_word' id='word_1_180' title='bbox 844 2678 930 2747; x_wconf 84' lang='lat' dir='ltr'><strong>est</strong></span> <span class='ocrx_word' id='word_1_181' title='bbox 981 2679 1254 2742; x_wconf 80' lang='lat' dir='ltr'><strong>futurum?</strong></span> <span class='ocrx_word' id='word_1_182' title='bbox 1307 2681 1587 2758; x_wconf 79' lang='lat' dir='ltr'><strong>Quomodo</strong></span> <span class='ocrx_word' id='word_1_183' title='bbox 1633 2699 1762 2755; x_wconf 86' lang='lat' dir='ltr'><strong>ergo</strong></span> <span class='ocrx_word' id='word_1_184' title='bbox 1807 2682 2096 2757; x_wconf 88' lang='lat' dir='ltr'><strong>puniuntur</strong></span> 
     </span>
    </p>
   </div>
   <div class='ocr_carea' id='block_1_25' title="bbox 498 2766 2097 2854">
    <p class='ocr_par' dir='ltr' id='par_1_25' title="bbox 498 2766 2097 2854">
     <span class='ocr_line' id='line_1_25' title="bbox 498 2766 2097 2854; baseline -0.005 -17"><span class='ocrx_word' id='word_1_185' title='bbox 498 2778 721 2853; x_wconf 84' lang='lat' dir='ltr'><strong>peccata</strong></span> <span class='ocrx_word' id='word_1_186' title='bbox 737 2786 856 2854; x_wconf 64' lang='lat' dir='ltr'><strong>qua:</strong></span> <span class='ocrx_word' id='word_1_187' title='bbox 885 2766 1029 2836; x_wconf 70' lang='lat' dir='ltr'><strong>nulla</strong></span> <span class='ocrx_word' id='word_1_188' title='bbox 1048 2788 1175 2835; x_wconf 90' lang='lat' dir='ltr'><strong>sunt</strong></span> <span class='ocrx_word' id='word_1_189' title='bbox 1190 2795 1215 2845; x_wconf 58' lang='grc' dir='ltr'><strong>λ</strong></span> <span class='ocrx_word' id='word_1_190' title='bbox 1235 2774 1293 2834; x_wconf 90' lang='lat' dir='ltr'><strong>id</strong></span> <span class='ocrx_word' id='word_1_191' title='bbox 1308 2786 1411 2849; x_wconf 85' lang='lat' dir='ltr'><strong>est,</strong></span> <span class='ocrx_word' id='word_1_192' title='bbox 1438 2792 1556 2849; x_wconf 75' lang='lat' dir='ltr'><strong>quae</strong></span> <span class='ocrx_word' id='word_1_193' title='bbox 1584 2791 1686 2832; x_wconf 93' lang='lat' dir='ltr'><strong>nec</strong></span> <span class='ocrx_word' id='word_1_194' title='bbox 1704 2775 1812 2830; x_wconf 82' lang='lat' dir='ltr'><strong>vita</strong></span> <span class='ocrx_word' id='word_1_195' title='bbox 1838 2776 1941 2831; x_wconf 89' lang='lat' dir='ltr'><strong>ista</strong></span> <span class='ocrx_word' id='word_1_196' title='bbox 1962 2790 2097 2830; x_wconf 92' lang='lat' dir='ltr'><strong>non-</strong></span> 
     </span>
    </p>
   </div>
   <div class='ocr_carea' id='block_1_26' title="bbox 497 2866 2094 2943">
    <p class='ocr_par' dir='ltr' id='par_1_26' title="bbox 497 2866 2094 2943">
     <span class='ocr_line' id='line_1_26' title="bbox 497 2866 2094 2943; baseline -0.006 -14"><span class='ocrx_word' id='word_1_197' title='bbox 497 2872 628 2930; x_wconf 90' lang='lat' dir='ltr'><strong>dum</strong></span> <span class='ocrx_word' id='word_1_198' title='bbox 670 2869 961 2943; x_wconf 82' lang='lat' dir='ltr'><strong>incipiente</strong></span> <span class='ocrx_word' id='word_1_199' title='bbox 1009 2866 1297 2927; x_wconf 79' lang='lat' dir='ltr'><strong>commissa</strong></span> <span class='ocrx_word' id='word_1_200' title='bbox 1348 2876 1474 2924; x_wconf 91' lang='lat' dir='ltr'><strong>sunt</strong></span> <span class='ocrx_word' id='word_1_201' title='bbox 1524 2874 1649 2923; x_wconf 85' lang='lat' dir='ltr'><strong>ante</strong></span> <span class='ocrx_word' id='word_1_202' title='bbox 1694 2881 1944 2934; x_wconf 89' lang='lat' dir='ltr'><strong>carnem,</strong></span> <span class='ocrx_word' id='word_1_203' title='bbox 1995 2880 2094 2921; x_wconf 92' lang='lat' dir='ltr'><strong>nec</strong></span> 
     </span>
    </p>
   </div>
   <div class='ocr_carea' id='block_1_27' title="bbox 498 2956 1496 3035">
    <p class='ocr_par' dir='ltr' id='par_1_27' title="bbox 498 2956 1496 3035">
     <span class='ocr_line' id='line_1_27' title="bbox 498 2956 1496 3035; baseline -0.009 -14"><span class='ocrx_word' id='word_1_204' title='bbox 498 2964 672 3021; x_wconf 70' lang='lat' dir='ltr'><strong>morte</strong></span> <span class='ocrx_word' id='word_1_205' title='bbox 692 2958 1056 3035; x_wconf 66' lang='lat' dir='ltr'><strong>praeveniente</strong></span> <span class='ocrx_word' id='word_1_206' title='bbox 1083 2966 1206 3032; x_wconf 90' lang='lat' dir='ltr'><strong>post</strong></span> <span class='ocrx_word' id='word_1_207' title='bbox 1228 2973 1446 3015; x_wconf 87' lang='lat' dir='ltr'><strong>carnem</strong></span> <span class='ocrx_word' id='word_1_208' title='bbox 1463 2956 1496 3012; x_wconf 70' lang='grc' dir='ltr'><strong><em>τ</em></strong></span> 
     </span>
    </p>
   </div>
   <div class='ocr_carea' id='block_1_28' title="bbox 570 3046 2094 3125">
    <p class='ocr_par' dir='ltr' id='par_1_28' title="bbox 570 3046 2094 3125">
     <span class='ocr_line' id='line_1_28' title="bbox 570 3046 2094 3125; baseline -0.009 -9"><span class='ocrx_word' id='word_1_209' title='bbox 570 3050 798 3116; x_wconf 78' lang='lat' dir='ltr'><strong>CAPUT</strong></span> <span class='ocrx_word' id='word_1_210' title='bbox 835 3046 979 3118; x_wconf 77' lang='lat' dir='ltr'><strong>Xll&#39;f.</strong></span> <span class='ocrx_word' id='word_1_211' title='bbox 1003 3051 1189 3113; x_wconf 75' lang='lat' dir='ltr'><strong>—-lli.</strong></span> <span class='ocrx_word' id='word_1_212' title='bbox 1229 3050 1344 3115; x_wconf 77' lang='lat' dir='ltr'><strong>Hoc</strong></span> <span class='ocrx_word' id='word_1_213' title='bbox 1371 3048 1550 3125; x_wconf 83' lang='lat' dir='ltr'><strong>itaque</strong></span> <span class='ocrx_word' id='word_1_214' title='bbox 1590 3046 1849 3118; x_wconf 89' lang='lat' dir='ltr'><strong>medium,</strong></span> <span class='ocrx_word' id='word_1_215' title='bbox 1882 3054 1949 3105; x_wconf 84' lang='lat' dir='ltr'><strong>ex</strong></span> <span class='ocrx_word' id='word_1_216' title='bbox 1987 3062 2094 3119; x_wconf 92' lang='lat' dir='ltr'><strong>quo</strong></span> 
     </span>
    </p>
   </div>
   <div class='ocr_carea' id='block_1_29' title="bbox 499 3142 2095 3223">
    <p class='ocr_par' dir='ltr' id='par_1_29' title="bbox 499 3142 2095 3223">
     <span class='ocr_line' id='line_1_29' title="bbox 499 3142 2095 3223; baseline -0.007 -15"><span class='ocrx_word' id='word_1_217' title='bbox 499 3150 676 3208; x_wconf 83' lang='lat' dir='ltr'><strong>anima</strong></span> <span class='ocrx_word' id='word_1_218' title='bbox 705 3146 868 3215; x_wconf 82' lang='lat' dir='ltr'><strong>missa</strong></span> <span class='ocrx_word' id='word_1_219' title='bbox 898 3154 984 3206; x_wconf 87' lang='lat' dir='ltr'><strong>est</strong></span> <span class='ocrx_word' id='word_1_220' title='bbox 1024 3144 1078 3205; x_wconf 91' lang='lat' dir='ltr'><strong>in</strong></span> <span class='ocrx_word' id='word_1_221' title='bbox 1114 3162 1353 3215; x_wconf 85' lang='lat' dir='ltr'><strong>carnem,</strong></span> <span class='ocrx_word' id='word_1_222' title='bbox 1384 3160 1492 3223; x_wconf 87' lang='lat' dir='ltr'><strong>quo</strong></span> <span class='ocrx_word' id='word_1_223' title='bbox 1515 3158 1684 3219; x_wconf 85' lang='lat' dir='ltr'><strong>usque</strong></span> <span class='ocrx_word' id='word_1_224' title='bbox 1722 3142 2021 3203; x_wconf 81' lang='lat' dir='ltr'><strong>solveretur</strong></span> <span class='ocrx_word' id='word_1_225' title='bbox 2062 3156 2095 3197; x_wconf 86' lang='lat' dir='ltr'><strong>a</strong></span> 
     </span>
    </p>
   </div>
   <div class='ocr_carea' id='block_1_30' title="bbox 500 3230 2097 3313">
    <p class='ocr_par' dir='ltr' id='par_1_30' title="bbox 500 3230 2097 3313">
     <span class='ocr_line' id='line_1_30' title="bbox 500 3230 2097 3313; baseline -0.006 -13"><span class='ocrx_word' id='word_1_226' title='bbox 500 3256 684 3309; x_wconf 81' lang='lat' dir='ltr'><strong>carne,</strong></span> <span class='ocrx_word' id='word_1_227' title='bbox 712 3238 965 3313; x_wconf 80' lang='lat' dir='ltr'><strong>quaniam</strong></span> <span class='ocrx_word' id='word_1_228' title='bbox 992 3238 1201 3313; x_wconf 82' lang='lat' dir='ltr'><strong>parvuli</strong></span> <span class='ocrx_word' id='word_1_229' title='bbox 1231 3236 1407 3297; x_wconf 89' lang='lat' dir='ltr'><strong>anima</strong></span> <span class='ocrx_word' id='word_1_230' title='bbox 1434 3247 1538 3305; x_wconf 91' lang='lat' dir='ltr'><strong>est,</strong></span> <span class='ocrx_word' id='word_1_231' title='bbox 1570 3251 1671 3292; x_wconf 92' lang='lat' dir='ltr'><strong>nec</strong></span> <span class='ocrx_word' id='word_1_232' title='bbox 1708 3230 1861 3291; x_wconf 83' lang='lat' dir='ltr'><strong>liberi</strong></span> <span class='ocrx_word' id='word_1_233' title='bbox 1888 3231 2097 3291; x_wconf 77' lang='lat' dir='ltr'><strong>arbitrii</strong></span> 
     </span>
    </p>
   </div>
   <div class='ocr_carea' id='block_1_31' title="bbox 499 3325 2094 3409">
    <p class='ocr_par' dir='ltr' id='par_1_31' title="bbox 499 3325 2094 3409">
     <span class='ocr_line' id='line_1_31' title="bbox 499 3325 2094 3409; baseline -0.006 -17"><span class='ocrx_word' id='word_1_234' title='bbox 499 3332 669 3409; x_wconf 83' lang='lat' dir='ltr'><strong>gessit</strong></span> <span class='ocrx_word' id='word_1_235' title='bbox 704 3330 949 3401; x_wconf 81' lang='lat' dir='ltr'><strong>aetatem,</strong></span> <span class='ocrx_word' id='word_1_236' title='bbox 999 3347 1108 3390; x_wconf 91' lang='lat' dir='ltr'><strong>non</strong></span> <span class='ocrx_word' id='word_1_237' title='bbox 1150 3329 1353 3391; x_wconf 87' lang='lat' dir='ltr'><strong>invenit</strong></span> <span class='ocrx_word' id='word_1_238' title='bbox 1405 3328 1546 3386; x_wconf 84' lang='lat' dir='ltr'><strong>unde</strong></span> <span class='ocrx_word' id='word_1_239' title='bbox 1587 3325 1934 3384; x_wconf 86' lang='lat' dir='ltr'><strong>damnaretur</strong></span> <span class='ocrx_word' id='word_1_240' title='bbox 1985 3340 2094 3382; x_wconf 92' lang='lat' dir='ltr'><strong>non</strong></span> 
     </span>
    </p>
   </div>
   <div class='ocr_carea' id='block_1_32' title="bbox 502 3412 2094 3501">
    <p class='ocr_par' dir='ltr' id='par_1_32' title="bbox 502 3412 2094 3501">
     <span class='ocr_line' id='line_1_32' title="bbox 502 3412 2094 3501; baseline -0.006 -19"><span class='ocrx_word' id='word_1_241' title='bbox 502 3432 753 3501; x_wconf 89' lang='lat' dir='ltr'><strong>percepto</strong></span> <span class='ocrx_word' id='word_1_242' title='bbox 780 3420 1074 3495; x_wconf 86' lang='lat' dir='ltr'><strong>Baptismo,</strong></span> <span class='ocrx_word' id='word_1_243' title='bbox 1118 3420 1225 3484; x_wconf 86' lang='lat' dir='ltr'><strong>nisi</strong></span> <span class='ocrx_word' id='word_1_244' title='bbox 1251 3416 1509 3494; x_wconf 80' lang='lat' dir='ltr'><strong>originale</strong></span> <span class='ocrx_word' id='word_1_245' title='bbox 1536 3426 1834 3493; x_wconf 80' lang='lat' dir='ltr'><strong>peccatum.</strong></span> <span class='ocrx_word' id='word_1_246' title='bbox 1883 3414 1962 3473; x_wconf 75' lang='lat' dir='ltr'><strong>Ex</strong></span> <span class='ocrx_word' id='word_1_247' title='bbox 1988 3412 2094 3473; x_wconf 85' lang='lat' dir='ltr'><strong>hoc</strong></span> 
     </span>
    </p>
   </div>
   <div class='ocr_carea' id='block_1_33' title="bbox 500 3510 2095 3590">
    <p class='ocr_par' dir='ltr' id='par_1_33' title="bbox 500 3510 2095 3590">
     <span class='ocr_line' id='line_1_33' title="bbox 500 3510 2095 3590; baseline -0.006 -16"><span class='ocrx_word' id='word_1_248' title='bbox 500 3525 722 3590; x_wconf 83' lang='lat' dir='ltr'><strong>peccato</strong></span> <span class='ocrx_word' id='word_1_249' title='bbox 749 3514 892 3589; x_wconf 75' lang='lat' dir='ltr'><strong>iuste</strong></span> <span class='ocrx_word' id='word_1_250' title='bbox 931 3514 1178 3573; x_wconf 86' lang='lat' dir='ltr'><strong>danmari</strong></span> <span class='ocrx_word' id='word_1_251' title='bbox 1221 3513 1455 3573; x_wconf 91' lang='lat' dir='ltr'><strong>animam</strong></span> <span class='ocrx_word' id='word_1_252' title='bbox 1497 3522 1605 3567; x_wconf 86' lang='lat' dir='ltr'><strong>non</strong></span> <span class='ocrx_word' id='word_1_253' title='bbox 1645 3526 1903 3587; x_wconf 79' lang='lat' dir='ltr'><strong>negamus</strong></span> <span class='ocrx_word' id='word_1_254' title='bbox 1931 3528 1947 3567; x_wconf 92' lang='lat'><strong>:</strong></span> <span class='ocrx_word' id='word_1_255' title='bbox 1973 3510 2095 3583; x_wconf 88' lang='lat' dir='ltr'><strong>quia</strong></span> 
     </span>
    </p>
   </div>
   <div class='ocr_carea' id='block_1_34' title="bbox 501 3600 2095 3683">
    <p class='ocr_par' dir='ltr' id='par_1_34' title="bbox 501 3600 2095 3683">
     <span class='ocr_line' id='line_1_34' title="bbox 501 3600 2095 3683; baseline -0.006 -16"><span class='ocrx_word' id='word_1_256' title='bbox 501 3612 733 3682; x_wconf 81' lang='lat' dir='ltr'><strong>peccato.</strong></span> <span class='ocrx_word' id='word_1_257' title='bbox 762 3604 1080 3683; x_wconf 78' lang='lat' dir='ltr'><strong>supplicium</strong></span> <span class='ocrx_word' id='word_1_258' title='bbox 1105 3602 1193 3662; x_wconf 76' lang='lat' dir='ltr'><strong>lex</strong></span> <span class='ocrx_word' id='word_1_259' title='bbox 1234 3600 1380 3679; x_wconf 71' lang='lat' dir='ltr'><strong>iusta</strong></span> <span class='ocrx_word' id='word_1_260' title='bbox 1423 3602 1716 3660; x_wconf 90' lang='lat' dir='ltr'><strong>constituit.</strong></span> <span class='ocrx_word' id='word_1_261' title='bbox 1749 3600 1857 3659; x_wconf 89' lang='lat' dir='ltr'><strong>Sed</strong></span> <span class='ocrx_word' id='word_1_262' title='bbox 1896 3601 1968 3658; x_wconf 90' lang='lat' dir='ltr'><strong>ad</strong></span> <span class='ocrx_word' id='word_1_263' title='bbox 1994 3603 2095 3658; x_wconf 89' lang='lat' dir='ltr'><strong>hoc</strong></span> 
     </span>
    </p>
   </div>
   <div class='ocr_carea' id='block_1_35' title="bbox 501 3688 2167 3772">
    <p class='ocr_par' dir='ltr' id='par_1_35' title="bbox 501 3688 2167 3772">
     <span class='ocr_line' id='line_1_35' title="bbox 501 3688 2167 3772; baseline -0.004 -17"><span class='ocrx_word' id='word_1_264' title='bbox 501 3704 783 3772; x_wconf 79' lang='lat' dir='ltr'><strong>peccatum</strong></span> <span class='ocrx_word' id='word_1_265' title='bbox 820 3688 1156 3754; x_wconf 87' lang='lat' dir='ltr'><strong>subeundum</strong></span> <span class='ocrx_word' id='word_1_266' title='bbox 1186 3710 1285 3753; x_wconf 88' lang='lat' dir='ltr'><strong>cur</strong></span> <span class='ocrx_word' id='word_1_267' title='bbox 1309 3690 1556 3756; x_wconf 83' lang='lat' dir='ltr'><strong>damnata</strong></span> <span class='ocrx_word' id='word_1_268' title='bbox 1586 3693 1675 3763; x_wconf 74' lang='lat' dir='ltr'><strong>sit,</strong></span> <span class='ocrx_word' id='word_1_269' title='bbox 1707 3694 2021 3767; x_wconf 68' lang='lat' dir='ltr'><strong>qurerimus,</strong></span> <span class='ocrx_word' id='word_1_270' title='bbox 2048 3694 2097 3750; x_wconf 91' lang='lat' dir='ltr'><strong>si</strong></span> <span class='ocrx_word' id='word_1_271' title='bbox 2161 3707 2167 3715; x_wconf 77' lang='grc'>’</span> 
     </span>
    </p>
   </div>
   <div class='ocr_carea' id='block_1_36' title="bbox 501 3782 2095 3867">
    <p class='ocr_par' dir='ltr' id='par_1_36' title="bbox 501 3782 2095 3867">
     <span class='ocr_line' id='line_1_36' title="bbox 501 3782 2095 3867; baseline -0.007 -17"><span class='ocrx_word' id='word_1_272' title='bbox 501 3809 612 3857; x_wconf 87' lang='lat' dir='ltr'><strong>non</strong></span> <span class='ocrx_word' id='word_1_273' title='bbox 639 3808 718 3862; x_wconf 78' lang='lat' dir='ltr'><strong>ex</strong></span> <span class='ocrx_word' id='word_1_274' title='bbox 762 3791 859 3853; x_wconf 79' lang='lat' dir='ltr'><strong>illa.</strong></span> <span class='ocrx_word' id='word_1_275' title='bbox 901 3805 1007 3847; x_wconf 87' lang='lat' dir='ltr'><strong>una</strong></span> <span class='ocrx_word' id='word_1_276' title='bbox 1050 3784 1303 3861; x_wconf 80' lang='lat' dir='ltr'><strong>trahitur,</strong></span> <span class='ocrx_word' id='word_1_277' title='bbox 1350 3802 1470 3867; x_wconf 62' lang='lat' dir='ltr'><strong>quis</strong></span> <span class='ocrx_word' id='word_1_278' title='bbox 1511 3784 1566 3850; x_wconf 89' lang='lat' dir='ltr'><strong>in</strong></span> <span class='ocrx_word' id='word_1_279' title='bbox 1612 3786 1825 3858; x_wconf 82' lang='lat' dir='ltr'><strong>generis</strong></span> <span class='ocrx_word' id='word_1_280' title='bbox 1872 3782 2095 3849; x_wconf 87' lang='lat' dir='ltr'><strong>humani</strong></span> 
     </span>
    </p>
   </div>
   <div class='ocr_carea' id='block_1_37' title="bbox 501 3872 2097 3959">
    <p class='ocr_par' dir='ltr' id='par_1_37' title="bbox 501 3872 2097 3959">
     <span class='ocr_line' id='line_1_37' title="bbox 501 3872 2097 3959; baseline -0.006 -17"><span class='ocrx_word' id='word_1_281' title='bbox 501 3880 679 3959; x_wconf 89' lang='lat' dir='ltr'><strong>primo</strong></span> <span class='ocrx_word' id='word_1_282' title='bbox 721 3895 871 3958; x_wconf 79' lang='lat' dir='ltr'><strong>patre</strong></span> <span class='ocrx_word' id='word_1_283' title='bbox 904 3876 1162 3957; x_wconf 72' lang='lat' dir='ltr'><strong>peccavit.</strong></span> <span class='ocrx_word' id='word_1_284' title='bbox 1192 3872 1549 3955; x_wconf 76' lang='lat' dir='ltr'><strong>Quamobrem</strong></span> <span class='ocrx_word' id='word_1_285' title='bbox 1598 3876 1643 3937; x_wconf 89' lang='lat' dir='ltr'><strong>si</strong></span> <span class='ocrx_word' id='word_1_286' title='bbox 1672 3878 1816 3936; x_wconf 80' lang='lat' dir='ltr'><strong>Deus</strong></span> <span class='ocrx_word' id='word_1_287' title='bbox 1854 3886 1962 3935; x_wconf 80' lang='lat' dir='ltr'><strong>non</strong></span> <span class='ocrx_word' id='word_1_288' title='bbox 2002 3877 2097 3934; x_wconf 88' lang='lat' dir='ltr'><strong>da-</strong></span> 
     </span>
    </p>
   </div>
   <div class='ocr_carea' id='block_1_38' title="bbox 501 3966 2094 4048">
    <p class='ocr_par' dir='ltr' id='par_1_38' title="bbox 501 3966 2094 4048">
     <span class='ocr_line' id='line_1_38' title="bbox 501 3966 2094 4048; baseline -0.008 -11"><span class='ocrx_word' id='word_1_289' title='bbox 501 3990 652 4037; x_wconf 89' lang='lat' dir='ltr'><strong>mnat</strong></span> <span class='ocrx_word' id='word_1_290' title='bbox 686 3979 1020 4048; x_wconf 68' lang='lat' dir='ltr'><strong>innocentes,</strong></span> <span class='ocrx_word' id='word_1_291' title='bbox 1064 3989 1166 4032; x_wconf 93' lang='lat' dir='ltr'><strong>nec</strong></span> <span class='ocrx_word' id='word_1_292' title='bbox 1204 3968 1335 4030; x_wconf 80' lang='lat' dir='ltr'><strong>facit</strong></span> <span class='ocrx_word' id='word_1_293' title='bbox 1376 3970 1633 4031; x_wconf 89' lang='lat' dir='ltr'><strong>nocentes</strong></span> <span class='ocrx_word' id='word_1_294' title='bbox 1676 3986 1811 4045; x_wconf 90' lang='lat' dir='ltr'><strong>quos</strong></span> <span class='ocrx_word' id='word_1_295' title='bbox 1838 3966 2094 4045; x_wconf 80' lang='lat' dir='ltr'><strong>perSpicit</strong></span> 
     </span>
    </p>
   </div>
   <div class='ocr_carea' id='block_1_39' title="bbox 502 4062 2093 4141">
    <p class='ocr_par' dir='ltr' id='par_1_39' title="bbox 502 4062 2093 4141">
     <span class='ocr_line' id='line_1_39' title="bbox 502 4062 2093 4141; baseline -0.008 -12"><span class='ocrx_word' id='word_1_296' title='bbox 502 4072 853 4141; x_wconf 75' lang='lat' dir='ltr'><strong>innocentes;</strong></span> <span class='ocrx_word' id='word_1_297' title='bbox 877 4079 943 4127; x_wconf 90' lang='lat' dir='ltr'><strong>et.</strong></span> <span class='ocrx_word' id='word_1_298' title='bbox 959 4062 1006 4124; x_wconf 89' lang='lat' dir='ltr'><strong>si</strong></span> <span class='ocrx_word' id='word_1_299' title='bbox 1041 4066 1250 4124; x_wconf 85' lang='lat' dir='ltr'><strong>animas</strong></span> <span class='ocrx_word' id='word_1_300' title='bbox 1273 4080 1381 4123; x_wconf 93' lang='lat' dir='ltr'><strong>non</strong></span> <span class='ocrx_word' id='word_1_301' title='bbox 1405 4062 1601 4124; x_wconf 88' lang='lat' dir='ltr'><strong>liberat</strong></span> <span class='ocrx_word' id='word_1_302' title='bbox 1632 4063 1745 4123; x_wconf 87' lang='lat' dir='ltr'><strong>sive</strong></span> <span class='ocrx_word' id='word_1_303' title='bbox 1767 4063 1836 4120; x_wconf 90' lang='lat' dir='ltr'><strong>ab</strong></span> <span class='ocrx_word' id='word_1_304' title='bbox 1857 4062 2093 4134; x_wconf 80' lang='lat' dir='ltr'><strong>origine-</strong></span> 
     </span>
    </p>
   </div>
   <div class='ocr_carea' id='block_1_40' title="bbox 502 4152 2095 4236">
    <p class='ocr_par' dir='ltr' id='par_1_40' title="bbox 502 4152 2095 4236">
     <span class='ocr_line' id='line_1_40' title="bbox 502 4152 2095 4236; baseline -0.007 -16"><span class='ocrx_word' id='word_1_305' title='bbox 502 4165 669 4235; x_wconf 79' lang='lat' dir='ltr'><strong>libus,</strong></span> <span class='ocrx_word' id='word_1_306' title='bbox 690 4162 804 4220; x_wconf 90' lang='lat' dir='ltr'><strong>sive</strong></span> <span class='ocrx_word' id='word_1_307' title='bbox 831 4177 862 4218; x_wconf 91' lang='lat' dir='ltr'><strong>a</strong></span> <span class='ocrx_word' id='word_1_308' title='bbox 886 4158 1118 4236; x_wconf 88' lang='lat' dir='ltr'><strong>propriis</strong></span> <span class='ocrx_word' id='word_1_309' title='bbox 1139 4159 1395 4232; x_wconf 83' lang='lat' dir='ltr'><strong>peccatis,</strong></span> <span class='ocrx_word' id='word_1_310' title='bbox 1420 4158 1523 4214; x_wconf 88' lang='lat' dir='ltr'><strong>nisi</strong></span> <span class='ocrx_word' id='word_1_311' title='bbox 1549 4159 1604 4213; x_wconf 92' lang='lat' dir='ltr'><strong>in</strong></span> <span class='ocrx_word' id='word_1_312' title='bbox 1632 4154 1871 4212; x_wconf 87' lang='lat' dir='ltr'><strong>Ecclesia</strong></span> <span class='ocrx_word' id='word_1_313' title='bbox 1890 4152 2095 4213; x_wconf 82' lang='lat' dir='ltr'><strong>Christi</strong></span> 
     </span>
    </p>
   </div>
   <div class='ocr_carea' id='block_1_41' title="bbox 500 4247 2091 4329">
    <p class='ocr_par' dir='ltr' id='par_1_41' title="bbox 500 4247 2091 4329">
     <span class='ocr_line' id='line_1_41' title="bbox 500 4247 2091 4329; baseline -0.005 -18"><span class='ocrx_word' id='word_1_314' title='bbox 500 4254 804 4329; x_wconf 89' lang='lat' dir='ltr'><strong>Baptismus</strong></span> <span class='ocrx_word' id='word_1_315' title='bbox 829 4252 1063 4325; x_wconf 82' lang='lat' dir='ltr'><strong>Christi;</strong></span> <span class='ocrx_word' id='word_1_316' title='bbox 1101 4261 1155 4308; x_wconf 91' lang='lat' dir='ltr'><strong>et</strong></span> <span class='ocrx_word' id='word_1_317' title='bbox 1179 4252 1225 4308; x_wconf 85' lang='lat' dir='ltr'><strong>si</strong></span> <span class='ocrx_word' id='word_1_318' title='bbox 1251 4248 1446 4307; x_wconf 66' lang='lat' dir='ltr'><strong>animat</strong></span> <span class='ocrx_word' id='word_1_319' title='bbox 1474 4259 1599 4311; x_wconf 84' lang='lat' dir='ltr'><strong>ante</strong></span> <span class='ocrx_word' id='word_1_320' title='bbox 1628 4263 1849 4309; x_wconf 87' lang='lat' dir='ltr'><strong>carnem</strong></span> <span class='ocrx_word' id='word_1_321' title='bbox 1888 4247 2091 4303; x_wconf 90' lang='lat' dir='ltr'><strong>nullum</strong></span> 
     </span>
    </p>
   </div>
   <div class='ocr_carea' id='block_1_42' title="bbox 500 4343 2092 4419">
    <p class='ocr_par' dir='ltr' id='par_1_42' title="bbox 500 4343 2092 4419">
     <span class='ocr_line' id='line_1_42' title="bbox 500 4343 2092 4419; baseline -0.004 -13"><span class='ocrx_word' id='word_1_322' title='bbox 500 4349 803 4407; x_wconf 87' lang='lat' dir='ltr'><strong>habuerunt</strong></span> <span class='ocrx_word' id='word_1_323' title='bbox 823 4346 1046 4404; x_wconf 88' lang='lat' dir='ltr'><strong>omnino</strong></span> <span class='ocrx_word' id='word_1_324' title='bbox 1072 4354 1382 4419; x_wconf 83' lang='lat' dir='ltr'><strong>peccatum;</strong></span> <span class='ocrx_word' id='word_1_325' title='bbox 1409 4353 1463 4401; x_wconf 89' lang='lat' dir='ltr'><strong>et</strong></span> <span class='ocrx_word' id='word_1_326' title='bbox 1487 4343 1534 4400; x_wconf 90' lang='lat' dir='ltr'><strong>si</strong></span> <span class='ocrx_word' id='word_1_327' title='bbox 1560 4351 1776 4415; x_wconf 87' lang='lat' dir='ltr'><strong>peccata</strong></span> <span class='ocrx_word' id='word_1_328' title='bbox 1807 4351 2092 4416; x_wconf 84' lang='lat' dir='ltr'><strong>antequam</strong></span> 
     </span>
    </p>
   </div>
   <div class='ocr_carea' id='block_1_43' title="bbox 500 4434 2094 4515">
    <p class='ocr_par' dir='ltr' id='par_1_43' title="bbox 500 4434 2094 4515">
     <span class='ocr_line' id='line_1_43' title="bbox 500 4434 2094 4515; baseline -0.009 -14"><span class='ocrx_word' id='word_1_329' title='bbox 500 4443 927 4515; x_wconf 75' lang='lat' dir='ltr'><strong>committantur,</strong></span> <span class='ocrx_word' id='word_1_330' title='bbox 973 4448 1030 4496; x_wconf 91' lang='lat' dir='ltr'><strong>et</strong></span> <span class='ocrx_word' id='word_1_331' title='bbox 1064 4434 1236 4515; x_wconf 85' lang='lat' dir='ltr'><strong>multo</strong></span> <span class='ocrx_word' id='word_1_332' title='bbox 1272 4434 1442 4515; x_wconf 80' lang='lat' dir='ltr'><strong>magis</strong></span> <span class='ocrx_word' id='word_1_333' title='bbox 1482 4451 1605 4515; x_wconf 66' lang='lat' dir='ltr'><strong>qum</strong></span> <span class='ocrx_word' id='word_1_334' title='bbox 1643 4446 1913 4513; x_wconf 80' lang='lat' dir='ltr'><strong>nunquam</strong></span> <span class='ocrx_word' id='word_1_335' title='bbox 1945 4448 2094 4489; x_wconf 92' lang='lat' dir='ltr'><strong>com-</strong></span> 
     </span>
    </p>
   </div>
   <div class='ocr_carea' id='block_1_44' title="bbox 499 4522 2096 4605">
    <p class='ocr_par' dir='ltr' id='par_1_44' title="bbox 499 4522 2096 4605">
     <span class='ocr_line' id='line_1_44' title="bbox 499 4522 2096 4605; baseline -0.008 -13"><span class='ocrx_word' id='word_1_336' title='bbox 499 4534 666 4592; x_wconf 83' lang='lat' dir='ltr'><strong>missa</strong></span> <span class='ocrx_word' id='word_1_337' title='bbox 693 4541 840 4605; x_wconf 83' lang='lat' dir='ltr'><strong>sunt,</strong></span> <span class='ocrx_word' id='word_1_338' title='bbox 860 4528 1101 4589; x_wconf 84' lang='lat' dir='ltr'><strong>damnari</strong></span> <span class='ocrx_word' id='word_1_339' title='bbox 1125 4526 1269 4601; x_wconf 72' lang='lat' dir='ltr'><strong>iusta</strong></span> <span class='ocrx_word' id='word_1_340' title='bbox 1291 4529 1406 4601; x_wconf 82' lang='lat' dir='ltr'><strong>lege</strong></span> <span class='ocrx_word' id='word_1_341' title='bbox 1427 4540 1532 4583; x_wconf 90' lang='lat' dir='ltr'><strong>non</strong></span> <span class='ocrx_word' id='word_1_342' title='bbox 1557 4534 1779 4599; x_wconf 90' lang='lat' dir='ltr'><strong>possunt</strong></span> <span class='ocrx_word' id='word_1_343' title='bbox 1799 4542 1825 4591; x_wconf 54' lang='grc' dir='ltr'><strong>ί</strong></span> <span class='ocrx_word' id='word_1_344' title='bbox 1848 4522 1986 4580; x_wconf 79' lang='lat' dir='ltr'><strong>nihii</strong></span> <span class='ocrx_word' id='word_1_345' title='bbox 2000 4523 2096 4580; x_wconf 89' lang='lat' dir='ltr'><strong>ho-</strong></span> 
     </span>
    </p>
   </div>
   <div class='ocr_carea' id='block_1_45' title="bbox 500 4614 2092 4696">
    <p class='ocr_par' dir='ltr' id='par_1_45' title="bbox 500 4614 2092 4696">
     <span class='ocr_line' id='line_1_45' title="bbox 500 4614 2092 4696; baseline -0.008 -13"><span class='ocrx_word' id='word_1_346' title='bbox 500 4639 623 4683; x_wconf 86' lang='lat' dir='ltr'><strong>rum</strong></span> <span class='ocrx_word' id='word_1_347' title='bbox 650 4632 878 4696; x_wconf 85' lang='lat' dir='ltr'><strong>quatuor</strong></span> <span class='ocrx_word' id='word_1_348' title='bbox 905 4621 1008 4678; x_wconf 88' lang='lat' dir='ltr'><strong>iste</strong></span> <span class='ocrx_word' id='word_1_349' title='bbox 1035 4614 1215 4677; x_wconf 86' lang='lat' dir='ltr'><strong>dicat:</strong></span> <span class='ocrx_word' id='word_1_350' title='bbox 1247 4628 1322 4687; x_wconf 87' lang='lat' dir='ltr'><strong>et,</strong></span> <span class='ocrx_word' id='word_1_351' title='bbox 1368 4616 1419 4676; x_wconf 87' lang='lat' dir='ltr'><strong>si</strong></span> <span class='ocrx_word' id='word_1_352' title='bbox 1452 4625 1651 4695; x_wconf 89' lang='lat' dir='ltr'><strong>potest,</strong></span> <span class='ocrx_word' id='word_1_353' title='bbox 1683 4616 1932 4688; x_wconf 74' lang='lat' dir='ltr'><strong>explicet.</strong></span> <span class='ocrx_word' id='word_1_354' title='bbox 1968 4632 2092 4687; x_wconf 87' lang='lat' dir='ltr'><strong>par-</strong></span> 
     </span>
    </p>
   </div>
   <div class='ocr_carea' id='block_1_46' title="bbox 500 4698 2094 4785">
    <p class='ocr_par' dir='ltr' id='par_1_46' title="bbox 500 4698 2094 4785">
     <span class='ocr_line' id='line_1_46' title="bbox 500 4698 2094 4785; baseline -0.006 -12"><span class='ocrx_word' id='word_1_355' title='bbox 500 4716 752 4773; x_wconf 79' lang='lat' dir='ltr'><strong>vulorum</strong></span> <span class='ocrx_word' id='word_1_356' title='bbox 799 4709 1029 4781; x_wconf 68' lang='lat' dir='ltr'><strong>animae,</strong></span> <span class='ocrx_word' id='word_1_357' title='bbox 1077 4698 1197 4783; x_wconf 67' lang='lat' dir='ltr'><strong>quae</strong></span> <span class='ocrx_word' id='word_1_358' title='bbox 1246 4710 1363 4768; x_wconf 87' lang='lat' dir='ltr'><strong>sine</strong></span> <span class='ocrx_word' id='word_1_359' title='bbox 1407 4705 1678 4785; x_wconf 85' lang='lat' dir='ltr'><strong>Baptismo</strong></span> <span class='ocrx_word' id='word_1_360' title='bbox 1730 4716 1986 4767; x_wconf 79' lang='lat' dir='ltr'><strong>exeuntes</strong></span> <span class='ocrx_word' id='word_1_361' title='bbox 2039 4708 2094 4764; x_wconf 91' lang='lat' dir='ltr'><strong>in</strong></span> 
     </span>
    </p>
   </div>
   <div class='ocr_carea' id='block_1_47' title="bbox 502 4796 2090 4875">
    <p class='ocr_par' dir='ltr' id='par_1_47' title="bbox 502 4796 2090 4875">
     <span class='ocr_line' id='line_1_47' title="bbox 502 4796 2090 4875; baseline -0.006 -10"><span class='ocrx_word' id='word_1_362' title='bbox 502 4796 903 4865; x_wconf 84' lang='lat' dir='ltr'><strong>damnationem</strong></span> <span class='ocrx_word' id='word_1_363' title='bbox 964 4800 1279 4873; x_wconf 89' lang='lat' dir='ltr'><strong>mittuntur,</strong></span> <span class='ocrx_word' id='word_1_364' title='bbox 1335 4817 1443 4875; x_wconf 91' lang='lat' dir='ltr'><strong>quo</strong></span> <span class='ocrx_word' id='word_1_365' title='bbox 1504 4799 1701 4861; x_wconf 88' lang='lat' dir='ltr'><strong>merito</strong></span> <span class='ocrx_word' id='word_1_366' title='bbox 1752 4798 1807 4856; x_wconf 92' lang='lat' dir='ltr'><strong>in</strong></span> <span class='ocrx_word' id='word_1_367' title='bbox 1873 4814 2090 4856; x_wconf 90' lang='lat' dir='ltr'><strong>carnem</strong></span> 
     </span>
    </p>
   </div>
   <div class='ocr_carea' id='block_1_48' title="bbox 501 4888 2094 4974">
    <p class='ocr_par' dir='ltr' id='par_1_48' title="bbox 501 4888 2094 4974">
     <span class='ocr_line' id='line_1_48' title="bbox 501 4888 2094 4974; baseline -0.006 -17"><span class='ocrx_word' id='word_1_368' title='bbox 501 4898 857 4973; x_wconf 85' lang='lat' dir='ltr'><strong>peccatricem</strong></span> <span class='ocrx_word' id='word_1_369' title='bbox 883 4913 1003 4972; x_wconf 77' lang='lat' dir='ltr'><strong>qua:</strong></span> <span class='ocrx_word' id='word_1_370' title='bbox 1033 4894 1163 4952; x_wconf 83' lang='lat' dir='ltr'><strong>nihil</strong></span> <span class='ocrx_word' id='word_1_371' title='bbox 1206 4902 1578 4967; x_wconf 85' lang='lat' dir='ltr'><strong>peccaverunt,</strong></span> <span class='ocrx_word' id='word_1_372' title='bbox 1622 4888 1801 4947; x_wconf 76' lang='lat' dir='ltr'><strong>missa:</strong></span> <span class='ocrx_word' id='word_1_373' title='bbox 1848 4900 1990 4974; x_wconf 77' lang='lat' dir='ltr'><strong>sunt,</strong></span> <span class='ocrx_word' id='word_1_374' title='bbox 2034 4899 2094 4947; x_wconf 91' lang='lat' dir='ltr'><strong>ut</strong></span> 
     </span>
    </p>
   </div>
   <div class='ocr_carea' id='block_1_49' title="bbox 501 4984 2090 5064">
    <p class='ocr_par' dir='ltr' id='par_1_49' title="bbox 501 4984 2090 5064">
     <span class='ocr_line' id='line_1_49' title="bbox 501 4984 2090 5064; baseline -0.007 -14"><span class='ocrx_word' id='word_1_375' title='bbox 501 4994 615 5050; x_wconf 87' lang='lat' dir='ltr'><strong>illic</strong></span> <span class='ocrx_word' id='word_1_376' title='bbox 657 4991 964 5057; x_wconf 83' lang='lat' dir='ltr'><strong>invenirent</strong></span> <span class='ocrx_word' id='word_1_377' title='bbox 1004 4997 1302 5064; x_wconf 85' lang='lat' dir='ltr'><strong>peccatum,</strong></span> <span class='ocrx_word' id='word_1_378' title='bbox 1332 4994 1551 5059; x_wconf 87' lang='lat' dir='ltr'><strong>propter</strong></span> <span class='ocrx_word' id='word_1_379' title='bbox 1587 4984 1733 5059; x_wconf 88' lang='lat' dir='ltr'><strong>quod</strong></span> <span class='ocrx_word' id='word_1_380' title='bbox 1774 4985 1967 5041; x_wconf 89' lang='lat' dir='ltr'><strong>merito</strong></span> <span class='ocrx_word' id='word_1_381' title='bbox 1992 4985 2090 5041; x_wconf 87' lang='lat' dir='ltr'><strong>da-</strong></span> 
     </span>
    </p>
   </div>
   <div class='ocr_carea' id='block_1_50' title="bbox 501 5079 2091 5163">
    <p class='ocr_par' dir='ltr' id='par_1_50' title="bbox 501 5079 2091 5163">
     <span class='ocr_line' id='line_1_50' title="bbox 501 5079 2091 5163; baseline -0.007 -15"><span class='ocrx_word' id='word_1_382' title='bbox 501 5094 847 5163; x_wconf 33' lang='lat' dir='ltr'><strong>mnarentur‘</strong></span> <span class='ocrx_word' id='word_1_383' title='bbox 865 5084 1036 5149; x_wconf 80' lang='lat' dir='ltr'><strong>Porro</strong></span> <span class='ocrx_word' id='word_1_384' title='bbox 1059 5083 1104 5139; x_wconf 89' lang='lat' dir='ltr'><strong>si</strong></span> <span class='ocrx_word' id='word_1_385' title='bbox 1130 5091 1357 5159; x_wconf 81' lang='lat' dir='ltr'><strong>quatuor</strong></span> <span class='ocrx_word' id='word_1_386' title='bbox 1381 5082 1482 5163; x_wconf 82' lang='lat' dir='ltr'><strong>ista</strong></span> <span class='ocrx_word' id='word_1_387' title='bbox 1511 5079 1775 5147; x_wconf 87' lang='lat' dir='ltr'><strong>devitans,</strong></span> <span class='ocrx_word' id='word_1_388' title='bbox 1812 5097 1932 5152; x_wconf 79' lang='lat' dir='ltr'><strong>qua:</strong></span> <span class='ocrx_word' id='word_1_389' title='bbox 1957 5096 2091 5137; x_wconf 89' lang='lat' dir='ltr'><strong>sana</strong></span> 
     </span>
    </p>
   </div>
   <div class='ocr_carea' id='block_1_51' title="bbox 436 5160 2089 5249">
    <p class='ocr_par' dir='ltr' id='par_1_51' title="bbox 436 5160 2089 5249">
     <span class='ocr_line' id='line_1_51' title="bbox 436 5160 2089 5249; baseline -0.005 -11"><span class='ocrx_word' id='word_1_390' title='bbox 436 5242 442 5249; x_wconf 58' lang='grc'>,</span> <span class='ocrx_word' id='word_1_391' title='bbox 501 5180 746 5240; x_wconf 77' lang='lat' dir='ltr'><strong>doctrina</strong></span> <span class='ocrx_word' id='word_1_392' title='bbox 773 5160 1115 5246; x_wconf 83' lang='lat' dir='ltr'><strong>condemnat,</strong></span> <span class='ocrx_word' id='word_1_393' title='bbox 1146 5173 1199 5231; x_wconf 90' lang='lat' dir='ltr'><strong>id</strong></span> <span class='ocrx_word' id='word_1_394' title='bbox 1226 5166 1392 5242; x_wconf 30' lang='lat' dir='ltr'><strong>est,‘si</strong></span> <span class='ocrx_word' id='word_1_395' title='bbox 1421 5160 1526 5230; x_wconf 86' lang='lat' dir='ltr'><strong>non</strong></span> <span class='ocrx_word' id='word_1_396' title='bbox 1552 5172 1755 5237; x_wconf 85' lang='lat' dir='ltr'><strong>audens</strong></span> <span class='ocrx_word' id='word_1_397' title='bbox 1774 5172 1974 5240; x_wconf 88' lang='lat' dir='ltr'><strong>dicere,</strong></span> <span class='ocrx_word' id='word_1_398' title='bbox 2004 5172 2089 5229; x_wconf 87' lang='lat' dir='ltr'><strong>vel</strong></span> 
     </span>
    </p>
   </div>
   <div class='ocr_carea' id='block_1_52' title="bbox 428 5257 2090 5352">
    <p class='ocr_par' dir='ltr' id='par_1_52' title="bbox 428 5257 2090 5352">
     <span class='ocr_line' id='line_1_52' title="bbox 428 5257 2090 5352; baseline -0.009 -15"><span class='ocrx_word' id='word_1_399' title='bbox 428 5257 443 5350; x_wconf 58' lang='grc' dir='ltr'><strong>ᾗ</strong></span> <span class='ocrx_word' id='word_1_400' title='bbox 498 5278 621 5336; x_wconf 89' lang='lat' dir='ltr'><strong>sine</strong></span> <span class='ocrx_word' id='word_1_401' title='bbox 642 5276 755 5337; x_wconf 86' lang='lat' dir='ltr'><strong>ullo</strong></span> <span class='ocrx_word' id='word_1_402' title='bbox 774 5282 993 5352; x_wconf 88' lang='lat' dir='ltr'><strong>peccato</strong></span> <span class='ocrx_word' id='word_1_403' title='bbox 1028 5273 1349 5341; x_wconf 56' lang='lat' dir='ltr'><strong>existumas...</strong></span> <span class='ocrx_word' id='word_1_404' title='bbox 1381 5286 1410 5333; x_wconf 65' lang='grc' dir='ltr'>α</span> <span class='ocrx_word' id='word_1_405' title='bbox 1441 5264 1554 5333; x_wconf 83' lang='lat' dir='ltr'><strong>Deo</strong></span> <span class='ocrx_word' id='word_1_406' title='bbox 1582 5268 1696 5331; x_wconf 81' lang='lat' dir='ltr'><strong>fieri</strong></span> <span class='ocrx_word' id='word_1_407' title='bbox 1725 5269 1930 5329; x_wconf 87' lang='lat' dir='ltr'><strong>animas</strong></span> <span class='ocrx_word' id='word_1_408' title='bbox 1959 5282 2090 5340; x_wconf 89' lang='lat' dir='ltr'><strong>pec-</strong></span> 
     </span>
    </p>
   </div>
   <div class='ocr_carea' id='block_1_53' title="bbox 497 5358 2086 5443">
    <p class='ocr_par' dir='ltr' id='par_1_53' title="bbox 497 5358 2086 5443">
     <span class='ocr_line' id='line_1_53' title="bbox 497 5358 2086 5443; baseline -0.009 -15"><span class='ocrx_word' id='word_1_409' title='bbox 497 5370 747 5441; x_wconf 85' lang='lat' dir='ltr'><strong>catrices,</strong></span> <span class='ocrx_word' id='word_1_410' title='bbox 774 5376 865 5431; x_wconf 80' lang='lat' dir='ltr'><strong>aut</strong></span> <span class='ocrx_word' id='word_1_411' title='bbox 884 5365 1002 5431; x_wconf 85' lang='lat' dir='ltr'><strong>sine</strong></span> <span class='ocrx_word' id='word_1_412' title='bbox 1029 5365 1225 5429; x_wconf 75' lang='lat' dir='ltr'><strong>Christi</strong></span> <span class='ocrx_word' id='word_1_413' title='bbox 1252 5365 1600 5443; x_wconf 69' lang='lat' dir='ltr'><strong>Sacrameuto</strong></span> <span class='ocrx_word' id='word_1_414' title='bbox 1623 5362 1675 5418; x_wconf 91' lang='lat' dir='ltr'><strong>in</strong></span> <span class='ocrx_word' id='word_1_415' title='bbox 1704 5362 1783 5418; x_wconf 90' lang='lat' dir='ltr'><strong>eis</strong></span> <span class='ocrx_word' id='word_1_416' title='bbox 1811 5361 1945 5416; x_wconf 81' lang='lat' dir='ltr'><strong>solvi</strong></span> <span class='ocrx_word' id='word_1_417' title='bbox 1973 5358 2086 5415; x_wconf 86' lang='lat' dir='ltr'><strong>ori-</strong></span> 
     </span>
    </p>
   </div>
   <div class='ocr_carea' id='block_1_54' title="bbox 482 5457 2087 5537">
    <p class='ocr_par' dir='ltr' id='par_1_54' title="bbox 482 5457 2087 5537">
     <span class='ocr_line' id='line_1_54' title="bbox 482 5457 2087 5537; baseline -0.006 -20"><span class='ocrx_word' id='word_1_418' title='bbox 482 5464 674 5537; x_wconf 64' lang='lat' dir='ltr'><strong>ginale</strong></span> <span class='ocrx_word' id='word_1_419' title='bbox 703 5470 1004 5534; x_wconf 83' lang='lat' dir='ltr'><strong>peccatum,</strong></span> <span class='ocrx_word' id='word_1_420' title='bbox 1035 5467 1128 5515; x_wconf 84' lang='lat' dir='ltr'><strong>aut</strong></span> <span class='ocrx_word' id='word_1_421' title='bbox 1146 5472 1237 5517; x_wconf 81' lang='lat' dir='ltr'><strong>eas</strong></span> <span class='ocrx_word' id='word_1_422' title='bbox 1271 5457 1465 5517; x_wconf 84' lang='lat' dir='ltr'><strong>alicubi</strong></span> <span class='ocrx_word' id='word_1_423' title='bbox 1497 5471 1766 5529; x_wconf 83' lang='lat' dir='ltr'><strong>peccasse,</strong></span> <span class='ocrx_word' id='word_1_424' title='bbox 1798 5464 2087 5526; x_wconf 81' lang='lat' dir='ltr'><strong>antequam</strong></span> 
     </span>
    </p>
   </div>
   <div class='ocr_carea' id='block_1_55' title="bbox 498 5546 2088 5623">
    <p class='ocr_par' dir='ltr' id='par_1_55' title="bbox 498 5546 2088 5623">
     <span class='ocr_line' id='line_1_55' title="bbox 498 5546 2088 5623; baseline -0.006 -11"><span class='ocrx_word' id='word_1_425' title='bbox 498 5557 845 5621; x_wconf 77' lang='lat' dir='ltr'><strong>mitterentur</strong></span> <span class='ocrx_word' id='word_1_426' title='bbox 870 5554 927 5615; x_wconf 84' lang='lat' dir='ltr'><strong>in</strong></span> <span class='ocrx_word' id='word_1_427' title='bbox 958 5566 1202 5621; x_wconf 80' lang='lat' dir='ltr'><strong>carnem,</strong></span> <span class='ocrx_word' id='word_1_428' title='bbox 1228 5558 1321 5607; x_wconf 84' lang='lat' dir='ltr'><strong>aut</strong></span> <span class='ocrx_word' id='word_1_429' title='bbox 1359 5564 1419 5615; x_wconf 88' lang='lat' dir='ltr'><strong>ea</strong></span> <span class='ocrx_word' id='word_1_430' title='bbox 1449 5565 1569 5623; x_wconf 80' lang='lat' dir='ltr'><strong>qua:</strong></span> <span class='ocrx_word' id='word_1_431' title='bbox 1594 5564 1862 5621; x_wconf 88' lang='lat' dir='ltr'><strong>nunquam</strong></span> <span class='ocrx_word' id='word_1_432' title='bbox 1883 5546 2088 5604; x_wconf 83' lang='lat' dir='ltr'><strong>habue-</strong></span> 
     </span>
    </p>
   </div>
   <div class='ocr_carea' id='block_1_56' title="bbox 496 5643 2084 5719">
    <p class='ocr_par' dir='ltr' id='par_1_56' title="bbox 496 5643 2084 5719">
     <span class='ocr_line' id='line_1_56' title="bbox 496 5643 2084 5719; baseline -0.007 -11"><span class='ocrx_word' id='word_1_433' title='bbox 496 5660 623 5709; x_wconf 88' lang='lat' dir='ltr'><strong>runt</strong></span> <span class='ocrx_word' id='word_1_434' title='bbox 657 5649 715 5705; x_wconf 82' lang='lat' dir='ltr'><strong>in</strong></span> <span class='ocrx_word' id='word_1_435' title='bbox 753 5649 835 5706; x_wconf 86' lang='lat' dir='ltr'><strong>eis</strong></span> <span class='ocrx_word' id='word_1_436' title='bbox 858 5654 1073 5719; x_wconf 84' lang='lat' dir='ltr'><strong>peccata</strong></span> <span class='ocrx_word' id='word_1_437' title='bbox 1102 5644 1344 5703; x_wconf 86' lang='lat' dir='ltr'><strong>damnari</strong></span> <span class='ocrx_word' id='word_1_438' title='bbox 1375 5661 1387 5699; x_wconf 90' lang='lat'><strong>:</strong></span> <span class='ocrx_word' id='word_1_439' title='bbox 1417 5643 1465 5701; x_wconf 88' lang='lat' dir='ltr'><strong>si</strong></span> <span class='ocrx_word' id='word_1_440' title='bbox 1490 5643 1608 5707; x_wconf 72' lang='lat' dir='ltr'><strong>haec</strong></span> <span class='ocrx_word' id='word_1_441' title='bbox 1645 5643 1800 5700; x_wconf 81' lang='lat' dir='ltr'><strong>nobis</strong></span> <span class='ocrx_word' id='word_1_442' title='bbox 1838 5657 1944 5701; x_wconf 90' lang='lat' dir='ltr'><strong>non</strong></span> <span class='ocrx_word' id='word_1_443' title='bbox 1986 5659 2084 5698; x_wconf 52' lang='lat' dir='ltr'><strong>au-</strong></span> 
     </span>
    </p>
   </div>
   <div class='ocr_carea' id='block_1_57' title="bbox 500 5737 2087 5813">
    <p class='ocr_par' dir='ltr' id='par_1_57' title="bbox 500 5737 2087 5813">
     <span class='ocr_line' id='line_1_57' title="bbox 500 5737 2087 5813; baseline -0.006 -11"><span class='ocrx_word' id='word_1_444' title='bbox 500 5744 632 5802; x_wconf 72' lang='lat' dir='ltr'><strong>deus</strong></span> <span class='ocrx_word' id='word_1_445' title='bbox 651 5744 854 5812; x_wconf 85' lang='lat' dir='ltr'><strong>dicere,</strong></span> <span class='ocrx_word' id='word_1_446' title='bbox 871 5741 1123 5813; x_wconf 83' lang='lat' dir='ltr'><strong>quoniam</strong></span> <span class='ocrx_word' id='word_1_447' title='bbox 1144 5755 1256 5799; x_wconf 86' lang='lat' dir='ltr'><strong>non</strong></span> <span class='ocrx_word' id='word_1_448' title='bbox 1279 5746 1403 5799; x_wconf 83' lang='lat' dir='ltr'><strong>sunt</strong></span> <span class='ocrx_word' id='word_1_449' title='bbox 1429 5738 1607 5809; x_wconf 81' lang='lat' dir='ltr'><strong>utique</strong></span> <span class='ocrx_word' id='word_1_450' title='bbox 1628 5737 1870 5807; x_wconf 87' lang='lat' dir='ltr'><strong>dicenda,</strong></span> <span class='ocrx_word' id='word_1_451' title='bbox 1891 5737 2087 5795; x_wconf 82' lang='lat' dir='ltr'><strong>dixerit</strong></span> 
     </span>
    </p>
   </div>
   <div class='ocr_carea' id='block_1_58' title="bbox 495 5832 2086 5913">
    <p class='ocr_par' dir='ltr' id='par_1_58' title="bbox 495 5832 2086 5913">
     <span class='ocr_line' id='line_1_58' title="bbox 495 5832 2086 5913; baseline -0.003 -21"><span class='ocrx_word' id='word_1_452' title='bbox 495 5837 749 5913; x_wconf 85' lang='lat' dir='ltr'><strong>parvulos</strong></span> <span class='ocrx_word' id='word_1_453' title='bbox 770 5850 881 5893; x_wconf 81' lang='lat' dir='ltr'><strong>non</strong></span> <span class='ocrx_word' id='word_1_454' title='bbox 908 5834 1124 5893; x_wconf 82' lang='lat' dir='ltr'><strong>trahere</strong></span> <span class='ocrx_word' id='word_1_455' title='bbox 1149 5832 1410 5906; x_wconf 77' lang='lat' dir='ltr'><strong>originale</strong></span> <span class='ocrx_word' id='word_1_456' title='bbox 1435 5841 1732 5904; x_wconf 82' lang='lat' dir='ltr'><strong>peccatum,</strong></span> <span class='ocrx_word' id='word_1_457' title='bbox 1760 5848 1863 5889; x_wconf 87' lang='lat' dir='ltr'><strong>nec</strong></span> <span class='ocrx_word' id='word_1_458' title='bbox 1885 5832 2086 5889; x_wconf 88' lang='lat' dir='ltr'><strong>habere</strong></span> 
     </span>
    </p>
   </div>
   <div class='ocr_carea' id='block_1_59' title="bbox 495 5926 2085 5995">
    <p class='ocr_par' dir='ltr' id='par_1_59' title="bbox 495 5926 2085 5995">
     <span class='ocr_line' id='line_1_59' title="bbox 495 5926 2085 5995; baseline -0.003 -10"><span class='ocrx_word' id='word_1_459' title='bbox 495 5928 640 5986; x_wconf 79' lang='lat' dir='ltr'><strong>unde</strong></span> <span class='ocrx_word' id='word_1_460' title='bbox 659 5928 1000 5991; x_wconf 82' lang='lat' dir='ltr'><strong>damnentur.</strong></span> <span class='ocrx_word' id='word_1_461' title='bbox 1028 5928 1075 5987; x_wconf 88' lang='lat' dir='ltr'><strong>si</strong></span> <span class='ocrx_word' id='word_1_462' title='bbox 1104 5941 1208 5984; x_wconf 89' lang='lat' dir='ltr'><strong>non</strong></span> <span class='ocrx_word' id='word_1_463' title='bbox 1238 5933 1458 5994; x_wconf 86' lang='lat' dir='ltr'><strong>accepto</strong></span> <span class='ocrx_word' id='word_1_464' title='bbox 1487 5926 1832 5983; x_wconf 82' lang='lat' dir='ltr'><strong>Sacramento</strong></span> <span class='ocrx_word' id='word_1_465' title='bbox 1863 5939 2085 5995; x_wconf 82' lang='lat' dir='ltr'><strong>regene-</strong></span> 
     </span>
    </p>
   </div>
   <div class='ocr_carea' id='block_1_60' title="bbox 1394 410 2900 494">
    <p class='ocr_par' dir='ltr' id='par_1_60' title="bbox 1394 410 2900 494">
     <span class='ocr_line' id='line_1_60' title="bbox 1394 410 2900 494; baseline -0.007 0"><span class='ocrx_word' id='word_1_466' title='bbox 1394 439 1483 494; x_wconf 89' lang='lat' dir='ltr'><strong>DE</strong></span> <span class='ocrx_word' id='word_1_467' title='bbox 1520 433 1732 494; x_wconf 71' lang='lat' dir='ltr'><strong>auum</strong></span> <span class='ocrx_word' id='word_1_468' title='bbox 1768 410 1859 489; x_wconf 77' lang='lat' dir='ltr'><strong>Er</strong></span> <span class='ocrx_word' id='word_1_469' title='bbox 1898 424 2065 487; x_wconf 65' lang='grc' dir='ltr'><strong>κως</strong></span> <span class='ocrx_word' id='word_1_470' title='bbox 2096 422 2396 494; x_wconf 64' lang='lat' dir='ltr'><strong>ornatus,</strong></span> <span class='ocrx_word' id='word_1_471' title='bbox 2439 425 2493 480; x_wconf 88' lang='lat' dir='ltr'><strong>s.</strong></span> <span class='ocrx_word' id='word_1_472' title='bbox 2536 427 2900 486; x_wconf 83' lang='lat' dir='ltr'><strong>AUGUSTINI</strong></span> 
     </span>
    </p>
   </div>
   <div class='ocr_carea' id='block_1_61' title="bbox 3682 438 3797 501">
    <p class='ocr_par' dir='ltr' id='par_1_61' title="bbox 3682 438 3797 501">
     <span class='ocr_line' id='line_1_61' title="bbox 3682 438 3797 501; baseline 0 0"><span class='ocrx_word' id='word_1_473' title='bbox 3682 438 3797 501; x_wconf 66' lang='lat'><strong>488</strong></span> 
     </span>
    </p>
   </div>
   <div class='ocr_carea' id='block_1_62' title="bbox 2206 532 3798 623">
    <p class='ocr_par' dir='ltr' id='par_1_62' title="bbox 2206 532 3798 623">
     <span class='ocr_line' id='line_1_62' title="bbox 2206 532 3798 623; baseline 0.011 -26"><span class='ocrx_word' id='word_1_474' title='bbox 2206 541 2433 598; x_wconf 63' lang='lat' dir='ltr'><strong>nti-anis</strong></span> <span class='ocrx_word' id='word_1_475' title='bbox 2470 542 2593 598; x_wconf 77' lang='lat' dir='ltr'><strong>hinc</strong></span> <span class='ocrx_word' id='word_1_476' title='bbox 2640 554 2869 613; x_wconf 78' lang='lat' dir='ltr'><strong>exeant;</strong></span> <span class='ocrx_word' id='word_1_477' title='bbox 2908 543 2959 601; x_wconf 83' lang='lat' dir='ltr'><strong>in</strong></span> <span class='ocrx_word' id='word_1_478' title='bbox 3001 532 3253 609; x_wconf 76' lang='lat' dir='ltr'><strong>haeresim</strong></span> <span class='ocrx_word' id='word_1_479' title='bbox 3292 544 3628 623; x_wconf 71' lang='lat' dir='ltr'><strong>Pelagianam</strong></span> <span class='ocrx_word' id='word_1_480' title='bbox 3672 556 3798 614; x_wconf 83' lang='lat' dir='ltr'><strong>sine</strong></span> 
     </span>
    </p>
   </div>
   <div class='ocr_carea' id='block_1_63' title="bbox 2204 634 3807 721">
    <p class='ocr_par' dir='ltr' id='par_1_63' title="bbox 2204 634 3807 721">
     <span class='ocr_line' id='line_1_63' title="bbox 2204 634 3807 721; baseline 0.011 -30"><span class='ocrx_word' id='word_1_481' title='bbox 2204 634 2531 692; x_wconf 80' lang='lat' dir='ltr'><strong>dubitatione</strong></span> <span class='ocrx_word' id='word_1_482' title='bbox 2568 638 2925 695; x_wconf 72' lang='lat' dir='ltr'><strong>damnabilem</strong></span> <span class='ocrx_word' id='word_1_483' title='bbox 2947 641 3279 701; x_wconf 80' lang='lat' dir='ltr'><strong>damnandus</strong></span> <span class='ocrx_word' id='word_1_484' title='bbox 3331 646 3586 704; x_wconf 84' lang='lat' dir='ltr'><strong>incurret.</strong></span> <span class='ocrx_word' id='word_1_485' title='bbox 3634 646 3807 721; x_wconf 72' lang='lat' dir='ltr'><strong>Quod</strong></span> 
     </span>
    </p>
   </div>
   <div class='ocr_carea' id='block_1_64' title="bbox 2204 728 3797 805">
    <p class='ocr_par' dir='ltr' id='par_1_64' title="bbox 2204 728 3797 805">
     <span class='ocr_line' id='line_1_64' title="bbox 2204 728 3797 805; baseline 0.009 -20"><span class='ocrx_word' id='word_1_486' title='bbox 2204 728 2255 786; x_wconf 87' lang='lat' dir='ltr'><strong>ei</strong></span> <span class='ocrx_word' id='word_1_487' title='bbox 2281 744 2349 786; x_wconf 88' lang='lat' dir='ltr'><strong>ne</strong></span> <span class='ocrx_word' id='word_1_488' title='bbox 2383 729 2675 802; x_wconf 81' lang='lat' dir='ltr'><strong>contingat,</strong></span> <span class='ocrx_word' id='word_1_489' title='bbox 2706 740 2906 805; x_wconf 85' lang='lat' dir='ltr'><strong>quanto</strong></span> <span class='ocrx_word' id='word_1_490' title='bbox 2944 736 3133 791; x_wconf 81' lang='lat' dir='ltr'><strong>melius</strong></span> <span class='ocrx_word' id='word_1_491' title='bbox 3160 746 3305 794; x_wconf 88' lang='lat' dir='ltr'><strong>tenet</strong></span> <span class='ocrx_word' id='word_1_492' title='bbox 3334 737 3403 795; x_wconf 87' lang='lat' dir='ltr'><strong>de</strong></span> <span class='ocrx_word' id='word_1_493' title='bbox 3446 742 3637 797; x_wconf 71' lang='lat' dir='ltr'><strong>animm</strong></span> <span class='ocrx_word' id='word_1_494' title='bbox 3676 743 3797 800; x_wconf 83' lang='lat' dir='ltr'><strong>ori-</strong></span> 
     </span>
    </p>
   </div>
   <div class='ocr_carea' id='block_1_65' title="bbox 2202 824 3801 913">
    <p class='ocr_par' dir='ltr' id='par_1_65' title="bbox 2202 824 3801 913">
     <span class='ocr_line' id='line_1_65' title="bbox 2202 824 3801 913; baseline 0.009 -34"><span class='ocrx_word' id='word_1_495' title='bbox 2202 824 2327 898; x_wconf 82' lang='lat' dir='ltr'><strong>gine</strong></span> <span class='ocrx_word' id='word_1_496' title='bbox 2355 827 2747 885; x_wconf 81' lang='lat' dir='ltr'><strong>cunctationem</strong></span> <span class='ocrx_word' id='word_1_497' title='bbox 2776 844 2971 895; x_wconf 84' lang='lat' dir='ltr'><strong>meam,</strong></span> <span class='ocrx_word' id='word_1_498' title='bbox 2996 847 3071 887; x_wconf 86' lang='lat' dir='ltr'><strong>ne</strong></span> <span class='ocrx_word' id='word_1_499' title='bbox 3106 831 3298 889; x_wconf 84' lang='lat' dir='ltr'><strong>audeat</strong></span> <span class='ocrx_word' id='word_1_500' title='bbox 3335 832 3623 903; x_wconf 88' lang='lat' dir='ltr'><strong>affirmare,</strong></span> <span class='ocrx_word' id='word_1_501' title='bbox 3648 836 3801 913; x_wconf 83' lang='lat' dir='ltr'><strong>quod</strong></span> 
     </span>
    </p>
   </div>
   <div class='ocr_carea' id='block_1_66' title="bbox 2202 919 3801 994">
    <p class='ocr_par' dir='ltr' id='par_1_66' title="bbox 2202 919 3801 994">
     <span class='ocr_line' id='line_1_66' title="bbox 2202 919 3801 994; baseline 0.006 -19"><span class='ocrx_word' id='word_1_502' title='bbox 2202 934 2304 976; x_wconf 87' lang='lat' dir='ltr'><strong>nec</strong></span> <span class='ocrx_word' id='word_1_503' title='bbox 2330 919 2561 976; x_wconf 85' lang='lat' dir='ltr'><strong>humana</strong></span> <span class='ocrx_word' id='word_1_504' title='bbox 2589 923 2794 977; x_wconf 86' lang='lat' dir='ltr'><strong>ratione</strong></span> <span class='ocrx_word' id='word_1_505' title='bbox 2823 932 2939 985; x_wconf 84' lang='lat' dir='ltr'><strong>com</strong></span> <span class='ocrx_word' id='word_1_506' title='bbox 2949 924 3248 994; x_wconf 81' lang='lat' dir='ltr'><strong>prehendit,</strong></span> <span class='ocrx_word' id='word_1_507' title='bbox 3282 942 3381 983; x_wconf 90' lang='lat' dir='ltr'><strong>nec</strong></span> <span class='ocrx_word' id='word_1_508' title='bbox 3410 924 3585 985; x_wconf 82' lang='lat' dir='ltr'><strong>divina</strong></span> <span class='ocrx_word' id='word_1_509' title='bbox 3610 943 3801 985; x_wconf 81' lang='lat' dir='ltr'><strong>aucto-</strong></span> 
     </span>
    </p>
   </div>
   <div class='ocr_carea' id='block_1_67' title="bbox 2203 1012 3795 1097">
    <p class='ocr_par' dir='ltr' id='par_1_67' title="bbox 2203 1012 3795 1097">
     <span class='ocr_line' id='line_1_67' title="bbox 2203 1012 3795 1097; baseline 0.006 -27"><span class='ocrx_word' id='word_1_510' title='bbox 2203 1012 2366 1070; x_wconf 86' lang='lat' dir='ltr'><strong>ritate</strong></span> <span class='ocrx_word' id='word_1_511' title='bbox 2408 1014 2673 1082; x_wconf 84' lang='lat' dir='ltr'><strong>defendit;</strong></span> <span class='ocrx_word' id='word_1_512' title='bbox 2729 1030 2798 1072; x_wconf 90' lang='lat' dir='ltr'><strong>nc</strong></span> <span class='ocrx_word' id='word_1_513' title='bbox 2845 1023 3067 1087; x_wconf 76' lang='lat' dir='ltr'><strong>cogatur</strong></span> <span class='ocrx_word' id='word_1_514' title='bbox 3116 1017 3476 1095; x_wconf 86' lang='lat' dir='ltr'><strong>insipientiam</strong></span> <span class='ocrx_word' id='word_1_515' title='bbox 3528 1018 3795 1097; x_wconf 81' lang='lat' dir='ltr'><strong>profiteri,</strong></span> 
     </span>
    </p>
   </div>
   <div class='ocr_carea' id='block_1_68' title="bbox 2201 1104 3221 1179">
    <p class='ocr_par' dir='ltr' id='par_1_68' title="bbox 2201 1104 3221 1179">
     <span class='ocr_line' id='line_1_68' title="bbox 2201 1104 3221 1179; baseline 0.003 -17"><span class='ocrx_word' id='word_1_516' title='bbox 2201 1104 2329 1162; x_wconf 86' lang='lat' dir='ltr'><strong>dum</strong></span> <span class='ocrx_word' id='word_1_517' title='bbox 2353 1114 2566 1163; x_wconf 76' lang='lat' dir='ltr'><strong>veretur</strong></span> <span class='ocrx_word' id='word_1_518' title='bbox 2585 1106 2934 1179; x_wconf 81' lang='lat' dir='ltr'><strong>ignorantiam</strong></span> <span class='ocrx_word' id='word_1_519' title='bbox 2959 1109 3221 1165; x_wconf 85' lang='lat' dir='ltr'><strong>confiteri.</strong></span> 
     </span>
    </p>
   </div>
   <div class='ocr_carea' id='block_1_69' title="bbox 2274 1196 3795 1271">
    <p class='ocr_par' dir='ltr' id='par_1_69' title="bbox 2274 1196 3795 1271">
     <span class='ocr_line' id='line_1_69' title="bbox 2274 1196 3795 1271; baseline 0.007 -15"><span class='ocrx_word' id='word_1_520' title='bbox 2274 1196 2503 1257; x_wconf 74' lang='lat' dir='ltr'><strong>CAPUT</strong></span> <span class='ocrx_word' id='word_1_521' title='bbox 2534 1196 2772 1256; x_wconf 76' lang='lat' dir='ltr'><strong>XW.—</strong></span> <span class='ocrx_word' id='word_1_522' title='bbox 2800 1200 2887 1258; x_wconf 82' lang='lat' dir='ltr'><strong>l7.</strong></span> <span class='ocrx_word' id='word_1_523' title='bbox 2931 1196 3028 1258; x_wconf 75' lang='lat' dir='ltr'><strong>llic</strong></span> <span class='ocrx_word' id='word_1_524' title='bbox 3069 1202 3208 1259; x_wconf 77' lang='lat' dir='ltr'><strong>forte</strong></span> <span class='ocrx_word' id='word_1_525' title='bbox 3249 1201 3411 1271; x_wconf 79' lang='lat' dir='ltr'><strong>dicat,</strong></span> <span class='ocrx_word' id='word_1_526' title='bbox 3467 1206 3795 1267; x_wconf 87' lang='lat' dir='ltr'><strong>sententiam</strong></span> 
     </span>
    </p>
   </div>
   <div class='ocr_carea' id='block_1_70' title="bbox 2204 1292 3799 1374">
    <p class='ocr_par' dir='ltr' id='par_1_70' title="bbox 2204 1292 3799 1374">
     <span class='ocr_line' id='line_1_70' title="bbox 2204 1292 3799 1374; baseline 0.006 -22"><span class='ocrx_word' id='word_1_527' title='bbox 2204 1304 2352 1352; x_wconf 84' lang='lat' dir='ltr'><strong>suam</strong></span> <span class='ocrx_word' id='word_1_528' title='bbox 2379 1292 2554 1350; x_wconf 86' lang='lat' dir='ltr'><strong>divina</strong></span> <span class='ocrx_word' id='word_1_529' title='bbox 2578 1297 2895 1353; x_wconf 85' lang='lat' dir='ltr'><strong>auctoritate</strong></span> <span class='ocrx_word' id='word_1_530' title='bbox 2920 1296 3137 1357; x_wconf 80' lang='lat' dir='ltr'><strong>defendi</strong></span> <span class='ocrx_word' id='word_1_531' title='bbox 3167 1317 3182 1353; x_wconf 91' lang='lat'><strong>:</strong></span> <span class='ocrx_word' id='word_1_532' title='bbox 3210 1301 3461 1374; x_wconf 86' lang='lat' dir='ltr'><strong>quoniam</strong></span> <span class='ocrx_word' id='word_1_533' title='bbox 3487 1313 3799 1362; x_wconf 85' lang='lat' dir='ltr'><strong>sanctarum</strong></span> 
     </span>
    </p>
   </div>
   <div class='ocr_carea' id='block_1_71' title="bbox 2202 1386 3798 1463">
    <p class='ocr_par' dir='ltr' id='par_1_71' title="bbox 2202 1386 3798 1463">
     <span class='ocr_line' id='line_1_71' title="bbox 2202 1386 3798 1463; baseline 0.005 -19"><span class='ocrx_word' id='word_1_534' title='bbox 2202 1386 2593 1458; x_wconf 89' lang='lat' dir='ltr'><strong>Scripturarum</strong></span> <span class='ocrx_word' id='word_1_535' title='bbox 2636 1390 2956 1447; x_wconf 90' lang='lat' dir='ltr'><strong>testimoniis</strong></span> <span class='ocrx_word' id='word_1_536' title='bbox 2980 1391 3207 1462; x_wconf 89' lang='lat' dir='ltr'><strong>probare</strong></span> <span class='ocrx_word' id='word_1_537' title='bbox 3251 1409 3313 1450; x_wconf 89' lang='lat' dir='ltr'><strong>se</strong></span> <span class='ocrx_word' id='word_1_538' title='bbox 3355 1394 3641 1463; x_wconf 78' lang='lat' dir='ltr'><strong>existimat,</strong></span> <span class='ocrx_word' id='word_1_539' title='bbox 3672 1397 3798 1452; x_wconf 87' lang='lat' dir='ltr'><strong>ani-</strong></span> 
     </span>
    </p>
   </div>
   <div class='ocr_carea' id='block_1_72' title="bbox 2202 1477 3801 1562">
    <p class='ocr_par' dir='ltr' id='par_1_72' title="bbox 2202 1477 3801 1562">
     <span class='ocr_line' id='line_1_72' title="bbox 2202 1477 3801 1562; baseline 0.008 -29"><span class='ocrx_word' id='word_1_540' title='bbox 2202 1492 2318 1534; x_wconf 86' lang='lat' dir='ltr'><strong>mas</strong></span> <span class='ocrx_word' id='word_1_541' title='bbox 2343 1492 2373 1534; x_wconf 91' lang='lat' dir='ltr'><strong>a</strong></span> <span class='ocrx_word' id='word_1_542' title='bbox 2403 1477 2535 1546; x_wconf 87' lang='lat' dir='ltr'><strong>Deo,</strong></span> <span class='ocrx_word' id='word_1_543' title='bbox 2566 1496 2673 1536; x_wconf 92' lang='lat' dir='ltr'><strong>non</strong></span> <span class='ocrx_word' id='word_1_544' title='bbox 2715 1498 2781 1541; x_wconf 83' lang='lat' dir='ltr'><strong>ex</strong></span> <span class='ocrx_word' id='word_1_545' title='bbox 2815 1483 3102 1556; x_wconf 78' lang='lat' dir='ltr'><strong>propagine</strong></span> <span class='ocrx_word' id='word_1_546' title='bbox 3128 1482 3266 1553; x_wconf 87' lang='lat' dir='ltr'><strong>fieri,</strong></span> <span class='ocrx_word' id='word_1_547' title='bbox 3294 1484 3394 1543; x_wconf 86' lang='lat' dir='ltr'><strong>sed</strong></span> <span class='ocrx_word' id='word_1_548' title='bbox 3420 1502 3584 1542; x_wconf 89' lang='lat' dir='ltr'><strong>novas</strong></span> <span class='ocrx_word' id='word_1_549' title='bbox 3617 1489 3801 1562; x_wconf 77' lang='lat' dir='ltr'><strong>singu-</strong></span> 
     </span>
    </p>
   </div>
   <div class='ocr_carea' id='block_1_73' title="bbox 2165 1572 3800 1660">
    <p class='ocr_par' dir='ltr' id='par_1_73' title="bbox 2165 1572 3800 1660">
     <span class='ocr_line' id='line_1_73' title="bbox 2165 1572 3800 1660; baseline 0.002 -29"><span class='ocrx_word' id='word_1_550' title='bbox 2165 1572 2270 1631; x_wconf 85' lang='lat' dir='ltr'><strong>.iis</strong></span> <span class='ocrx_word' id='word_1_551' title='bbox 2308 1572 2587 1631; x_wconf 82' lang='lat' dir='ltr'><strong>insufllari.</strong></span> <span class='ocrx_word' id='word_1_552' title='bbox 2628 1573 2846 1642; x_wconf 84' lang='lat' dir='ltr'><strong>Probet,</strong></span> <span class='ocrx_word' id='word_1_553' title='bbox 2893 1577 2940 1660; x_wconf 78' lang='lat' dir='ltr'><strong>si</strong></span> <span class='ocrx_word' id='word_1_554' title='bbox 2966 1586 3165 1649; x_wconf 81' lang='lat' dir='ltr'><strong>potest,</strong></span> <span class='ocrx_word' id='word_1_555' title='bbox 3194 1587 3247 1634; x_wconf 92' lang='lat' dir='ltr'><strong>et</strong></span> <span class='ocrx_word' id='word_1_556' title='bbox 3292 1575 3500 1635; x_wconf 80' lang='lat' dir='ltr'><strong>fatebor</strong></span> <span class='ocrx_word' id='word_1_557' title='bbox 3542 1596 3628 1636; x_wconf 90' lang='lat' dir='ltr'><strong>me</strong></span> <span class='ocrx_word' id='word_1_558' title='bbox 3653 1579 3800 1637; x_wconf 85' lang='lat' dir='ltr'><strong>didi-</strong></span> 
     </span>
    </p>
   </div>
   <div class='ocr_carea' id='block_1_74' title="bbox 2203 1661 3806 1745">
    <p class='ocr_par' dir='ltr' id='par_1_74' title="bbox 2203 1661 3806 1745">
     <span class='ocr_line' id='line_1_74' title="bbox 2203 1661 3806 1745; baseline 0.005 -24"><span class='ocrx_word' id='word_1_559' title='bbox 2203 1661 2343 1722; x_wconf 87' lang='lat' dir='ltr'><strong>cisse</strong></span> <span class='ocrx_word' id='word_1_560' title='bbox 2377 1664 2444 1721; x_wconf 90' lang='lat' dir='ltr'><strong>ab</strong></span> <span class='ocrx_word' id='word_1_561' title='bbox 2469 1664 2579 1733; x_wconf 90' lang='lat' dir='ltr'><strong>illo,</strong></span> <span class='ocrx_word' id='word_1_562' title='bbox 2609 1666 2752 1739; x_wconf 89' lang='lat' dir='ltr'><strong>quod</strong></span> <span class='ocrx_word' id='word_1_563' title='bbox 2789 1683 2977 1745; x_wconf 79' lang='lat' dir='ltr'><strong>magna</strong></span> <span class='ocrx_word' id='word_1_564' title='bbox 3005 1668 3302 1726; x_wconf 87' lang='lat' dir='ltr'><strong>intentione</strong></span> <span class='ocrx_word' id='word_1_565' title='bbox 3334 1670 3657 1741; x_wconf 71' lang='lat' dir='ltr'><strong>qumrebam.</strong></span> <span class='ocrx_word' id='word_1_566' title='bbox 3683 1669 3806 1729; x_wconf 77' lang='lat' dir='ltr'><strong>Sed</strong></span> 
     </span>
    </p>
   </div>
   <div class='ocr_carea' id='block_1_75' title="bbox 2202 1747 3796 1835">
    <p class='ocr_par' dir='ltr' id='par_1_75' title="bbox 2202 1747 3796 1835">
     <span class='ocr_line' id='line_1_75' title="bbox 2202 1747 3796 1835; baseline 0.006 -24"><span class='ocrx_word' id='word_1_567' title='bbox 2202 1765 2404 1828; x_wconf 74' lang='lat' dir='ltr'><strong>quaerat</strong></span> <span class='ocrx_word' id='word_1_568' title='bbox 2436 1756 2560 1826; x_wconf 87' lang='lat' dir='ltr'><strong>alia,</strong></span> <span class='ocrx_word' id='word_1_569' title='bbox 2590 1773 2657 1815; x_wconf 91' lang='lat' dir='ltr'><strong>ne</strong></span> <span class='ocrx_word' id='word_1_570' title='bbox 2699 1747 2942 1815; x_wconf 72' lang='lat' dir='ltr'><strong>fortassis</strong></span> <span class='ocrx_word' id='word_1_571' title='bbox 2972 1759 3244 1816; x_wconf 88' lang='lat' dir='ltr'><strong>inveniat:</strong></span> <span class='ocrx_word' id='word_1_572' title='bbox 3273 1774 3396 1816; x_wconf 88' lang='lat' dir='ltr'><strong>nam</strong></span> <span class='ocrx_word' id='word_1_573' title='bbox 3437 1760 3540 1817; x_wconf 92' lang='lat' dir='ltr'><strong>hoc</strong></span> <span class='ocrx_word' id='word_1_574' title='bbox 3568 1760 3684 1835; x_wconf 85' lang='lat' dir='ltr'><strong>istis</strong></span> <span class='ocrx_word' id='word_1_575' title='bbox 3712 1771 3796 1820; x_wconf 86' lang='lat' dir='ltr'><strong>te-</strong></span> 
     </span>
    </p>
   </div>
   <div class='ocr_carea' id='block_1_76' title="bbox 2202 1844 3794 1923">
    <p class='ocr_par' dir='ltr' id='par_1_76' title="bbox 2202 1844 3794 1923">
     <span class='ocr_line' id='line_1_76' title="bbox 2202 1844 3794 1923; baseline 0.003 -19"><span class='ocrx_word' id='word_1_576' title='bbox 2202 1844 2503 1917; x_wconf 86' lang='lat' dir='ltr'><strong>stimoniis,</strong></span> <span class='ocrx_word' id='word_1_577' title='bbox 2554 1865 2672 1920; x_wconf 85' lang='lat' dir='ltr'><strong>quae</strong></span> <span class='ocrx_word' id='word_1_578' title='bbox 2712 1851 2823 1921; x_wconf 83' lang='lat' dir='ltr'><strong>jam</strong></span> <span class='ocrx_word' id='word_1_579' title='bbox 2874 1851 3077 1921; x_wconf 86' lang='lat' dir='ltr'><strong>posuit,</strong></span> <span class='ocrx_word' id='word_1_580' title='bbox 3124 1864 3234 1906; x_wconf 88' lang='lat' dir='ltr'><strong>non</strong></span> <span class='ocrx_word' id='word_1_581' title='bbox 3289 1852 3550 1923; x_wconf 84' lang='lat' dir='ltr'><strong>probavit.</strong></span> <span class='ocrx_word' id='word_1_582' title='bbox 3599 1851 3794 1910; x_wconf 80' lang='lat' dir='ltr'><strong>Omnia</strong></span> 
     </span>
    </p>
   </div>
   <div class='ocr_carea' id='block_1_77' title="bbox 2202 1940 3797 2015">
    <p class='ocr_par' dir='ltr' id='par_1_77' title="bbox 2202 1940 3797 2015">
     <span class='ocr_line' id='line_1_77' title="bbox 2202 1940 3797 2015; baseline 0.005 -21"><span class='ocrx_word' id='word_1_583' title='bbox 2202 1940 2396 2012; x_wconf 87' lang='lat' dir='ltr'><strong>quippe</strong></span> <span class='ocrx_word' id='word_1_584' title='bbox 2420 1956 2539 2012; x_wconf 86' lang='lat' dir='ltr'><strong>quae</strong></span> <span class='ocrx_word' id='word_1_585' title='bbox 2565 1941 2652 1997; x_wconf 83' lang='lat' dir='ltr'><strong>hic</strong></span> <span class='ocrx_word' id='word_1_586' title='bbox 2689 1941 2951 2010; x_wconf 84' lang='lat' dir='ltr'><strong>adhibuit,</strong></span> <span class='ocrx_word' id='word_1_587' title='bbox 2993 1942 3061 1999; x_wconf 83' lang='lat' dir='ltr'><strong>ad</strong></span> <span class='ocrx_word' id='word_1_588' title='bbox 3102 1940 3305 2015; x_wconf 87' lang='lat' dir='ltr'><strong>aliquid</strong></span> <span class='ocrx_word' id='word_1_589' title='bbox 3346 1950 3494 2003; x_wconf 78' lang='lat' dir='ltr'><strong>certe</strong></span> <span class='ocrx_word' id='word_1_590' title='bbox 3541 1953 3690 2013; x_wconf 81' lang='lat' dir='ltr'><strong>sunt;</strong></span> <span class='ocrx_word' id='word_1_591' title='bbox 3723 1940 3797 2002; x_wconf 83' lang='lat' dir='ltr'><strong>ad</strong></span> 
     </span>
    </p>
   </div>
   <div class='ocr_carea' id='block_1_78' title="bbox 2202 2033 3796 2109">
    <p class='ocr_par' dir='ltr' id='par_1_78' title="bbox 2202 2033 3796 2109">
     <span class='ocr_line' id='line_1_78' title="bbox 2202 2033 3796 2109; baseline 0.003 -20"><span class='ocrx_word' id='word_1_592' title='bbox 2202 2033 2305 2089; x_wconf 88' lang='lat' dir='ltr'><strong>hoc</strong></span> <span class='ocrx_word' id='word_1_593' title='bbox 2330 2049 2479 2099; x_wconf 87' lang='lat' dir='ltr'><strong>vero,</strong></span> <span class='ocrx_word' id='word_1_594' title='bbox 2509 2033 2655 2107; x_wconf 89' lang='lat' dir='ltr'><strong>quod</strong></span> <span class='ocrx_word' id='word_1_595' title='bbox 2693 2033 2761 2091; x_wconf 88' lang='lat' dir='ltr'><strong>de</strong></span> <span class='ocrx_word' id='word_1_596' title='bbox 2801 2036 2995 2091; x_wconf 66' lang='lat' dir='ltr'><strong>anima:</strong></span> <span class='ocrx_word' id='word_1_597' title='bbox 3031 2036 3236 2109; x_wconf 82' lang='lat' dir='ltr'><strong>origine</strong></span> <span class='ocrx_word' id='word_1_598' title='bbox 3264 2037 3540 2109; x_wconf 65' lang='lat' dir='ltr'><strong>quatritur,</strong></span> <span class='ocrx_word' id='word_1_599' title='bbox 3571 2036 3796 2095; x_wconf 86' lang='lat' dir='ltr'><strong>demon-</strong></span> 
     </span>
    </p>
   </div>
   <div class='ocr_carea' id='block_1_79' title="bbox 2200 2127 3795 2202">
    <p class='ocr_par' dir='ltr' id='par_1_79' title="bbox 2200 2127 3795 2202">
     <span class='ocr_line' id='line_1_79' title="bbox 2200 2127 3795 2202; baseline 0.004 -17"><span class='ocrx_word' id='word_1_600' title='bbox 2200 2137 2438 2185; x_wconf 87' lang='lat' dir='ltr'><strong>strantur</strong></span> <span class='ocrx_word' id='word_1_601' title='bbox 2476 2127 2742 2202; x_wconf 85' lang='lat' dir='ltr'><strong>ambigua.</strong></span> <span class='ocrx_word' id='word_1_602' title='bbox 2782 2127 3005 2186; x_wconf 90' lang='lat' dir='ltr'><strong>Certum</strong></span> <span class='ocrx_word' id='word_1_603' title='bbox 3049 2137 3132 2185; x_wconf 85' lang='lat' dir='ltr'><strong>est</strong></span> <span class='ocrx_word' id='word_1_604' title='bbox 3180 2128 3325 2186; x_wconf 90' lang='lat' dir='ltr'><strong>enim</strong></span> <span class='ocrx_word' id='word_1_605' title='bbox 3369 2130 3537 2187; x_wconf 85' lang='lat' dir='ltr'><strong>Deum</strong></span> <span class='ocrx_word' id='word_1_606' title='bbox 3575 2128 3795 2191; x_wconf 76' lang='lat' dir='ltr'><strong>dedisse</strong></span> 
     </span>
    </p>
   </div>
   <div class='ocr_carea' id='block_1_80' title="bbox 2202 2218 3792 2297">
    <p class='ocr_par' dir='ltr' id='par_1_80' title="bbox 2202 2218 3792 2297">
     <span class='ocr_line' id='line_1_80' title="bbox 2202 2218 3792 2297; baseline 0.003 -21"><span class='ocrx_word' id='word_1_607' title='bbox 2202 2218 2505 2279; x_wconf 90' lang='lat' dir='ltr'><strong>hominibus</strong></span> <span class='ocrx_word' id='word_1_608' title='bbox 2542 2221 2725 2277; x_wconf 84' lang='lat' dir='ltr'><strong>ﬂatum</strong></span> <span class='ocrx_word' id='word_1_609' title='bbox 2754 2228 2811 2278; x_wconf 91' lang='lat' dir='ltr'><strong>et</strong></span> <span class='ocrx_word' id='word_1_610' title='bbox 2849 2222 3117 2292; x_wconf 90' lang='lat' dir='ltr'><strong>spiritum,</strong></span> <span class='ocrx_word' id='word_1_611' title='bbox 3147 2220 3360 2278; x_wconf 88' lang='lat' dir='ltr'><strong>dicente</strong></span> <span class='ocrx_word' id='word_1_612' title='bbox 3384 2222 3663 2297; x_wconf 84' lang='lat' dir='ltr'><strong>propheta,</strong></span> <span class='ocrx_word' id='word_1_613' title='bbox 3694 2223 3792 2280; x_wconf 81' lang='lat' dir='ltr'><strong>Sic</strong></span> 
     </span>
    </p>
   </div>
   <div class='ocr_carea' id='block_1_81' title="bbox 2200 2313 3804 2390">
    <p class='ocr_par' dir='ltr' id='par_1_81' title="bbox 2200 2313 3804 2390">
     <span class='ocr_line' id='line_1_81' title="bbox 2200 2313 3804 2390; baseline 0.003 -22"><span class='ocrx_word' id='word_1_614' title='bbox 2200 2314 2323 2369; x_wconf 79' lang='lat' dir='ltr'><strong>dicit</strong></span> <span class='ocrx_word' id='word_1_615' title='bbox 2352 2313 2597 2370; x_wconf 82' lang='lat' dir='ltr'><strong>Dominus</strong></span> <span class='ocrx_word' id='word_1_616' title='bbox 2634 2316 2722 2389; x_wconf 75' lang='lat' dir='ltr'><strong>qui</strong></span> <span class='ocrx_word' id='word_1_617' title='bbox 2746 2315 2867 2386; x_wconf 74' lang='lat' dir='ltr'><strong>fecit</strong></span> <span class='ocrx_word' id='word_1_618' title='bbox 2904 2314 3110 2385; x_wconf 74' lang='lat' dir='ltr'><strong>calum,</strong></span> <span class='ocrx_word' id='word_1_619' title='bbox 3155 2325 3207 2371; x_wconf 87' lang='lat' dir='ltr'><strong>et</strong></span> <span class='ocrx_word' id='word_1_620' title='bbox 3233 2316 3467 2390; x_wconf 66' lang='lat' dir='ltr'><strong>fundavit</strong></span> <span class='ocrx_word' id='word_1_621' title='bbox 3495 2326 3699 2385; x_wconf 82' lang='lat' dir='ltr'><strong>terram,</strong></span> <span class='ocrx_word' id='word_1_622' title='bbox 3744 2326 3804 2373; x_wconf 80' lang='lat' dir='ltr'><strong>et</strong></span> 
     </span>
    </p>
   </div>
   <div class='ocr_carea' id='block_1_82' title="bbox 2199 2406 3795 2483">
    <p class='ocr_par' dir='ltr' id='par_1_82' title="bbox 2199 2406 3795 2483">
     <span class='ocr_line' id='line_1_82' title="bbox 2199 2406 3795 2483; baseline 0.003 -23"><span class='ocrx_word' id='word_1_623' title='bbox 2199 2422 2314 2478; x_wconf 76' lang='lat' dir='ltr'><strong>qua:</strong></span> <span class='ocrx_word' id='word_1_624' title='bbox 2338 2406 2537 2462; x_wconf 80' lang='lat' dir='ltr'><strong>suntin</strong></span> <span class='ocrx_word' id='word_1_625' title='bbox 2578 2423 2657 2476; x_wconf 85' lang='lat' dir='ltr'><strong>ea,</strong></span> <span class='ocrx_word' id='word_1_626' title='bbox 2699 2407 2791 2479; x_wconf 79' lang='lat' dir='ltr'><strong>qui</strong></span> <span class='ocrx_word' id='word_1_627' title='bbox 2815 2406 2903 2460; x_wconf 86' lang='lat' dir='ltr'><strong>dat</strong></span> <span class='ocrx_word' id='word_1_628' title='bbox 2940 2408 3119 2478; x_wconf 73' lang='lat' dir='ltr'><strong>ﬂatum</strong></span> <span class='ocrx_word' id='word_1_629' title='bbox 3147 2408 3338 2483; x_wconf 85' lang='lat' dir='ltr'><strong>populo</strong></span> <span class='ocrx_word' id='word_1_630' title='bbox 3379 2423 3530 2480; x_wconf 79' lang='lat' dir='ltr'><strong>super</strong></span> <span class='ocrx_word' id='word_1_631' title='bbox 3564 2424 3698 2477; x_wconf 82' lang='lat' dir='ltr'><strong>eam,</strong></span> <span class='ocrx_word' id='word_1_632' title='bbox 3743 2416 3795 2465; x_wconf 85' lang='lat' dir='ltr'><strong>et</strong></span> 
     </span>
    </p>
   </div>
   <div class='ocr_carea' id='block_1_83' title="bbox 2199 2496 3793 2575">
    <p class='ocr_par' dir='ltr' id='par_1_83' title="bbox 2199 2496 3793 2575">
     <span class='ocr_line' id='line_1_83' title="bbox 2199 2496 3793 2575; baseline 0.003 -23"><span class='ocrx_word' id='word_1_633' title='bbox 2199 2498 2433 2569; x_wconf 76' lang='lat' dir='ltr'><strong>spiritum</strong></span> <span class='ocrx_word' id='word_1_634' title='bbox 2453 2496 2761 2555; x_wconf 79' lang='lat' dir='ltr'><strong>calcantibus</strong></span> <span class='ocrx_word' id='word_1_635' title='bbox 2790 2514 2901 2554; x_wconf 82' lang='lat' dir='ltr'><strong>eam</strong></span> <span class='ocrx_word' id='word_1_636' title='bbox 2935 2498 3083 2573; x_wconf 80' lang='lat' dir='ltr'><strong>(Isal.</strong></span> <span class='ocrx_word' id='word_1_637' title='bbox 3113 2514 3241 2565; x_wconf 80' lang='lat' dir='ltr'><strong>XLII,</strong></span> <span class='ocrx_word' id='word_1_638' title='bbox 3388 2496 3498 2557; x_wconf 79' lang='lat' dir='ltr'><strong>Hoc</strong></span> <span class='ocrx_word' id='word_1_639' title='bbox 3537 2499 3793 2557; x_wconf 78' lang='lat' dir='ltr'><strong>testimo-</strong></span> 
     </span>
    </p>
   </div>
   <div class='ocr_carea' id='block_1_84' title="bbox 2200 2591 3796 2666">
    <p class='ocr_par' dir='ltr' id='par_1_84' title="bbox 2200 2591 3796 2666">
     <span class='ocr_line' id='line_1_84' title="bbox 2200 2591 3796 2666; baseline 0.003 -20"><span class='ocrx_word' id='word_1_640' title='bbox 2200 2591 2346 2649; x_wconf 88' lang='lat' dir='ltr'><strong>nium</strong></span> <span class='ocrx_word' id='word_1_641' title='bbox 2367 2592 2469 2647; x_wconf 91' lang='lat' dir='ltr'><strong>iste</strong></span> <span class='ocrx_word' id='word_1_642' title='bbox 2493 2592 2546 2648; x_wconf 92' lang='lat' dir='ltr'><strong>in</strong></span> <span class='ocrx_word' id='word_1_643' title='bbox 2576 2608 2698 2649; x_wconf 92' lang='lat' dir='ltr'><strong>eam</strong></span> <span class='ocrx_word' id='word_1_644' title='bbox 2716 2593 3034 2649; x_wconf 89' lang='lat' dir='ltr'><strong>sententiam</strong></span> <span class='ocrx_word' id='word_1_645' title='bbox 3064 2592 3179 2649; x_wconf 88' lang='lat' dir='ltr'><strong>vult</strong></span> <span class='ocrx_word' id='word_1_646' title='bbox 3207 2594 3398 2665; x_wconf 89' lang='lat' dir='ltr'><strong>accipi,</strong></span> <span class='ocrx_word' id='word_1_647' title='bbox 3428 2609 3584 2666; x_wconf 89' lang='lat' dir='ltr'><strong>quam</strong></span> <span class='ocrx_word' id='word_1_648' title='bbox 3602 2593 3796 2652; x_wconf 84' lang='lat' dir='ltr'><strong>defen-</strong></span> 
     </span>
    </p>
   </div>
   <div class='ocr_carea' id='block_1_85' title="bbox 2198 2682 3795 2760">
    <p class='ocr_par' dir='ltr' id='par_1_85' title="bbox 2198 2682 3795 2760">
     <span class='ocr_line' id='line_1_85' title="bbox 2198 2682 3795 2760; baseline 0.004 -21"><span class='ocrx_word' id='word_1_649' title='bbox 2198 2683 2295 2752; x_wconf 93' lang='lat' dir='ltr'><strong>dit,</strong></span> <span class='ocrx_word' id='word_1_650' title='bbox 2327 2693 2385 2740; x_wconf 90' lang='lat' dir='ltr'><strong>ut</strong></span> <span class='ocrx_word' id='word_1_651' title='bbox 2409 2682 2551 2758; x_wconf 84' lang='lat' dir='ltr'><strong>quod</strong></span> <span class='ocrx_word' id='word_1_652' title='bbox 2580 2685 2672 2749; x_wconf 88' lang='lat' dir='ltr'><strong>ait,</strong></span> <span class='ocrx_word' id='word_1_653' title='bbox 2702 2685 2791 2741; x_wconf 88' lang='lat' dir='ltr'><strong>dat</strong></span> <span class='ocrx_word' id='word_1_654' title='bbox 2812 2685 2991 2757; x_wconf 73' lang='lat' dir='ltr'><strong>ﬂatum</strong></span> <span class='ocrx_word' id='word_1_655' title='bbox 3020 2684 3229 2759; x_wconf 84' lang='lat' dir='ltr'><strong>populo,</strong></span> <span class='ocrx_word' id='word_1_656' title='bbox 3275 2702 3388 2741; x_wconf 89' lang='lat' dir='ltr'><strong>non</strong></span> <span class='ocrx_word' id='word_1_657' title='bbox 3409 2702 3474 2744; x_wconf 82' lang='lat' dir='ltr'><strong>ex</strong></span> <span class='ocrx_word' id='word_1_658' title='bbox 3501 2687 3795 2760; x_wconf 77' lang='lat' dir='ltr'><strong>propagine</strong></span> 
     </span>
    </p>
   </div>
   <div class='ocr_carea' id='block_1_86' title="bbox 2198 2775 3789 2849">
    <p class='ocr_par' dir='ltr' id='par_1_86' title="bbox 2198 2775 3789 2849">
     <span class='ocr_line' id='line_1_86' title="bbox 2198 2775 3789 2849; baseline 0.001 -16"><span class='ocrx_word' id='word_1_659' title='bbox 2198 2775 2375 2833; x_wconf 85' lang='lat' dir='ltr'><strong>facere</strong></span> <span class='ocrx_word' id='word_1_660' title='bbox 2404 2776 2611 2833; x_wconf 89' lang='lat' dir='ltr'><strong>animas</strong></span> <span class='ocrx_word' id='word_1_661' title='bbox 2634 2777 2849 2849; x_wconf 88' lang='lat' dir='ltr'><strong>populo,</strong></span> <span class='ocrx_word' id='word_1_662' title='bbox 2878 2776 2973 2833; x_wconf 90' lang='lat' dir='ltr'><strong>sed</strong></span> <span class='ocrx_word' id='word_1_663' title='bbox 3011 2793 3179 2833; x_wconf 88' lang='lat' dir='ltr'><strong>novas</strong></span> <span class='ocrx_word' id='word_1_664' title='bbox 3217 2776 3491 2835; x_wconf 78' lang='lat' dir='ltr'><strong>insumere</strong></span> <span class='ocrx_word' id='word_1_665' title='bbox 3516 2776 3789 2837; x_wconf 86' lang='lat' dir='ltr'><strong>credatur.</strong></span> 
     </span>
    </p>
   </div>
   <div class='ocr_carea' id='block_1_87' title="bbox 2199 2867 3789 2940">
    <p class='ocr_par' dir='ltr' id='par_1_87' title="bbox 2199 2867 3789 2940">
     <span class='ocr_line' id='line_1_87' title="bbox 2199 2867 3789 2940; baseline 0.001 -16"><span class='ocrx_word' id='word_1_666' title='bbox 2199 2867 2409 2925; x_wconf 80' lang='lat' dir='ltr'><strong>Audeat</strong></span> <span class='ocrx_word' id='word_1_667' title='bbox 2436 2882 2564 2940; x_wconf 85' lang='lat' dir='ltr'><strong>ergo</strong></span> <span class='ocrx_word' id='word_1_668' title='bbox 2592 2868 2772 2924; x_wconf 89' lang='lat' dir='ltr'><strong>dicere</strong></span> <span class='ocrx_word' id='word_1_669' title='bbox 2791 2885 2900 2925; x_wconf 90' lang='lat' dir='ltr'><strong>non</strong></span> <span class='ocrx_word' id='word_1_670' title='bbox 2926 2868 3099 2940; x_wconf 90' lang='lat' dir='ltr'><strong>ipsum</strong></span> <span class='ocrx_word' id='word_1_671' title='bbox 3130 2869 3283 2927; x_wconf 89' lang='lat' dir='ltr'><strong>nobis</strong></span> <span class='ocrx_word' id='word_1_672' title='bbox 3306 2867 3519 2928; x_wconf 87' lang='lat' dir='ltr'><strong>dedisse</strong></span> <span class='ocrx_word' id='word_1_673' title='bbox 3545 2884 3789 2940; x_wconf 84' lang='lat' dir='ltr'><strong>carnem,</strong></span> 
     </span>
    </p>
   </div>
   <div class='ocr_carea' id='block_1_88' title="bbox 2198 2959 3794 3041">
    <p class='ocr_par' dir='ltr' id='par_1_88' title="bbox 2198 2959 3794 3041">
     <span class='ocr_line' id='line_1_88' title="bbox 2198 2959 3794 3041; baseline 0.003 -26"><span class='ocrx_word' id='word_1_674' title='bbox 2198 2960 2321 3032; x_wconf 91' lang='lat' dir='ltr'><strong>quia</strong></span> <span class='ocrx_word' id='word_1_675' title='bbox 2350 2959 2418 3021; x_wconf 89' lang='lat' dir='ltr'><strong>de</strong></span> <span class='ocrx_word' id='word_1_676' title='bbox 2442 2960 2750 3032; x_wconf 83' lang='lat' dir='ltr'><strong>parentibus</strong></span> <span class='ocrx_word' id='word_1_677' title='bbox 2789 2960 2941 3041; x_wconf 77' lang='lat' dir='ltr'><strong>origo</strong></span> <span class='ocrx_word' id='word_1_678' title='bbox 2979 2962 3157 3019; x_wconf 88' lang='lat' dir='ltr'><strong>carnis</strong></span> <span class='ocrx_word' id='word_1_679' title='bbox 3184 2972 3409 3019; x_wconf 82' lang='lat' dir='ltr'><strong>attracta</strong></span> <span class='ocrx_word' id='word_1_680' title='bbox 3447 2972 3549 3023; x_wconf 92' lang='lat' dir='ltr'><strong>est.</strong></span> <span class='ocrx_word' id='word_1_681' title='bbox 3589 2962 3660 3020; x_wconf 85' lang='lat' dir='ltr'><strong>Et</strong></span> <span class='ocrx_word' id='word_1_682' title='bbox 3695 2963 3794 3021; x_wconf 86' lang='lat' dir='ltr'><strong>ubi</strong></span> 
     </span>
    </p>
   </div>
   <div class='ocr_carea' id='block_1_89' title="bbox 2198 3050 3795 3131">
    <p class='ocr_par' dir='ltr' id='par_1_89' title="bbox 2198 3050 3795 3131">
     <span class='ocr_line' id='line_1_89' title="bbox 2198 3050 3795 3131; baseline 0.001 -23"><span class='ocrx_word' id='word_1_683' title='bbox 2198 3050 2274 3108; x_wconf 87' lang='lat' dir='ltr'><strong>ait</strong></span> <span class='ocrx_word' id='word_1_684' title='bbox 2301 3050 2591 3129; x_wconf 82' lang='lat' dir='ltr'><strong>Apostolus</strong></span> <span class='ocrx_word' id='word_1_685' title='bbox 2620 3051 2688 3107; x_wconf 90' lang='lat' dir='ltr'><strong>de</strong></span> <span class='ocrx_word' id='word_1_686' title='bbox 2730 3052 2983 3109; x_wconf 81' lang='lat' dir='ltr'><strong>frumenti</strong></span> <span class='ocrx_word' id='word_1_687' title='bbox 3011 3068 3199 3131; x_wconf 84' lang='lat' dir='ltr'><strong>grano,</strong></span> <span class='ocrx_word' id='word_1_688' title='bbox 3226 3053 3366 3109; x_wconf 84' lang='lat' dir='ltr'><strong>Deus</strong></span> <span class='ocrx_word' id='word_1_689' title='bbox 3392 3053 3473 3110; x_wconf 78' lang='lat' dir='ltr'><strong>illi</strong></span> <span class='ocrx_word' id='word_1_690' title='bbox 3496 3052 3587 3110; x_wconf 84' lang='lat' dir='ltr'><strong>dat</strong></span> <span class='ocrx_word' id='word_1_691' title='bbox 3601 3072 3795 3129; x_wconf 71' lang='lat' dir='ltr'><strong>corpus</strong></span> 
     </span>
    </p>
   </div>
   <div class='ocr_carea' id='block_1_90' title="bbox 2198 3136 3790 3220">
    <p class='ocr_par' dir='ltr' id='par_1_90' title="bbox 2198 3136 3790 3220">
     <span class='ocr_line' id='line_1_90' title="bbox 2198 3136 3790 3220; baseline 0.004 -22"><span class='ocrx_word' id='word_1_692' title='bbox 2198 3142 2449 3214; x_wconf 85' lang='lat' dir='ltr'><strong>quomodo</strong></span> <span class='ocrx_word' id='word_1_693' title='bbox 2484 3137 2698 3200; x_wconf 80' lang='lat' dir='ltr'><strong>voluerit</strong></span> <span class='ocrx_word' id='word_1_694' title='bbox 2728 3136 2907 3219; x_wconf 73' lang='grc' dir='ltr'><strong>(ἶσον.</strong></span> <span class='ocrx_word' id='word_1_695' title='bbox 2942 3160 3041 3212; x_wconf 79' lang='lat' dir='ltr'><strong>xv,</strong></span> <span class='ocrx_word' id='word_1_696' title='bbox 3073 3142 3166 3220; x_wconf 77' lang='lat'><strong>38)</strong></span> <span class='ocrx_word' id='word_1_697' title='bbox 3189 3162 3203 3213; x_wconf 90' lang='lat'><strong>;</strong></span> <span class='ocrx_word' id='word_1_698' title='bbox 3229 3155 3407 3219; x_wconf 77' lang='lat' dir='ltr'><strong>neget,</strong></span> <span class='ocrx_word' id='word_1_699' title='bbox 3436 3145 3485 3203; x_wconf 91' lang='lat' dir='ltr'><strong>si</strong></span> <span class='ocrx_word' id='word_1_700' title='bbox 3511 3146 3690 3214; x_wconf 84' lang='lat' dir='ltr'><strong>audet,</strong></span> <span class='ocrx_word' id='word_1_701' title='bbox 3715 3146 3790 3204; x_wconf 86' lang='lat' dir='ltr'><strong>de</strong></span> 
     </span>
    </p>
   </div>
   <div class='ocr_carea' id='block_1_91' title="bbox 2201 3236 3797 3309">
    <p class='ocr_par' dir='ltr' id='par_1_91' title="bbox 2201 3236 3797 3309">
     <span class='ocr_line' id='line_1_91' title="bbox 2201 3236 3797 3309; baseline 0.004 -18"><span class='ocrx_word' id='word_1_702' title='bbox 2201 3236 2376 3292; x_wconf 91' lang='lat' dir='ltr'><strong>tritico</strong></span> <span class='ocrx_word' id='word_1_703' title='bbox 2402 3236 2633 3292; x_wconf 79' lang='lat' dir='ltr'><strong>triticum</strong></span> <span class='ocrx_word' id='word_1_704' title='bbox 2664 3238 2830 3302; x_wconf 90' lang='lat' dir='ltr'><strong>nasci,</strong></span> <span class='ocrx_word' id='word_1_705' title='bbox 2857 3248 2912 3294; x_wconf 89' lang='lat' dir='ltr'><strong>et</strong></span> <span class='ocrx_word' id='word_1_706' title='bbox 2941 3238 3160 3307; x_wconf 68' lang='lat' dir='ltr'><strong>herbam</strong></span> <span class='ocrx_word' id='word_1_707' title='bbox 3185 3236 3302 3309; x_wconf 71' lang='lat' dir='ltr'><strong>eius</strong></span> <span class='ocrx_word' id='word_1_708' title='bbox 3342 3250 3418 3299; x_wconf 73' lang='lat' dir='ltr'><strong>ex</strong></span> <span class='ocrx_word' id='word_1_709' title='bbox 3457 3240 3663 3297; x_wconf 88' lang='lat' dir='ltr'><strong>semine</strong></span> <span class='ocrx_word' id='word_1_710' title='bbox 3703 3255 3797 3297; x_wconf 52' lang='lat' dir='ltr'><strong>se.</strong></span> 
     </span>
    </p>
   </div>
   <div class='ocr_carea' id='block_1_92' title="bbox 2199 3328 3797 3404">
    <p class='ocr_par' dir='ltr' id='par_1_92' title="bbox 2199 3328 3797 3404">
     <span class='ocr_line' id='line_1_92' title="bbox 2199 3328 3797 3404; baseline 0.003 -21"><span class='ocrx_word' id='word_1_711' title='bbox 2199 3328 2432 3387; x_wconf 87' lang='lat' dir='ltr'><strong>cundum</strong></span> <span class='ocrx_word' id='word_1_712' title='bbox 2455 3343 2643 3403; x_wconf 77' lang='lat' dir='ltr'><strong>genus.</strong></span> <span class='ocrx_word' id='word_1_713' title='bbox 2673 3328 2826 3403; x_wconf 85' lang='lat' dir='ltr'><strong>Quod</strong></span> <span class='ocrx_word' id='word_1_714' title='bbox 2852 3329 2898 3385; x_wconf 90' lang='lat' dir='ltr'><strong>si</strong></span> <span class='ocrx_word' id='word_1_715' title='bbox 2930 3344 3126 3401; x_wconf 83' lang='lat' dir='ltr'><strong>negare</strong></span> <span class='ocrx_word' id='word_1_716' title='bbox 3151 3344 3259 3387; x_wconf 86' lang='lat' dir='ltr'><strong>non</strong></span> <span class='ocrx_word' id='word_1_717' title='bbox 3285 3329 3482 3397; x_wconf 82' lang='lat' dir='ltr'><strong>audet;</strong></span> <span class='ocrx_word' id='word_1_718' title='bbox 3515 3330 3657 3395; x_wconf 87' lang='lat' dir='ltr'><strong>unde</strong></span> <span class='ocrx_word' id='word_1_719' title='bbox 3684 3331 3797 3404; x_wconf 73' lang='lat' dir='ltr'><strong>igi-</strong></span> 
     </span>
    </p>
   </div>
   <div class='ocr_carea' id='block_1_93' title="bbox 2200 3416 3798 3497">
    <p class='ocr_par' dir='ltr' id='par_1_93' title="bbox 2200 3416 3798 3497">
     <span class='ocr_line' id='line_1_93' title="bbox 2200 3416 3798 3497; baseline 0.004 -22"><span class='ocrx_word' id='word_1_720' title='bbox 2200 3426 2303 3497; x_wconf 21' lang='lat' dir='ltr'><strong>tur.</strong></span> <span class='ocrx_word' id='word_1_721' title='bbox 2340 3418 2442 3475; x_wconf 89' lang='lat' dir='ltr'><strong>scit</strong></span> <span class='ocrx_word' id='word_1_722' title='bbox 2485 3418 2756 3492; x_wconf 88' lang='lat' dir='ltr'><strong>quomodo</strong></span> <span class='ocrx_word' id='word_1_723' title='bbox 2807 3416 3140 3491; x_wconf 63' lang='lat' dir='ltr'><strong>dictum&#39;sit,</strong></span> <span class='ocrx_word' id='word_1_724' title='bbox 3199 3420 3288 3479; x_wconf 79' lang='lat' dir='ltr'><strong>dat</strong></span> <span class='ocrx_word' id='word_1_725' title='bbox 3324 3424 3507 3496; x_wconf 70' lang='lat' dir='ltr'><strong>ﬂatum</strong></span> <span class='ocrx_word' id='word_1_726' title='bbox 3556 3422 3752 3497; x_wconf 80' lang='lat' dir='ltr'><strong>populo</strong></span> <span class='ocrx_word' id='word_1_727' title='bbox 3777 3442 3798 3482; x_wconf 91' lang='lat'><strong><em>:</em></strong></span> 
     </span>
    </p>
   </div>
   <div class='ocr_carea' id='block_1_94' title="bbox 2199 3502 3793 3591">
    <p class='ocr_par' dir='ltr' id='par_1_94' title="bbox 2199 3502 3793 3591">
     <span class='ocr_line' id='line_1_94' title="bbox 2199 3502 3793 3591; baseline 0.004 -24"><span class='ocrx_word' id='word_1_728' title='bbox 2199 3519 2377 3567; x_wconf 87' lang='lat' dir='ltr'><strong>utrum</strong></span> <span class='ocrx_word' id='word_1_729' title='bbox 2415 3527 2536 3571; x_wconf 90' lang='lat' dir='ltr'><strong>eum</strong></span> <span class='ocrx_word' id='word_1_730' title='bbox 2564 3512 2781 3579; x_wconf 82' lang='lat' dir='ltr'><strong>trahens</strong></span> <span class='ocrx_word' id='word_1_731' title='bbox 2808 3502 2876 3570; x_wconf 88' lang='lat' dir='ltr'><strong>de</strong></span> <span class='ocrx_word' id='word_1_732' title='bbox 2907 3515 3237 3591; x_wconf 75' lang='lat' dir='ltr'><strong>parentibus.</strong></span> <span class='ocrx_word' id='word_1_733' title='bbox 3282 3532 3351 3572; x_wconf 88' lang='lat' dir='ltr'><strong>an</strong></span> <span class='ocrx_word' id='word_1_734' title='bbox 3380 3512 3659 3581; x_wconf 81' lang='lat' dir='ltr'><strong>insultlans</strong></span> <span class='ocrx_word' id='word_1_735' title='bbox 3685 3534 3793 3579; x_wconf 86' lang='lat' dir='ltr'><strong>no-</strong></span> 
     </span>
    </p>
   </div>
   <div class='ocr_carea' id='block_1_95' title="bbox 2199 3603 2364 3659">
    <p class='ocr_par' dir='ltr' id='par_1_95' title="bbox 2199 3603 2364 3659">
     <span class='ocr_line' id='line_1_95' title="bbox 2199 3603 2364 3659; baseline 0 0"><span class='ocrx_word' id='word_1_736' title='bbox 2199 3603 2364 3659; x_wconf 79' lang='lat' dir='ltr'><strong>vum?</strong></span> 
     </span>
    </p>
   </div>
   <div class='ocr_carea' id='block_1_96' title="bbox 2273 3698 3799 3777">
    <p class='ocr_par' dir='ltr' id='par_1_96' title="bbox 2273 3698 3799 3777">
     <span class='ocr_line' id='line_1_96' title="bbox 2273 3698 3799 3777; baseline 0.006 -22"><span class='ocrx_word' id='word_1_737' title='bbox 2273 3699 2358 3759; x_wconf 79' lang='lat' dir='ltr'><strong>l8.</strong></span> <span class='ocrx_word' id='word_1_738' title='bbox 2390 3698 2546 3761; x_wconf 85' lang='lat' dir='ltr'><strong>Unde</strong></span> <span class='ocrx_word' id='word_1_739' title='bbox 2566 3700 2731 3759; x_wconf 88' lang='lat' dir='ltr'><strong>etiam</strong></span> <span class='ocrx_word' id='word_1_740' title='bbox 2753 3701 2886 3772; x_wconf 87' lang='lat' dir='ltr'><strong>scit,</strong></span> <span class='ocrx_word' id='word_1_741' title='bbox 2919 3710 3092 3765; x_wconf 87' lang='lat' dir='ltr'><strong>utrum</strong></span> <span class='ocrx_word' id='word_1_742' title='bbox 3121 3704 3368 3777; x_wconf 83' lang='lat' dir='ltr'><strong>repetitio</strong></span> <span class='ocrx_word' id='word_1_743' title='bbox 3396 3704 3672 3763; x_wconf 64' lang='lat' dir='ltr'><strong>sententia:</strong></span> <span class='ocrx_word' id='word_1_744' title='bbox 3696 3706 3799 3776; x_wconf 75' lang='lat' dir='ltr'><strong>sit.</strong></span> 
     </span>
    </p>
   </div>
   <div class='ocr_carea' id='block_1_97' title="bbox 2204 3792 3799 3873">
    <p class='ocr_par' dir='ltr' id='par_1_97' title="bbox 2204 3792 3799 3873">
     <span class='ocr_line' id='line_1_97' title="bbox 2204 3792 3799 3873; baseline 0.008 -26"><span class='ocrx_word' id='word_1_745' title='bbox 2204 3793 2304 3863; x_wconf 83' lang='lat' dir='ltr'><strong>Qui</strong></span> <span class='ocrx_word' id='word_1_746' title='bbox 2330 3793 2416 3853; x_wconf 83' lang='lat' dir='ltr'><strong>dat</strong></span> <span class='ocrx_word' id='word_1_747' title='bbox 2439 3792 2621 3867; x_wconf 74' lang='lat' dir='ltr'><strong>ﬂatum</strong></span> <span class='ocrx_word' id='word_1_748' title='bbox 2664 3797 2852 3869; x_wconf 80' lang='lat' dir='ltr'><strong>popula</strong></span> <span class='ocrx_word' id='word_1_749' title='bbox 2882 3814 3036 3869; x_wconf 81' lang='lat' dir='ltr'><strong>super</strong></span> <span class='ocrx_word' id='word_1_750' title='bbox 3060 3813 3172 3854; x_wconf 82' lang='lat' dir='ltr'><strong>eam</strong></span> <span class='ocrx_word' id='word_1_751' title='bbox 3190 3840 3206 3867; x_wconf 88' lang='lat'><strong>,</strong></span> <span class='ocrx_word' id='word_1_752' title='bbox 3238 3806 3284 3853; x_wconf 84' lang='lat' dir='ltr'><strong>et</strong></span> <span class='ocrx_word' id='word_1_753' title='bbox 3329 3799 3563 3873; x_wconf 78' lang='lat' dir='ltr'><strong>spiritum</strong></span> <span class='ocrx_word' id='word_1_754' title='bbox 3583 3800 3799 3859; x_wconf 82' lang='lat' dir='ltr'><strong>calcau-</strong></span> 
     </span>
    </p>
   </div>
   <div class='ocr_carea' id='block_1_98' title="bbox 2201 3886 3813 3962">
    <p class='ocr_par' dir='ltr' id='par_1_98' title="bbox 2201 3886 3813 3962">
     <span class='ocr_line' id='line_1_98' title="bbox 2201 3886 3813 3962; baseline 0.004 -22"><span class='ocrx_word' id='word_1_755' title='bbox 2201 3886 2333 3945; x_wconf 79' lang='lat' dir='ltr'><strong>tibus</strong></span> <span class='ocrx_word' id='word_1_756' title='bbox 2353 3902 2462 3943; x_wconf 85' lang='lat' dir='ltr'><strong>eam</strong></span> <span class='ocrx_word' id='word_1_757' title='bbox 2479 3886 2645 3947; x_wconf 84' lang='lat' dir='ltr'><strong>:utde</strong></span> <span class='ocrx_word' id='word_1_758' title='bbox 2665 3902 2767 3949; x_wconf 88' lang='lat' dir='ltr'><strong>una</strong></span> <span class='ocrx_word' id='word_1_759' title='bbox 2785 3904 2844 3947; x_wconf 90' lang='lat' dir='ltr'><strong>re</strong></span> <span class='ocrx_word' id='word_1_760' title='bbox 2867 3898 3146 3960; x_wconf 84' lang='lat' dir='ltr'><strong>utrumque</strong></span> <span class='ocrx_word' id='word_1_761' title='bbox 3162 3890 3362 3951; x_wconf 83' lang='lat' dir='ltr'><strong>dictum</strong></span> <span class='ocrx_word' id='word_1_762' title='bbox 3380 3891 3724 3962; x_wconf 66' lang='lat' dir='ltr'><strong>intelligatur,</strong></span> <span class='ocrx_word' id='word_1_763' title='bbox 3742 3902 3813 3955; x_wconf 78' lang='lat' dir='ltr'><strong>et.</strong></span> 
     </span>
    </p>
   </div>
   <div class='ocr_carea' id='block_1_99' title="bbox 2199 3978 3799 4055">
    <p class='ocr_par' dir='ltr' id='par_1_99' title="bbox 2199 3978 3799 4055">
     <span class='ocr_line' id='line_1_99' title="bbox 2199 3978 3799 4055; baseline 0.006 -22"><span class='ocrx_word' id='word_1_764' title='bbox 2199 3993 2307 4035; x_wconf 92' lang='lat' dir='ltr'><strong>non</strong></span> <span class='ocrx_word' id='word_1_765' title='bbox 2338 3978 2570 4034; x_wconf 88' lang='lat' dir='ltr'><strong>animam</strong></span> <span class='ocrx_word' id='word_1_766' title='bbox 2609 3980 2691 4036; x_wconf 88' lang='lat' dir='ltr'><strong>vel</strong></span> <span class='ocrx_word' id='word_1_767' title='bbox 2753 3981 2996 4050; x_wconf 88' lang='lat' dir='ltr'><strong>spiritum</strong></span> <span class='ocrx_word' id='word_1_768' title='bbox 3032 3998 3138 4053; x_wconf 90' lang='lat' dir='ltr'><strong>quo</strong></span> <span class='ocrx_word' id='word_1_769' title='bbox 3156 3993 3342 4043; x_wconf 85' lang='lat' dir='ltr'><strong>natura</strong></span> <span class='ocrx_word' id='word_1_770' title='bbox 3372 3984 3497 4039; x_wconf 86' lang='lat' dir='ltr'><strong>vivit</strong></span> <span class='ocrx_word' id='word_1_771' title='bbox 3536 3984 3799 4055; x_wconf 81' lang='lat' dir='ltr'><strong>humana,</strong></span> 
     </span>
    </p>
   </div>
   <div class='ocr_carea' id='block_1_100' title="bbox 2199 4069 3800 4149">
    <p class='ocr_par' dir='ltr' id='par_1_100' title="bbox 2199 4069 3800 4149">
     <span class='ocr_line' id='line_1_100' title="bbox 2199 4069 3800 4149; baseline 0.003 -21"><span class='ocrx_word' id='word_1_772' title='bbox 2199 4071 2295 4128; x_wconf 88' lang='lat' dir='ltr'><strong>sed</strong></span> <span class='ocrx_word' id='word_1_773' title='bbox 2316 4069 2570 4149; x_wconf 85' lang='lat' dir='ltr'><strong>Spiritum</strong></span> <span class='ocrx_word' id='word_1_774' title='bbox 2592 4080 2831 4128; x_wconf 90' lang='lat' dir='ltr'><strong>sanctum</strong></span> <span class='ocrx_word' id='word_1_775' title='bbox 2849 4073 3149 4145; x_wconf 81' lang='lat' dir='ltr'><strong>signiﬁcare</strong></span> <span class='ocrx_word' id='word_1_776' title='bbox 3176 4075 3426 4133; x_wconf 76' lang='lat' dir='ltr'><strong>voluerit?</strong></span> <span class='ocrx_word' id='word_1_777' title='bbox 3440 4075 3491 4131; x_wconf 89' lang='lat' dir='ltr'><strong>Si</strong></span> <span class='ocrx_word' id='word_1_778' title='bbox 3508 4077 3650 4131; x_wconf 91' lang='lat' dir='ltr'><strong>enim</strong></span> <span class='ocrx_word' id='word_1_779' title='bbox 3665 4077 3800 4133; x_wconf 77' lang='lat' dir='ltr'><strong>flatu</strong></span> 
     </span>
    </p>
   </div>
   <div class='ocr_carea' id='block_1_101' title="bbox 2200 4164 3802 4240">
    <p class='ocr_par' dir='ltr' id='par_1_101' title="bbox 2200 4164 3802 4240">
     <span class='ocr_line' id='line_1_101' title="bbox 2200 4164 3802 4240; baseline 0.005 -20"><span class='ocrx_word' id='word_1_780' title='bbox 2200 4180 2308 4221; x_wconf 89' lang='lat' dir='ltr'><strong>non</strong></span> <span class='ocrx_word' id='word_1_781' title='bbox 2337 4174 2519 4239; x_wconf 86' lang='lat' dir='ltr'><strong>posset</strong></span> <span class='ocrx_word' id='word_1_782' title='bbox 2558 4164 2842 4237; x_wconf 85' lang='lat' dir='ltr'><strong>significari</strong></span> <span class='ocrx_word' id='word_1_783' title='bbox 2873 4165 3104 4240; x_wconf 89' lang='lat' dir='ltr'><strong>Spiritus</strong></span> <span class='ocrx_word' id='word_1_784' title='bbox 3129 4176 3367 4236; x_wconf 89' lang='lat' dir='ltr'><strong>sanctus,</strong></span> <span class='ocrx_word' id='word_1_785' title='bbox 3399 4184 3507 4229; x_wconf 75' lang='lat' dir='ltr'><strong>non</strong></span> <span class='ocrx_word' id='word_1_786' title='bbox 3536 4168 3802 4231; x_wconf 82' lang='lat' dir='ltr'><strong>Dominus</strong></span> 
     </span>
    </p>
   </div>
   <div class='ocr_carea' id='block_1_102' title="bbox 2201 4256 3801 4333">
    <p class='ocr_par' dir='ltr' id='par_1_102' title="bbox 2201 4256 3801 4333">
     <span class='ocr_line' id='line_1_102' title="bbox 2201 4256 3801 4333; baseline 0.001 -18"><span class='ocrx_word' id='word_1_787' title='bbox 2201 4264 2325 4328; x_wconf 86' lang='lat' dir='ltr'><strong>post</strong></span> <span class='ocrx_word' id='word_1_788' title='bbox 2361 4256 2814 4313; x_wconf 86' lang='lat' dir='ltr'><strong>resurrectionem</strong></span> <span class='ocrx_word' id='word_1_789' title='bbox 2860 4256 3183 4317; x_wconf 82' lang='lat' dir='ltr'><strong>insulllasset</strong></span> <span class='ocrx_word' id='word_1_790' title='bbox 3205 4257 3511 4333; x_wconf 74' lang='lat' dir='ltr'><strong>discipulis,</strong></span> <span class='ocrx_word' id='word_1_791' title='bbox 3538 4270 3593 4321; x_wconf 85' lang='lat' dir='ltr'><strong>et</strong></span> <span class='ocrx_word' id='word_1_792' title='bbox 3617 4260 3801 4317; x_wconf 83' lang='lat' dir='ltr'><strong>dixis-</strong></span> 
     </span>
    </p>
   </div>
   <div class='ocr_carea' id='block_1_103' title="bbox 2199 4346 3799 4422">
    <p class='ocr_par' dir='ltr' id='par_1_103' title="bbox 2199 4346 3799 4422">
     <span class='ocr_line' id='line_1_103' title="bbox 2199 4346 3799 4422; baseline 0.004 -20"><span class='ocrx_word' id='word_1_793' title='bbox 2199 4356 2318 4415; x_wconf 87' lang='lat' dir='ltr'><strong>set,</strong></span> <span class='ocrx_word' id='word_1_794' title='bbox 2339 4346 2563 4420; x_wconf 78' lang='lat' dir='ltr'><strong>Accipite</strong></span> <span class='ocrx_word' id='word_1_795' title='bbox 2588 4346 2841 4418; x_wconf 78' lang='lat' dir='ltr'><strong>Spiritum</strong></span> <span class='ocrx_word' id='word_1_796' title='bbox 2860 4357 3087 4403; x_wconf 85' lang='lat' dir='ltr'><strong>sanctum</strong></span> <span class='ocrx_word' id='word_1_797' title='bbox 3120 4347 3311 4421; x_wconf 82' lang='lat' dir='ltr'><strong>(Joan.</strong></span> <span class='ocrx_word' id='word_1_798' title='bbox 3334 4364 3428 4415; x_wconf 80' lang='lat' dir='ltr'><strong>xx,</strong></span> <span class='ocrx_word' id='word_1_799' title='bbox 3456 4349 3568 4421; x_wconf 64' lang='lat'><strong>82).</strong></span> <span class='ocrx_word' id='word_1_800' title='bbox 3603 4348 3799 4422; x_wconf 84' lang='lat' dir='ltr'><strong>Neque</strong></span> 
     </span>
    </p>
   </div>
   <div class='ocr_carea' id='block_1_104' title="bbox 2200 4439 3802 4519">
    <p class='ocr_par' dir='ltr' id='par_1_104' title="bbox 2200 4439 3802 4519">
     <span class='ocr_line' id='line_1_104' title="bbox 2200 4439 3802 4519; baseline 0.002 -25"><span class='ocrx_word' id='word_1_801' title='bbox 2200 4440 2456 4510; x_wconf 90' lang='lat' dir='ltr'><strong>scriptum</strong></span> <span class='ocrx_word' id='word_1_802' title='bbox 2511 4447 2654 4497; x_wconf 89' lang='lat' dir='ltr'><strong>esset</strong></span> <span class='ocrx_word' id='word_1_803' title='bbox 2703 4440 2755 4494; x_wconf 91' lang='lat' dir='ltr'><strong>in</strong></span> <span class='ocrx_word' id='word_1_804' title='bbox 2783 4439 3004 4495; x_wconf 84' lang='lat' dir='ltr'><strong>Actibus</strong></span> <span class='ocrx_word' id='word_1_805' title='bbox 3041 4441 3463 4519; x_wconf 62' lang='lat' dir='ltr'><strong>Apostolorum,</strong></span> <span class='ocrx_word' id='word_1_806' title='bbox 3498 4440 3693 4497; x_wconf 81' lang='lat' dir='ltr'><strong>Factus</strong></span> <span class='ocrx_word' id='word_1_807' title='bbox 3722 4452 3802 4498; x_wconf 82' lang='lat' dir='ltr'><strong>est</strong></span> 
     </span>
    </p>
   </div>
   <div class='ocr_carea' id='block_1_105' title="bbox 2156 4530 3800 4609">
    <p class='ocr_par' dir='ltr' id='par_1_105' title="bbox 2156 4530 3800 4609">
     <span class='ocr_line' id='line_1_105' title="bbox 2156 4530 3800 4609; baseline 0.002 -24"><span class='ocrx_word' id='word_1_808' title='bbox 2156 4574 2163 4575; x_wconf 40' lang='grc' dir='ltr'><em>κ</em></span> <span class='ocrx_word' id='word_1_809' title='bbox 2200 4532 2363 4589; x_wconf 82' lang='lat' dir='ltr'><strong>subito</strong></span> <span class='ocrx_word' id='word_1_810' title='bbox 2392 4530 2455 4586; x_wconf 83' lang='lat' dir='ltr'><strong>de</strong></span> <span class='ocrx_word' id='word_1_811' title='bbox 2499 4530 2625 4587; x_wconf 75' lang='lat' dir='ltr'><strong>cazlo</strong></span> <span class='ocrx_word' id='word_1_812' title='bbox 2654 4548 2808 4589; x_wconf 84' lang='lat' dir='ltr'><strong>sanus</strong></span> <span class='ocrx_word' id='word_1_813' title='bbox 2832 4532 3015 4604; x_wconf 81' lang='lat' dir='ltr'><strong>,quast&#39;</strong></span> <span class='ocrx_word' id='word_1_814' title='bbox 3055 4535 3274 4604; x_wconf 77' lang='lat' dir='ltr'><strong>ferretur</strong></span> <span class='ocrx_word' id='word_1_815' title='bbox 3297 4535 3452 4604; x_wconf 76' lang='lat' dir='ltr'><strong>ﬂatus</strong></span> <span class='ocrx_word' id='word_1_816' title='bbox 3496 4535 3800 4609; x_wconf 70' lang='lat' dir='ltr'><strong>velimus,</strong></span> 
     </span>
    </p>
   </div>
   <div class='ocr_carea' id='block_1_106' title="bbox 2201 4622 3806 4699">
    <p class='ocr_par' dir='ltr' id='par_1_106' title="bbox 2201 4622 3806 4699">
     <span class='ocr_line' id='line_1_106' title="bbox 2201 4622 3806 4699; baseline 0.001 -22"><span class='ocrx_word' id='word_1_817' title='bbox 2201 4631 2248 4677; x_wconf 86' lang='lat' dir='ltr'><strong>et</strong></span> <span class='ocrx_word' id='word_1_818' title='bbox 2274 4622 2393 4678; x_wconf 68' lang='lat' dir='ltr'><strong>vista</strong></span> <span class='ocrx_word' id='word_1_819' title='bbox 2417 4631 2532 4685; x_wconf 80' lang='lat' dir='ltr'><strong>sunt</strong></span> <span class='ocrx_word' id='word_1_820' title='bbox 2557 4624 2662 4681; x_wconf 75' lang='lat' dir='ltr'><strong>illis</strong></span> <span class='ocrx_word' id='word_1_821' title='bbox 2693 4624 2882 4697; x_wconf 77' lang='lat' dir='ltr'><strong>lingua:</strong></span> <span class='ocrx_word' id='word_1_822' title='bbox 2921 4623 3100 4699; x_wconf 62' lang='lat' dir='ltr'><strong>divisa:</strong></span> <span class='ocrx_word' id='word_1_823' title='bbox 3136 4623 3265 4679; x_wconf 76' lang='lat' dir='ltr'><strong>sicut</strong></span> <span class='ocrx_word' id='word_1_824' title='bbox 3292 4625 3455 4696; x_wconf 79' lang='lat' dir='ltr'><strong>ignis,</strong></span> <span class='ocrx_word' id='word_1_825' title='bbox 3481 4626 3568 4697; x_wconf 81' lang='lat' dir='ltr'><strong>qui</strong></span> <span class='ocrx_word' id='word_1_826' title='bbox 3590 4636 3636 4683; x_wconf 85' lang='lat' dir='ltr'><strong>et</strong></span> <span class='ocrx_word' id='word_1_827' title='bbox 3662 4626 3806 4691; x_wconf 75' lang='lat' dir='ltr'><strong>inse-</strong></span> 
     </span>
    </p>
   </div>
   <div class='ocr_carea' id='block_1_107' title="bbox 2201 4713 3805 4787">
    <p class='ocr_par' dir='ltr' id='par_1_107' title="bbox 2201 4713 3805 4787">
     <span class='ocr_line' id='line_1_107' title="bbox 2201 4713 3805 4787; baseline 0.003 -20"><span class='ocrx_word' id='word_1_828' title='bbox 2201 4713 2273 4767; x_wconf 80' lang='lat' dir='ltr'><strong>dit</strong></span> <span class='ocrx_word' id='word_1_829' title='bbox 2302 4729 2454 4785; x_wconf 82' lang='lat' dir='ltr'><strong>super</strong></span> <span class='ocrx_word' id='word_1_830' title='bbox 2476 4729 2877 4786; x_wconf 82' lang='lat' dir='ltr'><strong>unumquemque</strong></span> <span class='ocrx_word' id='word_1_831' title='bbox 2903 4730 3112 4783; x_wconf 84' lang='lat' dir='ltr'><strong>eorum,</strong></span> <span class='ocrx_word' id='word_1_832' title='bbox 3148 4725 3194 4769; x_wconf 85' lang='lat' dir='ltr'><strong>et</strong></span> <span class='ocrx_word' id='word_1_833' title='bbox 3233 4714 3426 4787; x_wconf 82' lang='lat' dir='ltr'><strong>impleti</strong></span> <span class='ocrx_word' id='word_1_834' title='bbox 3462 4725 3579 4775; x_wconf 76' lang='lat' dir='ltr'><strong>sunt</strong></span> <span class='ocrx_word' id='word_1_835' title='bbox 3624 4733 3805 4773; x_wconf 82' lang='lat' dir='ltr'><strong>omnes</strong></span> 
     </span>
    </p>
   </div>
   <div class='ocr_carea' id='block_1_108' title="bbox 2200 4803 3802 4878">
    <p class='ocr_par' dir='ltr' id='par_1_108' title="bbox 2200 4803 3802 4878">
     <span class='ocr_line' id='line_1_108' title="bbox 2200 4803 3802 4878; baseline -0.001 -17"><span class='ocrx_word' id='word_1_836' title='bbox 2200 4804 2405 4876; x_wconf 78' lang='lat' dir='ltr'><strong>Spiritu</strong></span> <span class='ocrx_word' id='word_1_837' title='bbox 2422 4814 2592 4860; x_wconf 86' lang='lat' dir='ltr'><strong>sancto</strong></span> <span class='ocrx_word' id='word_1_838' title='bbox 2610 4804 2745 4876; x_wconf 84' lang='lat' dir='ltr'><strong>(Act.</strong></span> <span class='ocrx_word' id='word_1_839' title='bbox 2765 4821 2822 4868; x_wconf 80' lang='grc' dir='ltr'><strong>ιι,</strong></span> <span class='ocrx_word' id='word_1_840' title='bbox 2845 4803 2989 4876; x_wconf 60' lang='lat'><strong>2-4).</strong></span> <span class='ocrx_word' id='word_1_841' title='bbox 3010 4804 3147 4875; x_wconf 84' lang='lat' dir='ltr'><strong>Quid</strong></span> <span class='ocrx_word' id='word_1_842' title='bbox 3168 4807 3212 4860; x_wconf 90' lang='lat' dir='ltr'><strong>si</strong></span> <span class='ocrx_word' id='word_1_843' title='bbox 3240 4805 3342 4861; x_wconf 86' lang='lat' dir='ltr'><strong>hoc</strong></span> <span class='ocrx_word' id='word_1_844' title='bbox 3367 4804 3627 4878; x_wconf 84' lang='lat' dir='ltr'><strong>Propheta</strong></span> <span class='ocrx_word' id='word_1_845' title='bbox 3652 4823 3802 4878; x_wconf 57' lang='lat' dir='ltr'><strong>prae.</strong></span> 
     </span>
    </p>
   </div>
   <div class='ocr_carea' id='block_1_109' title="bbox 2198 4896 3806 4972">
    <p class='ocr_par' dir='ltr' id='par_1_109' title="bbox 2198 4896 3806 4972">
     <span class='ocr_line' id='line_1_109' title="bbox 2198 4896 3806 4972; baseline 0.002 -19"><span class='ocrx_word' id='word_1_846' title='bbox 2198 4897 2495 4964; x_wconf 87' lang='lat' dir='ltr'><strong>nuntiavit,</strong></span> <span class='ocrx_word' id='word_1_847' title='bbox 2524 4896 2737 4964; x_wconf 88' lang='lat' dir='ltr'><strong>dicens,</strong></span> <span class='ocrx_word' id='word_1_848' title='bbox 2774 4896 2875 4963; x_wconf 79' lang='lat' dir='ltr'><strong>Qui</strong></span> <span class='ocrx_word' id='word_1_849' title='bbox 2904 4896 2991 4951; x_wconf 88' lang='lat' dir='ltr'><strong>dat</strong></span> <span class='ocrx_word' id='word_1_850' title='bbox 3009 4896 3192 4969; x_wconf 77' lang='lat' dir='ltr'><strong>ﬂatum</strong></span> <span class='ocrx_word' id='word_1_851' title='bbox 3231 4899 3423 4972; x_wconf 84' lang='lat' dir='ltr'><strong>populo</strong></span> <span class='ocrx_word' id='word_1_852' title='bbox 3460 4916 3615 4971; x_wconf 84' lang='lat' dir='ltr'><strong>super</strong></span> <span class='ocrx_word' id='word_1_853' title='bbox 3640 4917 3756 4957; x_wconf 83' lang='lat' dir='ltr'><strong>eam</strong></span> <span class='ocrx_word' id='word_1_854' title='bbox 3775 4901 3806 4957; x_wconf 84' lang='lat'><strong>.’</strong></span> 
     </span>
    </p>
   </div>
   <div class='ocr_carea' id='block_1_110' title="bbox 2198 4990 3804 5066">
    <p class='ocr_par' dir='ltr' id='par_1_110' title="bbox 2198 4990 3804 5066">
     <span class='ocr_line' id='line_1_110' title="bbox 2198 4990 3804 5066; baseline 0.004 -21"><span class='ocrx_word' id='word_1_855' title='bbox 2198 4999 2254 5049; x_wconf 89' lang='lat' dir='ltr'><strong>et</strong></span> <span class='ocrx_word' id='word_1_856' title='bbox 2304 5001 2552 5061; x_wconf 88' lang='lat' dir='ltr'><strong>tanquam</strong></span> <span class='ocrx_word' id='word_1_857' title='bbox 2583 5006 2855 5059; x_wconf 76' lang='lat' dir='ltr'><strong>erponens</strong></span> <span class='ocrx_word' id='word_1_858' title='bbox 2902 4990 3028 5062; x_wconf 88' lang='lat' dir='ltr'><strong>quid</strong></span> <span class='ocrx_word' id='word_1_859' title='bbox 3068 4991 3264 5051; x_wconf 82' lang='lat' dir='ltr'><strong>dixerit</strong></span> <span class='ocrx_word' id='word_1_860' title='bbox 3304 4994 3519 5062; x_wconf 81' lang='lat' dir='ltr'><strong>flatum,</strong></span> <span class='ocrx_word' id='word_1_861' title='bbox 3546 4997 3804 5066; x_wconf 75' lang='lat' dir='ltr'><strong>repetivit</strong></span> 
     </span>
    </p>
   </div>
   <div class='ocr_carea' id='block_1_111' title="bbox 2198 5082 3806 5155">
    <p class='ocr_par' dir='ltr' id='par_1_111' title="bbox 2198 5082 3806 5155">
     <span class='ocr_line' id='line_1_111' title="bbox 2198 5082 3806 5155; baseline 0.004 -16"><span class='ocrx_word' id='word_1_862' title='bbox 2198 5091 2356 5155; x_wconf 87' lang='lat' dir='ltr'><strong>atque</strong></span> <span class='ocrx_word' id='word_1_863' title='bbox 2384 5082 2490 5151; x_wconf 90' lang='lat' dir='ltr'><strong>ait,</strong></span> <span class='ocrx_word' id='word_1_864' title='bbox 2515 5093 2562 5138; x_wconf 84' lang='lat' dir='ltr'><strong>et</strong></span> <span class='ocrx_word' id='word_1_865' title='bbox 2582 5084 2815 5153; x_wconf 74' lang='lat' dir='ltr'><strong>spiritum</strong></span> <span class='ocrx_word' id='word_1_866' title='bbox 2840 5084 3152 5141; x_wconf 76' lang='lat' dir='ltr'><strong>calcantibus</strong></span> <span class='ocrx_word' id='word_1_867' title='bbox 3171 5103 3282 5141; x_wconf 86' lang='lat' dir='ltr'><strong>eam</strong></span> <span class='ocrx_word' id='word_1_868' title='bbox 3299 5087 3326 5142; x_wconf 82' lang='lat'><strong><em>?</em></strong></span> <span class='ocrx_word' id='word_1_869' title='bbox 3347 5088 3496 5145; x_wconf 87' lang='lat' dir='ltr'><strong>Tunc</strong></span> <span class='ocrx_word' id='word_1_870' title='bbox 3520 5089 3661 5145; x_wconf 86' lang='lat' dir='ltr'><strong>enim</strong></span> <span class='ocrx_word' id='word_1_871' title='bbox 3679 5090 3806 5145; x_wconf 80' lang='lat' dir='ltr'><strong>evi-</strong></span> 
     </span>
    </p>
   </div>
   <div class='ocr_carea' id='block_1_112' title="bbox 2197 5175 3803 5253">
    <p class='ocr_par' dir='ltr' id='par_1_112' title="bbox 2197 5175 3803 5253">
     <span class='ocr_line' id='line_1_112' title="bbox 2197 5175 3803 5253; baseline 0.003 -20"><span class='ocrx_word' id='word_1_872' title='bbox 2197 5175 2507 5233; x_wconf 81' lang='lat' dir='ltr'><strong>dentissime</strong></span> <span class='ocrx_word' id='word_1_873' title='bbox 2559 5175 2758 5235; x_wconf 88' lang='lat' dir='ltr'><strong>factum</strong></span> <span class='ocrx_word' id='word_1_874' title='bbox 2801 5186 2915 5247; x_wconf 89' lang='lat' dir='ltr'><strong>est,</strong></span> <span class='ocrx_word' id='word_1_875' title='bbox 2945 5179 3156 5250; x_wconf 90' lang='lat' dir='ltr'><strong>quando</strong></span> <span class='ocrx_word' id='word_1_876' title='bbox 3199 5180 3406 5253; x_wconf 87' lang='lat' dir='ltr'><strong>impleti</strong></span> <span class='ocrx_word' id='word_1_877' title='bbox 3452 5191 3586 5239; x_wconf 91' lang='lat' dir='ltr'><strong>sunt.</strong></span> <span class='ocrx_word' id='word_1_878' title='bbox 3602 5198 3803 5245; x_wconf 70' lang='lat' dir='ltr'><strong>omnes</strong></span> 
     </span>
    </p>
   </div>
   <div class='ocr_carea' id='block_1_113' title="bbox 2197 5267 3817 5351">
    <p class='ocr_par' dir='ltr' id='par_1_113' title="bbox 2197 5267 3817 5351">
     <span class='ocr_line' id='line_1_113' title="bbox 2197 5267 3817 5351; baseline 0.011 -30"><span class='ocrx_word' id='word_1_879' title='bbox 2197 5267 2399 5341; x_wconf 85' lang='lat' dir='ltr'><strong>Spiritu</strong></span> <span class='ocrx_word' id='word_1_880' title='bbox 2418 5279 2627 5333; x_wconf 77' lang='lat' dir='ltr'><strong>sancto.</strong></span> <span class='ocrx_word' id='word_1_881' title='bbox 2656 5272 2763 5328; x_wconf 85' lang='lat' dir='ltr'><strong>Aut</strong></span> <span class='ocrx_word' id='word_1_882' title='bbox 2792 5272 2837 5333; x_wconf 87' lang='lat' dir='ltr'><strong>si</strong></span> <span class='ocrx_word' id='word_1_883' title='bbox 2865 5272 3103 5329; x_wconf 85' lang='lat' dir='ltr'><strong>nondum</strong></span> <span class='ocrx_word' id='word_1_884' title='bbox 3143 5272 3401 5335; x_wconf 89' lang='lat' dir='ltr'><strong>dicendus</strong></span> <span class='ocrx_word' id='word_1_885' title='bbox 3428 5285 3510 5333; x_wconf 89' lang='lat' dir='ltr'><strong>est</strong></span> <span class='ocrx_word' id='word_1_886' title='bbox 3539 5278 3817 5351; x_wconf 63' lang='lat' dir='ltr'><strong>populus,</strong></span> 
     </span>
    </p>
   </div>
   <div class='ocr_carea' id='block_1_114' title="bbox 2196 5364 3815 5443">
    <p class='ocr_par' dir='ltr' id='par_1_114' title="bbox 2196 5364 3815 5443">
     <span class='ocr_line' id='line_1_114' title="bbox 2196 5364 3815 5443; baseline 0.004 -21"><span class='ocrx_word' id='word_1_887' title='bbox 2196 5372 2410 5423; x_wconf 75' lang='lat' dir='ltr'><strong>centum</strong></span> <span class='ocrx_word' id='word_1_888' title='bbox 2435 5364 2619 5437; x_wconf 84' lang='lat' dir='ltr'><strong>viginti</strong></span> <span class='ocrx_word' id='word_1_889' title='bbox 2646 5364 2911 5430; x_wconf 85' lang='lat' dir='ltr'><strong>homines,</strong></span> <span class='ocrx_word' id='word_1_890' title='bbox 2939 5366 3033 5437; x_wconf 90' lang='lat' dir='ltr'><strong>qui</strong></span> <span class='ocrx_word' id='word_1_891' title='bbox 3054 5375 3179 5425; x_wconf 87' lang='lat' dir='ltr'><strong>tunc</strong></span> <span class='ocrx_word' id='word_1_892' title='bbox 3201 5369 3256 5424; x_wconf 89' lang='lat' dir='ltr'><strong>in</strong></span> <span class='ocrx_word' id='word_1_893' title='bbox 3279 5369 3397 5427; x_wconf 81' lang='lat' dir='ltr'><strong>loco</strong></span> <span class='ocrx_word' id='word_1_894' title='bbox 3424 5384 3530 5426; x_wconf 88' lang='lat' dir='ltr'><strong>uno</strong></span> <span class='ocrx_word' id='word_1_895' title='bbox 3544 5369 3815 5443; x_wconf 57' lang='lat' dir='ltr'><strong>aderant,</strong></span> 
     </span>
    </p>
   </div>
   <div class='ocr_carea' id='block_1_115' title="bbox 2197 5456 3768 5534">
    <p class='ocr_par' dir='ltr' id='par_1_115' title="bbox 2197 5456 3768 5534">
     <span class='ocr_line' id='line_1_115' title="bbox 2197 5456 3768 5534; baseline 0.005 -20"><span class='ocrx_word' id='word_1_896' title='bbox 2197 5466 2342 5519; x_wconf 85' lang='lat' dir='ltr'><strong>certe</strong></span> <span class='ocrx_word' id='word_1_897' title='bbox 2365 5458 2577 5529; x_wconf 79' lang='lat' dir='ltr'><strong>quando</strong></span> <span class='ocrx_word' id='word_1_898' title='bbox 2602 5457 2757 5515; x_wconf 86' lang='lat' dir='ltr'><strong>simul</strong></span> <span class='ocrx_word' id='word_1_899' title='bbox 2784 5468 3016 5531; x_wconf 87' lang='lat' dir='ltr'><strong>quatuor</strong></span> <span class='ocrx_word' id='word_1_900' title='bbox 3048 5456 3130 5525; x_wconf 86' lang='lat' dir='ltr'><strong>vel</strong></span> <span class='ocrx_word' id='word_1_901' title='bbox 3172 5463 3406 5534; x_wconf 88' lang='lat' dir='ltr'><strong>quinque</strong></span> <span class='ocrx_word' id='word_1_902' title='bbox 3462 5464 3623 5519; x_wconf 85' lang='lat' dir='ltr'><strong>millia</strong></span> <span class='ocrx_word' id='word_1_903' title='bbox 3667 5480 3768 5521; x_wconf 88' lang='lat' dir='ltr'><strong>cre</strong></span> 
     </span>
    </p>
   </div>
   <div class='ocr_carea' id='block_1_116' title="bbox 2197 5549 3803 5624">
    <p class='ocr_par' dir='ltr' id='par_1_116' title="bbox 2197 5549 3803 5624">
     <span class='ocr_line' id='line_1_116' title="bbox 2197 5549 3803 5624; baseline 0.004 -18"><span class='ocrx_word' id='word_1_904' title='bbox 2197 5549 2480 5618; x_wconf 88' lang='lat' dir='ltr'><strong>diderunt,</strong></span> <span class='ocrx_word' id='word_1_905' title='bbox 2507 5560 2562 5606; x_wconf 89' lang='lat' dir='ltr'><strong>et</strong></span> <span class='ocrx_word' id='word_1_906' title='bbox 2606 5549 2857 5621; x_wconf 84' lang='lat' dir='ltr'><strong>baptizati</strong></span> <span class='ocrx_word' id='word_1_907' title='bbox 2897 5560 3218 5622; x_wconf 87' lang='lat' dir='ltr'><strong>acceperunt</strong></span> <span class='ocrx_word' id='word_1_908' title='bbox 3246 5552 3501 5624; x_wconf 83' lang='lat' dir='ltr'><strong>Spiritum</strong></span> <span class='ocrx_word' id='word_1_909' title='bbox 3543 5564 3803 5613; x_wconf 85' lang='lat' dir='ltr'><strong>sanctum</strong></span> 
     </span>
    </p>
   </div>
   <div class='ocr_carea' id='block_1_117' title="bbox 2197 5641 3800 5718">
    <p class='ocr_par' dir='ltr' id='par_1_117' title="bbox 2197 5641 3800 5718">
     <span class='ocr_line' id='line_1_117' title="bbox 2197 5641 3800 5718; baseline 0.003 -20"><span class='ocrx_word' id='word_1_910' title='bbox 2197 5641 2309 5718; x_wconf 86' lang='lat' dir='ltr'><strong>(Id.</strong></span> <span class='ocrx_word' id='word_1_911' title='bbox 2339 5660 2414 5709; x_wconf 84' lang='lat' dir='ltr'><strong>iv,</strong></span> <span class='ocrx_word' id='word_1_912' title='bbox 2442 5643 2535 5712; x_wconf 75' lang='lat' dir='ltr'><strong>3i)</strong></span> <span class='ocrx_word' id='word_1_913' title='bbox 2559 5682 2578 5707; x_wconf 90' lang='lat'><strong>,</strong></span> <span class='ocrx_word' id='word_1_914' title='bbox 2623 5642 2743 5714; x_wconf 87' lang='lat' dir='ltr'><strong>quis</strong></span> <span class='ocrx_word' id='word_1_915' title='bbox 2767 5641 3091 5701; x_wconf 85' lang='lat' dir='ltr'><strong>dubitaverit</strong></span> <span class='ocrx_word' id='word_1_916' title='bbox 3140 5643 3303 5703; x_wconf 84' lang='lat' dir='ltr'><strong>simul</strong></span> <span class='ocrx_word' id='word_1_917' title='bbox 3337 5644 3589 5716; x_wconf 88' lang='lat' dir='ltr'><strong>populum</strong></span> <span class='ocrx_word' id='word_1_918' title='bbox 3630 5661 3800 5703; x_wconf 82' lang='lat' dir='ltr'><strong>acce—</strong></span> 
     </span>
    </p>
   </div>
   <div class='ocr_carea' id='block_1_118' title="bbox 2197 5734 3803 5810">
    <p class='ocr_par' dir='ltr' id='par_1_118' title="bbox 2197 5734 3803 5810">
     <span class='ocr_line' id='line_1_118' title="bbox 2197 5734 3803 5810; baseline 0.001 -18"><span class='ocrx_word' id='word_1_919' title='bbox 2197 5737 2340 5807; x_wconf 87' lang='lat' dir='ltr'><strong>pisse</strong></span> <span class='ocrx_word' id='word_1_920' title='bbox 2370 5734 2623 5807; x_wconf 90' lang='lat' dir='ltr'><strong>Spiritum</strong></span> <span class='ocrx_word' id='word_1_921' title='bbox 2656 5742 2921 5804; x_wconf 90' lang='lat' dir='ltr'><strong>sanctum,</strong></span> <span class='ocrx_word' id='word_1_922' title='bbox 2953 5745 3009 5792; x_wconf 92' lang='lat' dir='ltr'><strong>et</strong></span> <span class='ocrx_word' id='word_1_923' title='bbox 3031 5736 3421 5793; x_wconf 89' lang='lat' dir='ltr'><strong>multitudinem</strong></span> <span class='ocrx_word' id='word_1_924' title='bbox 3450 5754 3569 5810; x_wconf 73' lang='lat' dir='ltr'><strong>quae</strong></span> <span class='ocrx_word' id='word_1_925' title='bbox 3596 5738 3803 5794; x_wconf 80' lang='lat' dir='ltr'><strong>ambu-</strong></span> 
     </span>
    </p>
   </div>
   <div class='ocr_carea' id='block_1_119' title="bbox 2196 5827 3811 5895">
    <p class='ocr_par' dir='ltr' id='par_1_119' title="bbox 2196 5827 3811 5895">
     <span class='ocr_line' id='line_1_119' title="bbox 2196 5827 3811 5895; baseline 0.005 -12"><span class='ocrx_word' id='word_1_926' title='bbox 2196 5830 2338 5883; x_wconf 83' lang='lat' dir='ltr'><strong>labat</strong></span> <span class='ocrx_word' id='word_1_927' title='bbox 2365 5830 2419 5883; x_wconf 90' lang='lat' dir='ltr'><strong>in</strong></span> <span class='ocrx_word' id='word_1_928' title='bbox 2450 5838 2611 5893; x_wconf 81' lang='lat' dir='ltr'><strong>terra,</strong></span> <span class='ocrx_word' id='word_1_929' title='bbox 2641 5827 2693 5884; x_wconf 91' lang='lat' dir='ltr'><strong>id</strong></span> <span class='ocrx_word' id='word_1_930' title='bbox 2715 5838 2819 5895; x_wconf 83' lang='lat' dir='ltr'><strong>est,</strong></span> <span class='ocrx_word' id='word_1_931' title='bbox 2853 5830 3101 5887; x_wconf 71' lang='lat' dir='ltr'><strong>horumce</strong></span> <span class='ocrx_word' id='word_1_932' title='bbox 3116 5831 3385 5895; x_wconf 76' lang='lat' dir='ltr'><strong>calcantes</strong></span> <span class='ocrx_word' id='word_1_933' title='bbox 3406 5840 3597 5889; x_wconf 79' lang='lat' dir='ltr'><strong>terram</strong></span> <span class='ocrx_word' id='word_1_934' title='bbox 3614 5830 3641 5887; x_wconf 65' lang='grc' dir='ltr'><em>ἲ</em></span> <span class='ocrx_word' id='word_1_935' title='bbox 3656 5828 3811 5891; x_wconf 75' lang='lat' dir='ltr'><strong>Nam</strong></span> 
     </span>
    </p>
   </div>
   <div class='ocr_carea' id='block_1_120' title="bbox 2198 5920 3815 5997">
    <p class='ocr_par' dir='ltr' id='par_1_120' title="bbox 2198 5920 3815 5997">
     <span class='ocr_line' id='line_1_120' title="bbox 2198 5920 3815 5997; baseline 0.002 -16"><span class='ocrx_word' id='word_1_936' title='bbox 2198 5922 2284 5981; x_wconf 86' lang='lat' dir='ltr'><strong>ille</strong></span> <span class='ocrx_word' id='word_1_937' title='bbox 2310 5922 2399 5997; x_wconf 88' lang='lat' dir='ltr'><strong>qui</strong></span> <span class='ocrx_word' id='word_1_938' title='bbox 2425 5920 2581 5979; x_wconf 86' lang='lat' dir='ltr'><strong>datur</strong></span> <span class='ocrx_word' id='word_1_939' title='bbox 2604 5921 2672 5980; x_wconf 85' lang='lat' dir='ltr'><strong>ad</strong></span> <span class='ocrx_word' id='word_1_940' title='bbox 2713 5930 2954 5979; x_wconf 87' lang='lat' dir='ltr'><strong>naturam</strong></span> <span class='ocrx_word' id='word_1_941' title='bbox 2984 5921 3213 5980; x_wconf 85' lang='lat' dir='ltr'><strong>hominis</strong></span> <span class='ocrx_word' id='word_1_942' title='bbox 3241 5924 3534 5996; x_wconf 84' lang='lat' dir='ltr'><strong>pertinens,</strong></span> <span class='ocrx_word' id='word_1_943' title='bbox 3573 5923 3689 5983; x_wconf 65' lang='lat' dir='ltr'><strong>dvo</strong></span> <span class='ocrx_word' id='word_1_944' title='bbox 3720 5934 3815 5984; x_wconf 63' lang='lat' dir='ltr'><strong>et</strong></span> 
     </span>
    </p>
   </div>
  </div>
