4012 6514
162 443 262 513 88

164 557 444 639 propagine
469 561 656 634 detur,
685 559 798 620 sive
823 569 992 618 novus
1017 553 1316 618 iusuliletur
1338 557 1360 635 (
1369 567 1593 632 quorum
1620 555 1758 613 nihil

163 655 530 713 adiuuandum
581 669 705 713 esse
751 656 871 712 dico
894 697 908 719 ,
937 655 1111 710 donec
1149 654 1464 708 alterutrum
1496 652 1612 706 sine
1651 650 1756 705 ulla

165 748 486 804 dubitatione
512 743 809 818 clarescat)
837 759 942 800 non
972 743 1134 799 datur
1165 742 1498 799 calcantibus
1521 749 1716 795 terram
1737 780 1754 806 ,

165 839 257 896 sed
274 840 449 894 adhuc
478 848 728 894 materno
753 847 906 893 utero
946 836 1186 894 inclusis.
1232 832 1388 890 Dedit
1417 846 1546 904 ergo
1573 832 1754 886 llatum

165 934 352 1007 populo
392 943 559 1004 super
589 941 786 987 terram
809 974 824 998 ,
852 941 908 986 et
959 929 1204 1000 spiritum
1233 927 1559 982 calcantibus
1601 937 1753 990 eam,

165 1027 370 1099 quando
400 1026 552 1081 limiti
575 1024 739 1080 simul
765 1024 1066 1088 credentes,
1098 1021 1260 1077 simul
1281 1020 1469 1091 repleti
1495 1023 1619 1074 sunt
1639 1017 1758 1088 Spi-

166 1125 261 1179 ritu
301 1129 516 1177 sancto.
548 1119 613 1175 Et
656 1121 771 1189 ipse
819 1117 909 1174 dat
963 1129 1084 1172 eum
1125 1117 1320 1188 populo
1361 1129 1494 1181 suo,
1520 1113 1620 1169 etsi
1652 1127 1756 1167 non

166 1214 316 1271 simul
341 1211 595 1269 omnibus
613 1254 629 1280 ,
656 1211 751 1266 sed
780 1208 801 1243 ⁹
823 1219 922 1266 Suo
953 1209 1144 1279 cuique
1165 1212 1424 1278 tempore,
1447 1203 1617 1260 donec
1645 1203 1758 1258 dis-

172 1303 408 1363 cedendo
436 1304 504 1360 de
532 1302 632 1359 huc
656 1305 763 1358 vita
789 1345 805 1370 ,
842 1307 897 1357 et
923 1298 1261 1357 succedendo
1291 1300 1342 1354 in
1387 1297 1524 1352 hanc
1552 1301 1714 1352 vitam
1738 1338 1754 1364 ,

169 1399 448 1454 universus
488 1395 734 1467 ejusdem
779 1392 955 1466 populi
1004 1401 1258 1448 numerus
1295 1389 1627 1464 compleatur
1657 1406 1670 1443 :
1697 1397 1760 1442 ut

169 1493 262 1547 hoc
299 1493 508 1547 sancta:
525 1487 820 1559 Scriptura:
854 1488 972 1542 loco
996 1495 1106 1541 non
1133 1483 1274 1539 aiiud
1303 1483 1372 1538 sit
1399 1481 1555 1538 flatus
1572 1521 1590 1548 ,
1617 1478 1758 1535 aliud

170 1585 413 1655 spiritus:
447 1582 548 1638 sed
574 1579 820 1652 ejusdem
861 1577 1142 1634 sententias
1180 1576 1446 1647 repetitio.
1477 1573 1626 1630 Sicut
1654 1585 1759 1628 non

171 1687 243 1734 est
277 1675 419 1732 alius
448 1675 542 1746 qui
567 1669 773 1729 habitat
792 1671 845 1727 in
873 1670 1028 1727 uelis
1049 1712 1064 1739 ,
1097 1679 1150 1726 et
1175 1669 1310 1724 alius
1337 1667 1632 1730 Dominus;
1661 1677 1765 1720 nec

170 1768 307 1826 aliud
341 1774 430 1824 est
476 1765 730 1832 irridere,
763 1776 817 1821 et
853 1763 994 1818 aliud
1035 1758 1364 1819 subsannare
1401 1760 1538 1816 :sed
1574 1757 1762 1813 eadem

173 1861 427 1920 sententia
447 1861 675 1932 repetita
702 1868 803 1924 est,
830 1858 916 1912 ubi
945 1855 1156 1927 legitur,
1184 1853 1282 1921 Qui
1309 1855 1500 1908 habitat
1526 1855 1578 1907 in
1599 1852 1757 1920 caelis,

173 1953 398 2010 irridebit
414 1967 502 2009 cus
522 1995 537 2019 ,
565 1963 613 2008 et
653 1950 904 2006 Dominus
928 1948 1258 2004 subsannabi't
1283 1961 1386 2002 eos.
1412 1946 1509 2000 Vel
1534 1958 1654 2000 cum
1681 1943 1762 1999 di-

175 2053 302 2103 ctum
329 2053 414 2101 est
451 2043 636 2100 :D‘abo
680 2042 770 2098 tibi
795 2052 964 2114 gentes
998 2039 1344 2096 lia-redituram
1365 2049 1503 2094 tuam
1522 2081 1536 2103 ,
1565 2047 1610 2092 et
1640 2052 1761 2107 pos-

173 2141 434 2194 scssioucm
463 2145 600 2192 tuam
619 2137 748 2208 fines
779 2141 926 2191 terra
946 2131 1115 2208 (Psat.
1147 2143 1213 2200 η,
1244 2135 1298 2200 4,
1328 2131 1406 2204 8).
1434 2131 1550 2187 Non
1581 2132 1762 2201 utique

173 2231 310 2288 aliud
335 2231 476 2286 dixit
502 2228 846 2284 Itrereditatan
862 2269 878 2295 ,
908 2225 1057 2281 aliud
1082 2227 1470 2297 possessionem;
1494 2238 1593 2279 nec
1617 2222 1761 2278 aliud

173 2333 336 2396 gente:
355 2365 371 2388 ,
399 2319 550 2376 aliud
578 2321 704 2391 ﬁnes
732 2329 880 2374 teme
907 2334 928 2373 .'
950 2317 1046 2374 sed
1086 2317 1325 2388 ejusdem
1373 2317 1654 2372 sententia:
1679 2327 1766 2370 re-

173 2417 346 2488 petitio
386 2423 494 2471 est.
521 2411 593 2478 Et
617 2409 1031 2468 innumerabiles
1079 2409 1312 2467 inveniet
1352 2408 1656 2479 huiusmodi
1685 2405 1765 2462 lo-

173 2510 408 2565 cutiones
464 2502 770 2563 divinorum
810 2503 1179 2576 eioqniorum,
1236 2502 1284 2560 si
1331 2501 1574 2558 advertat
1619 2501 1766 2573 quod

171 2602 308 2674 legit.

236 2693 321 2750 l9.
351 2690 512 2760 Quod
536 2695 716 2746 autem
744 2701 950 2762 graecus
979 2685 1112 2745 dicit
1138 2699 1305 2754 πνοήν,
1337 2683 1441 2744 hoc
1469 2686 1646 2743 Latini
1672 2699 1763 2742 va-

172 2788 244 2843 rie
289 2783 631 2858 interpretati
675 2791 833 2848 sunt;
883 2777 1169 2854 aliquando
1216 2780 1436 2850 llatum,
1476 2779 1763 2854 aliquando

171 2877 430 2948 spiritum,
469 2873 756 2950 aliquando
785 2873 1209 2946 inspirationem.
1238 2870 1368 2926 Nam
1402 2871 1503 2926 hoc
1541 2869 1761 2926 verbum

171 2957 362 3024 labent
389 2965 606 3023 codices
627 2963 790 3038 graeci
817 2967 870 3020 in
918 2961 1020 3019 isto
1063 2961 1375 3034 prophetico
1415 2961 1760 3031 teSIimonio,

171 3059 233 3115 de
254 3075 362 3131 quo
389 3070 536 3114 nunc
559 3057 788 3129 agimus,
809 3055 900 3111 ubi
937 3056 1136 3111 diet‘um
1180 3062 1296 3121 est,
1329 3051 1432 3120 Qui
1459 3054 1546 3108 dat
1580 3056 1765 3126 ﬂatum

173 3151 355 3224 populo
381 3166 541 3220 super
560 3161 672 3204 eam
699 3164 717 3203 :
748 3147 848 3202 hoc
891 3156 1008 3216 est,
1038 3160 1200 3209 πνοήν.
1230 3146 1408 3216 ipsum
1437 3146 1656 3200 verbum
1682 3151 1765 3202 est

170 3252 221 3299 et
245 3244 334 3297 ubi
363 3242 530 3296 homo
576 3241 846 3294 animatus
870 3247 953 3294 est
987 3251 999 3293 :
1033 3236 1108 3292 Et
1141 3235 1412 3309 insumeret:
1435 3235 1572 3292 Deus
1597 3238 1650 3292 in
1677 3239 1762 3310 fa-

169 3333 290 3389 ciem
313 3335 427 3407 ejus
453 3331 636 3404 ﬂatum
667 3332 782 3386 vita
810 3328 958 3402 (Gen.
995 3344 1031 3384 It
1051 3371 1065 3396 ,
1094 3330 1170 3400 τ).
1201 3326 1308 3385 Sed
1337 3328 1509 3401 ipsum
1537 3329 1761 3384 verbum

167 3435 244 3482 est
288 3437 347 3482 et
389 3427 443 3480 in
489 3423 702 3480 Psalmo
743 3421 834 3478 ubi
870 3420 1078 3478 canitur
1108 3437 1120 3475 :
1148 3421 1326 3477 Omnis
1353 3421 1563 3490 spiritus
1593 3421 1770 3477 laudet

167 3516 451 3572 Dominum
479 3512 652 3589 (Psal.
680 3527 765 3580 cn,
796 3512 872 3585 6’).
906 3510 1085 3584 ipsum
1134 3519 1220 3568 est
1256 3522 1310 3568 et
1353 3511 1412 3567 in
1449 3512 1589 3568 libro
1618 3513 1719 3568 Job
1744 3555 1761 3582 ,

167 3610 254 3664 ubi
299 3611 565 3678 scriptum
617 3616 700 3663 est
725 3624 739 3662 :
765 3603 1026 3678 Aspiratio
1068 3616 1237 3659 autem
1283 3603 1653 3677 01nnipotentis
1693 3615 1768 3662 est

165 3715 276 3774 qu
303 3703 476 3755 docet.
505 3699 684 3755 Noluit
707 3698 886 3754 dicere
907 3740 921 3765 ,
953 3693 1167 3763 Flatus;
1196 3696 1312 3761 sed‘,
1333 3699 1617 3769 aspiratio;
1643 3711 1766 3753 cum

165 3796 218 3849 in
264 3808 452 3865 grzecu
501 3790 574 3847 sit
622 3804 738 3854 πνοή
768 3805 782 3843 :
814 3790 958 3862 quod
995 3792 1154 3847 etiam
1198 3790 1250 3844 in
1295 3789 1401 3844 illis
1431 3791 1608 3845 verbis
1639 3790 1769 3846 Pro-

164 3890 372 3958 phetas,
401 3885 470 3942 de
489 3886 678 3957 quibus
699 3899 838 3940 nunc
859 3885 1211 3955 disputamus.
1239 3881 1307 3938 Et
1327 3894 1471 3939 certe
1494 3883 1596 3939 hoc
1625 3884 1763 3952 loco,

165 3982 359 4036 nescio
393 3992 563 4034 utrum
593 3979 786 4035 debeat
824 3978 1049 4034 dubitari
1093 3978 1344 4048 Spiritum
1376 3987 1616 4032 sanctum
1649 3993 1767 4035 esse

163 4074 551 4145 signiﬁcatum.
582 4073 854 4144 Agebatur
882 4073 1024 4126 enim
1078 4071 1142 4126 de
1189 4071 1483 4141 sapientia,
1531 4072 1670 4126 unde
1700 4073 1769 4128 sit

163 4169 212 4222 in
236 4165 558 4221 hominibus
587 4185 599 4220 :
628 4165 762 4233 Quia
783 4180 883 4218 non
907 4180 969 4218 ex
998 4179 1202 4218 numero
1227 4179 1500 4229 annorum,
1530 4165 1624 4217 sect
1640 4163 1768 4235 Spi-

163 4262 318 4327 ritus,
355 4259 560 4330 inquit,
591 4267 664 4313 est
684 4259 737 4312 in
762 4257 1068 4323 honrinibus;
1096 4256 1342 4329 aspiratio
1368 4264 1539 4309 autem
1581 4254 1768 4309 Omni-

161 4353 398 4426 pumm‘s
417 4359 490 4406 est
521 4366 632 4422 quia
650 4351 791 4405 docet
821 4349 940 4425 (Job
968 4367 1112 4405 xxxn
1135 4392 1148 4416 ,
1181 4349 1236 4424 7,
1260 4347 1314 4417 8,
1337 4365 1438 4404 sec.
1459 4348 1628 4421 LXX)
1664 4367 1678 4403 :
1712 4357 1771 4405 ut

160 4447 566 4518 intelligeretur
590 4446 689 4500 ista
719 4445 1060 4515 repetitione,
1086 4455 1190 4499 nan
1214 4453 1270 4498 Se
1298 4443 1364 4498 de
1385 4444 1574 4514 spiritu
1596 4442 1771 4498 homi-

158 4542 240 4597 nis
262 4537 504 4605 dixisse,
521 4539 661 4608 quod
686 4535 778 4604 ait,
801 4535 1023 4603 Spiritus
1045 4546 1120 4591 est
1147 4536 1199 4590 in
1225 4534 1529 4590 hominibus.
1545 4533 1773 4591 Volebat

157 4634 312 4691 enim
348 4629 636 4686 ostendere
668 4630 808 4685 unde
827 4629 1060 4688 habeant
1087 4630 1424 4699 sapientiam,
1455 4627 1578 4700 quia
1608 4643 1711 4682 non
1739 4643 1771 4684 a

157 4741 218 4782 se
266 4722 446 4796 ipsis;
479 4732 532 4776 et
555 4721 845 4793 repetendo
873 4719 930 4775 id
969 4722 1215 4792 exposuit
1258 4720 1478 4788 dicens,
1513 4720 1772 4786 Aspiratio

160 4815 554 4891 Omnipotentis
588 4825 660 4871 est
684 4831 796 4887 quis
836 4815 997 4871 docet.
1031 4814 1161 4870 item
1203 4815 1308 4869 alio
1339 4815 1456 4869 loco
1501 4815 1553 4869 in
1582 4815 1773 4871 eodem

155 4913 346 4974 libro,
387 4906 680 4962 Intellectus
702 4949 716 4975 ,
748 4908 918 4979 inquit
936 4948 951 4973 ,
981 4906 1232 4966 (abiaram
1261 4922 1486 4960 meorum
1535 4924 1665 4979 pura
1692 4906 1774 4962 in-

154 5003 358 5075 telligit
387 5014 406 5054 :
433 4997 658 5069 Spiritus
700 4999 899 5054 divinus
924 4999 1016 5072 qui
1040 4999 1158 5068 fecit
1185 5013 1300 5064 me,
1332 4997 1575 5070 aspiratio
1604 5009 1775 5054 autem

155 5090 559 5164 Omnipotcntis
581 5133 596 5159 ,
645 5108 757 5164 qua:
794 5091 936 5146 docet
975 5108 1053 5148 me
1085 5090 1208 5165 (Id.
1237 5105 1432 5160 xrxttt,
1471 5091 1539 5160 5,
1572 5093 1606 5148 4
1626 5134 1642 5159 ,
1671 5109 1772 5148 sec.

150 5188 369 5261 LXX).
406 5184 476 5240 Et
502 5184 585 5243 hic
623 5184 768 5259 quod
809 5185 922 5254 ait,
949 5187 1193 5258 aspiratio
1218 5229 1233 5252 ,
1262 5187 1342 5242 vel
1375 5187 1657 5258 inspiratio
1682 5235 1689 5248 .
1719 5187 1776 5245 in

146 5291 349 5354 επεςο
387 5286 470 5333 est
500 5289 651 5346 πηλ,
680 5277 770 5350 qui
800 5280 851 5332 in
873 5277 979 5333 illis
1001 5278 1275 5350 propheta:
1297 5279 1476 5336 verbis
1506 5279 1776 5351 interpre-

149 5386 306 5432 tatus
345 5381 458 5439 cst,
492 5368 667 5436 flatus.
700 5370 1056 5439 Quamobrem
1086 5387 1206 5427 cum
1237 5381 1438 5430 temere
1460 5384 1686 5444 negetur
1709 5373 1777 5430 de

146 5469 354 5524 anima
405 5462 636 5520 hominis
665 5464 748 5520 vel
795 5463 863 5520 de
902 5465 1092 5535 spiritu
1120 5464 1353 5520 hominis
1399 5481 1519 5522 esse
1544 5466 1774 5534 dictum,

149 5560 266 5626 Qui
293 5557 404 5612 dat
430 5556 612 5626 ﬂatum
652 5556 842 5628 populo
870 5573 1023 5626 super
1051 5573 1160 5610 eam
1185 5599 1200 5624 ,
1233 5567 1280 5612 et
1307 5557 1543 5628 spiritum
1569 5560 1776 5614 calcan-

146 5652 297 5708 tilus
325 5664 489 5715 eam;
515 5649 758 5718 quamvis
786 5649 858 5704 ibi
893 5659 949 5704 et
972 5647 1200 5719 Spiritus
1228 5659 1444 5706 sanctus
1470 5651 1639 5707 multo
1662 5669 1782 5709 cre-

146 5745 405 5802 dibilius
447 5741 616 5812 possit
644 5741 864 5814 intelligi
898 5757 1041 5816 :qua
1083 5742 1294 5798 tandem
1321 5745 1527 5802 ratione
1566 5746 1780 5805 audebit

215 5895 602 5990 ιμιιιυεαςίριὶ,
616 5913 707 5968 etsi
726 5927 820 5968 non
838 5915 986 5969 simul
1005 5917 1238 5983 omnibus,
1253 5935 1339 5974 suo
1361 5922 1531 5987 cuique
1554 5931 1781 5990 tempore.

144 5977 510 6042 cunmm.

1522 434 1725 500 LIBER
1761 430 2033 502 minus.

3351 443 3471 508 ιω

1864 556 2055 627 aliquis
2107 555 2361 624 delinire,
2405 557 2635 642 animum
2670 555 2766 617 vel;
2802 558 3074 633 spiritum,
3109 574 3215 642 quo
3267 574 3453 622 natura

1863 657 2045 704 nostra
2085 650 2250 718 vivit,
2293 649 2413 706 loco
2455 640 2546 708 ilio
2589 655 2821 710 voluisse
2865 640 3172 732 signiﬁcare
3212 656 3450 727 ineptior

1865 751 1972 797 tam
2008 743 2026 774 ¹
2046 743 2073 797 i
2095 741 2228 798 Cum
2261 742 2501 814 profecto
2531 746 2576 801 si
2613 747 2950 816 apertissime
2971 747 3202 813 diceret,
3233 747 3334 816 Qui
3366 750 3464 806 dat’

1867 833 2098 888 animam
2127 835 2324 905 populo
2352 847 2514 905 super
2544 843 2761 900 terram,
2793 837 2964 893 adhuc
2994 839 3340 909 qnzercndum
3368 856 3460 896 es-

1865 932 1974 990 set,
2000 933 2174 978 utrum
2200 937 2316 980 eam
2348 919 2589 982 Deuscr
2629 927 2832 998 origine
2853 921 3207 997 [incedentis
3243 933 3456 1002 generis

1864 1015 1984 1086 ipse
2007 1016 2132 1082 det,
2163 1017 2298 1072 sicut
2320 1033 2384 1073 ex
2415 1019 2624 1090 origine
2656 1021 3003 1091 praedicatis
3030 1025 3274 1094 generis,
3303 1027 3464 1096 ipse’

1866 1117 2042 1164 tamen
2071 1108 2161 1164 d'at
2187 1124 2406 1181 corpus,
2439 1123 2542 1167 non
2571 1113 2741 1168 solum
2772 1114 2978 1170 homini
3001 1123 3094 1171 aut
3120 1119 3297 1186 pecori
3319 1161 3336 1186 ,
3357 1118 3462 1175 sed

1863 1201 2022 1255 etiam
2045 1201 2235 1256 semini
2258 1202 2451 1270 tritici,
2479 1213 2572 1260 aut
2590 1204 2820 1275 alicujus
2851 1213 3176 1263 exterarum
3189 1209 3458 1280 quomodo

1863 1293 2095 1348 voluerit
2121 1309 2138 1347 :
2170 1305 2234 1348 an
2273 1309 2402 1351 vero
2427 1307 2660 1366 novam,
2692 1297 2836 1354 sicut
2874 1297 3037 1355 homo
3067 1299 3271 1372 primus
3299 1313 3460 1359 secet-

1865 1385 1944 1455 pit
1960 1427 1974 1450 ,
2004 1383 2255 1441 insufﬂct.

1935 1476 2026 1532 20.
2053 1477 2190 1533 Sunt
2217 1479 2375 1534 etiam
2419 1478 2515 1551 qui
2541 1477 2657 1538 haec
2695 1481 2858 1537 verba
2891 1483 3206 1561 prophetica
3246 1484 3333 1542 sic
3374 1487 3458 1544 ἰαι-

1865 1567 2144 1639 telligant,
2191 1578 2250 1625 ut
2302 1570 2446 1641 quod
2491 1571 2595 1639 ait,
2642 1572 2800 1629 Dedit
2842 1573 3026 1647 ﬂatum
3071 1577 3268 1650 populo
3303 1589 3460 1649 super

1865 1675 2012 1727 earn,
2043 1659 2100 1716 id
2141 1670 2257 1730 est,
2290 1675 2452 1734 super
2481 1672 2717 1734 terrain,
2741 1679 2857 1722 non
2899 1667 3008 1724 nisi
3031 1669 3261 1725 animam
3291 1670 3458 1727 velint

1865 1750 2040 1821 accipi
2077 1751 2304 1808 ﬂatum:
2333 1755 2493 1824 quod
2516 1765 2645 1812 Vero
2686 1756 2961 1828 adiunxit,
2990 1760 3306 1830 “spiritus
3345 1759 3490 1817 cat-7

1864 1845 2094 1901 centiens
2113 1862 2242 1916 eam,
2275 1847 2539 1919 Spiritum
2553 1859 2796 1906 sanenIm
2817 1850 3178 1922 signiﬁcatum
3195 1853 3458 1910 arbitrm-

1867 1945 1993 1992 tur:
2023 1937 2116 1994 illo
2139 1939 2346 1996 scilicet
2383 1941 2590 2008 ordine,
2621 1955 2728 2014 quo
2756 1953 2809 1998 et
2833 1944 3124 2015 Apostolus
3145 1945 3304 2016 diois,
3335 1945 3468 2003 Non

1868 2032 2094 2102 primum
2125 2035 2263 2105 quod
2283 2036 2552 2106 spiriniale
2579 2047 2680 2105 est,
2709 2039 2797 2094 sed
2821 2041 2956 2110 quod
2981 2042 3222 2109 omniate;
3251 2049 3458 2113 postea,

1866 2125 2134 2194 spiritaate
2159 2125 2202 2199 (l
2223 2125 2340 2181 Cor.
2373 2145 2462 2196 xv,
2488 2129 2600 2202 ισγ.
2624 2130 2757 2185 Nam
2783 2141 2850 2187 es
2879 2130 2985 2188 hac
3001 2133 3312 2205 prophetica
3336 2139 3461 2194 iren-
3485 2125 3488 2128 ’

1869 2218 2030 2271 tentia
2052 2218 2220 2272 etiam
2242 2219 2463 2290 elegans
2493 2221 2582 2277 ille
2610 2235 2806 2279 sensus
2830 2223 3180 2296 esscuipitur,
3203 2219 3347 2299 quod
3384 2227 3458 2284 ita

1867 2308 2096 2377 dixerit,
2120 2309 2433 2366 caPctmri'bas
2461 2327 2591 2380 eam,
2623 2323 2680 2369 ut
2715 2315 2878 2372 vellet
2919 2316 3139 2390 intelligi
3164 2362 3179 2388 ,
3209 2318 3466 2377 Contemc

1869 2401 2115 2456 nentibus
2137 2415 2277 2458 cam.
2321 2402 2421 2472 Qui
2450 2406 2594 2461 enim
2621 2407 2888 2478 accipiunt
2907 2405 3164 2480 Spiritum
3189 2417 3458 2481 sanctum,

1868 2505 2053 2550 amore
2098 2496 2403 2551 cmlestium
2458 2508 2669 2554 terrena
2714 2507 3078 2558 contemnunt.
3135 2499 3232 2560 Hie
3272 2515 3471 2563 attines:

1867 2588 2150 2643 sententiae
2195 2596 2300 2644 non
2340 2597 2463 2644 sunt
2507 2600 2697 2646 contra
2743 2592 2936 2662 iidem;
2977 2595 3091 2650 sive
3136 2607 3455 2668 turnusque,

1868 2681 1922 2737 id
1950 2692 2066 2751 εει,
2095 2693 2153 2739 et
2169 2679 2353 2739 natum
2396 2693 2451 2741 et
2478 2684 2723 2756 spiritum
2768 2687 2864 2758 qui
2903 2688 3138 2762 pertinet
3169 2690 3236 2745 ad
3264 2689 3459 2746 huma-
3487 2699 3492 2704 ‘

1868 2789 1990 2828 nam
2023 2785 2304 2842 naturam,
2337 2777 2560 2850 quisque
2602 2777 2868 2852 intelligat
2886 2795 2910 2847 ;'
2928 2780 3040 2835 sive
3062 2789 3348 2856 utmm‘que
3373 2782 3457 2838 di-

1867 2872 2011 2921 ctum
2060 2865 2288 2938 accipiat
2315 2867 2382 2923 dc
2411 2867 2609 2939 Spiritu
2658 2880 2872 2936 sancto;
2905 2867 3017 2928 sive
3042 2859 3224 2928 ﬂatum
3249 2873 3323 2930 ad
3344 2873 3461 2930 ani-

1866 2972 2031 3027 mum,
2060 2959 2305 3030 Spiritum
2323 2974 2451 3016 vero
2475 2961 2543 3016 ad
2567 2959 2820 3033 Spiritum
2849 2973 3090 3018 sanctum
3118 2964 3333 3022 referat.
3352 2963 3468 3024 Sed

1867 3053 1913 3107 si
1939 3052 2116 3106 anima
2146 3059 2201 3108 et
2244 3053 2464 3120 Spiritus
2493 3051 2724 3109 hominis
2752 3062 2806 3109 et
2827 3053 2912 3110 hic
2938 3051 3313 3128 intelligendus
3337 3065 3456 3126 est,

1869 3145 2008 3199 sicut
2055 3155 2164 3198 non
2207 3141 2560 3199 dubitandum
2595 3153 2679 3200 est
2720 3145 2868 3216 quod
2913 3159 3033 3201 cum
3069 3143 3211 3204 Deus
3237 3149 3360 3216 det;
3389 3151 3462 3206 ita

1869 3237 2212 3308 quatientium
2239 3247 2321 3292 σει
2350 3235 2526 3292 adhuc
2553 3235 2694 3292 unde
2715 3236 2824 3304 det,
2850 3245 3032 3292 unum
3051 3240 3459 3312 expmpagine,

1874 3329 2012 3384 sicut
2050 3328 2162 3398 ipse
2201 3328 2414 3399 quidem
2450 3328 2575 3396 dat,
2605 3328 2702 3385 sed
2730 3337 2907 3385 tanien
2949 3341 3015 3386 ex
3054 3334 3353 3404 prepagitte
3371 3331 3462 3390 dat

1869 3423 2112 3494 corporis
2151 3422 2432 3488 membra;
2460 3435 2535 3476 an-
2557 3433 2686 3477 vero
2718 3433 2913 3477 novum
2935 3464 2949 3488 ,
2980 3433 3156 3494 neque
3197 3437 3463 3498 propaga-

1873 3524 1985 3572 tum
2016 3515 2240 3588 singulis
2267 3515 2589 3571 insutilan‘do
2626 3514 2916 3573 distribuat
2943 3531 2955 3569 ε
2987 3515 3134 3588 quod
3152 3529 3261 3573 non
3285 3518 3461 3575 ambi-

1871 3626 1993 3681 gua,
2025 3611 2162 3666 sicut
2212 3611 2311 3665 iste
2341 3609 2506 3677 facit,
2549 3609 2648 3666 sed
2684 3609 2859 3682 aliqua
2883 3611 3178 3668 certissima
3219 3613 3464 3671 Volumus

1871 3703 2168 3758 divinorum
2197 3701 2529 3774 eioqniorum
2562 3703 2881 3760 auctoritate
2898 3703 3142 3760 defendi.

1939 3795 2030 3852 2i.
2056 3795 2254 3851 Eadem
2279 3795 2483 3850 ratione
2509 3805 2668 3850 etiam
2699 3797 2841 3867 quod
2889 3793 3020 3852 dicit
3047 3799 3205 3864 Deus,
3239 3796 3464 3863 Spiritus

1872 3889 2004 3944 enim
2031 3905 2062 3941 a
2083 3905 2160 3941 me
2185 3887 2312 3942 exiet
2330 3928 2346 3955 ,
2378 3898 2424 3942 et
2445 3903 2640 3942 omnem
2668 3887 2847 3958 ﬂatum
2871 3905 2960 3962 ego
2990 3889 3088 3963 feci
3116 3887 3281 3964 (Isai.
3315 3907 3420 3948 cvu
3443 3936 3459 3961 ,

1873 3977 1963 4054 16)
1995 3979 2098 4034 :de
2121 3979 2318 4050 Spiritu
2346 3979 2559 4050 quidem
2589 3987 2774 4035 sancto
2804 3981 3169 4052 accipiendum
3210 3987 3292 4039 est
3320 3985 3462 4057 quod

1872 4069 1979 4140 ait,
2014 4069 2240 4143 Spiritus
2277 4088 2309 4124 a
2337 4089 2415 4125 me
2463 4073 2630 4136 exict',’
2658 4067 2726 4128 de
2773 4087 2879 4144 quo
2909 4079 2964 4134 et
2998 4072 3244 4131 Salvator
3269 4075 3376 4142 ait,
3421 4073 3466 4133 Α

1874 4167 2034 4222 Patre
2062 4167 2286 4239 procedit
2313 4165 2490 4237 (Joan.
2523 4184 2592 4223 xv
2612 4209 2628 4235 ,
2655 4167 2747 4240 26)
2778 4187 2791 4223 :
2821 4166 2915 4224 sed
2945 4169 3085 4240 quod
3115 4168 3322 4226 dictum”
3343 4178 3427 4228 est
3447 4214 3464 4240 ,

1879 4259 2090 4314 Omnem
2127 4260 2308 4330 ﬂatum
2347 4277 2436 4332 ego
2484 4261 2617 4331 feci,
2667 4256 2737 4320 de
2764 4261 2912 4314 omni
2936 4259 3112 4316 anima
3143 4259 3342 4317 dictum
3368 4271 3466 4319 ne-

1873 4352 1986 4424 gari
2017 4368 2122 4408 non
2167 4359 2362 4421 potest.
2409 4350 2514 4408 Sed
2543 4365 2704 4407 omne
2739 4352 2900 4406 etiam
2927 4363 3122 4422 corpus
3151 4353 3266 4422 ipse
3293 4348 3419 4408 facit
3449 4365 3467 4408 τ

1875 4442 2017 4516 quod
2047 4452 2222 4498 autem
2267 4457 2332 4497 ex
2378 4443 2668 4516 prepagine
2705 4451 2900 4514 corpus
2942 4439 3230 4498 humanum
3270 4439 3462 4512 faciti,

1876 4537 2054 4592 nullus
2081 4536 2319 4608 ambigit.
2350 4536 2425 4592 Ac
2455 4551 2551 4606 per
2587 4535 2688 4591 hoc
2727 4535 2796 4592 de
2828 4533 3023 4602 anima,
3047 4547 3175 4592 cum
3195 4547 3312 4593 eam
3338 4549 3472 4593 cou-

1879 4635 1982 4686 slct
2005 4627 2072 4683 ab
2115 4628 2204 4686 illo
2233 4628 2376 4693 fieri,
2408 4625 2547 4684 unde
2576 4641 2696 4686 eam
2741 4623 2895 4685 iaciat
2915 4669 2931 4696 ,
2961 4636 3139 4684 utrum
3167 4641 3232 4685 ex
3262 4639 3466 4702 propa-

1877 4723 2001 4795 gine
2025 4724 2161 4778 sicut
2182 4739 2379 4796 corpus
2401 4766 2415 4790 ,
2449 4739 2518 4778 an
2541 4719 2856 4778 insulllando
2884 4723 3023 4778 sicut
3046 4721 3272 4794 priurum
3301 4722 3430 4781 fecit
3452 4767 3470 4795 ,

1879 4817 2052 4873 adhuc
2083 4817 2263 4888 utique
2293 4811 2669 4888 requirendum
2699 4823 2801 4871 est.

1950 4909 2040 4964 22.
2072 4908 2281 4980 Adfecit
2305 4910 2464 4965 etiam
2507 4909 2722 4963 tertium
2763 4907 3122 4965 testimonium
3143 4951 3158 4975 ,
3188 4909 3309 4980 quia
3333 4911 3473 4966 scri-

1879 5011 2029 5074 ptum
2075 5012 2191 5068 est,
2220 5000 2322 5070 Qui
2344 4997 2488 5076 ﬁngit
2530 4999 2761 5071 spiritum
2807 5001 3022 5056 hominis
3050 5002 3101 5056 in
3133 4999 3243 5072 ipso
3275 5002 3292 5074 (
3309 4999 3472 5058 Zach.

1883 5111 1962 5151 xu
1981 5137 1994 5159 ,
2020 5092 2093 5164 l).
2126 5089 2286 5164 Quasi
2315 5091 2418 5149 hoc
2438 5103 2698 5164 negetur:
2729 5089 2822 5148 sed
2853 5091 2995 5148 unde
3013 5109 3132 5148 eum
3163 5093 3346 5166 lingat,
3373 5093 3484 5150 hoe“

1883 5185 2157 5260 quarritur.
2181 5184 2310 5240 Nam
2333 5193 2386 5239 et
2401 5183 2732 5256 corporalem
2753 5185 2984 5242 hominis
3009 5187 3219 5242 oculum
3251 5187 3368 5258 quis
3389 5188 3473 5242 ni-

1883 5279 1928 5334 si
1949 5279 2088 5335 Deus
2111 5275 2296 5348 lingit?
2317 5275 2383 5331 Et
2405 5286 2533 5347 puto
2553 5277 2694 5348 quod
2718 5293 2822 5333 non
2849 5289 3026 5360 extra,_
3038 5279 3129 5334 sed
3159 5279 3220 5334 in'
3242 5279 3354 5350 ipso
3372 5277 3484 5351 (a);‘

1885 5379 1940 5428 et
1966 5381 2142 5427 tamen
2164 5412 2180 5439 ,
2211 5379 2270 5426 ut
2291 5380 2504 5428 certum
2526 5380 2638 5440 est,
2666 5385 2736 5426 ex
2766 5373 3077 5444 propagine.
3115 5372 3252 5427 Cum
3272 5384 3399 5440 ergo
3423 5379 3478 5426 et

1884 5465 2137 5535 spiritum
2177 5461 2411 5519 hominis
2453 5462 2506 5519 in
2548 5462 2668 5534 ipso
2714 5461 2907 5534 lingat,
2957 5461 3301 5532 querendum
3351 5471 3478 5531 est,

1885 5568 2062 5614 utrum
2109 5571 2248 5614 nova
2274 5555 2634 5613 insumatione
2657 5599 2672 5624 ,
2704 5569 2772 5612 an
2811 5565 3037 5612 tractum
3069 5571 3132 5610 ex
3163 5557 3478 5628 propagine.

1951 5675 1972 5708 ⁸
2003 5676 2075 5726 sic
2095 5675 2221 5727 forte
2245 5674 2488 5737 legendus
2517 5673 2602 5723 ille
2646 5670 2796 5732 locus,
2838 5670 3032 5722 audebit
3275 5668 3480 5734 defui"

1887 5737 2102 5790 attritum
2137 5738 2208 5809 uel
2254 5733 2493 5849 Tritis»,
2535 5748 2632 5808 quo
2668 5741 2842 5784 neutra
2863 5741 3024 5806 nostra
3048 5733 3354 5792 turmam
3385 5745 3482 5783 που

1888 5811 1952 5850 ex
1974 5812 2238 5858 primamne
2295 5799 2390 5858 uri,
2417 5798 2518 5848 loco
2539 5798 2622 5848 illo
2644 5795 2850 5847 wltdsse
2865 5793 3144 5858 Μυραῖοι
3170 5795 3478 5857 mitescit.

1974 5812 2238 5864 propagine
2260 5812 2390 5858 (lttt‘l,
2417 5812 2518 5848 loco
2539 5812 2622 5848 tuo
2644 5812 2850 5847 vastasse
2865 5812 3144 5858 mnum
3170 5812 3478 5857 nuptiarum

1953 5865 1982 5938 ξ.
2006 5864 2308 5938 Manuscripti
2352 5859 2670 5925 pra’cetlerttis
2718 5857 2922 5938 geum‘s,
2968 5864 3130 5924 tam
3159 5859 3248 5910 dat
3287 5869 3488 5924 corpus,

1889 5937 2086 5983 omisso,
2109 5937 2228 5988 ipse.

1953 5986 2026 6046 (α)
2060 5986 2284 6047 Subaudi,
2302 5983 2470 6046 ﬁngat.
