4012 6500
512 407 614 468 ιετ

587 519 678 576 25.
716 516 969 574 Novimus
1007 513 1166 570 etiam
1216 508 1641 564 Machabaiorum
1685 506 1937 578 juvenum
1987 520 2105 560 ma-

517 622 674 678 trem,
707 607 1067 665 fecundiorem
1097 602 1380 659 virtutibus
1408 599 1621 672 quando
1652 599 1746 654 ﬁlii
1785 597 1926 670 passi
1957 606 2104 666 sunt,

517 719 675 775 quam
709 701 900 756 fetibus
923 696 1137 770 quando
1163 695 1273 751 nati
1317 702 1445 751 sunt
1465 733 1480 759 ,
1509 706 1602 748 eos
1628 692 1706 748 sic
1725 690 1889 747 fuisse
1915 690 2110 745 adhor-

521 804 681 851 tatam
707 835 722 860 ,
763 800 820 847 ut
843 789 1048 846 diceret
1075 805 1088 843 :
1119 785 1276 856 Filii,
1305 785 1472 842 nescio
1507 783 1758 856 quomodo
1788 782 2030 855 paruistis
2057 782 2112 837 in

518 896 736 942 ventrem
774 902 943 940 meum
964 887 1004 938 ί.
1040 882 1220 956 Neque
1260 880 1393 936 enim
1431 895 1520 950 ego
1558 877 1792 949 spiritum
1813 885 1860 930 et
1889 876 2113 929 animam

519 979 703 1032 donavi
731 977 896 1044 vobis,
924 993 1013 1032 nec
1034 975 1247 1046 singulis
1274 971 1412 1028 vobis
1438 968 1602 1024 vultus
1641 979 1686 1025 et
1729 967 1951 1022 membra
1997 971 2109 1039 [or-

518 1071 648 1125 mavi
684 1086 702 1124 :
730 1069 818 1125 sed
851 1069 985 1124 Deus
1010 1068 1096 1138 qui
1121 1066 1236 1139 fecit
1267 1065 1513 1118 mundum
1536 1071 1584 1116 et
1628 1063 1796 1116 omnia
1822 1075 1936 1130 qua:
1971 1059 2023 1112 in
2055 1076 2112 1114 eo

519 1172 671 1229 sunt,
719 1161 932 1232 fecitque
972 1160 1231 1215 hominum
1289 1172 1481 1229 genus,
1533 1163 1578 1208 et
1627 1153 1852 1208 omnium
1908 1151 2114 1222 inquirit

520 1265 688 1311 actum
709 1259 729 1288 ²
756 1297 770 1322 ,
799 1265 844 1311 et
872 1255 980 1323 ipse
1024 1252 1162 1306 vobis
1188 1249 1423 1320 spiritum
1467 1256 1513 1301 et
1539 1247 1761 1300 animam
1798 1244 1973 1298 reddet
2001 1259 2115 1296 cum

522 1367 706 1423 magna
734 1347 1080 1404 misericordia
1105 1344 1171 1416 (ll
1201 1342 1440 1397 Machab.
1469 1356 1568 1404 vn,
1599 1338 1690 1406 22,
1719 1337 1835 1409 25).
1859 1335 2115 1390 Novimus

523 1444 639 1500 hate
667 1441 916 1514 quidem;
947 1437 1040 1494 sed
1087 1436 1212 1491 huic
1251 1432 1521 1505 quomodo
1562 1429 1920 1501 sulfragentur
1963 1427 2031 1481 ad
2063 1426 2114 1482 id

523 1535 667 1606 quod
690 1533 914 1601 asserit,
942 1546 1048 1586 non
1074 1528 1335 1584 videmus.
1366 1525 1496 1595 Quis
1521 1524 1662 1580 enim
1689 1523 2115 1579 Christianorum

525 1635 683 1698 neget
713 1626 880 1681 Deum
903 1622 1118 1678 ‘donare
1141 1619 1451 1675 hominibus
1477 1617 1709 1673 animam
1748 1624 1804 1671 et
1828 1613 2116 1686 spiritum?

525 1719 631 1777 Sed
661 1717 850 1775 eodem
897 1714 1058 1771 modo
1087 1713 1336 1770 existimo
1385 1712 1544 1767 istum
1583 1723 1775 1780 negare
1801 1722 1910 1763 non
1933 1721 2112 1777 posse,

527 1813 696 1869 Deum
733 1809 934 1864 donare
960 1804 1265 1862 hominibus
1307 1803 1543 1874 linguam
1569 1842 1584 1868 ,
1615 1815 1798 1856 aurem
1824 1839 1841 1866 ,
1862 1813 2079 1853 manum
2097 1839 2115 1867 ,

526 1905 716 1977 pedem
741 1944 756 1970 ,
799 1913 1093 1971 omnesque
1130 1897 1371 1967 corporis
1411 1908 1598 1952 sensus
1637 1904 1691 1949 et
1733 1893 1970 1948 omnium
2001 1892 2115 1948 for—

527 2012 670 2055 mam
703 2003 1054 2064 naturamque
1097 1990 1486 2048 membrorum.
1528 1986 1809 2057 Quomodo
1830 1987 1973 2043 enim
2003 1986 2119 2043 haec

531 2088 626 2146 Dei
654 2088 794 2144 dona
820 2101 942 2142 esse
965 2093 1250 2157 negaturus
1275 2091 1379 2147 est,
1409 2080 1510 2136 nisi
1538 2095 1597 2136 se
1625 2079 1970 2135 obliviscatur
1999 2093 2119 2134 esse

526 2178 915 2237 christianum?
935 2176 1042 2233 Sed
1092 2176 1231 2232 sicut
1267 2181 1478 2230 constat
1521 2187 1585 2226 ex
1614 2170 1906 2242 propagine
1938 2169 2120 2226 abillo

529 2275 647 2331 haec
694 2273 811 2328 ﬁeri
850 2281 1011 2342 atque
1050 2268 1237 2325 donari
1267 2285 1280 2322 :
1305 2267 1378 2322 ita
1417 2263 1764 2337 quaerendum
1803 2271 1887 2318 est
1914 2262 2074 2317 etiam
2099 2302 2116 2330 ,

527 2366 746 2438 spiritus
787 2372 843 2420 et
876 2363 1052 2418 anima
1096 2359 1330 2416 hominis
1376 2355 1519 2412 unde
1543 2355 1612 2410 ab
1647 2353 1738 2410 illo
1766 2351 2050 2422 efﬁciatur,
2082 2368 2116 2408 a

528 2474 634 2531 quo
658 2455 926 2513 efﬁciente
970 2454 1231 2518 donatur;
1258 2460 1436 2506 utrum
1475 2464 1541 2504 ex
1581 2446 1888 2519 parentibus
1913 2486 1929 2514 ,
1962 2460 2028 2500 an
2053 2459 2120 2502 ex

507 2551 730 2617 —nihilo;
757 2564 826 2604 an
851 2547 990 2618 quod
1012 2546 1112 2602 iste
1140 2544 1410 2609 afﬁrmat,
1437 2540 1532 2598 sed
1567 2539 1713 2596 omni
1740 2538 1899 2596 modo
1927 2553 2123 2594 caven-

526 2643 653 2699 dum
684 2651 802 2708 est,
835 2655 900 2695 ex
929 2639 1106 2710 aliqua
1131 2637 1289 2694 flatus
1313 2634 1428 2706 ejus
1460 2633 1725 2690 existente
1748 2639 1939 2688 natura
1965 2671 1980 2701 ,
2009 2645 2119 2687 non

524 2736 595 2792 de
621 2736 787 2791 nihilo
805 2742 1002 2801 creata,
1026 2731 1121 2788 sed
1148 2731 1217 2787 de
1237 2731 1373 2800 ipso.

597 2827 826 2886 CAPUT
851 2825 969 2882 XV.
991 2854 1060 2866 —
1077 2822 1170 2879 24.
1197 2822 1331 2877 Cum
1360 2820 1521 2891 igitur
1545 2817 1940 2890 Scripturarum
1971 2815 2122 2872 testi-

527 2920 705 2976 monia
730 2933 848 2990 qua:
868 2921 1275 2980 commemorat,
1299 2927 1634 2982 nequaquam
1657 2909 1886 2965 doceant
1907 2908 1956 2964 id
1979 2907 2120 2980 quod

526 3010 850 3083 persuadere
877 3015 1100 3063 conatur
1127 3004 1310 3079 (quod
1334 3003 1475 3059 enim
1503 3000 1571 3057 ad
1603 3001 1740 3056 hanc
1769 3000 2118 3071 quaestionem

526 3103 738 3169 attinet,
769 3099 990 3156 omnino
1017 3113 1122 3152 non
1154 3093 1513 3167 exprimunt);
1541 3093 1666 3165 quid
1690 3100 1774 3149 est
1800 3091 1943 3164 quod
1969 3090 2116 3160 dicit,

526 3194 764 3249 Animam
788 3208 851 3247 ex
873 3192 1002 3262 ﬂatu
1023 3189 1121 3244 Dei
1145 3196 1436 3243 constanter
1464 3185 1734 3240 asserimus
1751 3224 1766 3250 ,
1796 3200 1896 3238 non
1925 3200 1988 3238 ea:
2011 3191 2121 3237 tra-

526 3287 680 3354 duce,
709 3284 827 3358 quia
851 3299 913 3338 ea;
940 3281 1050 3337 Deo
1077 3280 1272 3336 datur?
1300 3277 1461 3346 Quasi
1487 3291 1683 3348 corpus
1711 3292 1777 3331 ex
1807 3276 1913 3332 alio
1942 3275 2117 3345 detur,

525 3394 683 3450 quam
711 3391 778 3432 ex
807 3376 896 3430 illo
924 3391 956 3430 a
985 3389 1092 3446 quo
1117 3381 1352 3438 creatur,
1375 3387 1439 3426 ex
1462 3384 1568 3441 quo
1589 3368 1766 3424 omnia
1790 3409 1808 3437 ,
1840 3383 1934 3438 per
1960 3382 2119 3439 quem

524 3473 726 3538 omnia,
755 3469 808 3524 in
837 3482 944 3540 quo
970 3466 1148 3522 omnia
1177 3464 1352 3539 (Rom.
1381 3479 1456 3528 xI,
1489 3461 1583 3531 '56)
1607 3479 1620 3515 :
1645 3458 1889 3530 quamvis
1918 3474 2023 3513 non
2053 3475 2119 3515 ex

525 3561 643 3633 ejus
657 3569 866 3626 natura,
886 3559 981 3615 sed
998 3574 1060 3614 ex
1077 3557 1193 3626 ejus
1205 3553 1437 3626 opiﬁcio.
1459 3551 1639 3625 Neque
1657 3567 1718 3604 ea:
1732 3550 1912 3617 nihilo,
1927 3549 2117 3622 inquit,

524 3656 643 3727 quia
662 3671 726 3709 ea:
747 3652 853 3706 Deo
875 3651 1232 3724 proﬁciscitur.
1251 3646 1362 3702 lloc
1382 3645 1541 3716 plane
1558 3658 1662 3697 non
1685 3642 1859 3698 adhuc
1874 3658 2121 3713 quzeI-en—

525 3746 652 3801 dum
673 3757 972 3810 monemus,
997 3749 1172 3796 utrum
1204 3739 1272 3793 ita
1301 3738 1369 3792 sit
1393 3754 1406 3790 :
1432 3735 1527 3790 sed
1555 3749 1773 3806 prorsus
1797 3750 1980 3789 verum
2012 3750 2118 3790 non

527 3853 646 3892 esse
667 3833 807 3905 quod
827 3833 972 3898 dicit,
999 3831 1049 3887 id
1067 3841 1174 3898 est,
1204 3829 1344 3901 quod
1374 3829 1549 3884 anima
1580 3842 1680 3881 nec
1703 3842 1766 3881 ex
1787 3827 2002 3882 traduce
2027 3828 2116 3895 sit,

534 3942 636 3983 nec
655 3941 720 3982 ex
739 3924 934 3988 nihilo;
951 3923 1073 3989 hoc,
1093 3921 1330 3991 inquam,
1353 3934 1537 3974 verum
1567 3933 1672 3972 non
1700 3933 1819 3972 esse
1835 3917 1950 3973 sine
1975 3917 2120 3972 dubi-

528 4021 730 4074 tatione
749 4017 1044 4071 ﬁrmamus.
1062 4013 1240 4070 Unum
1270 4021 1354 4068 est
1380 4012 1523 4067 enim
1547 4027 1576 4065 e
1598 4009 1824 4076 duobus,
1849 4011 1891 4063 si
1918 4025 1981 4063 ex
2009 4018 2119 4063 tra-

531 4110 670 4167 duce
696 4124 803 4164 non
820 4119 922 4176 est,
940 4124 1006 4165 ex
1028 4106 1194 4162 nihilo
1222 4113 1334 4172 est;
1353 4120 1421 4160 ne
1437 4105 1506 4159 ita
1525 4103 1593 4158 sit
1608 4118 1671 4159 ex
1693 4103 1822 4169 Deo,
1842 4111 1897 4158 ut
1916 4111 2118 4158 naturae

526 4203 598 4261 sit
625 4201 739 4271 Dei,
766 4200 909 4273 quod
933 4199 1153 4255 omnino
1178 4197 1496 4267 sacrilegum
1524 4205 1608 4250 est
1631 4193 1872 4251 credere.
1896 4194 2001 4250 Sed
2024 4195 2118 4250 ad-

527 4297 634 4354 huc
658 4304 832 4352 utrum
862 4308 967 4350 non
993 4292 1062 4348 sit
1086 4307 1152 4347 ex
1182 4289 1397 4346 traduce
1416 4329 1432 4355 ,
1462 4297 1608 4343 certa
1634 4287 1937 4343 testimonia
1963 4286 2116 4359 ﬂagi-

527 4402 704 4451 tamus
730 4399 824 4447 aut
850 4388 1138 4462 quaerimus
1166 4403 1178 4439 :
1207 4399 1314 4448 non
1342 4383 1519 4453 qualia
1552 4383 1657 4438 iste
1686 4382 1892 4452 posuit,
1926 4382 2116 4453 quibus

527 4486 631 4543 hoc
655 4483 796 4557 quod
824 4481 1113 4554 quzerimus
1138 4493 1241 4532 non
1266 4474 1591 4531 ostenditur.

596 4579 689 4636 25.
715 4575 818 4646 Qui
856 4575 1056 4630 utinam
1092 4571 1144 4625 in
1187 4577 1329 4624 tanta
1377 4565 1736 4638 profunditate
1773 4563 2114 4635 quaestionis,

528 4668 782 4744 quamdiu
809 4665 933 4739 quid
960 4663 1102 4720 dicat
1118 4663 1344 4733 ignorat,
1369 4659 1668 4715 imitaretur
1695 4655 2116 4710 Machabaaorum

528 4771 790 4821 matrem:
816 4773 935 4829 quae
959 4771 1079 4811 cum
1106 4753 1266 4809 sciret
1293 4750 1361 4807 de
1385 4751 1501 4806 viro
1529 4764 1589 4805 se
1620 4747 1757 4803 ﬁlios
1784 4746 2112 4817 concepisse,

529 4864 585 4911 et
610 4869 641 4909 a
663 4851 918 4908 Creatore
946 4846 1217 4912 omnium,
1257 4844 1370 4900 sive
1411 4839 1703 4898 secundum
1743 4853 1970 4909 corpus,
2002 4839 2118 4894 sive

529 4942 823 5002 secundum
851 4939 1081 4994 animam
1112 4945 1166 4991 et
1196 4935 1438 5005 spiritum
1480 4932 1581 4987 sibi
1621 4938 1832 4986 creatos
1862 4943 1982 4985 esse
2001 4970 2016 4997 ,
2045 4929 2119 4985 ait

529 5047 745 5105 tamen,
788 5033 975 5089 Nescio
1013 5031 1264 5103 quomodo
1308 5026 1547 5097 paruistis
1586 5026 1639 5080 in
1675 5034 1894 5080 ventrem
1931 5042 2114 5080 meum.

531 5128 734 5186 Vellem
779 5129 878 5183 iste
912 5126 1141 5191 diceret,
1171 5122 1295 5194 quid
1342 5122 1441 5176 ista
1487 5119 1780 5176 nesciebat.
1814 5118 1938 5174 Haec
1975 5121 2114 5175 cnim

531 5239 648 5297 quze
678 5221 807 5289 dixi,
837 5220 1017 5291 utique
1044 5217 1242 5272 sciebat
1265 5257 1278 5280 ,
1310 5214 1578 5287 quomodo
1604 5212 1896 5270 secundum
1923 5228 2119 5284 corpus

593 5343 610 5372 ί
625 5346 699 5400 Er.
713 5336 859 5400 Lugd.
887 5343 938 5385 et
963 5327 1078 5382 ven.
1099 5332 1176 5381 hic
1189 5339 1238 5400 et
1253 5329 1394 5400 paulo
1407 5328 1696 5400 post,_nescio
1711 5327 1954 5400 quomodo“
1967 5341 2120 5392 appa-

529 5399 692 5453 ruistis
733 5389 974 5450 invventre
1002 5389 1345 5454 rnco;\'ulgata
1383 5389 1494 5441 huic
1532 5389 1734 5454 lectioni
1757 5389 1888 5438 favet
1910 5389 2112 5454 dicens,

723 5458 929 5524 qualiter
952 5458 1004 5524 in
1037 5451 1180 5524 utero
1211 5451 1316 5504 meo
1357 5451 1748 5524 apparuistis.‘st
1785 5458 1923 5524 tota,
1960 5452 2120 5524 nescio

530 5513 765 5590 quomodo
782 5519 1008 5584 paruistis
1030 5517 1081 5568 in
1101 5524 1312 5590 ventrem
1334 5513 1523 5590 meum;
1541 5528 1656 5590 c‘utn‘
1672 5513 2113 5590 hac'adnotatione:

537 5573 670 5637 {Sic
680 5573 964 5634 constanter
981 5579 1290 5641 manuscripti
1325 5592 1418 5625 non
1452 5573 1542 5625 hoc
1565 5584 1745 5641 tantum
1770 5573 1903 5636 loco,
1935 5577 2022 5625 sed
2048 5579 2118 5627 in-

539 5666 564 5696 s
584 5648 656 5698 fra
677 5645 786 5696 aliis
814 5652 1057 5710 praeterea
1093 5638 1286 5692 duobus
1309 5654 1342 5710 :A
1361 5651 1458 5710 qua
1480 5638 1717 5710 versione
1727 5649 1871 5686 usum
1896 5642 2116 5710 Augusti-

537 5722 700 5785 suum
722 5699 956 5785 arbitror,
999 5699 1548 5785 ut‘.qute‘septu'aginnta
1583 5699 1811 5785 proxime.
1847 5699 2117 5785 exprimat,

537 5758 668 5825 nubi
701 5774 846 5820 etiam
881 5758 1184 5818 accusativus
1215 5758 1461 5825 legiturfs
1489 5758 1679 5812 Graecus
1721 5758 1842 5811 fert:
1869 5758 1975 5812 ouk
2017 5763 2097 5814 aid

745 5828 1227 5901 teneménephe‘nate
1244 5821 1449 5901 totum.
1515 5836 1570 5877 n.

593 5900 616 5932 s
647 5897 923 5956 mendum
943 5891 1152 5970 videtur,
1179 5896 1354 5942 ortum.
1383 5897 1571 5941 Graecus
1593 5891 1756 5950 habet,
1777 5891 1988 5952 gc‘ncsitt.

1405 393 1494 449 DE
1531 389 1740 448 ANIMA
1784 389 1869 446 ET
1912 387 2074 446 EJUS
2110 385 2412 455 ORIGINE,
2452 388 2509 446 S.
2549 389 2922 449 AUGUSTINI

3696 389 3810 450 488

2220 503 2275 556 in
2304 503 2420 573 ejus
2451 513 2658 560 uterum
2689 508 2961 574 venerint;
2991 507 3112 578 quia
3149 507 3217 564 de
3247 507 3362 564 viro
3404 521 3500 566 eos
3523 522 3584 566 se
3608 523 3810 568 conce-

2219 595 2359 665 pisse
2385 593 2626 651 dubitare
2652 613 2758 653 non
2791 607 3016 668 poterat.
3045 598 3409 656 Conﬁtebatur
3441 602 3600 657 etiam
3621 643 3640 672 ,
3669 605 3804 676 quia

2215 695 2270 742 et
2299 686 2400 744 hoc
2426 688 2606 760 utique
2633 689 2854 758 sciebat,
2880 690 3024 763 quod
3050 691 3190 747 Deus
3213 692 3317 747 illis
3346 692 3577 748 animam
3611 703 3668 750 et
3692 696 3809 766 spi-

2216 781 2377 837 ritum
2416 782 2655 850 dederit,
2683 784 2823 854 quod
2855 784 2969 854 ipse
3009 784 3114 840 illis
3143 785 3320 842 vultus
3345 794 3400 842 et
3427 788 3668 843 membra
3692 787 3814 845 for-

2222 877 2464 932 maverit.
2496 877 2633 945 Quid
2662 893 2790 950 ergo
2820 879 3126 935 nesciebat?
3162 880 3244 936 An
3285 882 3422 938 forte
3458 883 3601 954 quod
3628 887 3813 941 nesci-

2224 983 2343 1023 mus
2368 978 2424 1025 et
2450 985 2548 1025 nos
2569 1013 2582 1036 ,
2614 979 2792 1027 utrum
2820 971 3052 1028 animam
3086 981 3141 1028 et
3174 973 3418 1044 spiritum
3436 1017 3450 1041 ,
3473 991 3635 1047 quem
3664 978 3820 1034 Deus

2225 1061 2329 1117 illis
2349 1061 2466 1118 sine
2491 1063 2652 1119 dubio
2683 1063 2862 1132 dedit,
2893 1064 2959 1121 de
2986 1065 3295 1136 parentibus
3325 1067 3580 1138 traxerit,
3608 1085 3674 1126 an
3709 1087 3816 1127 no-

2219 1169 2342 1208 vum
2374 1155 2512 1210 sicut
2537 1155 2738 1212 homini
2767 1156 2942 1227 primo
2971 1156 3365 1214 insul'llaverit?
3395 1159 3508 1216 Sed
3529 1161 3641 1218 sive
3670 1162 3779 1217 hoc

2219 1245 2332 1300 sive
2359 1245 2498 1300 aliud
2530 1247 2725 1318 aliquid
2753 1247 2821 1304 de
2848 1259 3055 1306 natura:
3078 1249 3327 1305 humanm
3355 1251 3690 1308 institutione
3722 1271 3820 1310 ne—

2222 1339 2451 1403 sciebat,
2483 1341 2688 1396 nescire
2711 1357 2770 1397 se
2793 1342 3035 1410 dicebat;
3070 1360 3177 1400 non
3208 1345 3349 1416 quod
3382 1347 3688 1416 nesciebat,
3720 1358 3808 1406 te-

2224 1446 2372 1486 mere
2400 1431 2738 1488 defendebat.
2766 1433 2876 1491 Nec
2905 1444 3081 1492 tamen
3114 1437 3218 1492 iste
3255 1437 3380 1496 huic
3407 1438 3641 1509 diceret,
3669 1443 3818 1513 quod

2225 1525 2382 1580 nobis
2402 1526 2418 1557 ¹
2448 1525 2628 1582 dicere
2666 1542 2771 1581 non
2813 1528 3066 1585 erubuit:
3098 1529 3267 1586 Homo
3307 1532 3362 1587 in
3390 1533 3581 1588 honore
3616 1537 3821 1607 positus

2235 1633 2335 1671 non
2365 1617 2645 1684 intellexit;
2679 1629 3006 1691 comparatus
3035 1630 3108 1677 est
3137 1623 3397 1694 pecoribus
3435 1625 3736 1694 insensatis,
3770 1641 3819 1683 et

2223 1711 2405 1766 similis
2429 1711 2596 1781 [actus
2620 1722 2691 1767 est
2710 1711 2814 1768 illis
2839 1712 3008 1787 (Psal.
3038 1731 3221 1785 XLVIII,
3251 1714 3342 1788 15)
3368 1734 3383 1772 :
3407 1716 3547 1774 Ecce
3575 1717 3675 1774 ista
3697 1735 3823 1776 mu-

2227 1801 2328 1858 lier
2356 1801 2491 1858 dixit
2532 1803 2600 1859 de
2641 1803 2764 1860 ﬁliis
2802 1805 2912 1860 suis
2937 1846 2952 1874 ,
2988 1805 3173 1861 Nescio
3215 1810 3465 1879 quomodo
3493 1811 3734 1880 paruistis
3763 1813 3822 1868 in

2228 1905 2446 1950 ventrem
2475 1913 2640 1951 meum
2662 1913 2680 1952 :
2703 1913 2800 1953 nec
2829 1907 3004 1955 tamen
3047 1910 3388 1970 comparatur
3425 1903 3706 1972 pecoribus
3735 1905 3822 1960 in-

2227 1988 2474 2043 sensatis.
2505 1987 2712 2057 Nescio,
2737 1989 2869 2045 dixit
2893 2008 2904 2042 :
2930 1998 2985 2046 et
3010 1992 3161 2062 quasi
3186 2001 3490 2063 quzererent
3516 1997 3584 2049 ab
3609 2010 3691 2062 ea,
3720 2011 3824 2053 cur

2225 2081 2477 2145 nesciret,
2503 2081 2762 2152 adjunxit,
2790 2081 2968 2154 Neque
2992 2084 3124 2138 enim
3153 2100 3245 2155 ego
3271 2085 3505 2155 spiritum
3527 2095 3574 2140 et
3592 2086 3824 2142 animam

2225 2170 2411 2225 donavi
2439 2171 2593 2228 vobis.
2623 2172 2716 2227 llle
2747 2187 2874 2244 ergo
2899 2172 2992 2244 qui
3021 2172 3272 2240 donavit,
3302 2176 3404 2230 scit
3445 2176 3587 2233 unde
3629 2178 3824 2235 fecerit

2229 2262 2372 2333 quod
2401 2264 2616 2319 donavit
2635 2304 2652 2332 ,
2683 2273 2857 2319 utrum
2888 2281 2951 2320 ex
2983 2266 3273 2337 propagine
3297 2269 3592 2335 attraxerit,
3618 2286 3686 2326 an
3717 2287 3824 2327 no-

2225 2371 2348 2411 vum
2380 2356 2728 2412 insufllavcrit
2757 2374 2769 2410 :
2799 2357 2942 2428 quod
2967 2372 3097 2429 ego,
3121 2357 3319 2429 inquit,
3349 2360 3554 2416 nescio.
3578 2359 3691 2416 Nec
3712 2363 3826 2419 sin-

2231 2449 2366 2520 gulis
2411 2449 2548 2503 vobis
2592 2449 2758 2504 vultus
2802 2458 2848 2502 et
2896 2449 3120 2504 membra
3166 2452 3378 2522 formavi
3407 2466 3428 2507 :
3456 2450 3543 2508 ille
3581 2454 3683 2509 scit
3730 2457 3827 2527 qui

2239 2539 2505 2605 formavit,
2530 2552 2708 2595 utrum
2734 2540 2892 2595 simul
2914 2556 3034 2596 cum
3051 2542 3227 2597 anima
3249 2541 3575 2613 formaverit,
3598 2561 3665 2600 an
3687 2563 3828 2605 vero

2226 2633 2337 2704 jam
2367 2632 2609 2689 formatis
2636 2633 2867 2689 animam
2899 2633 3126 2691 dederit.
3145 2635 3262 2701 Quo
3287 2651 3415 2708 ergo
3437 2637 3617 2706 modo,
3638 2649 3825 2698 utrum

2243 2725 2335 2781 illo
2356 2741 2424 2781 an
2454 2725 2556 2781 isto
2581 2726 2632 2780 in
2661 2726 2777 2796 ejus
2804 2735 3047 2782 ventrem
3077 2727 3322 2782 venerint
3347 2727 3441 2784 ﬁlii
3461 2771 3477 2792 ,
3510 2730 3824 2798 nesciebat;

2235 2824 2291 2871 et
2323 2816 2451 2872 illud
2484 2825 2658 2872 tamen
2687 2815 2925 2883 sciebat,
2955 2825 3125 2872 totum
3153 2818 3293 2888 quod
3319 2817 3465 2874 dedit
3487 2820 3827 2880 redditurum

2227 2923 2348 2965 esse
2370 2909 2461 2978 qui
2489 2907 2654 2963 dedit.
2681 2908 2786 2964 Sed
2812 2909 2971 2980 eligat
3000 2909 3101 2966 iste
3127 2911 3180 2965 in
3209 2921 3413 2966 naturae
3443 2910 3690 2969 humana:
3713 2924 3826 2972 tam

2235 2998 2498 3070 profundo
2526 2999 2813 3072 abditoque
2844 3012 3074 3068 secreto,
3105 3002 3230 3072 quid
3261 3001 3454 3059 mulier
3482 3003 3582 3060 ista
3609 3008 3830 3062 nescie-

2227 3093 2297 3148 rit
2319 3110 2332 3146 :
2359 3102 2560 3148 tantum
2579 3108 2683 3148 non
2702 3093 2906 3164 judicet
2922 3095 3292 3162 mentientem,
3313 3112 3412 3153 nec
3436 3100 3722 3169 pecoribus
3743 3102 3796 3158 in
3810 3133 3829 3142 -

2230 3187 2460 3242 sensatis
2480 3195 2754 3257 comparet
2776 3187 3122 3242 nescientem.
3146 3188 3413 3260 Quidquid
3434 3201 3549 3245 erat
3567 3193 3710 3261 quod
3735 3193 3828 3249 illa

2230 3280 2501 3337 nesciebat
2519 3321 2534 3348 ,
2565 3277 2809 3351 profecto
2833 3279 2899 3334 ad
2932 3289 3176 3335 naturam
3216 3280 3446 3336 hominis
3474 3284 3780 3352 pertinebat
3809 3306 3827 3343 :

2229 3370 2372 3442 quod
2403 3379 2579 3426 tamen
2618 3369 2734 3425 sine
2775 3369 2929 3440 culpa
2974 3370 3135 3426 homo
3164 3372 3456 3428 nesciebat.
3484 3378 3831 3446 Quapropter

2237 3465 2357 3520 dico
2383 3464 2543 3518 etiam
2573 3477 2672 3536 ego
2697 3461 2766 3519 de
2785 3465 2960 3532 anima
2986 3479 3124 3531 mea,
3153 3463 3344 3521 Nescio
3369 3467 3634 3537 quomodo
3659 3485 3831 3526 vene-

2238 3558 2306 3613 rit
2331 3558 2386 3613 in
2416 3572 2610 3626 corpus
2636 3571 2850 3623 meum;
2879 3571 3053 3628 neque
3088 3557 3233 3613 enim
3260 3572 3359 3629 ego
3386 3558 3528 3614 illam
3557 3560 3689 3616 mihi
3721 3562 3828 3617 do-

2226 3650 2348 3705 navi
2374 3668 2387 3704 :
2415 3651 2517 3703 scit
2541 3649 2631 3704 ille
2659 3648 2747 3720 qui
2779 3647 3021 3716 donavit,
3051 3659 3229 3704 utrum
3256 3648 3401 3705 illam
3423 3650 3490 3706 de
3521 3662 3673 3722 parte
3698 3670 3830 3711 meo

2232 3740 2486 3807 traxerit,
2536 3755 2602 3793 an
2646 3739 2785 3794 sicut
2833 3739 3006 3808 primo
3053 3738 3255 3795 homini
3299 3755 3489 3796 novam
3529 3747 3825 3801 creaverit.

2225 3833 2401 3887 Sciam
2429 3831 2589 3888 etiam
2620 3845 2720 3902 ego
2747 3831 2790 3886 si
2819 3829 2932 3900 ipse
2961 3830 3222 3900 docuerit,
3251 3833 3694 3909 quandocumque
3721 3855 3830 3896 vo-

2231 3925 2408 3980 luerit.
2441 3923 2592 3978 Nunc
2619 3933 2795 3976 autem
2829 3924 3010 3978 nescio
3031 3964 3046 3992 ,
3078 3939 3178 3980 nec
3201 3941 3287 3980 me
3313 3927 3508 3996 pudet,
3541 3938 3598 3984 ut
3623 3931 3830 4000 istum,

2225 4015 2378 4072 fateri
2409 4017 2614 4071 nescire
2643 4013 2784 4084 quod
2814 4015 3000 4070 nescio
3021 4016 3064 4069 ⁸.

2297 4106 2524 4164 CAPUT
2550 4105 2786 4161 X\’l.—
2805 4105 2894 4162 26.
2933 4105 3083 4161 Disce
3105 4147 3121 4176 ,
3159 4107 3359 4178 inquit,
3401 4125 3513 4163 ecce
3543 4110 3836 4181 Apostolus

2228 4201 2392 4254 docet.
2434 4200 2642 4254 Discam
2690 4198 2846 4268 plane
2866 4237 2881 4264 ,
2911 4197 2957 4252 si
2985 4197 3274 4269 Apostolus
3301 4198 3493 4255 docet:
3525 4217 3631 4256 non
3673 4207 3835 4261 enim

2228 4292 2329 4348 nisi
2360 4291 2501 4348 Deus
2529 4304 2626 4361 per
2651 4288 2969 4360 Apostolum
2999 4287 3173 4344 docet.
3202 4287 3306 4345 Sed
3340 4289 3465 4360 quid
3492 4300 3572 4346 est
3599 4293 3834 4352 tandem

2226 4386 2368 4458 quod
2395 4385 2551 4441 docet
2577 4385 2906 4456 Apostolus?
2933 4385 3097 4452 Ecce,
3128 4385 3331 4457 inquit,
3359 4403 3472 4440 cum
3492 4387 3835 4447 Atheniensi-

2223 4477 2315 4533 bus
2345 4478 2648 4549 loqueretur,
2678 4478 2771 4531 hoc
2799 4486 3082 4534 constanter
3109 4478 3370 4548 exposuit,
3399 4479 3567 4534 dicens
3585 4522 3600 4548 ,
3640 4499 3659 4533 ι
3691 4482 3840 4539 Cum

2222 4569 2331 4639 ipse
2359 4570 2442 4624 det
2471 4569 2699 4624 omnibus
2737 4569 2893 4623 vitam
2926 4579 2974 4624 et
3016 4569 3270 4641 spiritum.
3312 4589 3332 4624 ι
3361 4570 3492 4638 Quis
3522 4574 3666 4630 enim
3717 4577 3841 4636 hoc

2223 4659 2422 4731 negat?
2441 4660 2548 4714 Sed
2571 4660 2817 4731 intellige,
2840 4659 3028 4730 inquit,
3048 4660 3185 4731 quod
3209 4661 3280 4715 ait
3305 4661 3579 4732 Apostolus
3605 4681 3652 4719 :4
3673 4667 3792 4737 det,
3810 4689 3835 4724 ι

2221 4751 2418 4822 inquit;
2447 4769 2568 4817 non,
2601 4749 2789 4818 Dedit;
2814 4749 2880 4804 ad
2906 4751 3162 4820 inﬁnitum
3204 4761 3250 4805 et
3280 4753 3406 4825 juge
3436 4763 3632 4825 tempus
3668 4775 3844 4814 revo-

2225 4860 2364 4910 cans,
2399 4861 2499 4898 non
2528 4843 2590 4898 de
2616 4844 2870 4915 praeterito
2895 4853 2944 4898 et
2965 4846 3186 4915 perfecto
3218 4847 3570 4916 pronuntians.
3593 4849 3659 4903 Et
3680 4858 3844 4922 quod

2225 4937 2332 4992 sine
2357 4939 2635 4992 cessatione
2653 4936 2760 5005 dat,
2783 4953 2977 5008 semper
3001 4936 3087 4990 dat
3105 4951 3123 4992 :
3138 4937 3268 4992 sicut
3288 4953 3483 5008 semper
3505 4950 3576 4994 est
3600 4942 3716 5012 ipse
3739 4949 3850 5015 qui

2226 5030 2333 5084 dat.
2363 5029 2538 5087 Verba
2565 5030 2680 5099 ejus
2707 5030 2893 5100 posui,
2929 5029 3066 5085 sicut
3107 5030 3160 5084 in
3190 5046 3375 5086 eorum
3420 5047 3552 5102 quos
3588 5035 3845 5108 misisti,

2224 5123 2462 5182 secundo
2489 5121 2630 5178 libro
2659 5123 2776 5193 ejus
2802 5123 2998 5178 inveni.
3027 5121 3126 5180 Ubi
3156 5123 3385 5194 primum
3413 5125 3531 5181 vide
3558 5143 3666 5198 quo
3692 5146 3848 5199 pro-

2224 5231 2441 5288 gressus
2468 5214 2644 5281 fuerit,
2677 5213 2804 5270 dum
2825 5213 3011 5268 nititur
3031 5212 3297 5270 afﬁrmare
3322 5215 3463 5286 quod
3496 5220 3686 5276 nescit.
3714 5225 3822 5281 Au

2225 5322 2315 5361 sus
2343 5318 2422 5362 est
2447 5306 2590 5361 enim
2618 5303 2832 5371 dicere,
2855 5303 3022 5360 Deum
3053 5319 3159 5359 non
3200 5320 3340 5360 nunc
3369 5307 3540 5362 solum
3571 5323 3745 5382 atque
3785 5317 3853 5373 in

2225 5401 2329 5456 isto
2375 5399 2741 5455 tantummodo
2781 5397 3012 5464 saeculo,
3055 5396 3147 5452 sed
3190 5415 3283 5468 per
3311 5398 3571 5476 inﬁnitum
3604 5412 3857 5478 tempus

2225 5493 2340 5548 sine
2361 5493 2678 5556 cessatione,
2704 5498 2862 5560 atque
2889 5489 3105 5545 omnino
3127 5506 3340 5562 semper
3359 5493 3564 5549 animas
3590 5511 3858 5557 naScen-
3875 5541 3892 5574 Α

2225 5587 2364 5643 tibus
2393 5585 2540 5640 dare.
2567 5585 2800 5656 Semper,
2844 5584 3049 5657 inquit,
3081 5585 3198 5654 dat,
3231 5587 3360 5642 sicut
3384 5604 3580 5660 semper
3612 5601 3686 5645 est
3715 5595 3862 5667 ipso

2287 5766 2306 5798 ⁸
2340 5771 2547 5828 Quatuor
2569 5769 2699 5823 Mss,
2723 5762 2852 5828 quod
2875 5763 2938 5815 de
2958 5763 3109 5816 nobis.

2285 5827 2549 5910 13:35?
2596 5825 2804 5910 νθίιιι
2828 5839 2915 5881 nec
2932 5841 3008 5878 me
3030 5825 3194 5898 ναάειι
3209 5832 3262 5880 ιιι
3281 5827 3414 5882 τίεται
3428 5829 3859 5910 Imm

2227 5890 2550 5954 quodnescia.
2618 5897 2674 5944 Il.
3031 5890 3041 5898 "
3179 5890 3188 5893 ’
