4012 6528
219 397 318 456 489

224 513 302 585 qui
325 512 435 568 dat.
464 509 609 580 Quid
634 511 652 546 ¹
681 511 972 585 Apostolus
998 510 1220 580 dixerit,
1254 512 1375 584 quia
1402 512 1531 569 satis
1557 522 1800 583 apertum

223 615 322 667 est,
350 620 435 659 me
468 605 796 676 intelligere,
826 606 964 662 absit
995 614 1052 661 ut
1077 621 1264 677 negem
1292 623 1304 659 :
1333 605 1473 676 quod
1500 615 1674 661 autem
1705 607 1804 660 iSte

222 693 376 762 dicit,
407 693 574 750 debet
604 697 764 752 etiam
794 697 906 766 ipse
931 697 1229 768 intelligere
1265 706 1464 754 contra
1491 697 1650 753 ﬁdem
1683 713 1802 754 esse

221 786 579 852 cltristianam,
605 798 766 858 atque
789 787 1009 843 ulterius
1030 804 1219 844 cavere
1240 805 1305 844 ne
1325 790 1483 844 dicat.
1503 787 1634 845 Cum
1658 788 1801 844 enim

220 879 400 934 mortui
429 881 844 945 resurrexerint,
863 879 972 950 jam
997 897 1155 937 nemo
1177 891 1425 938 nascetur
1451 901 1464 936 :
1493 891 1654 951 atque
1676 880 1799 935 ideo

219 981 328 1026 tunc
357 987 465 1026 non
493 971 644 1027 dabit
673 973 1018 1029 nascentibus
1043 974 1250 1029 animas
1270 1015 1284 1039 ,
1315 974 1410 1030 sed
1437 989 1529 1029 eas
1554 988 1686 1044 quas
1709 972 1800 1028 dat

216 1062 256 1113 il
304 1061 408 1116 isto
453 1063 655 1119 δίιιςιιιο
686 1079 808 1118 cum
837 1064 1153 1135 corporibus
1187 1064 1465 1134 judicabit.
1508 1063 1625 1120 Non
1671 1079 1799 1135 ergo

213 1168 420 1222 semper
444 1152 569 1219 dat,
600 1156 845 1224 quamvis
875 1155 988 1226 ipse
1015 1171 1228 1225 semper
1271 1157 1342 1210 sit
1370 1155 1461 1226 qui
1501 1171 1641 1211 nunc
1684 1155 1794 1210 dat.

214 1244 308 1299 Nec
339 1253 522 1300 tamen
550 1247 805 1317 quoniam
828 1247 1015 1302 beatus
1035 1247 1325 1318 Apostolus
1358 1263 1460 1303 non
1489 1247 1656 1314 dixit,
1688 1248 1796 1303 De-

211 1334 279 1389 dit
305 1353 319 1402 ;
349 1336 446 1391 sed
467 1379 482 1402 ,
510 1338 630 1402 det;
660 1338 784 1393 inde
810 1338 1093 1394 conficitur
1118 1338 1260 1409 quod
1291 1339 1403 1394 vult
1431 1339 1535 1394 iste
1559 1338 1795 1394 contice-

214 1446 294 1497 re,
322 1445 429 1485 non
460 1445 582 1486 eum
613 1446 679 1486 ex
709 1432 998 1501 propagine
1025 1432 1233 1486 animas
1271 1431 1418 1486 dare.
1452 1429 1572 1500 Ipse
1601 1430 1796 1501 quippe

214 1523 312 1588 dat,
335 1523 497 1578 etiam
517 1523 562 1577 si
583 1522 650 1579 de
673 1524 963 1595 pr0pagine
991 1525 1101 1579 dat.
1125 1524 1258 1592 Quia
1286 1534 1340 1581 et
1364 1527 1608 1594 corporis
1630 1540 1798 1579 mem-

215 1617 396 1681 hra,et
420 1619 666 1688 corporis
703 1633 926 1683 sensus,
957 1628 1009 1673 et
1035 1618 1277 1687 corporis
1317 1617 1570 1683 formam,
1597 1627 1650 1673 et
1675 1633 1798 1673 cor-

216 1707 350 1779 poris
378 1709 604 1764 omnino
633 1709 982 1765 substantiam
1013 1711 1124 1780 ipse
1149 1709 1451 1766 hominibus
1475 1711 1587 1775 dat,
1613 1727 1800 1781 quam-

216 1802 284 1856 vis
311 1818 375 1857 cx
407 1801 703 1872 propagine
730 1802 841 1857 det.
872 1802 1053 1872 Neque
1077 1803 1219 1858 enim
1253 1803 1375 1872 quia
1407 1803 1664 1859 Dominus
1690 1804 1795 1871 ait,

218 1894 271 1949 Si
288 1897 462 1967 fenum
487 1895 621 1966 agri,
652 1895 788 1966 quod
807 1895 957 1950 hodie
975 1905 1048 1950 est
1074 1903 1119 1950 et
1149 1912 1261 1950 cras
1286 1897 1338 1950 in
1361 1896 1616 1950 clibanum
1638 1897 1796 1950 mitti-

218 1997 305 2054 tur,
333 1985 475 2040 Deus
507 1988 580 2041 sic
606 1988 748 2040 vestit
779 1987 799 2060 (
823 1985 1008 2042 Matth.
1037 2003 1110 2052 vr,
1141 1986 1280 2060 30);
1312 2003 1408 2043 nec
1435 1987 1527 2054 ait,
1554 1988 1794 2052 Vestivit,

216 2081 340 2133 sicut
361 2078 594 2146 primum
622 2078 835 2150 quando
864 2079 1127 2143 instituit;
1158 2079 1252 2135 sed
1278 2080 1372 2145 ait,
1394 2083 1556 2147 vestit,
1585 2082 1724 2150 quod
1747 2091 1799 2136 et

218 2185 344 2226 nunc
370 2170 535 2236 facit;
571 2171 694 2228 ideo
721 2172 1034 2243 negabimus
1065 2173 1172 2228 lilia
1203 2173 1271 2228 de
1297 2173 1502 2243 origine
1528 2174 1610 2230 sui
1636 2189 1799 2243 gene-

217 2263 280 2318 ris
302 2265 597 2334 procrcari.
622 2263 759 2331 Quid
785 2266 828 2321 si
857 2280 986 2335 ergo
1014 2267 1092 2320 sic
1121 2265 1279 2320 etiam
1306 2265 1484 2319 anima
1507 2274 1560 2320 et
1580 2266 1798 2334 spiritus

217 2353 436 2409 hominis
464 2364 523 2410 et
550 2371 580 2409 a
613 2357 720 2410 beo
745 2355 921 2423 datur,
947 2356 1199 2427 quamdiu
1230 2357 1421 2422 datur;
1448 2366 1502 2412 et
1525 2365 1699 2411 tamen
1731 2371 1798 2412 ex

218 2447 494 2520 propagine
524 2447 606 2502 sui
633 2449 842 2518 generis
871 2448 1066 2502 datur?
1096 2447 1250 2517 Quod
1276 2464 1374 2520 ego
1405 2463 1504 2503 nec
1527 2447 1759 2503 defendo
1778 2489 1793 2513 ,

219 2554 300 2594 nec
323 2537 540 2595 refello.
564 2539 670 2594 Sed
692 2539 737 2593 si
759 2538 1156 2595 defendendum
1182 2548 1284 2606 est,
1308 2540 1390 2594 vel
1415 2537 1793 2604 refellendum,

218 2631 524 2700 perspicuis,
550 2647 657 2684 non
679 2631 941 2702 ambiguis
963 2631 1284 2686 testimoniis
1313 2631 1366 2684 id
1393 2630 1654 2700 agendum
1677 2646 1798 2686 esse

217 2737 543 2778 commoneo.
575 2722 686 2778 Nec
718 2735 1002 2794 propterea
1048 2723 1332 2794 pecoribus
1364 2723 1649 2778 insensatis
1679 2739 1798 2778 sum

217 2815 616 2886 comparandus,
649 2816 772 2887 quia
795 2816 894 2871 hoc
923 2832 1008 2870 me
1036 2816 1274 2871 nondum
1305 2817 1445 2871 scire
1472 2816 1796 2885 pronuntio;

216 2907 298 2963 sed
323 2909 503 2977 potius
531 2909 703 2962 cautis
746 2907 1081 2972 hominibus,
1111 2909 1234 2978 quia
1262 2923 1369 2963 non
1399 2907 1573 2963 audeo
1602 2907 1801 2964 docere

217 2999 341 3068 quod
365 2999 574 3055 nescio.
603 2999 768 3054 Istum
794 3009 972 3054 autem
1001 3015 1106 3054 non
1133 3015 1231 3070 ego
1254 2999 1509 3064 vicissim,
1537 2999 1687 3069 quasi
1711 3015 1796 3055 re.

217 3092 446 3160 pendens
486 3091 827 3147 maledictum
862 3108 958 3163 pro
987 3091 1300 3156 maledicto,
1332 3091 1620 3162 pecoribus
1651 3106 1801 3147 como

217 3198 364 3252 paro;
399 3184 499 3240 sed
534 3194 782 3254 tanquam
813 3184 975 3238 lilium
1009 3199 1223 3250 moneo,
1255 3192 1312 3237 ut
1340 3182 1481 3254 quod
1511 3183 1704 3247 nescit,
1737 3197 1797 3239 se

218 3278 410 3332 nescire
439 3277 700 3345 fateatur,
741 3293 914 3348 neque
941 3276 993 3332 id
1019 3275 1160 3347 quod
1199 3276 1437 3332 nondum
1460 3275 1665 3340 didicit,
1698 3275 1797 3331 do-

217 3385 325 3424 cere
368 3369 627 3425 moliatur
657 3389 670 3425 :
700 3385 768 3425 ne
812 3381 1175 3440 comparetur,
1218 3387 1328 3425 non
1368 3370 1674 3440 pecoribus,
1703 3370 1798 3426 sed

218 3461 310 3517 illis
325 3463 634 3517 hominibus
658 3479 792 3532 quos
818 3462 946 3517 dicit
970 3463 1279 3534 Apostolus,
1303 3463 1521 3517 volentes
1546 3478 1650 3517 esse
1676 3462 1800 3534 legis

218 3554 457 3621 doctores,
490 3573 591 3609 non
617 3556 949 3627 intelligentes
977 3573 1134 3628 neque
1166 3572 1281 3626 qua:
1317 3557 1609 3628 loquuntur,
1640 3573 1802 3622 neque

218 3648 464 3720 dequibus
493 3650 744 3720 afﬁrmant
775 3650 814 3722 (Ι
837 3649 972 3704 Tim.
999 3666 1038 3717 ι,
1068 3651 1147 3721 7).

279 3741 505 3798 CAPUT
534 3741 695 3797 XVII.
719 3743 898 3797 —27.
928 3741 1059 3798 Nam
1085 3742 1230 3798 unde
1253 3750 1356 3811 est,
1385 3741 1524 3813 quod
1555 3741 1628 3798 ita
1657 3739 1801 3799 Scri-

219 3842 425 3902 pturas,
457 3833 523 3888 de
553 3834 746 3904 quibus
786 3834 1044 3904 loquitur,
1076 3849 1180 3888 non
1213 3843 1365 3888 curat
1393 3832 1673 3888 advertere
1693 3874 1708 3899 ,
1741 3841 1801 3888 ut

157 3921 162 3924 ’
218 3938 327 3979 cum
356 3925 550 3996 legerit
577 3924 823 3980 homines
852 3939 974 3980 esse
998 3940 1065 3980 ex
1096 3925 1227 3992 Deo,
1258 3940 1362 3980 non
1389 3939 1483 3980 eos
1510 3925 1672 3978 etiam
1703 3940 1798 3980 se-

217 4018 442 4073 cundum
487 4033 715 4088 corpus,
763 4017 857 4074 sed
905 4026 1109 4074 tantum
1151 4017 1443 4072 secundum
1472 4018 1704 4074 animam
1731 4026 1801 4074 ‘et

215 4111 453 4182 spiritum
479 4128 544 4166 ex
568 4111 681 4167 Deo
699 4127 822 4167 esse
847 4111 1175 4168 contendat?
1200 4111 1351 4178 Quod
1383 4112 1527 4166 enim
1557 4112 1632 4166 ait
1655 4111 1801 4181 Apo-

217 4205 396 4270 stolus,
435 4203 516 4260 Ea:
537 4206 651 4275 ipso
675 4221 848 4258 sumus
869 4204 1006 4275 (Act.
1039 4219 1166 4270 xvu,
1197 4203 1329 4274 28);
1356 4219 1461 4258 non
1486 4204 1596 4258 vult
1618 4204 1717 4259 iste
1733 4203 1800 4258 ad

218 4311 425 4368 corpus,
458 4297 552 4353 sed
586 4308 791 4352 tantum
818 4297 884 4351 ad
905 4297 1138 4352 animam
1167 4305 1222 4351 et
1241 4297 1486 4368 spiritum
1514 4311 1634 4351 esse
1659 4295 1800 4350 refe-

218 4391 458 4445 rendam.
480 4389 534 4445 Si
567 4405 695 4460 ergo
722 4405 786 4444 ex
810 4390 922 4444 Deo
945 4405 1050 4444 non
1077 4397 1202 4444 sunt
1228 4403 1476 4457 corpora,
1503 4385 1695 4441 falsum
1719 4395 1802 4441 est

215 4483 350 4551 quod
380 4483 636 4552 scriptum
668 4491 771 4548 est,
806 4481 886 4536 Ea:
911 4497 1010 4554 quo
1040 4481 1228 4543 omnia,
1255 4496 1344 4549 per
1367 4494 1514 4548 quem
1535 4478 1725 4545 omnia,
1749 4478 1803 4532 in

213 4589 309 4641 quo
333 4575 505 4628 omnia
532 4572 709 4645 (Rom.
739 4588 813 4638 xl,
837 4572 952 4644 '56).
1000 4571 1200 4626 Deinde
1229 4571 1320 4626 ubi
1347 4570 1478 4625 dicit
1504 4570 1643 4625 idem
1674 4585 1803 4640 apo-

214 4667 400 4732 stolus,
431 4667 580 4722 Sicut
617 4667 752 4721 enim
789 4663 968 4719 mulier
988 4680 1051 4719 ea:
1071 4664 1176 4718 viro
1195 4705 1210 4729 ,
1238 4663 1310 4717 ita
1337 4671 1384 4717 et
1412 4663 1488 4718 vir
1516 4680 1605 4734 per
1626 4665 1803 4718 mulie-

211 4773 346 4823 rem;
368 4769 602 4830 exponat
621 4757 776 4813 nobis
803 4757 902 4813 iste
933 4772 1090 4828 quam
1122 4757 1468 4827 propaginem
1499 4756 1802 4826 signiﬁcare

213 4850 457 4915 voluerit,
489 4848 707 4914 animae,
740 4863 808 4902 an
837 4848 1102 4918 corp0ris,
1134 4863 1202 4902 an
1233 4847 1530 4918 utriusque.
1560 4846 1668 4902 Sed
1697 4865 1802 4902 non

210 4941 323 4995 vult
353 4956 473 4997 esse
494 4939 702 4995 animas
729 4955 795 4994 ex
818 4939 1128 5008 propagine.
1152 4937 1338 4992 Restat
1361 4951 1511 5006 ergo,
1539 4945 1595 4991 ut
1613 4952 1805 4992 secun-

209 5031 338 5086 dum
381 5033 555 5104 ipsum
595 5040 752 5100 atque
781 5043 969 5085 onmes
994 5030 1082 5100 qui
1114 5029 1412 5083 animarum
1455 5028 1801 5098 prOpaginem

208 5123 530 5188 destruunt,
559 5137 755 5190 corpus
781 5130 986 5174 tantum
1018 5119 1369 5174 masculinum
1400 5128 1453 5174 ct
1481 5117 1800 5174 femininum

206 5213 594 5279 significaverit
615 5214 636 5245 '
663 5211 952 5282 Apostolus
970 5253 987 5278 ,
1020 5211 1205 5265 dicens
1224 5253 1238 5276 ,
1266 5210 1413 5266 Sicut
1452 5211 1584 5264 enim
1625 5211 1806 5266 mulier

202 5323 269 5359 ex
299 5308 410 5360 viro
429 5346 446 5374 ,
485 5306 558 5359 ita
597 5313 644 5358 et
680 5304 756 5358 vir
783 5321 872 5376 per
897 5303 1157 5358 mulierem
1186 5302 1344 5373 :quia
1373 5301 1565 5356 mulier
1593 5317 1657 5358 ex
1689 5303 1804 5357 viro

203 5399 350 5454 facta
380 5407 484 5466 est,
515 5408 572 5452 ut
596 5399 758 5453 etiam
788 5397 868 5451 vir
891 5413 989 5467 per
1016 5396 1296 5450 mulierem
1337 5403 1516 5464 postea
1549 5410 1804 5452 nascere-

202 5501 312 5545 tur.
344 5488 404 5544 Si
431 5504 560 5561 ergo
585 5489 700 5544 haec
729 5488 1015 5559 Apostolus
1045 5485 1252 5549 dicens,
1278 5500 1386 5539 non
1415 5487 1574 5539 etiam
1598 5487 1806 5542 animas

201 5593 255 5637 et
283 5582 539 5654 spiritus,
581 5580 678 5636 sed
715 5587 916 5634 tantum
946 5593 1170 5647 corpora
1205 5577 1481 5647 utriusque
1521 5591 1681 5631 sexus
1709 5593 1807 5631 vo-

200 5674 359 5731 lebat
382 5672 620 5743 intelligi,
643 5689 737 5727 cur
755 5671 1006 5726 continuo
1027 5669 1321 5740 subjunxit,
1350 5667 1533 5723 Omnia
1553 5676 1721 5723 autem
1742 5686 1806 5723 ex

265 5840 286 5871 ι
329 5846 434 5888 Duo
456 5837 754 5904 Mss.,_quo_d.

266 5904 292 5934 ⁸
331 5908 383 5950 tn
407 5907 538 5959 Mss,
562 5898 876 5964 signiﬁcaret.

459 5984 689 6046 SANCT.
743 5989 1019 6046 Ausus'r.
1066 5986 1146 6048 Χ.

1599 395 1806 454 LIBER
1841 393 2110 456 PRIMUS.

3387 409 3493 468 490

1910 511 2016 566 Deo
2049 513 2066 582 (
2089 511 2105 566 I
2136 513 2253 568 Lor.
2282 530 2332 569 χι
2355 558 2370 582 ,
2399 515 2532 589 12);
2562 517 2662 574 nisi
2688 516 2812 590 quia
2832 524 2889 576 et
2907 533 3131 592 corpora
3151 537 3218 580 ex
3237 523 3382 580 Deo?
3415 526 3491 582 Ita

1905 605 2101 674 quippe
2124 607 2197 660 ait
2220 626 2232 659 :
2258 608 2399 662 Sicut
2427 613 2557 665 enim
2579 613 2760 669 mulier
2778 632 2841 670 ea:
2859 615 2986 684 viro,
3006 617 3075 670 ita
3097 626 3142 670 et
3169 617 3246 672 vir
3270 634 3358 688 per
3375 635 3492 671 mu-

1905 695 2104 764 lierem;
2135 701 2302 754 omnia
2329 712 2495 757 autem
2519 720 2584 759 ea:
2603 704 2729 760 Deo.
2761 707 2934 779 Eligat
2958 724 3086 781 ergo
3118 711 3216 766 iste
3244 710 3384 766 unde
3417 711 3492 764 sit

1903 788 2122 845 dictum.
2151 791 2206 848 Si
2232 791 2300 848 de
2328 796 2660 864 corporibus,
2695 798 2933 868 profecto
2957 811 3011 856 et
3035 816 3262 872 corpora
3282 817 3347 858 ex
3373 803 3483 858 Deo

1903 890 2044 936 sunt.
2068 881 2203 951 Quid
2225 893 2306 939 est
2325 901 2470 956 ergo,
2494 889 2633 958 quod
2659 890 2978 961 ubicumque
2999 893 3097 948 iste
3118 894 3170 948 in
3193 893 3488 965 Scripturis

1903 971 2050 1044 legit,
2082 991 2144 1030 ex
2170 974 2279 1030 Deo
2301 1019 2314 1040 ,
2355 977 2568 1048 quando
2598 979 2666 1035 de
2696 980 3000 1038 hominibus
3043 984 3232 1054 agitur,
3279 1001 3384 1038 non
3433 993 3491 1040 et

1901 1080 2145 1135 corpora,
2176 1068 2269 1122 sed
2299 1079 2502 1124 tantum
2535 1072 2742 1125 animas
2767 1081 2820 1126 et
2844 1073 3064 1143 spiritus
3089 1075 3198 1128 vult
3226 1073 3488 1144 intelligi?

1899 1155 1954 1212 Si
1984 1173 2109 1212 vero
2138 1159 2278 1229 quod
2310 1159 2512 1214 dictum
2537 1171 2621 1217 est
2643 1205 2657 1229 ,
2685 1161 2872 1219 Omnia
2895 1175 3062 1218 autem
3083 1183 3146 1220 ea:
3169 1165 3311 1232 Deo;
3339 1177 3394 1221 et
3423 1167 3492 1221 de

1900 1262 2124 1318 corpore
2142 1251 2414 1321 utriusque
2434 1268 2615 1319 sexus,
2635 1262 2688 1308 et
2708 1254 2774 1309 de
2799 1255 2974 1309 anima
2997 1271 3058 1310 ac
3075 1256 3264 1326 spiritu
3291 1257 3490 1311 dictum

1900 1347 2018 1393 est:
2047 1355 2172 1411 ergo
2200 1342 2495 1398 secundum
2515 1345 2692 1398 omnia
2713 1355 2794 1400 est
2826 1347 3023 1400 mulier
3044 1362 3109 1402 ex
3136 1347 3269 1400 viro.
3297 1346 3490 1400 Mulier

1900 1431 2031 1485 enim
2067 1448 2129 1486 ea:
2154 1433 2289 1500 viro,
2319 1435 2394 1487 vir
2421 1451 2510 1505 per
2535 1436 2831 1501 mulierem;
2856 1438 3027 1490 omnia
3064 1447 3230 1492 autent
3267 1454 3330 1491 ea;
3359 1437 3486 1492 Deo.

1899 1521 2028 1589 Quae
2052 1524 2220 1577 omnia
2239 1565 2253 1590 ,
2289 1525 2389 1578 nisi
2420 1526 2487 1580 de
2515 1526 2709 1596 quibus
2739 1528 3076 1599 loquebatur,
3107 1529 3159 1584 id
3185 1539 3289 1598 est,
3322 1539 3375 1585 et
3403 1531 3490 1585 ille

1899 1613 1980 1667 vir
2008 1629 2070 1668 ex
2097 1631 2204 1685 quo
2233 1617 2441 1681 mulier,
2473 1627 2527 1672 et
2552 1618 2642 1673 illa
2675 1621 3009 1691 mulier'qum
3037 1637 3103 1677 ex
3137 1623 3278 1687 viro,
3315 1631 3370 1678 et
3399 1623 3491 1677 ille

1898 1704 1980 1759 vir
2002 1705 2091 1775 qui
2123 1721 2218 1775 per
2245 1707 2523 1763 mulierem
2546 1709 2569 1763 ?
2589 1709 2772 1780 Neque
2796 1713 2939 1766 enim
2968 1713 3054 1768 ille
3079 1713 3161 1767 vir
3181 1729 3277 1784 per
3303 1714 3490 1768 mulie-

1901 1811 2033 1858 rem,
2058 1811 2121 1851 ex
2145 1813 2250 1868 quo
2276 1799 2392 1852 viro
2415 1800 2606 1854 mulier
2633 1819 2645 1854 :
2679 1801 2773 1856 sed
2795 1804 2876 1856 vir
2903 1803 2993 1874 qui
3022 1814 3176 1858 natus
3198 1813 3282 1861 est
3305 1813 3490 1874 postea

1900 1901 1964 1940 ex
1995 1886 2110 1941 viro
2136 1903 2231 1957 per
2262 1890 2542 1945 mulierem
2568 1932 2584 1958 ,
2623 1893 3076 1962 quemadmodum
3108 1895 3371 1966 hodieque
3399 1912 3495 1950 na-

1899 1987 2136 2034 scuntur.
2158 1981 2234 2034 Ac
2265 1996 2358 2050 per
2384 1983 2485 2037 hoc
2509 1983 2552 2038 si
2576 1999 2696 2038 cum
2724 1986 2823 2039 ista
2854 1985 3059 2042 diceret
3081 1988 3389 2056 Apostolus,
3421 1987 3493 2043 de

1899 2072 2212 2140 corporibus
2244 2073 2582 2142 loquebatur.
2617 2079 2800 2146 procul
2841 2078 3003 2134 dubio
3031 2095 3255 2150 corpora
3287 2082 3491 2136 utrius-

1899 2179 2003 2232 que
2027 2179 2186 2220 sexus
2213 2182 2276 2220 ex
2303 2168 2431 2222 Deo.
2458 2168 2624 2224 Porro
2655 2171 2698 2224 si
2731 2187 2836 2226 non
2866 2172 2978 2226 vult
3007 2188 3126 2228 esse
3155 2190 3218 2229 ex
3249 2175 3362 2230 Deo
3392 2175 3494 2230 ho-

1900 2255 2098 2310 minum
2126 2257 2225 2311 nisi
2249 2259 2455 2315 animas
2485 2271 2540 2316 et
2565 2261 2818 2331 spiritus;
2846 2263 3084 2334 profecto
3113 2267 3273 2321 etiam
3298 2283 3495 2324 secun-

1899 2347 2024 2402 dum
2052 2350 2281 2404 animam
2309 2361 2364 2406 et
2393 2353 2639 2421 spiritum
2673 2355 2861 2410 mulier
2888 2371 2953 2411 ex
2976 2357 3111 2422 viro,
3135 2368 3189 2413 et
3215 2359 3346 2414 nihil
3375 2361 3490 2432 jam

1900 2438 2230 2508 relinquetur
2259 2441 2336 2496 eis
2365 2443 2452 2513 qui
2479 2453 2664 2498 contra
2683 2446 2977 2502 animarum
3004 2450 3349 2520 propaginem
3374 2453 3494 2509 dis-

1899 2538 2106 2600 putant.
2125 2531 2178 2587 Si
2201 2542 2376 2587 autem
2397 2533 2465 2587 ita
2489 2533 2700 2603 dividit,
2723 2544 2780 2590 ut
2797 2537 2940 2592 dicat
2976 2539 3256 2596 mulierem
3279 2558 3346 2598 ex
3375 2544 3494 2598 viro

1900 2633 2022 2675 esse
2045 2621 2338 2676 secundum
2365 2639 2581 2695 corpus,
2611 2642 2677 2682 ex
2707 2627 2821 2683 Deo
2840 2638 3020 2683 autem
3051 2632 3344 2687 secundum
3379 2635 3496 2690 ani-

1898 2727 2040 2766 mam
2090 2722 2145 2768 et
2187 2715 2468 2784 spiritum;
2523 2718 2792 2788 quomodo
2839 2719 2941 2774 erit
2985 2737 3169 2778 verum
3221 2725 3364 2794 quod
3420 2726 3498 2781 ait

1900 2803 2215 2872 Apostolus,
2252 2806 2435 2860 Omnia
2472 2819 2639 2862 autem
2669 2827 2730 2864 ero
2759 2808 2900 2879 Deo,
2933 2814 2978 2866 si
3016 2815 3258 2870 mulieris
3297 2831 3497 2888 corpus

1901 2893 1972 2948 ita
1989 2904 2072 2949 est
2096 2911 2161 2950 ex
2183 2896 2316 2964 viro,
2341 2907 2398 2952 ut
2425 2915 2528 2954 non
2552 2900 2621 2954 sit
2646 2916 2712 2956 ex
2741 2902 2886 2957 Deo?
2909 2903 3246 2976 Quapropter
3270 2917 3329 2962 ut
3349 2909 3488 2979 Apo-

1899 2985 2069 3041 stolus
2115 2988 2292 3057 potius
2335 3005 2518 3044 verum
2566 2991 2833 3062 loquatur,
2877 3010 3038 3064 quam
3091 2997 3192 3052 iste
3235 3002 3495 3069 Apostolo

1901 3078 2231 3150 praeferatur,
2263 3082 2453 3137 mulier
2482 3099 2545 3137 ex
2574 3084 2688 3139 viro
2715 3096 2818 3153 est,
2851 3087 2964 3142 sive
2987 3090 3280 3144 secundum
3313 3092 3490 3147 solum

1900 3185 2095 3240 corpus
2115 3212 2130 3238 ,
2162 3172 2272 3226 sive
2301 3173 2594 3228 secundum
2641 3184 2808 3230 totum
2831 3217 2844 3242 ,
2885 3193 2990 3248 quo
3029 3189 3239 3235 constat
3263 3180 3497 3239 humana

1901 3273 2088 3320 natura
2119 3264 2286 3338 (nihil
2313 3267 2454 3321 enim
2486 3267 2677 3323 horum
2723 3278 2972 3340 tanquam
3013 3283 3218 3329 certum
3259 3274 3499 3331 affirma-

1901 3370 2040 3422 mus,
2060 3356 2153 3411 sed
2180 3357 2306 3426 quid
2335 3357 2522 3412 horum
2553 3373 2740 3414 verum
2767 3360 2836 3414 sit
2860 3362 3034 3418 adhuc
3061 3365 3373 3437 qumrimus)
3402 3385 3415 3420 :
3442 3375 3499 3423 et

1900 3450 1982 3504 vir
2008 3465 2102 3520 per
2126 3450 2428 3519 mulierem,
2455 3453 2568 3508 sive
2593 3469 2660 3508 ex
2687 3464 2834 3523 patre
2859 3456 2876 3486 ¹
2901 3465 3009 3510 tota
3041 3456 3274 3513 hominis
3296 3468 3490 3514 natura

1899 3539 2143 3607 ducatur,
2173 3557 2290 3612 quin
2321 3557 2415 3612 per
2446 3542 2724 3599 mulierem
2756 3547 3009 3613 nascitur,
3039 3551 3151 3604 sive
3193 3549 3307 3604 sola
3337 3565 3490 3618 caro,

1899 3631 2042 3687 unde
2071 3632 2245 3687 adhuc
2268 3635 2494 3703 quaestio
2520 3644 2602 3689 est
2627 3653 2640 3688 :
2673 3636 2853 3690 omnia
2881 3645 3058 3694 tamen
3088 3655 3152 3695 ex
3185 3641 3316 3709 Deo,
3352 3641 3495 3697 unde

1901 3727 2043 3781 nulla
2073 3728 2296 3797 quaestio
2323 3737 2424 3794 est,
2457 3728 2508 3782 id
2535 3738 2636 3793 est,
2663 3737 2720 3784 et
2744 3744 2940 3800 corpus
2968 3741 3024 3788 et
3048 3733 3225 3789 anima
3250 3743 3305 3790 et
3334 3734 3497 3804 spiri-

1903 3823 2020 3881 tus,
2048 3829 2103 3873 et
2135 3817 2230 3871 viri
2259 3827 2314 3872 et
2343 3818 2602 3874 mulieris.
2635 3820 2701 3875 Et
2727 3819 2772 3874 si
2808 3822 2951 3876 enim
2983 3839 3086 3878 non
3123 3840 3190 3880 ex
3220 3825 3329 3880 Deo
3361 3836 3489 3883 nata

1901 3909 1987 3964 vel
2018 3917 2182 3965 tracta
2211 3920 2354 3978 sunt,
2378 3911 2463 3966 vel
2490 3921 2795 3978 manarunt,
2816 3915 2887 3968 ita
2906 3923 2962 3970 ut
2981 3915 3096 3986 ejus
3122 3930 3324 3972 naturm
3349 3920 3494 3984 sint;

1903 4009 2078 4056 tamen
2105 4017 2170 4056 es
2193 4003 2304 4056 Deo
2326 4012 2466 4057 sunt.
2498 4005 2542 4058 A
2569 4019 2674 4075 quo
2699 4004 2844 4060 enim
2868 4016 3068 4073 creata,
3095 4008 3332 4078 condita,
3358 4011 3496 4066 facta

1908 4101 2054 4157 sunt,
2083 4092 2151 4146 ab
2177 4093 2266 4147 illo
2297 4093 2496 4149 habent
2521 4102 2582 4149 ut
2609 4096 2735 4150 sint.

1975 4184 2067 4239 28.
2106 4202 2124 4236 ι
2161 4184 2265 4239 Sed
2291 4184 2537 4249 dicendo,
2565 4205 2585 4238 ι
2609 4188 2828 4258 ἱηίιυὶι,«
2855 4191 3160 4262 Apostolus,
3184 4191 3247 4246 Et
3277 4193 3384 4265 ipse
3411 4194 3496 4249 det

1904 4275 2133 4330 omnibus
2159 4275 2310 4329 vitam
2339 4285 2384 4330 et
2410 4277 2678 4347 spiritum;
2708 4278 2901 4336 deinde
2944 4281 3189 4336 addendo
3208 4324 3222 4348 ,
3255 4282 3497 4356 Fecitque

1905 4383 1968 4421 ex
1992 4382 2093 4420 uno
2133 4367 2378 4437 sanguine
2405 4383 2552 4421 omne
2589 4386 2745 4439 genus
2775 4372 3034 4426 hominum
3064 4375 3200 4442 (Act.
3233 4390 3366 4440 xvu,
3394 4378 3488 4442 25,

1903 4456 1994 4528 26)
2023 4474 2035 4509 :
2058 4457 2290 4511 animam
2315 4466 2368 4512 et
2393 4458 2633 4528 spiritum
2665 4460 2992 4531 originaliter
3010 4464 3190 4519 retulit
3212 4464 3278 4520 ad
3305 4477 3492 4522 aucto-

1906 4565 2041 4616 rem,
2067 4564 2264 4620 corpus
2290 4549 2355 4603 ad
2401 4549 2695 4606 traducem.
2735 4571 2753 4605 ι
2790 4551 2902 4608 lmo
2945 4570 3070 4610 vero
3111 4555 3203 4626 qui
3247 4571 3352 4611 non
3382 4558 3498 4613 vult

1904 4650 2109 4699 temere
2151 4643 2446 4697 animarum
2485 4659 2679 4714 negare
2706 4645 3078 4717 propaginem,
3106 4657 3388 4720 antequam
3429 4650 3496 4705 li-

1905 4735 2066 4806 quido
2094 4735 2291 4790 clareat
2316 4744 2492 4790 utrum
2515 4735 2608 4801 ita,
2635 4751 2701 4790 an
2734 4754 2837 4792 non
2865 4740 2933 4793 ita
2964 4741 3052 4805 sit,
3080 4741 3239 4798 habet
3267 4743 3407 4813 quod
3440 4746 3495 4800 in

1906 4827 2024 4881 istis
2047 4828 2224 4882 verbis
2262 4827 2499 4895 Apostoli
2532 4826 2822 4899 intelligat,
2851 4847 2914 4885 ea;
2940 4847 3042 4886 uno
3083 4849 3206 4889 eum
3251 4839 3498 4908 sanguine

1905 4921 2104 4974 dixisse
2127 4959 2142 4984 ,
2173 4935 2237 4975 ex
2271 4936 2376 4975 uno
2422 4921 2635 4978 homine
2656 4965 2671 4991 ,
2701 4939 2730 4978 a
2768 4934 2916 4993 parte
2954 4933 3121 4979 totum
3164 4926 3499 4998 signiﬁcante

1906 5009 2188 5066 locutionis
2219 5013 2398 5067 modo.
2432 5013 2488 5068 Si
2517 5015 2658 5069 enim
2686 5015 2784 5085 ipsi
2812 5016 2936 5072 licet
2960 5017 3255 5090 intelligere
3282 5037 3310 5075 a
3342 5033 3495 5094 parte

1908 5109 2075 5155 totum
2115 5103 2254 5172 quod
2285 5103 2538 5174 scriptum
2569 5115 2652 5161 est
2671 5147 2684 5172 ,
2713 5106 2782 5160 Et
2810 5108 2977 5176 [actus
3004 5120 3076 5164 est
3116 5113 3266 5167 homo
3296 5115 3349 5169 in
3380 5117 3497 5172 ani-

1907 5210 2043 5247 mant
2068 5194 2226 5248 vivant
2259 5193 2410 5268 (Gen.
2442 5213 2500 5260 ll,
2530 5198 2625 5267 7);
2655 5208 2714 5253 ut
2738 5200 2846 5255 illic
2883 5201 3206 5273 intelligatur
3234 5215 3289 5260 et
3331 5209 3493 5277 spiri-

1908 5293 1992 5339 tus
2011 5325 2025 5349 ,
2054 5284 2121 5340 de
2157 5301 2263 5356 quo
2291 5284 2560 5356 Scriptura
2588 5289 2663 5344 ibi
2703 5293 2864 5346 tacuit
2889 5311 2903 5348 :
2927 5309 3022 5350 cur
3046 5295 3166 5350 aliis
3195 5313 3298 5352 non
3340 5299 3500 5355 liceat

1908 5377 1986 5432 sic
2013 5379 2254 5448 accipere
2275 5380 2414 5450 quod
2436 5381 2634 5436 dictum
2662 5392 2764 5450 est,
2788 5401 2851 5439 ea:
2874 5402 2974 5440 uno
2999 5390 3278 5456 sanguine;
3308 5399 3363 5444 ut
3385 5391 3497 5447 illic

1909 5479 1964 5524 et
1990 5472 2164 5525 anima
2212 5480 2268 5528 et
2294 5474 2514 5543 spiritus
2555 5477 2720 5545 possit
2749 5477 3008 5550 intelligi,
3053 5480 3305 5549 quoniam
3333 5481 3496 5538 homo

1909 5562 2236 5632 signiﬁcatus
2266 5566 2478 5621 nomine
2521 5568 2792 5638 sanguinis
2815 5611 2829 5634 ,
2859 5585 2963 5624 non
2996 5570 3166 5624 solum
3199 5581 3406 5627 constat
3430 5590 3498 5630 ex

1906 5670 2170 5725 corpore,
2223 5675 2409 5713 verum
2441 5660 2600 5714 etiam
2649 5677 2715 5714 ex
2761 5661 2936 5716 anima
2975 5672 3028 5715 et
3071 5663 3305 5732 spiritu?
3347 5664 3499 5720 Sicut

1905 5747 2048 5802 enim
2086 5749 2173 5819 qui
2206 5752 2543 5821 pr0paginem
2575 5750 2810 5806 defendit
2838 5753 3135 5809 animarum
3163 5795 3175 5819 ,
3211 5773 3314 5811 non
3367 5759 3488 5814 hinc

1971 5863 1987 5893 ι
2023 5861 2160 5931 aditi,
2176 5875 2238 5931 ea;
2253 5869 2406 5924 parte.
2434 5863 2655 5926 Plerique
2680 5870 2806 5931 Ms_s.,
2829 5875 2893 5912 ea:
2915 5869 3054 5926 patre
3075 5879 3094 5916 :
3118 5868 3323 5931 melius,
3342 5878 3398 5922 ut
3419 5883 3500 5922 su-

1911 5937 2012 5987 pra,
2033 5939 2082 5974 n.
2104 5923 2180 5985 2:3,
2204 5923 2264 5976 de
2285 5933 2422 5985 patre
2444 5939 2548 5977 meo
2568 5923 2788 5976 traxerit.
2916 5923 2922 5926 ⁷
2983 5989 2986 5991 Α

2945 5991 3224 6077 (δάιε.)
