4012 6472
460 515 621 572 itum
662 508 820 569 debet
846 508 1182 580 opprimere,
1209 505 1435 578 quia'de
1462 507 1635 577 primo
1664 505 1881 562 homine
1914 504 2048 560 scri—

460 612 611 677 ptun
635 612 737 670 est,
762 600 829 655 In
852 614 950 665 quo
972 614 1145 655 omnes
1172 608 1496 669 peccaverunt
1513 596 1687 670 (Rom.
1714 615 1770 663 v,
1795 595 1883 670 12)
1905 616 1917 651 :
1942 611 2049 652 non

460 696 606 753 enim
633 695 832 750 dictum
862 699 963 759 est,
995 690 1053 745 in
1075 705 1184 761 quo
1209 690 1449 745 omnium
1478 703 1605 745 caro
1629 691 1901 760 peccavit;
1931 689 2048 755 sed,

460 800 635 843 omnes
660 786 862 843 dictum
885 790 987 849 est,
1017 783 1072 839 id
1093 791 1196 851 est,
1221 794 1411 838 omnes
1437 781 1711 847 homines;
1742 796 1862 837 cum
1889 779 2051 835 homo

460 892 570 936 non
596 878 708 937 sola
733 877 804 932 sit
830 882 958 931 caro
980 888 995 929 ι
1016 876 1156 933 sicut
1180 886 1307 946 ergo
1332 872 1459 929 hinc
1487 874 1589 928 iste
1628 887 1734 927 non
1764 872 1922 928 debet
1950 885 2049 941 op.

457 970 638 1043 primi,
669 970 791 1041 quia
820 968 958 1025 forte
988 970 1058 1023 ita
1087 967 1285 1023 dictum
1303 975 1405 1033 est,
1445 964 1644 1022 Omnes
1679 964 1922 1019 homines
1945 1005 1960 1028 ,
1993 972 2052 1018 ut

367 1086 427 1145 καὶ
459 1063 752 1120 secundum
781 1061 950 1117 solare
974 1074 1189 1116 carnem
1229 1058 1681 1130 intelligerentur;
1714 1057 1792 1111 sic
1816 1056 1916 1110 iste
1941 1069 2059 1135 non

458 1156 585 1211 hinc
613 1154 771 1211 debet
793 1166 1038 1225 premere
1062 1151 1377 1208 defensores
1397 1149 1703 1220 propaginis
1726 1147 2047 1212 animarum,

458 1250 581 1321 quia
603 1247 803 1304 dictum
822 1255 925 1311 est,
950 1261 1098 1300 omne
1110 1258 1267 1315 genus
1294 1242 1552 1297 hominum
1575 1257 1638 1296 es
1660 1256 1761 1294 uno
1780 1239 2059 1311 sanguine,‘

459 1352 710 1413 tanquam
754 1346 1031 1410 propterea
1075 1336 1187 1391 sola
1231 1349 1355 1390 caro
1386 1332 1649 1404 pertineat
1693 1332 1758 1386 ad
1797 1331 2048 1401 propagi-

458 1448 603 1489 nem.
626 1432 681 1488 Si
710 1431 852 1488 enim
882 1429 985 1484 hoe
1008 1435 1091 1484 est
1108 1440 1315 1491 verum,
1336 1424 1475 1497 quod
1503 1422 1587 1479 isti
1612 1431 1859 1478 asserunt
1875 1419 1971 1494 (a),
1993 1430 2050 1476 ut

461 1540 565 1579 non
595 1524 665 1579 sit
692 1523 869 1577 anima
896 1536 965 1577 ex
994 1521 1204 1584 anima,
1238 1517 1332 1573 sed
1369 1530 1495 1572 caro
1534 1531 1600 1572 ex
1635 1529 1795 1570 carne
1824 1515 1894 1569 sit
1930 1523 2049 1567 tan-

459 1628 570 1672 tum
597 1632 612 1682 ;
642 1616 713 1671 ita
739 1615 941 1671 dictum
971 1621 1055 1669 est
1076 1654 1090 1678 ,
1122 1627 1185 1667 ex
1222 1627 1324 1665 uno
1352 1610 1631 1681 sanguine,
1663 1616 1721 1662 ut
1760 1621 1867 1661 non
1905 1615 2048 1661 toms

457 1711 623 1766 homo
652 1707 1041 1780 signiﬁcaretur
1067 1720 1098 1761 a
1124 1712 1305 1777 parte,
1334 1703 1427 1758 sed
1453 1711 1656 1756 tantum
1687 1700 1840 1754 unius
1867 1697 2046 1753 homi-

459 1802 544 1857 nis
572 1812 701 1856 caro
723 1814 737 1851 ε
761 1798 891 1855 illud
932 1810 1058 1853 vero
1084 1796 1224 1868 quod
1266 1795 1463 1851 dictum
1504 1803 1614 1865 est,
1655 1790 1723 1846 In
1749 1808 1847 1864 quo
1876 1790 2048 1845 omnes

459 1893 810 1961 peccauerunt,
842 1889 956 1945 sola
986 1885 1223 1943 omnium
1250 1885 1525 1940 hominum
1554 1899 1678 1939 caro
1704 1882 2046 1953 intelligenda

457 1994 561 2051 est,
589 1997 711 2057 quq:
738 1982 864 2038 inde
885 1978 1146 2037 transiitsa
1174 1988 1275 2044 est,
1301 1994 1332 2033 a
1353 1986 1462 2033 toto
1483 1986 1685 2049 partem
1714 1973 2049 2047 significante

456 2075 750 2148 Scriptura.
775 2074 834 2130 Si
858 2082 1036 2128 autem
1061 2071 1190 2126 illttd
1212 2077 1296 2127 est
1315 2084 1521 2135 verum,
1555 2065 1695 2138 quod
1722 2075 1866 2122 totus
1886 2067 2069 2122 homo‘

456 2183 524 2225 ex
551 2176 664 2224 toto
687 2162 905 2222 homine
936 2172 1277 2236 propagatur,
1308 2158 1362 2217 id
1387 2170 1498 2226 est,
1525 2174 1721 2230 corpus
1746 2202 1762 2229 ,
1790 2159 1967 2215 anima
1992 2167 2049 2215 et

459 2260 680 2333 spiritus
702 2276 716 2314 ι
740 2259 813 2316 ibi
842 2257 1060 2330 proprie
1088 2256 1287 2312 dictum
1315 2265 1417 2321 est,
1443 2251 1501 2310 In
1528 2269 1634 2326 quo
1662 2267 1849 2309 omnes
1872 2253 2047 2308 homi-

456 2365 558 2409 nes
584 2354 969 2423 peccaverunt;
1003 2349 1088 2403 hic
1111 2357 1286 2403 autem
1317 2345 1538 2416 tropice,
1564 2361 1627 2399 ea:
1653 2360 1755 2399 uno
1780 2345 2044 2415 sanguine,

460 2451 630 2500 totum
653 2442 984 2514 significatur
1011 2455 1043 2495 a
1068 2448 1242 2510 parte,
1272 2436 1325 2493 id
1352 2445 1452 2503 est,
1483 2444 1625 2492 totus
1652 2430 1831 2507 homo,
1860 2435 1950 2506 qui
1979 2449 2047 2490 ex

457 2536 635 2591 anima
652 2540 862 2589 constat
884 2539 939 2587 et
962 2545 1143 2597 carne,
1173 2531 1253 2586 vel
1279 2531 1473 2601 potius,
1498 2539 1553 2583 ut
1585 2529 1683 2584 iste
1708 2538 1851 2583 amat
1877 2528 2045 2599 loqui,

458 2639 527 2681 ex
551 2626 726 2681 animo
753 2631 809 2680 et
832 2622 1020 2694 spiritu
1045 2630 1099 2677 et
1126 2635 1308 2676 carne.
1340 2620 1471 2675 Nam
1502 2628 1557 2675 et
1587 2633 1651 2674 ex
1682 2627 1832 2689 parte
1850 2627 2043 2684 totum,

458 2719 515 2771 et
540 2729 607 2771 ex
636 2722 751 2771 toto
778 2722 983 2785 partem
1021 2711 1201 2767 divina
1230 2708 1442 2781 eloquia
1483 2709 1780 2781 significare
1822 2723 2050 2763 consue-

456 2816 670 2866 verunt.
700 2807 778 2862 Ex
804 2813 957 2876 parte
982 2805 1122 2859 enim
1153 2811 1319 2858 totum
1346 2802 1697 2874 signiﬁcatum
1725 2810 1828 2867 est,
1858 2801 1943 2856 ubi
1972 2800 2051 2855 le-

458 2900 621 2970 g’tur,
648 2897 730 2951 Ad
754 2905 804 2950 te
825 2896 987 2951 omnis
1015 2910 1133 2949 caro
1159 2896 1318 2949 veniet
1348 2892 1517 2966 (Psat.
1549 2908 1689 2958 thv,
1719 2891 1773 2965 3)
1798 2909 1812 2946 :
1834 2892 1954 2963 quia
1981 2906 2047 2947 ex

459 3005 623 3048 carne
652 2989 961 3060 intelligitur
999 2995 1140 3043 totus
1183 2986 1364 3041 homo.
1409 2986 1489 3042 Ex
1528 2995 1641 3041 toto
1677 2993 1851 3040 autem
1890 2998 2045 3055 pars,

463 3095 587 3138 cum
624 3080 821 3135 dicitur
842 3078 1084 3135 Christus
1119 3077 1362 3147 sepultus
1385 3116 1401 3144 ,
1446 3090 1566 3131 cum
1605 3077 1717 3131 sola
1761 3074 1879 3147 ejus
1923 3088 2049 3130 caro

460 3172 671 3243 sepulta
700 3170 787 3225 sit.
825 3169 944 3226 1am
981 3168 1111 3224 illud
1140 3166 1283 3239 quod
1314 3167 1365 3223 in
1396 3166 1499 3222 hoc
1527 3166 1766 3239 Apostoll
1804 3166 2047 3222 testimo-

460 3265 554 3320 nio
579 3262 808 3335 positum
833 3263 1095 3332 est,»qula
1126 3263 1236 3333 ipse
1258 3261 1346 3315 dat
1372 3261 1602 3317 omnibus
1640 3261 1794 3314 vitam
1824 3267 1870 3314 et
1894 3259 2048 3329 spiri-

464 3367 600 3425 tntt,
624 3355 918 3413 secundum
945 3354 1278 3424 superiorem
1307 3352 1719 3423 disputationem
1747 3362 1878 3423 puto
1904 3350 2049 3422 quod

462 3454 733 3508 neminem
764 3458 994 3504 moveat.
1036 3448 1156 3518 ipse
1182 3447 1324 3503 enim
1354 3445 1444 3501 dat
1469 3462 1482 3499 :
1505 3445 1597 3501 sed
1638 3444 1813 3500 adhuc
1851 3445 2050 3515 quaeri-

463 3558 586 3600 mus
623 3540 764 3600 unde
801 3542 913 3606 det,
949 3550 1126 3595 utrum
1166 3554 1231 3595 ex
1272 3552 1407 3593 nova
1451 3535 1838 3602 insultatione,
1879 3551 1945 3590 an
1982 3550 2049 3593 ex

463 3637 776 3709 propagine.
806 3637 927 3706 ipse
964 3635 1159 3704 quippe
1198 3632 1326 3687 dare
1378 3633 1538 3686 etiam
1563 3630 1754 3702 λείη-ηις
1804 3630 2052 3686 substan-

467 3729 595 3783 tiam
634 3728 929 3783 rectissime
955 3724 1148 3780 dicitur
1172 3765 1188 3791 ,
1212 3738 1372 3795 quam
1401 3729 1577 3777 tamen
1605 3720 1732 3777 dare
1758 3736 1823 3777 ex
1852 3734 2049 3792 propa-

473 3820 597 3890 gine
623 3832 732 3874 non
763 3825 1002 3887 negatur.

539 3909 767 3968 CAPUT
795 3908 983 3967 XVIII.
1003 3905 1183 3963 ~29.
1222 3905 1374 3963 Nunc
1396 3905 1671 3962 videamus
1695 3904 1825 3960 illud
1854 3902 1920 3960 de
1948 3903 2055 3960 Ge-

470 4004 588 4059 nesi
614 4002 995 4066 testimonium,
1025 3999 1116 4055 ubi
1141 4000 1274 4055 facta
1301 3998 1494 4053 mulier
1516 3998 1582 4053 de
1607 3998 1772 4053 latere
1798 3996 1932 4061 viri,
1961 3992 2056 4051 ad-

471 4096 629 4151 ducta
667 4104 750 4150 est
785 4094 853 4149 ad
882 4109 1003 4149 eum
1027 4132 1043 4159 ,
1074 4101 1128 4147 et
1153 4091 1323 4145 dixit:
1350 4089 1465 4145 Hoc
1492 4103 1626 4143 nunc
1666 4104 1722 4143 os
1756 4102 1818 4143 ea:
1860 4087 2055 4142 ossibus

471 4188 628 4254 uicis,
657 4197 704 4243 et
749 4202 869 4242 caro
906 4184 972 4238 de
996 4198 1147 4238 carne
1185 4198 1316 4237 mea.
1362 4180 1475 4237 Hoc
1502 4181 1698 4253 quippe
1726 4187 1873 4250 putat
1915 4178 2055 4247 iste,

472 4281 607 4356 quod
635 4281 799 4335 dicere
828 4278 1052 4333 debuerit
1075 4275 1260 4340 Adam,
1293 4272 1479 4329 Anima
1506 4288 1569 4328 ex
1588 4274 1759 4326 anima
1786 4286 1928 4336 mea,
1956 4270 2054 4337 vel,

477 4374 698 4445 Spiritus
726 4372 789 4426 de
827 4372 1009 4443 spiritu
1035 4383 1176 4432 meo,
1215 4370 1259 4421 si
1303 4366 1453 4421 etiam
1482 4364 1577 4419 hoc
1618 4366 1680 4417 de
1712 4363 1802 4417 illo
1842 4370 2057 4416 tractum

474 4475 619 4521 esset.
659 4463 767 4522 Sed
808 4463 881 4519 illi
920 4462 1011 4533 qui
1057 4458 1398 4531 propaginem
1445 4463 1690 4511 asserunt
1726 4455 2056 4521 animarum,

477 4558 601 4615 hinc
640 4570 700 4613 se
743 4564 929 4626 putant
970 4553 1217 4607 iuvictins
1254 4564 1405 4605 suam
1448 4550 1658 4604 munire
1704 4546 2055 4611 sententiam,

476 4649 599 4720 quia
626 4662 751 4704 eum
779 4647 1034 4717 scriptum
1060 4645 1164 4711 sit,
1193 4642 1491 4698 detraxisse
1534 4642 1699 4695 Deum
1744 4647 1947 4694 costam
1990 4637 2059 4694 de

475 4744 645 4797 latere
666 4740 766 4795 viri
788 4780 801 4805 ,
826 4752 1051 4809 eamque
1081 4737 1373 4792 aedificasse
1415 4736 1467 4789 in
1496 4733 1775 4789 mulierem
1796 4773 1811 4797 ,
1839 4747 1948 4787 non
1976 4740 2061 4787 est

476 4831 716 4887 additum
743 4828 887 4900 quod
916 4831 968 4883 in
1008 4828 1124 4899 ejus
1150 4826 1339 4882 faciem
1367 4824 1660 4881 sufﬂaverit
1685 4824 1864 4879 ﬂatum
1893 4822 2016 4878 vita:
2042 4840 2057 4877 :

476 4922 615 4988 ideo,
649 4921 912 4991 iuquiunt,
936 4918 1059 4990 quia
1081 4918 1190 4988 jam
1219 4918 1285 4972 tle
1305 4918 1419 4972 viro
1445 4915 1616 4971 fuerat
1642 4915 1896 4970 animata.
1926 4913 2057 4968 Nam

475 5014 521 5067 si
544 5026 656 5068 non
680 5013 888 5076 fuisset,
911 5020 1242 5080 nequaquam
1271 5024 1390 5073 nos,
1419 5008 1680 5079 inquiunt,
1712 5016 1892 5063 sancta
1917 5005 2063 5063 Scri-

478 5115 633 5175 ptura
664 5103 822 5173 hujus
861 5102 940 5157 rei
966 5102 1269 5172 cognitione
1311 5100 1620 5155 fraudasset.
1648 5099 1727 5154 Ad
1757 5098 2061 5179 illudxvero

476 5194 619 5265 quod
641 5197 716 5250 nit
739 5194 906 5249 Adam
928 5234 945 5262 ,
976 5191 1091 5247 Hoc
1115 5208 1248 5246 nunc
1276 5208 1332 5246 os
1357 5207 1418 5246 ea:
1447 5188 1639 5246 ossibus
1665 5191 1786 5245 meis
1807 5231 1822 5256 ,
1871 5197 1915 5244 et
1939 5205 2059 5243 caro

481 5290 545 5344 de
571 5304 726 5343 carne
748 5302 891 5351 mea;
915 5300 1017 5342 nec
1038 5286 1112 5340 ait
1130 5326 1144 5351 ,
1172 5285 1401 5355 Spiritus
1424 5285 1507 5340 vel
1537 5285 1710 5340 anima
1732 5326 1747 5351 ,
1776 5283 1843 5340 de
1871 5285 2061 5354 spiritu

481 5391 606 5434 meo
634 5377 719 5434 vel
742 5376 813 5433 de
837 5377 1010 5431 anima
1041 5386 1159 5430 mea
1182 5393 1197 5428 :
1220 5376 1299 5430 sic
1323 5375 1391 5429 ab
1422 5375 1499 5430 eis
1529 5374 1836 5443 responderi
1864 5382 2059 5444 potest,

480 5469 927 5542 quemadmodum
948 5469 1191 5539 superius
1210 5467 1632 5523 demonstratum
1654 5478 1752 5531 est,
1778 5476 1833 5521 ιιι
1856 5480 1885 5520 a
1916 5476 2063 5536 parte

479 5570 649 5618 totum
694 5561 1018 5632 intelligatur
1043 5558 1147 5614 hoc
1182 5559 1383 5614 dictum
1406 5599 1422 5624 ,
1450 5574 1504 5612 os
1540 5567 1586 5611 et
1621 5573 1739 5612 caro
1769 5574 1918 5622 mea;
1962 5557 2058 5612 sed

480 5669 599 5727 que
637 5653 869 5710 animata
914 5651 1110 5708 fuerint
1144 5651 1384 5706 detracta
1410 5692 1425 5717 ,
1457 5663 1563 5704 non
1608 5658 1836 5704 mortua.
1881 5648 2064 5719 Neque

485 5747 651 5813 enim,
682 5746 786 5802 hoc
812 5745 1247 5815 Omnipotentem
1272 5742 1449 5799 facere
1491 5740 1760 5813 potuisse,
1804 5741 1926 5799 ideo
1963 5756 2059 5799 nc-

538 5854 796 5923 (40W
817 5854 1008 5909 m-

1334 392 1426 450 DE
1464 386 1676 449 ΑΝῙΜΔ
1716 391 1805 449 ΕΤ
1844 346 2019 449 Ειηέέ
2042 359 2347 459 ORIGINE,
2385 391 2445 447 S.
2485 385 2851 448 AUGUSTINI

3354 460 3361 463 _
3634 380 3750 447 49!

2153 504 2384 576 gandum
2412 512 2513 573 est,
2541 506 2665 578 quia
2690 505 2867 561 nullus
2886 503 3158 559 hominum
3186 508 3362 575 petest
3384 502 3581 575 aliquid
3611 520 3741 562 cum

2152 599 2331 652 anima
2356 597 2423 654 de
2447 598 2676 653 humana
2701 613 2860 653 carne
2884 595 3195 669 praecidere.
3227 595 3358 651 Nam
3396 596 3536 668 quod
3562 596 3739 653 Adam

2153 701 2367 746 secutus
2412 691 2652 762 adjunxit
2670 732 2685 757 ,
2718 690 2843 745 Haec
2871 692 3127 744 vocabitur
3154 688 3355 758 mulier,
3382 689 3500 760 quia
3528 690 3591 744 de
3619 691 3737 746 uiro

2150 796 2243 837 suo
2271 792 2469 852 sumpta
2494 793 2564 837 est
2593 782 2741 856 (Gen.
2771 799 2828 849 li,
2850 782 2980 853 ‘23);
3009 798 3104 837 cur
3130 798 3237 837 non
3269 781 3342 837 ait
3372 782 3563 857 potius,
3594 781 3743 837 unde

2153 875 2330 944 Opinio
2359 874 2762 941 confirmaretur
2802 874 3020 929 istorum
3045 914 3058 939 ,
3086 872 3349 941 Quoniam
3394 871 3460 927 de
3498 873 3614 927 viro
3638 887 3745 928 suo

2152 980 2277 1022 caro
2302 965 2418 1037 ejus
2443 976 2652 1038 sumpta
2680 965 2795 1022 est?
2830 964 2927 1022 ilic
2952 965 3128 1036 itaque
3167 965 3240 1019 illi
3280 964 3369 1036 qui
3399 958 3581 1020 contra
3609 981 3744 1020 sen-

2154 1058 2288 1113 tiunt
2308 1100 2322 1125 ,
2352 1062 2573 1127 possunt
2602 1058 2780 1113 dicere
2799 1099 2812 1123 ,
2840 1057 2961 1129 quia
2992 1040 3097 1111 non
3123 1042 3379 1133 scriptum
3408 1064 3492 1111 est
3514 1070 3740 1111 carnem

2152 1148 2392 1205 mulieris
2412 1191 2426 1214 ,
2454 1149 2549 1206 sed
2574 1150 2849 1215 mulierem
2880 1151 2947 1209 de
2978 1150 3092 1204 viro
3118 1164 3215 1205 suo
3241 1159 3535 1223 sumptam,
3570 1159 3742 1206 totam

2150 1240 2349 1297 debere
2372 1242 2539 1313 accipi
2567 1258 2686 1297 cum
2714 1243 2891 1298 anima
2920 1250 2977 1298 et
3015 1242 3225 1311 spiritu.
3257 1241 3389 1297 Nam
3428 1243 3527 1305 etsi
3560 1244 3745 1300 anima

2151 1347 2283 1388 sexu
2306 1341 2472 1399 caret,
2503 1347 2609 1388 non
2642 1341 2817 1388 tamen
2852 1333 3063 1409 quando
3093 1333 3426 1403 appellantur
3452 1334 3742 1403 mulieres,

2150 1432 2369 1493 excepta
2396 1424 2571 1478 anima
2601 1438 2693 1480 eas
2721 1439 2939 1479 necesse
2967 1432 3048 1479 est
3074 1423 3319 1496 intelligi.
3351 1422 3600 1496 Alioquin
3627 1439 3744 1479 non

2152 1516 2224 1570 ita
2254 1530 2314 1570 se
2353 1515 2769 1572 admonerentur
2808 1531 3035 1571 ornare:
3064 1513 3185 1569 Non
3213 1516 3263 1570 in
3310 1517 3453 1570 tortis
3480 1514 3741 1584 crinibus,

2149 1610 2238 1661 a'ut
2267 1624 2425 1674 auro,
2456 1608 2533 1662 vel
2562 1608 2879 1678 margaritis,
2909 1618 2997 1662 aut
3025 1617 3156 1661 veste
3181 1607 3399 1678 pretiosa
3420 1649 3433 1672 ,
3466 1608 3554 1660 sed
3596 1610 3741 1677 quod

2150 1703 2309 1768 decet,
2340 1702 2529 1775 inquit,
2572 1702 2824 1770 mulieres,
2869 1702 3215 1774 promittentes
3256 1703 3489 1767 pietatem
3531 1718 3619 1772 per
3650 1702 3745 1754 bo-

2149 1812 2268 1851 nam
2297 1796 2720 1850 conversationem
2761 1793 2801 1864 (l
2837 1793 2974 1849 Tim.
3013 1811 3067 1861 li,
3096 1794 3151 1863 9,
3184 1793 3294 1868 10).
3324 1793 3520 1865 Utique
3566 1794 3744 1866 pietas

2150 1889 2295 1943 intus
2324 1896 2408 1943 est
2446 1887 2498 1943 in
2529 1887 2706 1943 anima
2735 1887 2821 1951 vel
2856 1886 2908 1942 in
2936 1888 3145 1957 Spiritu,
3184 1895 3439 1942 attamen
3484 1887 3744 1943 mulieres

2150 1982 2431 2063 appellatae
2460 1989 2603 2047 sunt,
2631 1982 2794 2047 etiam
2824 1989 2881 2037 ut
2900 1995 2959 2038 se
2988 1980 3128 2036 intus
3151 1976 3429 2051 ornarent,
3453 1981 3543 2036 ubi
3566 1981 3745 2039 nullus

2150 2083 2233 2131 εει
2259 2089 2441 2130 sexus.

2222 2166 2311 2222 50.
2333 2165 2464 2221 Cum
2483 2165 2663 2236 itaque
2685 2165 2770 2219 isti
2793 2165 2871 2221 sic
2897 2166 3037 2220 inter
3076 2180 3134 2220 se
3165 2165 3463 2221 alternante
3488 2181 3745 2223 sermone

2149 2260 2508 2325 certaverint;
2542 2259 2798 2330 egointer
2824 2273 2917 2314 eos
2944 2260 3021 2312 sic
3048 2257 3249 2327 judico,
3282 2266 3337 2314 ut
3366 2274 3434 2313 ne
3454 2258 3745 2329 incognitis

2142 2352 2347 2417 ii‘dant,
2379 2358 2434 2406 et
2473 2358 2675 2406 temere
2712 2348 2941 2405 audeant
2978 2347 3247 2417 affirmare
3276 2346 3417 2425 quod
3453 2348 3740 2419 nesciunt,

2151 2452 2403 2513 utrosque
2428 2456 2818 2497 commoneam.
2844 2440 2899 2497 Si
2928 2441 3070 2495 enim
3095 2441 3351 2510 scriptum
3373 2448 3530 2506 esset,
3556 2439 3743 2497 Insui"-

2152 2536 2301 2591 ilavit
2332 2532 2514 2588 flatum
2544 2535 2667 2588 vitae
2696 2533 2749 2587 iu
2779 2530 2967 2587 faciem
3011 2516 3272 2599 mulieris,
3304 2540 3358 2586 et
3396 2528 3528 2585 facta
3561 2539 3643 2585 est
3683 2531 3743 2586 in

2150 2629 2380 2682 animam
2424 2628 2629 2691 vivam;
2678 2640 2777 2681 nec
2821 2625 2899 2679 sic
2937 2633 3080 2681 esset
3123 2623 3232 2694 jam
3279 2638 3633 2701 consequens,
3683 2632 3747 2677 ut

2150 2736 2254 2775 non
2282 2728 2664 2791 propagaretur
2692 2734 2757 2772 ex
2780 2717 3092 2788 parentibus
3113 2716 3313 2789 anima,
3347 2714 3446 2770 nisi
3478 2716 3638 2770 etiam
3669 2714 3743 2771 de

2150 2809 2261 2863 ﬁlio
2284 2794 2469 2863 eorum
2513 2809 2619 2862 hoc
2659 2807 2915 2877 scriptum
2968 2805 3213 2861 similiter
3257 2805 3542 2876 legeretur.
3594 2804 3742 2860 Fieri

2149 2901 2291 2955 enim
2321 2900 2489 2970 potuit
2519 2907 2575 2953 ut
2605 2899 2901 2953 membrum
2927 2912 3033 2952 non
3069 2898 3364 2953 animatum
3401 2897 3469 2953 de
3512 2912 3747 2969 corpore

2150 3001 2445 3047 extractum
2473 2991 2734 3062 indigeret
2755 2990 3003 3058 animari,
3032 2991 3123 3044 lilii
3150 3006 3278 3047 vero
3304 2991 3479 3049 anima
3500 3007 3565 3045 ex
3592 2999 3750 3061 patre

2151 3087 2248 3155 per
2276 3094 2498 3138 matrem
2522 3084 2828 3157 propaginis
2862 3083 3220 3139 transfusione
3249 3082 3570 3138 traheretur.
3601 3082 3743 3139 Cum

2149 3190 2279 3236 vero
2307 3180 2523 3234 tacitum
2552 3187 2653 3246 est,
2686 3178 3004 3232 occultatum
3042 3187 3144 3243 est,
3173 3193 3280 3232 non
3308 3186 3554 3248 negatum
3579 3194 3595 3244 ;
3642 3175 3744 3232 sed

2153 3288 2327 3343 neque
2357 3271 2708 3355 affirmatum.
2740 3271 2819 3325 Ac
2844 3286 2937 3355 per
2965 3272 3067 3325 hoc
3094 3270 3259 3326 sicubi
3287 3270 3421 3326 forte
3466 3286 3571 3325 non
3610 3270 3750 3326 taci-

2151 3376 2263 3421 tum
2325 3372 2426 3431 εει,
2474 3363 2791 3420 clarioribus
2837 3363 3171 3418 documentis
3218 3372 3301 3418 est
3361 3361 3738 3418 astruendum.

2151 3458 2305 3516 Unde
2324 3474 2426 3515 nec
2455 3459 2523 3513 illi
2555 3458 2643 3530 qui
2690 3457 2982 3512 defendunt
3023 3456 3321 3512 animarum
3364 3455 3736 3531 propaginem,

2153 3562 2217 3607 ex
2245 3566 2311 3606 eo
2337 3550 2477 3621 quod
2506 3564 2609 3604 non
2634 3547 2865 3604 sufflavit
2891 3548 3032 3615 Deus
3053 3549 3105 3602 in
3135 3547 3323 3603 faciem
3355 3546 3614 3613 mulieris,
3638 3545 3744 3601 ali-

2153 3643 2279 3713 quid
2310 3642 2661 3712 adjuvantur;
2708 3655 2808 3695 nec
2832 3640 2905 3694 illi
2931 3640 3018 3711 qui
3042 3655 3160 3697 eam
3183 3647 3399 3710 negant,
3444 3637 3568 3695 ideo
3617 3637 3749 3711 quia

2155 3750 2262 3788 non
2293 3728 2429 3789 dixit
2462 3731 2652 3798 Adam,
2677 3730 2868 3787 Anima
2917 3731 2986 3787 de
3023 3732 3199 3786 anima
3232 3747 3371 3797 mea,
3414 3730 3616 3787 debent
3643 3729 3751 3786 sibi

2154 3824 2479 3897 persuadere
2521 3822 2663 3893 quod
2712 3824 2975 3879 nesciunt.
3027 3822 3178 3879 Sicut
3228 3822 3372 3878 enim
3410 3822 3595 3878 eadem
3640 3837 3753 3893 non

2159 3916 2354 3981 soluta,
2406 3915 2499 3971 sed
2534 3925 2783 3970 manente
2811 3915 3125 3986 qurcstione,
3171 3915 3345 3987 potuit
3390 3924 3564 3969 tacere
3605 3912 3754 3969 Scri-

2159 4016 2332 4087 ptura,
2376 4006 2515 4081 quod
2542 4007 2735 4063 mulier
2760 4008 2866 4062 Deo
2893 4005 3137 4062 sufﬂante
3164 4007 3302 4061 sicut
3347 4007 3428 4067 vir
3449 4006 3565 4076 ejus
3592 4020 3756 4062 acce-

2157 4100 2296 4172 perit
2319 4099 2551 4154 animam
2586 4099 2707 4154 :sic
2749 4094 2935 4154 eadem
2976 4113 3080 4167 non
3131 4094 3323 4164 soluta,
3370 4097 3463 4153 sed
3495 4106 3754 4155 manente

2160 4191 2477 4260 qumstione,
2506 4190 2679 4261 potuit
2712 4199 2889 4245 tacere
2920 4190 3214 4259 Scriptura,
3249 4198 3303 4243 ut
3330 4188 3496 4243 Adam
3530 4204 3633 4243 non
3664 4186 3755 4243 di-

2159 4290 2326 4349 ceret,
2357 4280 2545 4338 Anima
2587 4282 2654 4337 de
2698 4282 2873 4335 anima
2906 4294 3043 4336 mea.
3076 4281 3153 4335 Ac
3188 4295 3281 4351 per
3330 4279 3431 4334 hoc
3472 4279 3517 4334 si
3561 4279 3754 4349 prima

2160 4376 2400 4431 mulieris
2429 4377 2605 4430 anima
2646 4388 2713 4430 ex
2750 4375 2863 4428 viro
2889 4382 2993 4441 est,
3021 4388 3051 4427 a
3083 4382 3233 4442 parte
3274 4382 3439 4427 totum
3477 4371 3752 4449 significa-

2162 4477 2272 4522 tum
2302 4475 2405 4532 est,
2433 4465 2521 4519 ubi
2553 4465 2763 4535 legitur,
2818 4462 2930 4518 Hoc
2954 4479 3087 4518 nunc
3122 4478 3177 4518 os
3201 4478 3265 4518 ea;
3284 4464 3475 4518 ossibus
3515 4463 3659 4531 meis,
3700 4471 3754 4517 et

2161 4574 2279 4613 caro
2306 4559 2367 4612 de
2389 4574 2538 4612 carne
2561 4574 2713 4623 mea;
2757 4572 2877 4611 cum
2912 4565 3017 4610 tota
3042 4572 3106 4611 ex
3135 4558 3250 4611 viro
3270 4599 3283 4623 ,
3315 4573 3418 4611 non
3454 4572 3579 4611 caro
3631 4556 3753 4611 Sola

2162 4652 2232 4705 sit
2256 4660 2484 4722 sumpta.
2511 4649 2566 4706 Si
2589 4660 2765 4705 autem
2795 4664 2901 4705 non
2926 4658 3008 4705 est
3046 4665 3115 4705 ex
3144 4651 3278 4717 viro,
3328 4650 3418 4705 sed
3441 4666 3557 4705 eam
3604 4632 3754 4706 lieus

2163 4743 2453 4799 insufflavit
2476 4746 2611 4799 sicut
2637 4744 2785 4810 viro;
2827 4758 2856 4797 a
2886 4752 2996 4798 toto
3026 4758 3147 4814 pars
3187 4741 3479 4815 significata
3514 4751 3613 4807 est,
3657 4742 3750 4797 ubi

2164 4835 2375 4906 legitur,
2422 4832 2502 4890 De
2528 4838 2632 4889 viro
2658 4851 2752 4892 suo
2772 4844 2973 4907 sumpta
3008 4845 3080 4889 est
3107 4851 3125 4891 :
3150 4850 3270 4890 cum
3311 4849 3436 4893 caro
3474 4835 3589 4904 ejus
3638 4850 3751 4891 non

2167 4936 2274 4983 tota
2306 4929 2374 4983 sit
2401 4936 2632 5000 sumpta.

2237 5020 2297 5075 ⁸51
2316 5061 2325 5073 .
2346 5019 2700 5103 Quapropter,
2724 5034 2844 5077 cum
2880 5020 2962 5077 his
2992 5019 3335 5089 testimoniis,
3362 5017 3501 5089 quod
3526 5017 3751 5075 adhanc

2166 5127 2278 5167 rem
2298 5113 2544 5184 pertinet,
2574 5113 2753 5184 utique
2778 5112 3060 5184 ambiguis,
3085 5128 3187 5167 non
3217 5111 3450 5177 solvatur
3471 5110 3584 5165 inec
3603 5128 3755 5185 qum.-

2167 5203 2307 5271 stio;
2338 5202 2465 5258 illud
2490 5213 2662 5260 tamen
2686 5206 2816 5272 scio,
2855 5206 2931 5261 sic
2955 5205 3311 5276 argumentari
3354 5204 3621 5274 homines,
3657 5205 3753 5283 qui

2168 5309 2231 5349 ex
2262 5294 2363 5349 hoc
2397 5303 2580 5363 putant
2615 5297 2843 5351 animam
2890 5296 3124 5352 mulieris
3164 5310 3266 5352 ιιοιι
3295 5312 3416 5352 esse
3463 5295 3530 5351 de
3568 5296 3751 5352 anima

2168 5385 2287 5452 viri,
2321 5386 2437 5457 quia
2456 5401 2561 5441 non
2588 5396 2668 5442 est
2693 5387 2914 5456 dictum,
2946 5388 3134 5443 Anima
3153 5386 3221 5443 de
3248 5388 3421 5443 anima
3449 5403 3595 5453 mea;
3626 5387 3749 5453 sed,

2169 5495 2287 5534 caro
2333 5480 2394 5533 de
2429 5496 2579 5534 carne
2627 5497 2737 5535 mea
2772 5480 3258 5551 :quemadmodum
3316 5491 3753 5561 argumentantur

2168 5570 2580 5639 Apollinaristte,
2606 5571 2685 5627 vel
2714 5572 3031 5649 quicumque
3051 5583 3174 5629 sunt
3198 5573 3308 5644 alii,
3345 5575 3602 5635 adversus
3629 5576 3754 5629 ani-

2169 5676 2310 5716 mam
2341 5662 2578 5729 Domini;
2609 5679 2765 5734 quam
2797 5674 3079 5736 prapterea
3105 5675 3317 5739 negant,
3340 5668 3461 5739 quia
3492 5667 3755 5737 scriptum

2112 5804 2121 5811 .
2172 5754 2383 5823 legunt,
2432 5753 2646 5810 Verbum
2677 5773 2796 5812 caro
2835 5761 3022 5830 factum
3074 5770 3145 5814 est
3198 5758 3462 5833 (luant,
3516 5761 3584 5819 M
3614 5761 3654 5831 ).
3693 5763 3755 5818 Si

2175 5851 2317 5906 enim
2347 5859 2401 5906 et
2423 5851 2618 5920 anima,
2650 5852 2913 5925 inquiunt,
2947 5853 3018 5911 ibi
3042 5862 3209 5925 esset,
3238 5853 3424 5913 debuit
3455 5854 3581 5923 diei,
3608 5853 3758 5913 Ver-
