4012 6472
259 347 380 411 na

257 469 374 524 bum
397 466 562 520 homo
599 459 792 519 factum
833 469 937 517 est.
971 457 1076 516 Sed
1121 459 1238 514 istis
1289 465 1570 528 propterea
1614 457 1828 522 dicitur,

257 562 426 617 carnis
472 561 690 616 nomine
735 559 914 612 solere
955 553 1286 624 Scriptorum
1332 562 1500 608 ictum
1563 551 1834 606 hominem

257 669 578 724 nuncupare,
630 653 768 708 sicut
817 652 912 717 ibi,
945 651 1008 704 Et
1049 649 1234 706 uidebit
1271 647 1436 702 ominis
1456 662 1576 702 caro
1613 645 1836 700 salutare

257 743 522 818 Deanai.
571 760 662 810 ιι..
693 743 762 806 5;
807 741 934 800 Luc.
971 757 1050 806 ιιι,
1097 737 1186 812 6);
1227 753 1332 798 non
1371 737 1514 794 enim
1555 751 1679 792 caro
1721 735 1838 790 sine

255 838 422 890 anima
463 834 662 905 aliquid
691 833 872 888 videre
903 839 1078 902 potest
1105 849 1118 885 :
1141 831 1263 900 quia
1299 829 1538 902 plurimis
1569 828 1688 882 aliis
1715 841 1838 894 sau-

255 941 450 985 ctarum
467 927 866 998 Scripturarum
889 925 1039 990 locis,
1073 939 1176 978 non
1196 923 1368 988 solum
1389 935 1626 992 cantem,
1649 933 1838 978 verum

255 1026 404 1078 etiam
443 1022 677 1075 animam
723 1017 1033 1084 humanam,
1081 1015 1136 1070 id
1182 1027 1282 1080 est,
1317 1015 1629 1084 rationalem
1663 1013 1839 1067 inesse

256 1111 450 1167 huiuini
475 1111 712 1175 Christo,
735 1110 850 1165 sine
865 1110 969 1163 ulla
991 1107 1333 1178 ambiguitate
1353 1113 1696 1160 monstratur.
1731 1101 1846 1159 Uu-

252 1207 312 1259 de
345 1213 399 1258 et
429 1205 540 1268 isti,
572 1217 604 1256 a
650 1201 844 1272 quibus
883 1200 1184 1256 animarum
1223 1213 1460 1268 propago
1503 1195 1838 1264 defenditur,

257 1305 464 1366 possent
497 1293 742 1364 accipere
786 1307 816 1348 a
858 1301 1008 1364 parte
1058 1299 1228 1356 totum
1255 1305 1374 1350 esse
1421 1291 1646 1354 dictum,
1671 1287 1742 1344 0s
1779 1287 1842 1346 de

257 1387 442 1440 ossibus
468 1387 613 1448 meis,
641 1393 688 1438 et
707 1401 824 1438 caro
855 1384 916 1438 de
939 1399 1090 1438 came
1117 1400 1268 1448 mea;
1297 1391 1354 1436 ut
1379 1382 1487 1437 illic
1509 1381 1842 1452 intelligere-

257 1491 334 1534 tur
352 1489 404 1532 et
430 1479 631 1545 anima,
653 1475 1100 1548 quemadmodum
1129 1475 1358 1532 Verbum
1399 1489 1614 1532 carnem
1643 1473 1842 1530 factum

255 1585 352 1626 non
396 1571 516 1626 sine
559 1571 742 1626 anima
779 1569 1074 1638 accipimus
1099 1569 1194 1626 :si
1236 1565 1686 1637 quemadmodum
1739 1565 1848 1622 alia

257 1661 556 1720 testimonia
597 1659 792 1720 docent
829 1658 1030 1720 habere
1069 1659 1362 1716 numnam
1409 1658 1642 1716 animam
1683 1654 1844 1714 Chri-

257 1761 410 1819 stum,
443 1753 518 1806 ita
547 1760 602 1814 et
647 1753 738 1808 isti
775 1751 1040 1822 aliquibus
1079 1765 1188 1806 non
1229 1751 1494 1822 ambiguis
1525 1751 1848 1808 testimoniis

257 1843 602 1914 propaginem
643 1851 954 1902 astruerent
989 1843 1310 1900 animarum.
1355 1841 1480 1900 Pari
1525 1841 1640 1896 vice
1685 1841 1846 1911 igitur

257 1937 608 1996 «iniunctum
649 1937 812 2000 etiam
853 1935 972 2002 hos,
1021 1936 1110 2004 qui
1161 1935 1460 1990 animarum
1497 1935 1844 2005 propaginem

257 2031 558 2096 destruunt,
586 2037 644 2088 ut
681 2043 848 2084 novas
869 2043 900 2084 a
933 2027 1046 2084 Deo
1087 2025 1288 2086 sufﬂati
1313 2027 1518 2080 animas
1559 2023 1720 2082 certis
1743 2025 1846 2092 do-

259 2121 518 2182 cumentis
537 2127 819 2184 asserunt;
847 2129 906 2178 et
932 2127 1057 2174 tunc
1087 2118 1214 2176 illud
1240 2117 1384 2188 quod
1411 2118 1610 2174 dictum
1641 2127 1743 2182 est,
1773 2117 1848 2172 οι

259 2215 536 2272 cronibus
573 2215 720 2280 uaria,
771 2223 818 2272 et
861 2231 984 2278 caro
1017 2213 1082 2270 de
1117 2229 1268 2268 carne
1295 2229 1428 2276 mea,
1449 2227 1560 2266 non
1585 2211 1786 2281 tropice
1811 2225 1846 2267 a

257 2315 402 2375 parte
427 2315 628 2372 totum,
657 2315 716 2362 ut
741 2305 898 2362 simul
927 2305 1256 2376 intelligatur
1281 2314 1336 2359 et
1359 2305 1556 2370 anima,
1593 2303 1690 2360 aed
1719 2318 1844 2374 pro-

259 2399 364 2467 pie
381 2397 584 2456 desola
611 2413 774 2454 carae
797 2397 998 2454 dictum
1025 2411 1144 2452 esse
1169 2395 1486 2452 defendant.

323 2489 552 2546 CAPUT
579 2487 930 2546 BIL—3.2.
981 2489 1110 2556 Quae
1157 2505 1278 2544 eum
1305 2471 1376 2544 tia
1421 2489 1548 2552 sit,
1597 2489 1756 2545 video
1783 2489 1848 2544 ιι-

261 2579 406 2634 brum
449 2582 614 2635 istum
649 2581 758 2650 jam
808 2597 928 2637 esse
956 2581 1336 2636 claudendum.
1383 2580 1576 2636 Omnia
1625 2583 1846 2652 quippe,

261 2685 370 2743 quae
399 2674 536 2728 mihi
563 2675 796 2728 maxime
835 2673 1138 2729 necessaria
1177 2673 1516 2740 videbantur,
1567 2673 1842 2737 continet;

261 2765 444 2834 quibus
475 2767 530 2822 bi
561 2766 650 2835 qui
681 2766 932 2836 legerint,
967 2766 1142 2821 sciant
1185 2781 1246 2820 se
1284 2779 1474 2820 cavere
1515 2764 1730 2828 debere,
1777 2781 1850 2820 ne

261 2857 378 2916 huic
403 2859 634 2923 homini,
683 2859 834 2928 cujus
859 2859 992 2914 duos
1043 2859 1210 2914 libros
1233 2859 1362 2912 mihi
1401 2859 1614 2924 misisti,
1661 2859 1714 2912 in
1745 2858 1850 2913 hoc

261 2953 612 3018 cuitsentiant,
644 2961 704 3006 ut
727 2951 950 3006 credunt
975 2950 1180 3006 animas
1209 2950 1288 3004 sic
1315 2967 1382 3005 ea
1411 2949 1540 3006 ﬂatu
1567 2949 1664 3004 Dei
1703 2963 1844 3018 esse,

259 3053 440 3098 utnon
469 3043 580 3098 sint
615 3059 682 3098 ea
713 3043 899 3098 nihilo.
939 3043 1052 3098 Hoc
1079 3044 1226 3098 enim
1249 3043 1340 3112 qui
1367 3043 1557 3108 credit,
1601 3043 1702 3098 etsi
1731 3057 1852 3096 ver-

259 3135 338 3190 bis
361 3143 544 3204 neget,
571 3149 632 3190 re
657 3135 770 3204 ipsa
797 3135 990 3189 clamat
1013 3135 1222 3198 animas
1247 3135 1344 3190 Dei
1383 3136 1578 3190 habere
1603 3135 1850 3192 substan-

261 3223 404 3287 tiam,
437 3233 492 3280 et
519 3224 684 3292 ipsius
711 3239 880 3294 genus
909 3240 1048 3290 esse,
1081 3241 1188 3280 non
1228 3241 1472 3290 munere,
1513 3227 1610 3282 sed
1635 3235 1844 3290 natura.

261 3312 384 3368 Nam
415 3314 484 3370 de
524 3331 632 3384 quo
659 3316 884 3385 quisque
913 3325 1120 3371 naturai
1143 3331 1256 3372 sua:
1289 3318 1552 3386 originem
1587 3317 1752 3384 ducit,
1781 3319 1850 3374 de

263 3404 346 3460 illo
397 3416 608 3464 naturae
655 3421 766 3464 suae
809 3421 982 3475 genus
1017 3407 1220 3464 ducere
1255 3408 1442 3478 negari
1491 3408 1674 3464 sobrie
1701 3409 1852 3464 nullo

263 3506 412 3566 pacto
437 3505 634 3567 potest.
675 3496 778 3554 iste
801 3507 984 3556 autent
1009 3499 1078 3556 ita
1103 3499 1206 3560 sibi
1245 3507 1328 3558 est
1373 3500 1488 3569 ipse
1521 3501 1848 3566 contrariua,

263 3597 317 3642 ut
333 3603 504 3658 genus
533 3589 626 3648 Dei
653 3605 776 3644 esse
798 3590 1004 3648 animas
1031 3591 1194 3656 dicat,
1221 3605 1332 3648 non
1358 3599 1569 3658 natura,
1599 3593 1698 3648 sed
1735 3609 1854 3654 mu-

263 3695 414 3746 nere;
443 3691 500 3736 et
527 3691 706 3736 tamen
737 3697 844 3738 non
869 3679 1036 3740 factas
1065 3697 1130 3740 ea
1161 3683 1352 3752 nihilo,
1384 3685 1480 3740 sed
1507 3701 1572 3742 ex
1599 3685 1692 3740 illo
1709 3685 1852 3742 dicat

263 3773 514 3843 originem
545 3773 748 3834 ducere
779 3791 792 3826 :
825 3787 888 3828 ac
916 3774 994 3830 sic
1021 3789 1134 3840 eas,
1181 3776 1324 3845 quod
1362 3777 1512 3846 prius
1539 3787 1848 3848 negaverat,

263 3862 325 3917 ad
353 3865 444 3919 Dei
475 3875 726 3926 naturam
753 3879 1006 3920 revocare
1033 3881 1140 3922 non
1161 3867 1390 3922 dubitat.

329 3956 416 4010 '55.
457 3956 772 4016 Animarum
794 3966 974 4012 autem
1013 3971 1272 4016 novarum
1305 3959 1426 4016 sine
1455 3965 1746 4032 propagine
1771 3962 1852 4018 hi-

265 4045 618 4106 sui’llationem
639 4090 654 4113 ,
701 4048 914 4108 delendi
958 4050 1172 4120 quidem
1211 4051 1430 4108 minime
1469 4054 1848 4123 prohibemus,

265 4139 356 4198 sed
379 4140 446 4198 ab
475 4142 554 4196 eis
577 4141 668 4212 qui
697 4143 964 4211 potuerint
982 4145 1182 4215 aliquid
1211 4145 1474 4214 invenire,
1503 4149 1588 4202 vel
1613 4149 1668 4202 in
1687 4164 1852 4204 eane-

267 4232 392 4290 nicis
419 4233 618 4298 Libris,
646 4235 790 4310 quod
815 4251 922 4290 non
942 4239 1012 4292 sit
1033 4238 1338 4310 ambiguum
1355 4239 1708 4296 dissolvendae
1730 4243 1854 4300 huic

266 4323 662 4398 obligatissimze
691 4328 992 4396 quiestioni;
1011 4329 1096 4385 vel
1123 4331 1176 4384 in
1197 4332 1692 4388 ratiocinationibus
1711 4335 1847 4403 suis,

265 4419 398 4487 quod
419 4433 526 4474 neu
549 4420 953 4476 sitcontrarium
981 4423 1256 4478 catholicae
1272 4425 1480 4479 veritati
1501 4441 1514 4478 :
1537 4441 1642 4480 non
1679 4441 1710 4482 a
1728 4427 1854 4481 tali-

263 4509 358 4566 bus
375 4513 548 4582 qualis
573 4513 674 4566 iste
685 4513 946 4582 apparuit,
969 4515 1060 4585 qui
1080 4531 1186 4570 non
1205 4516 1526 4572 inveniendo
1551 4518 1680 4588 quid
1705 4518 1854 4575 diee-

263 4611 364 4670 ret,
379 4605 886 4662 etdeliberatiouem
913 4621 1061 4662 suam
1081 4609 1314 4664 nolendo
1335 4609 1682 4680 suspendere,
1713 4611 1851 4666 vires

261 4708 384 4751 suas
403 4698 630 4752 omnino
665 4712 776 4752 non
813 4699 1068 4766 metiens,
1097 4715 1165 4754 ne
1191 4709 1425 4768 taceret,
1458 4717 1620 4757 ausus
1657 4711 1739 4758 est
1768 4703 1850 4758 diu

263 4801 402 4854 cere,
435 4807 456 4842 ι
487 4787 754 4858 inniduari
785 4790 1018 4846 animam
1065 4793 1324 4848 meruisse
1364 4807 1462 4862 per
1507 4809 1726 4848 carnem
1751 4836 1766 4861 ,
1799 4803 1854 4850 et

261 4895 378 4938 esse
403 4883 670 4938 meruisse
705 4884 940 4938 animam
983 4887 1366 4954 peccatricem;
1403 4905 1424 4938 ι
1453 4887 1608 4956 cujus
1643 4889 1852 4944 nullum

262 4975 532 5041 meritum,
564 4989 660 5031 seu
681 4974 878 5030 bonum
901 4991 996 5032 seu
1023 4977 1220 5032 malum
1247 5021 1260 5041 ,
1290 4987 1414 5032 ante
1433 4993 1650 5034 carnem
1681 4981 1854 5049 potuit

263 5063 520 5121 invenire.
573 5065 642 5124 Et
691 5085 712 5120 ι
753 5069 987 5137 parvulis
1042 5069 1157 5123 sine
1201 5069 1468 5139 baptismo
1513 5069 1582 5125 de
1625 5087 1852 5142 corpore

261 5158 578 5214 exeuntibus
603 5159 740 5214 solvi
758 5173 914 5228 posse
938 5161 1198 5230 originale
1223 5171 1517 5232 peccatum,
1539 5172 1592 5236 et
1617 5163 1850 5219 oderen-

261 5249 384 5306 dum
409 5265 506 5320 pro
530 5250 612 5306 eis
639 5251 962 5306 sacriﬁcium
979 5251 1220 5322 corporis
1233 5251 1448 5320 Christi,
1479 5269 1500 5304 ι
1525 5255 1613 5324 qui
1633 5253 1852 5314 Christo

263 5358 368 5398 non
391 5353 520 5400 sunt
543 5345 868 5414 incorporati
893 5361 992 5415 per
1015 5346 1134 5416 ejus
1155 5345 1499 5402 Sacramenta
1526 5347 1578 5400 in
1602 5346 1720 5416 ejus
1750 5348 1856 5402 Ec-

263 5437 424 5494 clesia
451 5457 468 5492 :
508 5457 528 5490 ι
555 5453 758 5509 eosque
801 5440 920 5494 sine
949 5440 1162 5496 lavacro
1195 5439 1615 5510 regenerationis
1637 5441 1706 5495 de
1749 5439 1850 5496 hac

261 5531 368 5585 vita
392 5531 748 5601 emigrantes,
779 5547 886 5587 non
911 5531 982 5586 ad
1015 5533 1252 5602 requiem
1279 5541 1486 5587 tantum
1513 5533 1592 5587 ire
1611 5573 1626 5598 ,
1657 5533 1750 5587 sed
1782 5533 1854 5588 ad

258 5639 482 5694 regnum
521 5623 784 5684 calorum
837 5639 994 5695 posse
1034 5625 1196 5684 etiam
1239 5627 1540 5697 pervenire.
1573 5646 1592 5680 ι
1643 5627 1710 5682 Ει
1745 5627 1850 5683 alia

259 5717 426 5772 multa
439 5715 693 5782 absurda,
713 5733 830 5788 qua;
846 5719 1022 5772 omnia
1040 5719 1311 5792 colligere,
1330 5729 1488 5792 atque
1506 5721 1556 5775 in
1585 5721 1687 5776 isto
1713 5721 1851 5777 libro

257 5807 512 5890 digerere
539 5806 760 5880 longum
779 5809 952 5872 visum
977 5817 1080 5866 est.
1103 5810 1256 5870 Absit
1283 5827 1414 5883 ergo
1437 5821 1495 5868 ut
1539 5813 1846 5870 animarum

1627 339 1834 400 LIBER
1871 339 2146 400 Ριιιιιυε.

3421 339 3530 400 ιιι

1951 470 2204 526 propago,
2225 454 2268 510 si
2297 455 2426 512 falsa
2448 463 2550 526 est,
2571 471 2602 514 a
2617 455 2807 514 talibus
2833 455 3138 520 refellatur;
3159 462 3215 514 et
3227 455 3530 516 animarum

1943 563 2200 606 novarum
2225 547 2532 614 intumatio,
2555 549 2603 606 si
2639 563 2762 606 vera
2781 557 2884 616 est,
2907 565 2936 604 a
2960 549 3160 608 talibus
3183 547 3528 608 deiaidatur.

2013 637 2104 694 54.
2126 637 2506 706 Quamobrem,
2525 641 2852 710 quicumque
2873 641 3060 700 velut
3071 639 3364 702 defendere
3379 639 3532 712 quod

1943 729 2190 785 dicuntur
2216 730 2410 784 anima-3
2439 747 2588 785 novae
2621 732 2960 787 nascentibus
3001 731 3260 786 insufﬂari
3281 773 3298 800 ,
3329 747 3434 786 non
3462 731 3532 787 de

1945 821 2254 896 parentibus
2283 821 2448 890 trahi,
2476 823 2674 892 aliquid
2716 823 2926 878 illorum
2957 833 3185 894 quatuor
3222 813 3340 894 quae
3368 838 3534 894 supra

1945 913 2392 992 eoinuicmersvi,
2421 901 2645 974 caveant
2681 913 2826 968 omni
2855 913 3015 970 modo
3049 932 3063 968 :
3093 913 3196 970 hoc
3222 924 3324 980 est,
3359 930 3428 970 ne
3453 914 3536 968 di-

1944 1013 2087 1068 cant,
2117 1019 2148 1056 a
2175 1005 2283 1058 Deo
2305 1001 2418 1059 ﬁeri
2453 1005 2660 1060 animas
2687 1006 3007 1074 peccatrices
3035 1021 3132 1076 per
3159 1007 3390 1062 alienum
3427 1007 3536 1060 ori-

1943 1097 2122 1168 ginale
2150 1107 2435 1170 peccatum
2459 1115 2474 1152 :
2505 1114 2574 1154 ne
2597 1099 2798 1166 dicant,
2823 1099 3071 1169 parvulos
3095 1100 3184 1170 qui
3213 1101 3328 1156 sine
3348 1099 3534 1170 Bapti-

1945 1203 2064 1248 smo
2107 1191 2368 1256 exierint,
2414 1191 2693 1260 pervenire
2739 1205 2898 1260 posse
2947 1190 3014 1248 ad
3061 1191 3224 1248 vitam
3279 1201 3534 1252 aiter-nam

1951 1296 2284 1354 regnumque
2313 1281 2594 1350 ccelorurn,
2625 1283 2868 1354 originali
2903 1291 3124 1353 peccato
3147 1297 3242 1352 per
3263 1284 3540 1354 quodlibet

1946 1373 2090 1429 aliud
2133 1375 2408 1430 resoluto:
2443 1391 2509 1431 ne
2547 1375 2766 1446 dicant,
2804 1375 3012 1434 animas
3051 1389 3300 1452 peccasse
3343 1375 3540 1434 alicubi

1945 1474 2070 1521 ante
2093 1481 2344 1534 carnem,
2372 1475 2428 1522 et
2467 1467 2570 1523 hoc
2609 1467 2800 1523 merito
2838 1468 2891 1522 in
2935 1482 3152 1522 carnem
3183 1467 3536 1538 peccatricem

1947 1556 2116 1630 fuisse
2155 1557 2402 1620 detrusus
2433 1573 2544 1620 :ne
2587 1559 2786 1626 dicunt,
2819 1567 3068 1630 peccata,
3098 1573 3216 1630 quae
3255 1559 3308 1622 in
3354 1559 3434 1616 eis
3459 1559 3543 1614 in-

1946 1658 2106 1704 venta
2147 1665 2254 1706 non
2301 1659 2454 1720 sunt,
2483 1652 2610 1724 quia
2653 1652 2898 1720 prmscita
2935 1659 3092 1720 sunt,
3132 1653 3325 1718 merito
3372 1651 3540 1708 fuisse

1951 1740 2132 1808 punita
2160 1782 2174 1806 ,
2202 1755 2323 1794 cum
2372 1741 2440 1794 ad
2485 1757 2604 1796 eam
2651 1743 2844 1808 vitam,
2874 1741 2964 1796 ubi
3007 1758 3070 1797 ea
3115 1743 3538 1810 committerent,

1949 1831 2222 1900 permissu:
2249 1847 2354 1885 non
2401 1829 2598 1886 fuerint
2637 1833 2938 1902 pervenire.
2977 1831 3121 1887 Nihil
3157 1847 3286 1904 ergo
3307 1833 3536 1888 istorum

1954 1931 2186 1992 quatuor
2219 1921 2496 1990 dicentes,
2526 1925 2780 1994 quoniam
2807 1923 3086 1995 quodlibet
3123 1941 3306 1980 eorum
3349 1923 3542 1981 falsum

1947 2019 2105 2084 atque
2149 2015 2367 2084 impium
2397 2023 2513 2082 est;
2545 2015 2816 2072 inveniant
2841 2019 3000 2072 etiam
3041 2017 3436 2089 Scripturarum
3471 2019 3544 2077 de

1953 2103 2053 2159 hac
2104 2121 2164 2160 re
2212 2107 2512 2162 certissima
2557 2109 2882 2176 testimonia,
2927 2119 2983 2164 et
3037 2109 3176 2165 hanc
3221 2111 3543 2166 sententiam

1949 2213 2098 2254 suam
2126 2243 2140 2267 ,
2169 2215 2274 2255 non
2304 2203 2475 2256 solum
2515 2217 2604 2257 me
2629 2217 2737 2258 non
2773 2211 2989 2260 vetante
3009 2246 3022 2270 ,
3049 2219 3234 2259 verum
3269 2205 3430 2260 etiam
3463 2203 3546 2261 fa-

1948 2301 2108 2346 vente
2137 2301 2190 2347 et
2213 2293 2410 2362 gratias
2433 2305 2626 2364 agente
2649 2337 2664 2362 ,
2693 2293 2997 2350 defendant.
3035 2295 3090 2352 Si
3117 2305 3294 2350 autem
3329 2313 3434 2352 non
3465 2297 3546 2354 in-

1947 2385 2168 2440 veniunt
2212 2385 2564 2440 certissimam
2604 2385 2672 2442 de
2715 2387 2815 2442 hac
2855 2403 2914 2442 re
2941 2387 3308 2444 auctoritatem
3341 2389 3546 2443 divino-

1949 2491 2066 2532 rum
2132 2477 2507 2547 eloquiorum,
2565 2487 2619 2533 et
2661 2479 2862 2548 aliquid
2907 2479 3118 2533 illorum
3169 2489 3400 2550 quatuor
3451 2496 3546 2552 per

1951 2569 2182 2638 inopiam
2229 2571 2408 2625 dicere
2447 2569 2871 2640 compelluntur;
2912 2569 3199 2626 cohibeant
3231 2585 3326 2639 se,
3359 2589 3427 2628 ne
3450 2587 3548 2643 per

1949 2661 2116 2732 ipsum
2145 2661 2374 2732 inpiam
2401 2663 2559 2718 etiam
2585 2661 2922 2732 parvulorum
2953 2662 3160 2718 animas
3204 2679 3310 2718 non
3341 2663 3544 2721 habere

1950 2751 2206 2822 originale
2243 2764 2516 2822 peccatum
2539 2796 2552 2818 ,
2583 2753 2872 2808 secundum
2913 2753 3252 2824 Pelagianam
3294 2755 3544 2811 lueresim

1951 2845 2076 2900 olim
2110 2845 2464 2901 damnabilem
2489 2888 2502 2910 ,
2541 2847 2956 2917 nuperrimeque
2985 2847 3290 2902 damnatam
3315 2892 3330 2916 ,
3362 2849 3546 2906 dicere

1949 2939 2354 3009 compellantur.
2401 2939 2586 2994 Melius
2629 2949 2712 2994 est
2754 2941 2894 2994 enim
2929 2939 3130 2994 homini
3173 2938 3330 2994 fateri
3359 2957 3421 2996 se
3449 2957 3547 2996 ne-

1951 3029 2090 3085 scire
2131 3031 2270 3100 quod
2307 3031 2504 3096 nescit,
2532 3045 2691 3101 quam
2725 3032 2776 3085 in
2819 3031 3068 3086 haeresim
3111 3031 3198 3086 vel
3239 3031 3550 3088 damnatam

1953 3123 2244 3188 incurrere,
2269 3123 2350 3177 vel
2377 3137 2566 3176 novam
2599 3123 2853 3188 condere,
2879 3123 3006 3178 dum
3035 3115 3236 3179 temere
3263 3125 3424 3180 audet
3451 3125 3549 3181 de-

1951 3213 2162 3270 fensare
2182 3213 2322 3284 quod
2343 3214 2532 3270 nescit.
2556 3215 2670 3268 Alia
2693 3213 2849 3284 hujus
2873 3213 3104 3270 hominis
3129 3215 3258 3271 falsa
3284 3226 3336 3272 et
3360 3217 3550 3272 absur-

1952 3307 2039 3374 da,
2083 3311 2136 3363 in
2186 3309 2375 3379 quibus
2415 3323 2522 3364 non
2569 3317 2674 3363 tam
2733 3309 3049 3380 periculose,
3105 3321 3472 3368 verumtamen
3515 3327 3549 3369 a

1953 3401 2164 3455 tramite
2213 3401 2452 3457 veritatis
2487 3401 2780 3467 exorbitat,
2813 3403 3063 3472 quoniam
3103 3404 3267 3458 multa
3304 3413 3459 3470 sunt,
3492 3413 3548 3462 et

1953 3489 2022 3546 ad
2041 3491 2212 3562 ipsum
2231 3493 2411 3559 etiam,
2445 3495 2490 3548 si
2519 3493 2772 3548 Dominus
2787 3494 3039 3562 voluerit,
3072 3495 3274 3566 aliquid
3298 3493 3365 3551 de
3396 3495 3548 3553 libris

1954 3581 2069 3652 ejus
2109 3581 2232 3638 volo
2268 3583 2502 3639 scribere
2524 3627 2537 3647 ,
2565 3583 2638 3638 ibi
2677 3585 2900 3640 forsitan
2939 3587 3147 3654 omnia,
3175 3587 3258 3644 vel
3291 3589 3338 3643 si
3367 3589 3548 3647 omnia

1953 3689 2058 3729 non
2093 3683 2340 3744 potuero,
2369 3677 2595 3746 plurima
2618 3677 2922 3732 ostendam.

2023 3767 2252 3824 CAPUT
2295 3767 2412 3823 XX.
2463 3799 2534 3809 —
2583 3769 2674 3826 35.
2727 3767 2886 3824 Istum
2915 3779 3091 3825 autem
3121 3769 3334 3842 librum,
3387 3789 3550 3846 quem

1955 3857 2020 3913 ad
2067 3868 2118 3915 tie
2165 3863 2374 3930 potius,
2406 3861 2495 3932 qui
2542 3877 2728 3918 curam
2762 3873 2816 3918 et
2845 3862 2968 3919 ﬁdei
3023 3875 3218 3920 nostra:
3264 3873 3318 3922 et
3367 3869 3550 3924 existi-

1956 3951 2204 4007 mationis
2259 3969 2426 4022 mem,
2479 3963 2534 4009 ut
2571 3971 2726 4028 verus
2769 3955 3068 4010 catholicus
3117 3964 3172 4011 et
3207 3957 3377 4013 bouus
3415 3961 3548 4015 ami-

1955 4059 2084 4108 cus,
2139 4045 2364 4101 lidelitcr
2405 4045 2739 4118 benigneque
2790 4047 3037 4116 gessisti,
3067 4063 3230 4119 quam
3267 4049 3332 4104 ad
3384 4051 3548 4107 alium

1957 4153 2276 4208 quemquam
2333 4139 2674 4193 scribendum
2733 4140 2950 4208 putavi,
3001 4149 3054 4194 tu
3101 4141 3383 4210 legendum
3450 4141 3548 4197 da-

1957 4229 2038 4283 bis
2065 4229 2147 4282 vel
2198 4229 2609 4284 describendum
2664 4229 2855 4300 quibus
2899 4232 3170 4300 potueris,
3217 4233 3304 4288 vel
3356 4233 3549 4306 quibus

1957 4319 2190 4374 dandum
2243 4335 2362 4374 esse
2419 4321 2766 4390 judicavcris.
2841 4321 2899 4376 lu
2957 4339 3063 4392 quo
3127 4325 3279 4379 istius
3337 4327 3550 4396 juvenis

1957 4413 2426 4482 prmsumptionem
2473 4413 2541 4466 ita
2585 4413 2978 4484 reprimendum
3022 4422 3078 4468 et
3121 4415 3546 4485 redarguendam

1958 4503 2160 4573 putavi,
2201 4511 2257 4559 ut
2303 4513 2480 4560 tamen
2527 4519 2648 4560 eum
2697 4503 2947 4575 diligam;
2987 4521 3090 4561 nec
3129 4505 3410 4576 damnari,
3454 4511 3549 4566 sed

1957 4595 2233 4651 emendari
2265 4597 2426 4652 velim
2457 4605 2652 4668 :atquc
2679 4597 2748 4650 ita
2777 4596 3040 4668 proiicere
3065 4597 3117 4652 in
3146 4595 3308 4653 domo
3333 4613 3544 4670 magna,

1957 4703 2078 4758 qua:
2120 4697 2202 4744 est
2239 4687 2477 4744 Ecclesia
2518 4689 2810 4754 catholica,
2859 4703 2965 4758 quo
3001 4704 3124 4743 cum
3179 4689 3548 4747 misericordia

1958 4779 2135 4836 divina
2157 4781 2433 4852 perduxit,
2465 4790 2522 4835 ut
2547 4781 2616 4835 sit
2645 4781 2698 4836 in
2741 4779 2830 4834 illa
2861 4795 2954 4836 vas
2977 4779 3029 4836 in
3065 4779 3268 4837 honore
3311 4783 3550 4839 sanctiﬁ-

1957 4885 2133 4930 catum
2156 4916 2169 4938 ,
2201 4874 2330 4928 utile
2361 4871 2587 4928 Domino
2612 4915 2628 4942 ,
2650 4871 2720 4928 ad
2747 4887 2906 4929 omne
2944 4889 3080 4944 opus
3105 4875 3304 4930 bonum
3335 4889 3550 4947 semper

1961 4975 2202 5036 paratum
2226 5007 2240 5031 ,
2263 4975 2316 5020 et
2347 4965 2484 5020 bene
2511 4963 2737 5020 vivendo
2761 5007 2777 5033 ,
2809 4973 2863 5021 et
2891 4981 3017 5021 sana
3043 4965 3287 5025 docendo
3315 4971 3354 5025 ¹.
3383 4971 3548 5026 Porro

1957 5067 2132 5114 autem
2161 5057 2206 5112 si
2233 5057 2404 5126 ipsum
2426 5065 2636 5127 Oportet
2661 5065 2717 5112 ut
2741 5057 2958 5128 diligam
2977 5059 3135 5126 sicut,
3151 5059 3288 5116 facio
3310 5077 3326 5128 ;
3347 5071 3550 5134 quanto

1959 5152 2125 5220 magis
2171 5159 2252 5218 te,
2289 5149 2660 5222 frater,cujus
2703 5165 2829 5221 erga
2877 5167 2963 5206 me
3007 5152 3467 5217 benevolentiam,
3496 5165 3550 5207 et

1959 5243 2108 5312 cujus
2144 5241 2460 5297 catholicam
2511 5241 2668 5296 iidem
2714 5233 2922 5298 cautam
2981 5253 3034 5298 et
3071 5243 3302 5299 sobriam
3349 5245 3549 5314 optime

1960 5333 2101 5387 novi.
2135 5331 2286 5388 Unde
2325 5333 2518 5387 factum
2557 5341 2638 5387 est
2669 5343 2724 5387 ut
2762 5347 2858 5388 eos
2893 5333 3058 5388 libros
3089 5333 3178 5403 qui
3225 5333 3317 5389 tibi
3355 5332 3547 5404 diepli-

1961 5433 2202 5490 cueruut,
2228 5435 2282 5480 et
2309 5425 2360 5480 in
2383 5425 2572 5496 quibus
2599 5441 2792 5481 nomen
2825 5441 2998 5480 meum
3027 5423 3182 5480 aliter
3201 5441 3356 5495 quam
3379 5427 3549 5482 velles

1961 5518 2188 5588 positum
2219 5517 2548 5588 comperisti,
2581 5515 2962 5573 describendos
3001 5517 3234 5587 mihique
3258 5516 3549 5575 mittendos

1961 5625 2084 5666 vere
2125 5612 2356 5666 fraterna
2407 5611 2672 5682 planeque
2720 5611 2922 5664 sincera
2969 5608 3255 5663 dilectione
3306 5623 3546 5667 curares.

1961 5703 2188 5760 Tantum
2215 5719 2342 5775 ergo
2369 5703 2519 5758 abest
2546 5711 2601 5758 ut
2629 5691 2750 5757 hinc
2779 5709 2882 5756 ture
2909 5699 3154 5756 charitati
3179 5713 3548 5774 succenseam,

2025 5840 2044 5872 ί
2077 5846 2134 5888 ιιι
2149 5847 2274 5904 Mss,
2297 5837 2516 5891 dicendo.
