4012 6538
330 384 438 454 ιῡὸ

331 505 457 578 quia
478 497 679 563 fecisti;
702 502 762 551 ut
787 492 964 566 potius
994 489 1094 545 nisi
1116 486 1332 542 fecisses
1355 527 1369 551 ,
1404 484 1609 551 integro
1633 478 1753 550 jure
1791 476 1923 532 ami-

329 569 474 652 ditia:
498 602 814 648 succensere
850 583 1120 640 deberem.
1154 579 1269 648 Ago
1295 577 1473 645 itaque
1492 573 1684 628 uberes
1704 569 1921 642 gratias.

331 683 789 758 Quemadmodum
829 685 1006 733 autem
1033 671 1335 743 acceperim
1373 666 1569 722 factum
1594 671 1771 730 tuum,
1802 659 1929 714 hinc

322 839 326 842 .
349 795 2678 860 __________________________._.__

1212 373 1299 430 DE
1339 368 1551 429 ANlllA
1591 364 1680 424 ET
1709 359 1874 422 EJUS
1911 351 2207 425 ORIGINE,
2249 352 2309 412 S.
2350 343 2722 410 AUGUSTINI

3501 335 3615 396 ιω

2029 467 2361 529 manifestius
2403 464 2628 520 indicavi
2651 465 2692 528 ί,
2719 457 2858 530 quod
2888 456 3030 512 hunc
3058 453 3125 512 ad
3155 463 3206 510 te
3232 453 3457 521 librum,
3484 468 3614 508 mox

2031 575 2090 622 ut
2115 565 2235 620 illos
2263 561 2388 632 legi,
2422 559 2537 615 sine
2560 557 2735 627 aliqua
2764 553 3018 609 dilatione
3041 547 3359 620 conscripsi.

2099 679 2118 712 ι
2153 676 2407 727 Vaticanus
2429 680 2532 732 Ms.,
2543 665 2816 734 judicatus.

2684 777 3624 806 ...Μ

1279 915 1758 1033 LIBER
1800 893 2689 1017 SECUNDUS.

1417 1107 1525 1171 AD
1566 1094 1890 1166 PETRUM
1930 1079 2535 1154 PRESBYTERUM.

404 1263 598 1308 Petrum
633 1252 863 1303 admcnet
903 1243 1195 1308 Augustinus
1214 1276 1251 1308 Ἀ
1274 1247 1342 1286 ne
1377 1228 1762 1308 WEi‘E‘EEﬂ‘.

2043 1226 2071 1262 e
2131 1210 2304 1259 animae
2342 1207 2541 1269 origine
2569 1216 2600 1254 a
2641 1202 2894 1269 Vincentio
2933 1201 3122 1269 victore
3152 1197 3228 1269 _ad_
3272 1209 3386 1269 eum
3429 1198 3644 1269 scriptos

404 1263 598 1308 Ρθιτιιιιι
633 1259 863 1303 θαιῐιοιιθι
903 1259 1229 1308 Αιιειιειιιιιιδ,
1277 1259 1342 1286 UO
1377 1259 1671 1304 manuum-.9
1709 1259 1760 1295 *τι
1805 1259 1953 1290 --υςν-
2012 1259 2065 1298 7:
2088 1274 2098 1284 ο
2424 1259 2454 1278 γ
2858 1266 2867 1274 ο
3173 1262 3182 1271 ⁸
3219 1261 3228 1271 _
3534 1259 3537 1260 ν
3595 1259 3606 1269 ⁸

345 1318 578 1371 nudanda
608 1315 903 1379 approbasse
919 1345 934 1370 ,
967 1313 1050 1357 aut
1085 1315 1197 1367 quae
1239 1306 1430 1350 temere
1459 1291 1545 1342 ille
1575 1291 1766 1361 scripsit
1784 1282 1896 1332 ﬁdet
1933 1277 2209 1328 Christianae
2231 1275 2496 1342 contraria,
2533 1279 2623 1330 pro
2659 1265 2967 1339 dogmatibus
3010 1261 3260 1336 catholicis
3298 1260 3486 1333 habere
3524 1272 3643 1308 exi-

885 1375 894 1379 -
1006 1369 1016 1379 .
1109 1378 1112 1379 ν
1300 1369 1480 1379 MM---
1513 1357 1818 1379 mm...an
1857 1347 2020 1379 mm-
2065 1343 2116 1379 et
2146 1332 2313 1379 verbis
2343 1329 2557 1379 eonfutat
2592 1341 2774 1379 paucis.
2815 1332 2957 1376 Petro
2991 1325 3188 1375 demum
3225 1336 3317 1379 ipsi
3355 1319 3548 1379 suadet,
3583 1326 3643 1369 ut

345 1347 578 1371 Iauuauuu
608 1347 934 1379 αμμιυυιωυν,
967 1347 1050 1357 κ...
1089 1347 1192 1367 ,ιν-τ.
1245 1347 1283 1350 η
1634 1353 1644 1361 ⁸
1675 1347 1710 1360 ν.

290 1419 291 1422 η
342 1385 586 1433 stimetur.
619 1384 819 1427 Error-es
845 1366 1256 1433 Victoris‘varios,
1295 1369 1483 1433 eosque
1512 1357 1819 1417 gravrsstmos
1857 1347 1990 1392 notat
2006 1373 2021 1400 ,

342 1425 587 1495 'i-‘iéi'JEEui
614 1425 691 1490 5.1
707 1449 795 1488 eos
811 1429 1124 1496 corrigendos
1143 1425 1362 1476 adducat.

2065 1319 2313 1386 adverbis
2343 1319 2557 1382 confuta't
2592 1319 2774 1392 paucis.
2815 1332 2957 1376 Petro
2991 1325 3188 1375 demum
3225 1323 3317 1387 ipsi
3355 1319 3548 1381 suadet,
3583 1326 3645 1369 ut

1751 1463 2233 1545 ..καθομο-

347 1629 574 1688 Domino
604 1621 950 1681 dilectissimo
982 1615 1130 1672 fratri
1172 1620 1228 1669 et
1257 1605 1694 1678 compresbytero
1715 1597 1898 1654 Psruo
1918 1633 1934 1661 ,

503 1723 840 1777 Aucusrmus
866 1712 1166 1783 episcopus,
1197 1705 1250 1760 in
1274 1699 1502 1757 Domino
1531 1695 1780 1751 salutem.

426 1852 652 1914 CAPUT
689 1845 976 1907 PRIMUM.
1015 1871 1085 1884 —
1109 1841 1163 1897 l.
1209 1838 1572 1893 Pervenerunt
1607 1825 1674 1882 ad
1707 1838 1795 1880 me
1834 1819 1940 1874 duo

353 1947 475 2004 libri
519 1941 785 1999 Vincentii
827 1935 1091 2000 Victoris,
1118 1944 1252 2002 quos
1300 1925 1368 1981 ad
1409 1921 1756 1979 Sanctitatem
1797 1921 1942 2004 tuam

354 2035 589 2108 scripsit,
615 2033 863 2088 mittente
889 2025 1018 2082 mihi
1055 2038 1149 2080 eos
1177 2021 1341 2075 fratre
1370 2021 1555 2071 nostro
1587 2009 1813 2068 Reuato,
1843 2002 1944 2057 bo-

355 2106 502 2187 mine
547 2124 764 2198 quidem
803 2121 971 2185 laico,
1000 2116 1093 2172 sed
1129 2127 1224 2184 pro
1251 2125 1348 2167 sua
1374 2107 1478 2163 ﬁde
1517 2112 1572 2160 et
1598 2112 1784 2156 eorum
1814 2106 1948 2194 quos

358 2183 866 2292 diligit,-prudenter
892 2183 1248 2278 religioseque
1275 2199 1528 2258 sollicito.
1559 2190 1765 2292 Quibus
1795 2183 1948 2240 lectis

356 2313 467 2368 vidi
494 2285 762 2365 hominem
800 2305 854 2358 in
884 2314 1136 2357 sermone
1159 2293 1373 2366 quidem
1398 2333 1414 2358 ,
1445 2303 1550 2344 non
1575 2285 1748 2340 solum
1784 2289 1950 2346 usque

359 2405 428 2460 ad
449 2399 842 2475 sufficientiam,
868 2409 1052 2450 verum
1081 2391 1244 2446 etiam
1263 2399 1431 2456 usque
1451 2380 1518 2436 ad
1543 2371 1952 2436 redundantiam

362 2469 756 2571 proﬂuentem;
803 2488 898 2545 sed
935 2487 986 2540 in
1028 2484 1192 2540 rebus
1232 2479 1300 2535 de
1346 2476 1537 2547 quibus
1582 2467 1730 2539 loqui
1765 2462 1948 2564 voluit,

361 2553 602 2647 nondum
633 2586 771 2641 sicut
811 2587 1022 2652 oportet
1061 2567 1376 2632 instructum
1406 2586 1420 2621 :
1451 2563 1592 2637 quod
1629 2561 1673 2616 si
1709 2559 1760 2614 ei
1798 2553 1956 2610 fuerit

363 2682 590 2737 Domino
619 2647 1141 2732 donantevcollatum,
1164 2662 1363 2736 poterit
1385 2673 1507 2716 esse
1524 2654 1670 2711 utilis
1690 2647 1951 2721 pluribus.

366 2774 538 2828 liabet
569 2769 711 2826 enim
742 2780 850 2820 non
884 2762 1163 2818 minimum
1202 2751 1468 2811 facultatis
1493 2791 1508 2817 ,
1534 2761 1638 2816 qua
1671 2741 1836 2813 possit
1863 2754 1981 2794 ex-.

367 2865 568 2935 plicare
590 2871 749 2930 atque
777 2869 972 2912 ornare
1012 2866 1132 2922 quae
1167 2846 1350 2911 sentit,
1381 2843 1425 2897 si
1453 2842 1598 2912 prius
1616 2837 1709 2891 det
1740 2845 1958 2902 operam

369 2926 515 3012 recta
542 2926 760 3007 sentire.
790 2947 958 3002 Valde
985 2943 1180 3014 quippe
1199 2947 1324 2993 sunt
1351 2934 1508 2990 noxia
1537 2946 1695 3001 prava
1723 2926 1957 2989 diserta;

371 3049 493 3120 quia
526 3041 831 3099 hominibus
852 3039 1027 3093 minus
1052 3032 1275 3090 eruditis
1296 3072 1312 3096 ,
1339 3045 1404 3084 eo
1433 3023 1574 3096 quod
1595 3021 1790 3076 diserta
1815 3022 1957 3079 sunt,

371 3107 619 3194 videntur
645 3143 698 3188 et
726 3147 873 3186 vera.
903 3123 1184 3195 Quomodo
1214 3129 1393 3176 autem
1415 3115 1632 3172 eosdem
1659 3111 1822 3166 libros
1847 3107 1962 3176 ipse

372 3226 680 3298 acceperis,
713 3221 936 3277 nescio:
983 3224 1350 3272 verumtamen
1393 3210 1438 3264 si
1474 3219 1659 3262 verum
1699 3209 1782 3257 est
1823 3196 1964 3270 quod

374 3318 588 3384 audivi,
617 3314 809 3371 diceris
844 3311 922 3366 eis
956 3307 1193 3364 recitatis
1223 3305 1294 3359 ita
1338 3298 1625 3358 exsiluisse
1662 3293 1878 3356 laatitia,
1905 3297 1966 3344 ut

375 3421 534 3482 caput
554 3409 768 3480 juvenis
795 3406 936 3460 illius
955 3417 1140 3466 senex,
1164 3408 1218 3455 et
1238 3397 1354 3452 laici
1377 3393 1655 3469 presbyter
1674 3388 1963 3452 osculatus,

375 3477 632 3558 didicisse
667 3510 717 3554 te
740 3497 882 3569 quod
921 3493 1203 3567 ignorabas
1224 3531 1240 3558 ,
1265 3489 1462 3560 gratias
1493 3483 1684 3554 egeris.
1714 3479 1816 3535 Ubi
1847 3477 1967 3548 qui-

377 3596 499 3650 dem
521 3609 626 3650 non
660 3591 901 3662 improbo
931 3588 1284 3643 humilitatem
1309 3591 1486 3642 tuam,
1513 3579 1621 3632 imo
1646 3587 1776 3630 vero
1809 3571 1970 3626 etiam

381 3691 540 3744 laudo
564 3686 705 3759 quod
735 3683 1007 3740 honorasti
1027 3681 1300 3734 doctorem
1339 3684 1522 3729 tuum:
1553 3684 1652 3725 nec
1673 3665 1966 3730 hominem,

381 3781 477 3836 sed
504 3757 674 3850 ipsam
695 3792 812 3848 qua:
839 3774 936 3829 tibi
965 3789 1060 3844 per
1089 3772 1237 3825 illum
1269 3766 1411 3836 loqui
1441 3765 1650 3833 dignata
1677 3767 1760 3816 est
1779 3757 1974 3814 veritaq

385 3883 490 3928 teni
507 3849 537 3938 ;7
551 3871 596 3926 si
637 3878 812 3923 tamen
847 3865 1085 3937 potueris
1121 3861 1519 3922 demonstrare,
1552 3852 1678 3924 quid
1698 3867 1794 3922 per
1819 3849 1972 3905 illum

384 3963 625 4020 veritatis
649 3959 940 4030 acceperis.
969 3955 1172 4012 Vellem
1195 3954 1374 4022 itaque
1397 3948 1672 4018 rescriptis
1694 3946 1818 4012 tuis,
1846 3941 1975 4014 quid

387 4069 440 4110 te
464 4053 734 4118 docuerit,
769 4067 857 4106 me
877 4048 1118 4105 doceres.
1151 4045 1304 4099 Absit
1331 4042 1472 4097 enim
1519 4049 1576 4094 ιιι
1614 4038 1977 4094 erubescama

389 4147 700 4219 presbytero
734 4143 962 4205 discere,
992 4140 1034 4195 si
1065 4155 1095 4192 a
1125 4138 1258 4192 laico
1285 4144 1340 4190 tu
1379 4149 1484 4189 non
1513 4130 1768 4187 erubuisti
1793 4171 1807 4193 ,
1831 4143 1972 4198 prae-
2001 4143 2004 4146 ’

392 4238 615 4296 dicanda
658 4247 712 4292 et
759 4233 1012 4290 imitanda
1052 4229 1389 4294 humilitate,
1421 4226 1466 4280 si
1513 4239 1635 4278 vera
1675 4221 1902 4277 didicisti
1936 4220 1975 4273 ¹.

462 4331 689 4389 CAPUT
733 4329 796 4383 ll.
823 4357 895 4368 —
920 4327 975 4381 2.
1001 4323 1251 4388 Proinde,
1278 4321 1442 4375 frater
1463 4317 1829 4382 dilectissime,
1853 4312 1980 4384 quid

291 4500 302 4504 _
392 4427 463 4484 ab
494 4441 558 4482 eo
593 4424 846 4480 didiceris
868 4463 884 4489 ,
909 4434 1068 4474 nosse
1105 4419 1258 4486 cupio
1277 4455 1292 4481 ,
1318 4423 1376 4466 ut
1415 4412 1462 4466 si
1487 4411 1596 4481 jam
1627 4409 1678 4464 id
1707 4409 1940 4463 sciebam
1962 4447 1980 4474 ,

394 4518 628 4588 gratuler
667 4531 761 4586 pro
796 4522 882 4578 te;
912 4511 958 4566 si
994 4517 1168 4564 autem
1191 4505 1530 4568 nesciebam,
1559 4500 1758 4555 discam
1793 4513 1888 4567 per
1908 4507 1981 4552 te.

398 4610 545 4666 Itane
572 4619 628 4664 tu
654 4605 933 4678 ignorabas
953 4603 1059 4658 duo
1092 4599 1335 4672 quaedam
1370 4611 1518 4660 esse,
1545 4595 1775 4649 animam
1804 4600 1858 4646 et
1877 4591 1987 4661 spi-

399 4704 561 4758 ritum
586 4742 602 4768 ,
629 4697 926 4756 secundum
955 4695 1009 4750 id
1035 4692 1177 4764 quod
1204 4691 1457 4758 scriptum
1484 4697 1565 4742 est
1589 4726 1605 4754 ,
1636 4684 1902 4738 Absolvisti
1923 4682 1985 4735 ab

366 4783 584 4866 ’spiritu
623 4808 732 4846 meo
771 4790 994 4844 animam
1034 4801 1195 4840 meam
1238 4781 1378 4853 (Job.
1424 4796 1530 4845 vn,
1561 4794 1662 4832 sec.
1688 4773 1895 4844 LXX)?
1924 4774 1992 4827 Et

405 4897 692 4954 utrumque
739 4881 805 4938 ad
843 4889 1086 4935 naturam
1129 4875 1360 4930 hominis
1408 4871 1714 4943 pertinere,
1745 4878 1801 4922 ut
1847 4874 1990 4920 totus

405 4979 569 5033 homo
589 4974 661 5029 sit
692 4971 914 5042 spiritus
938 4977 994 5023 et
1021 4968 1196 5022 anima
1222 4976 1275 5020 et
1312 4979 1505 5032 corpus
1533 4980 1545 5015 :
1579 4960 1672 5016 sed
1707 4959 1990 5028 aliquando

408 5069 515 5122 duo
557 5065 657 5120 ista
693 5061 859 5118 simul
887 5059 1105 5115 nomine
1137 5057 1328 5110 anima:
1367 5054 1700 5123 nuncupari,
1724 5052 1882 5123 quale
1911 5059 1997 5106 est

411 5159 559 5224 illud,
594 5156 662 5211 Et
687 5159 852 5229 [actus
876 5163 948 5208 est
993 5153 1141 5207 homo
1184 5150 1239 5204 in
1278 5149 1501 5202 animant
1528 5148 1689 5200 vivam
1740 5145 1892 5218 (Gen.
1937 5160 1994 5211 ιι,

413 5253 510 5324 7)?
559 5249 634 5305 lbi
669 5249 866 5318 quippe
897 5255 951 5302 et
990 5245 1207 5315 spiritus
1259 5240 1588 5310 intelligitur.
1629 5238 1863 5306 Itemque
1903 5236 1994 5290 ali-

412 5343 626 5417 quando
651 5351 938 5411 utrumque
972 5338 1187 5394 nomine
1213 5336 1430 5406 spiritus
1459 5333 1585 5398 dici,
1613 5332 1765 5386 sicuti
1807 5338 1908 5395 est,
1933 5327 2001 5382 Et

416 5437 658 5491 inclinato
683 5433 846 5505 capite
879 5430 1090 5485 tradidit
1122 5429 1356 5499 spiritum
1391 5423 1568 5499 (Joan.
1595 5439 1684 5476 XIX
1706 5464 1722 5488 ,
1752 5422 1883 5492 50)?
1915 5421 2000 5475 ubi

417 5538 471 5583 et
500 5528 675 5582 anima
706 5538 928 5580 necesse
953 5531 1036 5578 est
1064 5521 1403 5589 intelligatur.
1447 5515 1515 5570 Et
1543 5524 1823 5582 utrumque
1850 5513 2006 5566 unius

421 5635 540 5676 esse
565 5616 918 5674 substantiae?
945 5615 1079 5670 Puto
1104 5612 1244 5683 quod
1272 5611 1372 5665 ista
1407 5610 1516 5679 jam
1547 5607 1773 5662 sciebas.
1815 5605 1870 5659 Si
1908 5620 2004 5658 au-

346 5753 348 5755 »
425 5721 534 5768 tem
569 5711 844 5768 nesciebas
867 5752 883 5778 ,
906 5725 1013 5766 non
1059 5717 1110 5762 te
1143 5704 1340 5776 aliquid
1370 5703 1513 5774 quod
1556 5717 1747 5773 magno
1773 5699 2009 5770 periculo

426 5849 747 5962 “Am.
771 5853 825 5897 et
977 5850 1034 5894 At
1055 5848 1130 5892 Er.
1157 5850 1208 5892 et
1245 5847 1376 5901 Lov.,
1401 5846 1445 5890 et
1475 5837 1709 5906 imitanda
1748 5838 2012 5889 humilitate

2043 1584 2301 1651 nescitur,
2328 1579 2578 1637 didicisse
2602 1579 2760 1635 scias.
2786 1576 2857 1633 Et
2879 1577 2925 1633 si
2956 1573 3083 1648 quid
3110 1574 3236 1630 hinc
3255 1574 3501 1630 subtilius
3528 1572 3646 1627 dis-

2050 1674 2344 1748 putandum
2365 1681 2470 1740 est,
2497 1671 2689 1726 melius
2713 1685 2834 1726 cum
2861 1668 2980 1740 ipso
3018 1667 3210 1738 agitur,
3239 1666 3392 1736 cujus
3413 1667 3523 1737 jam
3548 1678 3648 1719 no-

2059 1769 2233 1823 vimus
2261 1774 2316 1820 et
2343 1762 2612 1834 eloquium
2638 1779 2652 1816 :
2694 1769 2871 1816 utrum
2890 1775 3011 1815 cum
3042 1758 3237 1814 dicitur
3265 1758 3462 1824 anima,
3488 1757 3558 1811 ita
3588 1763 3652 1809 ut

2053 1858 2212 1915 simul
2251 1857 2572 1927 intelligatur
2611 1862 2665 1909 et
2707 1852 2964 1923 spiritus,
2994 1859 3279 1921 utrumque
3317 1849 3494 1903 anima
3543 1847 3647 1914 sit,

2052 1950 2269 2021 spiritus
2294 1955 2474 2002 autem
2510 1943 2710 2015 aliquid
2738 1942 2930 1998 animae
2966 1941 3055 2008 sit;
3085 1957 3152 1996 an
3175 1982 3191 2010 ,
3222 1940 3359 1996 sicut
3395 1938 3444 1994 ei
3472 1938 3650 1992 visum

2054 2051 2164 2108 est,
2193 2056 2221 2094 a
2253 2048 2404 2110 parte
2432 2046 2598 2092 totum
2623 2035 2921 2107 appelletur
2942 2032 3046 2089 hoc
3069 2032 3285 2087 nomine
3307 2049 3322 2086 :
3346 2031 3458 2085 sive
3485 2029 3652 2084 etiam

2054 2143 2338 2202 utrumque
2369 2129 2586 2200 spiritus
2607 2128 2710 2196 sit,
2735 2142 2859 2198 pars
2894 2140 3024 2180 vero
3053 2124 3169 2194 ejus
3196 2123 3266 2179 sit
3291 2137 3409 2193 qua:
3428 2120 3651 2192 proprie

2056 2225 2250 2281 dicitur
2293 2223 2505 2288 anima;
2549 2236 2616 2275 an
2669 2228 2724 2276 et
2778 2218 2881 2274 hoc
2923 2233 2952 2272 a
3004 2226 3156 2288 parte
3194 2225 3362 2271 totum
3401 2221 3650 2279 vocetur,

2058 2315 2269 2388 quando
2312 2315 2383 2369 ita
2426 2312 2622 2368 dicitur
2660 2311 2912 2382 spiritus,
2943 2319 2999 2365 ut
3036 2309 3196 2364 simul
3234 2307 3558 2378 intelligatur
3598 2313 3658 2361 et

2058 2408 2234 2464 anima
2265 2423 2279 2460 :
2307 2406 2387 2462 sic
2409 2405 2551 2459 enim
2593 2403 2717 2458 huic
2748 2403 2943 2473 placet.
2973 2400 3170 2457 Verum
3198 2400 3318 2465 ista,
3347 2407 3405 2452 ut
3431 2397 3563 2465 dixi,
3593 2405 3658 2452 et

2060 2498 2323 2556 subtiliter
2345 2496 2682 2551 disseruntur
2703 2536 2718 2562 ,
2743 2503 2799 2549 et
2826 2493 2944 2550 sine
2972 2491 3084 2547 ullo
3110 2490 3198 2547 vel
3228 2499 3371 2546 certe
3391 2489 3506 2544 sine
3529 2501 3656 2541 ma-

2060 2605 2165 2662 gno
2191 2588 2428 2660 periculo
2457 2587 2789 2642 nesciuntur.

2133 2683 2187 2738 5.
2228 2681 2465 2749 Itemque
2486 2677 2618 2732 alios
2637 2691 2759 2732 esse
2788 2674 3029 2746 corporis
3048 2715 3064 2742 ,
3091 2673 3226 2728 alios
3255 2680 3434 2728 autem
3459 2668 3659 2724 animae

2063 2789 2275 2840 sensus,
2298 2773 2466 2827 miror
2501 2770 2547 2824 si
2587 2770 2691 2825 iste
2719 2778 2771 2824 te
2797 2768 3015 2834 docuit;
3044 2777 3100 2824 et
3124 2775 3179 2822 tu
3213 2767 3373 2822 homo
3400 2765 3451 2820 id
3482 2765 3662 2819 aetatis

2065 2877 2120 2922 et
2146 2864 2386 2931 honoris,
2409 2871 2692 2932 antequam
2713 2860 2873 2915 istum
2892 2858 3123 2924 audires,
3151 2872 3314 2912 unum
3337 2864 3495 2926 atque
3517 2853 3662 2909 idem

2067 2959 2290 3031 putabas
2317 2971 2459 3021 esse,
2485 2969 2591 3025 quo
2613 2952 2791 3008 album
2813 2951 3129 3022 nigrumque
3147 2949 3488 3012 discernitur,
3518 2943 3665 3016 quod

2067 3051 2347 3106 nobiscum
2373 3046 2555 3102 vident
2582 3045 2741 3100 etiam
2791 3057 3034 3114 passeres
3057 3043 3107 3106 ‘;
3137 3049 3189 3096 et
3217 3056 3322 3111 quo
3347 3039 3550 3110 justum
3583 3047 3668 3090 at-

2068 3159 2171 3215 que
2197 3141 2450 3212 iniustum
2476 3137 2820 3208 dijudicatur,
2844 3134 2985 3206 quod
3009 3133 3218 3188 videbat
3242 3133 3436 3188 Tobias
3456 3133 3477 3162 ¹
3508 3129 3663 3201 (Tob.

2069 3234 2143 3308 Iv)
2197 3234 2359 3289 etiam
2385 3231 2562 3286 carnis
2605 3227 2893 3283 luminibus
2923 3226 3162 3298 perditis.
3195 3225 3308 3280 Hoc
3361 3224 3404 3278 si
3452 3224 3524 3277 ita
3558 3232 3665 3287 est,

2073 3325 2311 3399 profecto
2341 3323 2553 3394 quando
2577 3321 2834 3377 audiebas
2857 3321 2944 3375 vel
2963 3319 3197 3391 legebas,
3222 3317 3468 3372 Illumina
3493 3316 3670 3371 oculos

2072 3439 2231 3489 meos,
2261 3437 2324 3475 ne
2346 3435 2570 3488 unquam
2590 3416 2904 3472 obdormiam
2928 3415 2981 3469 iu
3000 3423 3209 3467 mortem
3229 3410 3250 3442 ³
3269 3409 3438 3482 (Psal.
3462 3425 3554 3474 xu,
3585 3406 3668 3481 4):

2074 3515 2289 3573 nonnisi
2319 3513 2498 3568 carnis
2519 3511 2706 3566 oculos
2735 3509 3027 3580 cOgitabas.
3053 3507 3159 3560 Aut
3181 3505 3225 3559 si
3255 3505 3356 3558 hoc
3383 3503 3672 3556 obscurum

2082 3617 2188 3674 est,
2215 3616 2360 3661 certe
2387 3603 2602 3675 quando
2630 3601 2758 3658 illud
2784 3598 3026 3671 Apostoli
3054 3597 3350 3663 recolebas,
3391 3592 3674 3648 litamina-

2081 3706 2159 3753 tos
2181 3697 2354 3752 oculos
2379 3695 2546 3750 cordis
2573 3694 2719 3748 vestri
2743 3691 2959 3764 (Ephes.
2991 3705 3029 3752 ι,
3064 3687 3147 3759 ιδ)
3174 3705 3188 3753 ;
3221 3701 3322 3742 nos
3365 3685 3462 3740 sub
3490 3684 3674 3740 fronte

2077 3800 2133 3845 et
2162 3804 2322 3860 supra
2363 3789 2559 3842 buccas
2596 3801 2690 3841 cor
2736 3783 2931 3838 habere
2959 3779 3239 3836 credebas.
3274 3779 3425 3833 Absit
3451 3786 3509 3832 ut
3531 3776 3601 3832 de
3623 3785 3678 3832 te

2080 3881 2184 3937 hoc
2203 3879 2452 3936 sentiam.
2476 3877 2660 3948 Neque
2685 3876 2787 3930 hoc
2813 3883 2867 3929 te
2891 3873 3049 3943 igitur
3074 3873 3173 3924 iste
3201 3869 3399 3925 docuit.

2149 3973 2204 4029 4.
2245 3973 2314 4027 At
2342 3971 2388 4026 si
2417 3970 2554 4026 forte
2595 3977 2720 4023 ante
2767 3965 2924 4036 hujus
2968 3963 3283 4028 doctrinam,
3316 3974 3473 4031 quam
3515 3959 3681 4015 modo

2083 4077 2136 4123 te
2163 4066 2430 4122 invenisse
2457 4064 2680 4127 laetaris,
2709 4061 2902 4116 animae
2928 4068 3168 4113 naturam
3197 4055 3290 4110 Dei
3318 4054 3536 4124 putabas
3558 4067 3685 4109 esse

2083 4158 2418 4229 portionem;
2452 4155 2556 4210 hoc
2595 4155 2752 4224 plane
2778 4165 2899 4206 cum
2922 4147 3191 4204 horrendo
3220 4146 3455 4218 periculo
3483 4145 3683 4199 falsum

2085 4264 2206 4305 esse
2229 4246 2526 4304 nesciebas.
2551 4245 2618 4299 Et
2638 4246 2680 4298 si
2708 4245 2775 4298 ab
2799 4243 2902 4297 isto
2919 4239 3147 4296 didicisti
3171 4238 3311 4310 quod
3353 4238 3532 4292 anima
3557 4250 3688 4306 por-

2087 4342 2164 4396 tio
2197 4340 2290 4394 Dei
2320 4354 2423 4393 non
2453 4338 2554 4401 sit;
2581 4352 2678 4406 age
2716 4336 2827 4389 Deo
2855 4333 3050 4404 gratias
3075 4340 3303 4401 quantas
3331 4338 3506 4400 potes,
3539 4325 3689 4397 quod

2087 4447 2193 4486 non
2215 4439 2498 4499 antequam
2519 4426 2623 4481 hoc
2647 4425 2895 4490 didicisti,
2922 4423 2989 4477 de
3015 4437 3239 4492 corpore
3268 4420 3442 4476 existi.
3465 4419 3691 4474 Exisses

2089 4522 2232 4577 enim
2259 4534 2482 4590 magnus
2506 4517 2783 4573 hatreticus
2804 4556 2820 4581 ,
2853 4524 2908 4570 et
2937 4512 3336 4584 blasphematur
3367 4509 3688 4566 horrendus.

2089 4611 2246 4666 Nullo
2289 4609 2449 4665 modo
2501 4620 2679 4663 tamen
2724 4608 2882 4662 etiam
2932 4605 2984 4660 id
3028 4605 3095 4660 de
3140 4615 3192 4660 te
3232 4602 3688 4667 existimaverim,

2093 4703 2234 4774 quod
2274 4702 2436 4756 homo
2461 4699 2757 4755 catholicus
2778 4740 2793 4767 ,
2823 4713 2994 4768 neque
3019 4696 3434 4768 contemptibilis
3463 4695 3692 4766 presby-

2095 4806 2198 4864 ter,
2242 4797 2434 4852 anima:
2481 4804 2726 4849 naturam
2773 4793 3068 4864 portionem
3113 4790 3209 4846 Dei
3237 4787 3502 4844 sentiebas
3546 4802 3688 4842 esse.

2097 4891 2250 4949 Unde
2290 4890 2459 4945 fateor
2506 4887 2785 4943 Dilectioni
2835 4895 2958 4952 tuae,
3007 4884 3168 4938 timeo
3211 4897 3279 4937 ne
3322 4881 3456 4935 forte
3500 4879 3604 4933 hoc
3641 4888 3697 4934 te

2098 4986 2199 5041 iste
2226 4981 2487 5048 docuerit,
2511 4978 2655 5050 quod
2679 4978 2852 5050 potius
2877 4976 2947 5031 sit
2970 4973 3292 5030 contrarium
3311 4972 3360 5026 ei
3386 4971 3507 5026 fidei
3531 4983 3697 5041 quam

2100 5077 2342 5134 tenebas.

2173 5165 2397 5223 CAPUT
2427 5163 2514 5220 lll.
2536 5194 2608 5204 —
2633 5163 2688 5219 5.
2719 5161 2864 5218 Sicut
2906 5159 3049 5217 enim
3092 5173 3198 5213 non
3227 5155 3458 5211 arbitror
3499 5162 3551 5209 te
3593 5168 3697 5205 un-

2104 5278 2260 5334 quam
2293 5261 2348 5314 in
2374 5257 2650 5313 Catholica
2694 5254 2924 5309 animam
2971 5249 3263 5307 credidisse
3293 5247 3384 5302 Dei
3410 5260 3531 5300 esse
3570 5259 3698 5313 por-

2107 5356 2326 5416 tionem,
2359 5350 2444 5405 vel
2474 5349 2580 5404 ullo
2607 5347 2764 5402 modo
2813 5346 3004 5400 anima:
3059 5353 3114 5398 et
3158 5341 3251 5396 Dei
3295 5337 3537 5394 eamdem
3577 5351 3702 5391 esse

2110 5453 2350 5499 naturam
2375 5441 2480 5496 :ita
2498 5448 2676 5493 metuo
2701 5453 2768 5492 ne
2794 5435 2932 5491 forte
2957 5433 3291 5489 consenseris
3321 5429 3444 5485 huic
3474 5427 3700 5494 homini,

2118 5555 2136 5588 ‹
2161 5533 2301 5606 quod
2331 5533 2559 5588 animam
2590 5532 2730 5584 Deus
2754 5543 2859 5583 non
2887 5527 2956 5582 de
2979 5525 3146 5581 nihilo
3169 5523 3376 5590 fecerit,
3413 5522 3504 5577 sed
3535 5524 3604 5575 ita
3635 5535 3703 5576 ex

2176 5648 2195 5678 ί
2228 5643 2335 5695 Sola
2359 5644 2507 5694 editio
2526 5649 2654 5705 l.ov.,
2677 5654 2771 5705 quo
2783 5636 3203 5705 nobiscumth
3223 5643 3270 5705 et
3300 5648 3533 5705 passeres.
3556 5639 3609 5682 Et
3635 5635 3705 5682 in.

2113 5709 2203 5767 ira,
2227 5721 2320 5770 quo
2339 5705 2523 5757 videbat
2547 5698 2726 5755 Ίοὸὶαζς.
2747 5713 2846 5753 non
2866 5702 3013 5770 male,
3038 5698 3310 5751 referendo
3319 5698 3378 5748 ad
3393 5733 3409 5758 ,
3428 5709 3638 5748 sensum.

2181 5764 2199 5802 ί
2235 5764 2284 5819 in
2307 5778 2410 5817 Mss.
2435 5775 2709 5817 constanter
2732 5773 2809 5816 est
2826 5801 2839 5823 ,
2866 5764 3014 5816 Tobis.

2182 5843 2202 5873 δ
2235 5840 2383 5894 Editi,
2417 5831 2468 5883 in
2503 5835 2670 5879 morte.
2710 5837 2764 5878 At
2807 5819 3144 5889 iiianuscripti,
3195 5823 3248 5875 in
3282 5827 3517 5883 mortem;
3562 5819 3707 5883 juxta
