4012 6468
287 402 389 463 Ᾱ97

287 523 399 595 ipso
425 523 517 592 sit,
549 534 610 580 ut
652 527 721 581 ab
763 526 882 601 ipso
919 533 1271 588 emanavcrit.
1304 550 1325 587 ι
1361 532 1472 590 Hoc
1521 536 1664 592 enim
1712 537 1870 592 etiam

283 615 499 672 verbum
532 619 637 674 iste
661 623 836 690 posuit
865 623 1007 679 inter
1034 634 1250 696 caetera,
1295 629 1495 698 quibus
1513 630 1564 684 in
1599 630 1698 687 hac
1723 647 1872 703 qure-

280 708 452 764 stione
495 710 566 765 ad
595 711 825 768 immane
873 716 1222 787 pracipitlum
1267 720 1602 776 exorbitavit.
1648 724 1715 777 At
1744 738 1872 778 vero

280 796 378 853 hoc
405 801 450 853 si
480 808 532 855 te
560 801 741 858 docuit
765 845 780 870 ,
815 807 938 861 nolo
967 823 1052 862 me
1079 807 1314 865 doceas:
1345 811 1452 864 imo
1478 813 1637 867 etiam
1665 815 1784 868 volo
1815 823 1872 868 ut

279 888 416 957 quod
445 889 747 958 didiceras,
793 894 908 965 ipse
954 896 1217 954 dediscas.
1264 899 1457 956 Parum
1483 911 1567 957 est
1595 904 1735 958 enim
1764 921 1870 959 non

277 983 492 1038 θρόει-θ
521 1001 695 1056 neque
723 987 902 1044 dicere
930 990 1072 1061 quod
1102 1007 1223 1061 pars
1247 993 1340 1047 Dei
1366 995 1433 1051 sit
1461 996 1656 1051 anima.
1685 995 1869 1068 Neque

275 1075 413 1128 enim
441 1085 497 1131 et
527 1077 718 1132 Filium
744 1081 827 1135 vel
857 1080 1112 1150 Spiritum
1137 1091 1377 1140 sanctum
1407 1096 1608 1156 partem
1634 1088 1725 1145 Dei
1749 1104 1869 1146 esse

271 1168 497 1224 dicimus
522 1186 537 1222 :
563 1179 619 1226 et
640 1180 816 1228 tamen
845 1174 1072 1230 dicimus
1095 1177 1305 1234 Patrem
1331 1187 1386 1236 et
1409 1179 1600 1236 Filium
1621 1192 1674 1236 et
1697 1183 1866 1253 Spiri-

274 1266 378 1310 tum
410 1270 659 1319 sanctum
691 1264 848 1320 unius
883 1265 1232 1339 ejusdemque
1271 1284 1393 1326 esse
1418 1281 1642 1328 naturae.
1674 1274 1863 1330 Parum

273 1357 507 1418 estergo
537 1361 722 1406 utnon
753 1353 994 1411 dicamus
1032 1359 1265 1414 animam
1309 1376 1432 1418 esse
1476 1373 1679 1434 partem
1728 1366 1861 1422 Dei:

271 1439 361 1495 sed
386 1440 490 1497 hoc
520 1445 682 1499 etiam
703 1461 838 1516 Opus
857 1456 939 1503 est
956 1457 1014 1504 ut
1040 1449 1301 1518 dicamus,
1335 1470 1438 1509 non
1466 1471 1582 1510 eam
1613 1466 1668 1512 et
1695 1457 1864 1514 Deum

272 1532 424 1586 unius
442 1532 794 1608 ejusdemque
817 1554 938 1596 esse
955 1551 1186 1598 naturae.
1213 1544 1364 1601 Unde
1377 1546 1466 1602 ille
1485 1558 1630 1604 recte
1648 1549 1864 1620 quidem

269 1625 362 1687 ait,
398 1643 418 1676 ι
451 1641 623 1696 genus
652 1629 746 1684 Dei
775 1646 896 1687 esse
919 1635 1147 1702 animas,
1188 1653 1412 1694 munere
1435 1681 1448 1705 ,
1481 1656 1586 1696 non
1615 1651 1855 1711 natura,»

266 1730 328 1770 ac
356 1733 453 1786 per
483 1718 587 1775 hoc
617 1737 722 1777 non
751 1727 987 1780 omnium
1015 1769 1030 1794 ,
1062 1729 1157 1785 sed
1205 1731 1438 1789 ﬁdelium
1483 1752 1496 1788 :
1541 1735 1635 1792 sed
1675 1753 1862 1794 rursus

267 1807 329 1861 ad
357 1809 407 1863 id
436 1811 582 1880 quod
607 1812 969 1872 declinaverat
989 1819 1271 1878 devolutus
1294 1834 1398 1893 est,
1430 1834 1484 1880 et
1509 1826 1675 1883 Deum
1700 1838 1861 1901 atque

268 1903 496 1957 animam
541 1905 781 1975 ejusdem
811 1909 944 1966 dixit
967 1928 1089 1969 esse
1126 1926 1364 1983 naturze;
1395 1935 1500 1974 non
1531 1923 1744 1992 quidem
1778 1925 1860 1980 his

268 1993 460 2061 verbis,
493 1995 594 2051 scd
617 2007 800 2068 aperta
828 2002 1215 2078 manifestaque
1244 2013 1524 2066 sententia.
1555 2012 1689 2069 Cum
1714 2017 1856 2070 enim

266 2085 494 2142 animam
522 2089 591 2142 ita
621 2106 742 2147 esse
765 2093 893 2149 dicit
917 2111 985 2151 ex
1009 2097 1152 2167 Deo,
1183 2109 1240 2155 ut
1267 2117 1386 2157 eam
1412 2119 1512 2160 nec
1539 2121 1603 2160 ex
1633 2107 1736 2185 alia
1765 2123 1860 2163 na-

268 2188 398 2242 tura,
433 2195 537 2235 nec
565 2196 634 2236 ex
660 2182 848 2251 nihilo,
878 2187 970 2242 sed
1002 2204 1069 2245 ex
1096 2193 1384 2264 semetipso
1409 2182 1701 2264 creaverit;
1731 2200 1856 2269 quid

265 2271 587 2340 persuadere
627 2288 874 2346 conatur,
916 2281 1016 2336 nisi
1056 2282 1106 2337 id
1149 2285 1290 2355 quod
1320 2286 1438 2342 aliis
1467 2287 1642 2344 verbis
1677 2298 1853 2361 negat.

263 2362 492 2419 animam
517 2366 722 2423 scilicet
743 2369 982 2439 ejusdem
1004 2373 1156 2444 cujus
1187 2376 1324 2432 Deus
1347 2386 1448 2444 est,
1475 2395 1594 2437 esse
1619 2383 1855 2436 naturae?

261 2455 444 2512 Omnis
469 2460 669 2533 quippe
698 2474 885 2519 natura
914 2465 998 2522 vel
1027 2468 1164 2524 Deus
1192 2481 1273 2525 est
1298 2512 1313 2533 ,
1341 2472 1430 2542 qui
1471 2474 1672 2529 nullum
1698 2473 1856 2531 habet

263 2557 567 2615 auctorem;
597 2551 683 2606 vel
721 2568 788 2608 ex
817 2555 926 2610 Deo
952 2567 1034 2611 est
1055 2599 1068 2622 ,
1110 2560 1233 2630 quia
1278 2561 1448 2630 ipsum
1487 2563 1649 2619 habet
1673 2577 1856 2621 aucto-

265 2655 390 2696 rem.
411 2641 518 2698 Sed
544 2660 662 2713 quze
684 2643 842 2702 habet
861 2657 1130 2706 auctorem
1159 2652 1323 2708 Deum
1339 2670 1406 2709 ex
1424 2671 1529 2725 quo
1552 2666 1654 2722 est,
1681 2659 1854 2730 aliqua

264 2730 393 2787 facta
423 2749 531 2788 non
572 2744 680 2803 est,
725 2737 898 2809 aliqua
930 2738 1064 2795 facta
1093 2752 1193 2798 est.
1243 2744 1410 2800 Porro
1436 2762 1554 2817 qua:
1583 2749 1716 2804 facta
1746 2767 1853 2807 non

263 2834 367 2892 est,
397 2836 453 2882 et
477 2836 657 2884 tamen
702 2845 766 2885 ex
806 2831 922 2901 ipso
964 2843 1065 2900 est,
1092 2843 1184 2890 aut
1216 2837 1392 2908 genita
1421 2847 1504 2894 est
1527 2841 1595 2896 ab
1622 2841 1732 2910 illo,
1761 2853 1855 2898 aut

264 2920 499 2989 procedit
529 2937 602 2977 ex
635 2923 725 2979 illo
757 2942 771 2979 :
799 2941 919 2996 qua:
943 2928 1119 2997 genita
1143 2938 1264 2998 est,
1313 2931 1478 2987 Filius
1506 2943 1591 2989 est
1626 2935 1848 3002 unicus;

262 3028 372 3082 qua:
399 3014 666 3084 procedit,
687 3015 919 3087 Spiritus
945 3031 1162 3076 sanctus
1184 3038 1200 3076 :
1221 3030 1274 3080 et
1297 3023 1412 3079 lucc
1437 3025 1672 3082 Trinitas
1695 3029 1852 3084 unius

263 3115 338 3160 est
363 3107 715 3179 ejusdemque
761 3120 984 3167 natura.
1011 3113 1142 3169 Nam
1174 3115 1287 3173 ιιωο
1309 3120 1406 3174 tria
1431 3135 1597 3176 unum
1625 3131 1767 3189 sunt,
1795 3133 1853 3181 et

261 3198 519 3269 singultim
548 3201 796 3272 quodque
828 3203 983 3270 Deus,
1029 3215 1086 3261 et
1125 3208 1282 3264 simul
1323 3211 1498 3266 omnia
1543 3229 1682 3269 unus
1712 3215 1851 3271 Deus

263 3289 625 3359 immutabilis,
656 3294 1035 3363 sempiternus,
1083 3298 1201 3354 sine
1246 3303 1502 3372 temporis
1544 3305 1656 3360 ullo
1698 3305 1849 3362 initio

262 3383 363 3439 sive
392 3385 647 3440 termino.
674 3387 742 3441 At
768 3403 895 3443 vero
927 3389 1012 3444 illa
1037 3400 1225 3448 natura
1257 3409 1376 3465 qua:
1406 3395 1545 3453 facta
1567 3405 1666 3465 est,
1698 3414 1850 3456 crea-

267 3485 373 3531 tura
399 3488 740 3549 nuncupatur
780 3498 795 3535 :
839 3481 1061 3538 Creator
1097 3493 1273 3540 autem
1316 3487 1479 3556 Deus,
1522 3490 1612 3546 illa
1645 3492 1849 3550 scilicet

261 3567 508 3625 Trinitas.
538 3570 790 3627 Creatura
815 3587 943 3644 ergo
969 3575 1039 3630 ita
1063 3591 1184 3632 esse
1209 3578 1404 3636 dicitur
1423 3597 1487 3638 ex
1508 3583 1639 3650 Deo,
1663 3595 1847 3644 utnon

261 3674 318 3714 ex
343 3661 461 3730 ejus
489 3669 679 3717 natura
710 3661 847 3719 facta
873 3666 966 3720 sit.
1009 3666 1089 3722 Ex
1119 3669 1213 3724 illo
1236 3672 1379 3727 enim
1411 3684 1688 3746 prepterea
1713 3679 1846 3736 dici-

261 3760 357 3818 tur,
388 3754 513 3825 quia
543 3754 716 3827 ipsum
737 3768 1008 3814 auctorem
1039 3761 1196 3818 habet
1219 3774 1275 3819 ut
1303 3765 1372 3820 sit
1400 3783 1414 3819 :
1443 3783 1547 3823 non
1578 3769 1670 3835 ita,
1698 3780 1754 3827 ut
1776 3774 1845 3830 ab

259 3842 346 3897 illo
367 3855 489 3900 nata
519 3847 614 3914 sit,
643 3847 726 3902 vel
762 3852 1112 3919 processerit;
1143 3855 1236 3910 sed
1265 3856 1334 3912 ab
1360 3857 1450 3913 illo
1477 3873 1676 3929 creata,
1709 3878 1842 3919 con-

257 3933 378 4002 dita,
406 3935 548 3993 facta
576 3940 666 4007 sit,
690 3942 882 4011 partim
907 3959 971 3998 ex
1001 3946 1144 4001 nulla
1165 3947 1290 4013 alia,
1324 3948 1375 4003 id
1401 3962 1504 4018 est,
1536 3955 1754 4010 omnino
1775 3971 1842 4012 ex

254 4029 433 4094 nihilo,
469 4031 614 4086 sicut
660 4033 856 4089 calum
904 4045 958 4091 et
1009 4047 1187 4103 terra,
1235 4041 1318 4094 vel
1357 4042 1533 4111 potius
1578 4045 1843 4104 universae

255 4122 532 4178 mundana:
561 4124 716 4179 molis
746 4126 989 4182 universa
1022 4144 1144 4184 cum
1183 4131 1384 4187 mundo
1407 4146 1685 4192 concreata
1721 4154 1840 4193 ma-

256 4216 416 4280 teria;
442 4217 636 4286 partim
660 4233 787 4273 vero
815 4233 884 4274 ex
911 4220 1014 4276 alia
1036 4221 1147 4292 jam
1175 4232 1354 4279 creata
1385 4235 1542 4298 atque
1578 4229 1842 4288 existente

255 4316 457 4372 natura,
484 4307 626 4363 sicut
648 4309 732 4364 vir
759 4325 826 4365 ex
849 4310 996 4378 limo,
1018 4313 1210 4368 mulier
1231 4330 1298 4370 ex
1327 4319 1463 4384 viro,
1490 4332 1560 4373 ex
1602 4322 1838 4388 parenti-

250 4395 346 4451 bus
373 4397 575 4454 homo:
601 4409 844 4456 creatura
874 4410 1049 4457 tamen
1077 4404 1254 4458 omnis
1275 4419 1343 4460 ex
1373 4407 1500 4473 Deo,
1533 4408 1626 4464 sed
1654 4424 1842 4466 crean-

248 4495 300 4543 te
324 4489 404 4544 vel
430 4505 497 4545 ex
520 4492 688 4547 nihilo
718 4493 799 4549 vel
822 4510 885 4549 ex
907 4494 1109 4566 aliquo,
1134 4510 1242 4552 non
1263 4508 1439 4554 autem
1468 4502 1722 4573 gignente
1750 4505 1838 4561 vel

244 4580 573 4650 producente
599 4584 668 4639 de
693 4599 753 4640 se
778 4586 913 4656 ipso.

316 4675 372 4730 6.
399 4675 456 4731 Si
484 4676 600 4734 haec
625 4693 747 4734 cum
774 4681 1037 4737 catholico
1057 4681 1266 4754 loquor,
1294 4687 1461 4758 magis
1489 4703 1837 4750 commonens

240 4779 405 4835 quam
444 4767 665 4826 docens.
697 4770 879 4842 Neque
925 4773 1068 4828 enim
1099 4789 1218 4830 esse
1263 4776 1355 4830 tibi
1405 4779 1635 4836 arbitror
1677 4800 1832 4852 nova,

239 4858 328 4914 vel
353 4859 529 4916 audita
553 4861 768 4932 quidem
793 4875 848 4919 et
869 4875 1046 4932 antea,
1095 4882 1201 4922 non
1231 4876 1408 4924 tamen
1434 4873 1637 4930 credita
1669 4894 1683 4930 :
1715 4879 1832 4944 sed,

237 4960 297 5007 ut
331 4952 576 5010 existimo
598 4997 612 5019 ,
642 4956 721 5011 sic
748 4957 880 5029 legis
915 4960 1194 5030 epistolam
1224 4977 1396 5024 meam
1417 5004 1434 5029 ,
1461 4973 1518 5020 ut
1548 4965 1634 5022 hic
1661 4983 1831 5038 agno-

235 5058 362 5098 scas
387 5045 548 5101 etiam
575 5046 732 5102 ﬁdem
759 5057 925 5116 tuam,
947 5066 1069 5120 quas
1100 5052 1253 5107 nobis
1281 5053 1331 5108 in
1358 5055 1619 5113 catholica
1647 5059 1836 5116 Eccle-

234 5135 342 5196 sia,
371 5134 596 5192 Domino
617 5137 850 5195 donante
868 5181 882 5205 ,
910 5143 1212 5198 communis
1239 5153 1341 5199 est.
1371 5143 1426 5201 Si
1453 5161 1582 5217 ergo
1608 5147 1743 5214 haec,
1778 5159 1836 5206 ut

234 5228 423 5284 dicere
453 5245 740 5302 coeperam,
764 5249 885 5288 cum
914 5235 1181 5291 catholico
1204 5237 1419 5308 loquor;
1447 5239 1590 5296 unde
1609 5243 1834 5300 obsecro

233 5320 420 5376 credis
439 5336 557 5378 esse
581 5325 836 5393 animam,
862 5341 967 5382 non
990 5328 1404 5401 uniuscujusque
1426 5341 1667 5389 nostrum
1687 5334 1828 5404 dico,

233 5414 341 5468 sed
371 5415 590 5484 primam
621 5418 794 5488 primo
824 5420 897 5475 illi
932 5420 1132 5476 homini
1161 5422 1375 5480 datam?
1395 5424 1451 5480 Si
1477 5442 1545 5482 ex
1573 5429 1760 5498 nihilo,
1779 5440 1834 5488 et

231 5508 432 5564 factam
463 5519 637 5566 tamen
667 5511 1104 5586 insufﬂatamque
1130 5531 1160 5571 a
1191 5517 1341 5573 Deo:
1385 5519 1437 5574 id
1474 5522 1650 5578 credis
1689 5525 1832 5594 quod

230 5615 361 5671 ego.
390 5599 447 5655 Si
472 5607 651 5657 autem
677 5619 742 5658 ex
769 5605 940 5676 aliqua
968 5608 1071 5661 alia
1101 5616 1366 5675 creatura,
1393 5626 1512 5681 qua:
1542 5614 1684 5670 unde
1711 5617 1830 5670 ani-

232 5709 320 5749 ma
347 5695 527 5758 ﬁeret,
561 5705 809 5766 tanquam
837 5700 1091 5755 materies
1122 5697 1432 5770 subjacebat
1457 5705 1647 5760 artiﬁci
1680 5707 1831 5777 Deo;

232 5786 369 5841 sicut
399 5787 574 5856 pulvis
615 5789 758 5844 unde
798 5788 951 5846 ﬁeret
977 5791 1177 5858 Adam,
1207 5793 1293 5847 vel
1337 5803 1484 5849 costa
1527 5797 1644 5866 ejus
1686 5799 1854 5857 unde.

232 5878 366 5949 Eva,
402 5880 489 5936 vcl
517 5881 655 5937 sicut
677 5895 826 5953 aqua:
853 5883 995 5941 unde
1017 5886 1189 5958 pisces
1216 5893 1272 5943 et
1288 5885 1553 5958 volucres,
1585 5891 1668 5949 vel
1688 5893 1826 5952 sicut

1635 413 1836 472 LIBER
1873 419 2248 483 SECUNDUS.

3466 438 3575 502 ωε

1984 546 2123 596 terra
2155 541 2294 600 unde
2318 545 2568 606 animalia
2605 565 2828 624 quaeque
2867 554 3140 611 terrestria
3174 573 3188 612 :
3216 571 3324 613 non
3362 565 3449 614 est
3482 572 3577 616 ca-

1983 633 2256 704 tholicum,
2285 655 2391 695 non
2419 651 2501 697 est
2529 659 2732 701 verum.
2775 648 2926 715 Quod
2969 651 3012 706 si
3058 667 3232 724 neque
3265 669 3332 710 ex
3374 655 3572 723 nihilo,

1981 741 2155 798 neque
2180 745 2246 786 ex
2266 731 2366 786 alia
2395 749 2732 808 quacumque
2771 751 3035 809 creatura,
3067 745 3162 800 sed
3189 761 3255 800 ex
3281 749 3574 818 semetipso

1980 818 2168 885 Deum,
2202 820 2305 878 hoc
2332 832 2434 886 est,
2464 839 2526 879 ex
2567 836 2753 883 natura
2779 845 2872 886 sua
2905 834 3110 899 fecisse,
3138 835 3224 890 vel
3249 835 3426 892 facere
3454 839 3572 893 ani-

1979 927 2114 980 mas,
2151 915 2292 984 quod
2325 917 2482 984 absit,
2509 921 2781 976 existimas
2813 940 2825 976 :
2859 923 2959 980 hoc
2982 926 3193 996 quidem
3221 931 3286 981 ab
3312 929 3414 984 isto
3434 930 3573 986 didi-

1977 1003 2130 1071 cisti;
2171 1007 2266 1062 sed
2296 1023 2399 1063 non
2434 1010 2524 1064 tibi
2552 1014 2806 1081 gratulor,
2842 1030 3013 1085 neque
3050 1018 3324 1084 blandior;
3367 1021 3526 1090 longe
3548 1023 3568 1055 ι

1975 1109 2096 1151 cum
2117 1097 2206 1153 illo
2226 1114 2254 1153 a
2279 1099 2380 1154 ﬁde
2393 1102 2651 1158 catholica
2673 1105 3003 1163 exorbitasti.
3022 1108 3377 1167 Tolerabilius
3398 1115 3564 1180 enim;

1974 1189 2114 1259 quod
2135 1190 2351 1260 quidem
2383 1193 2570 1248 falsum
2603 1207 2719 1264 est;
2751 1206 2950 1265 tamen,
2977 1208 3033 1254 ut
3059 1200 3190 1268 dixi,
3216 1203 3563 1268 tolerabilius,

1973 1293 2038 1334 ex
2081 1282 2251 1352 aliqua
2300 1286 2402 1340 alia
2447 1297 2686 1343 creatura
2714 1332 2729 1355 ,
2777 1305 2934 1361 quam
2980 1293 3195 1362 quidem
3228 1295 3337 1364 jam
3369 1296 3568 1352 fecerat

1972 1370 2134 1439 Deus,
2157 1390 2316 1444 quam
2357 1391 2423 1432 ex
2466 1378 2556 1432 Dei
2589 1389 2777 1435 natura
2808 1384 3036 1439 animam
3076 1386 3344 1441 conditam
3373 1387 3564 1443 crede-

1971 1478 2078 1528 res,
2100 1473 2156 1518 ιιι
2176 1466 2317 1537 quod
2340 1478 2419 1524 est
2443 1471 2730 1538 mutabilis,
2754 1474 2893 1544 quod
2917 1485 3117 1546 peccat,
3136 1478 3275 1546 quod
3298 1479 3358 1533 ﬁt
3378 1481 3560 1550 impia,

1968 1555 2110 1625 quod
2159 1560 2318 1614 etiam
2373 1562 2416 1617 si
2459 1563 2617 1634 impia
2669 1567 3034 1635 perduraverit
3065 1569 3116 1624 iu
3147 1569 3272 1638 ﬁne,
3301 1571 3417 1626 sine
3455 1571 3562 1627 ﬁne

1967 1646 2326 1716 damnabitur,
2363 1669 2467 1708 non
2495 1656 2561 1709 ad
2603 1657 2694 1711 Dei
2733 1667 2972 1713 naturam
3003 1675 3124 1714 cum
3146 1661 3414 1718 horrenda
3440 1663 3561 1719 bla-

1967 1738 2206 1808 sphemia
2236 1742 2544 1800 referretur.
2579 1746 2766 1817 Abjice
2785 1788 2799 1812 ,
2832 1750 3026 1818 frater,
3058 1751 3230 1821 abjice
3253 1793 3266 1816 ,
3296 1755 3557 1818 obsecro,

1967 1827 2157 1897 istam,
2184 1847 2290 1887 non
2338 1834 2495 1903 plane
2525 1835 2704 1901 ﬁdem,
2754 1839 2848 1894 sed
2887 1843 3230 1898 exsecranda:
3269 1844 3560 1914 impietatis

1964 1934 2226 1990 errorem,
2245 1939 2312 1979 ne
2337 1924 2496 1980 homo
2519 1929 2700 1997 gravis
2727 1930 3020 1986 scductusa
3046 1933 3269 2004 juvene,
3293 1946 3345 1990 et
3365 1953 3394 1991 a
3423 1937 3560 1993 laico

1965 2014 2260 2086 presbyter.
2283 2032 2403 2072 cum
2432 2019 2583 2074 istam
2610 2023 2926 2078 catholicam
2950 2025 3106 2081 ﬁdem
3123 2042 3244 2083 esse
3259 2029 3555 2097 arbitraris,

1962 2103 2030 2159 de
2056 2121 2281 2162 numero
2309 2108 2560 2176 ﬁdelium,
2591 2112 2732 2182 quod
2757 2128 2786 2166 a
2817 2123 2868 2169 te
2891 2124 3095 2171 avertat
3124 2117 3400 2184 Dominus,
3457 2136 3556 2174 ex-

1963 2194 2162 2252 imaris.
2185 2196 2304 2253 Non
2330 2202 2471 2254 enim
2504 2203 2581 2257 sic
2606 2211 2780 2259 tecum
2803 2206 3064 2274 agendum
3082 2217 3186 2274 est,
3211 2220 3267 2264 ut
3291 2225 3412 2264 cum
3438 2210 3554 2278 illo;

1961 2296 2052 2341 aut
2075 2303 2134 2343 ea
2169 2293 2323 2346 venia
2362 2302 2482 2348 tuus
2521 2295 2621 2350 iste
2660 2304 2766 2350 tam
2814 2296 3110 2354 horrendus
3135 2341 3153 2368 ,
3193 2317 3293 2372 qua
3337 2303 3552 2374 juvenis

1960 2377 2133 2444 illius,
2168 2381 2288 2437 licet
2316 2383 2382 2437 ab
2411 2385 2502 2438 illo
2526 2386 2592 2439 ad
2625 2394 2675 2441 te
2704 2390 3014 2456 transierit,
3045 2406 3198 2446 error
3223 2402 3307 2448 est
3335 2394 3552 2466 dignus.

1960 2469 2052 2525 Ille
2091 2472 2214 2525 ovili
2261 2473 2524 2529 catholico
2565 2479 2833 2532 sanandus
2876 2495 3049 2548 nuper
3090 2484 3350 2548 accessit,
3397 2491 3451 2538 tu
3497 2485 3554 2540 in

1957 2561 2232 2618 catholicis
2273 2566 2572 2635 pastoribus
2610 2567 2901 2638 deputaris.
2940 2569 3200 2626 Nolumus
3240 2573 3307 2627 ita
3335 2586 3554 2632 curetur

1957 2670 2076 2725 qua:
2101 2657 2245 2711 venit
2273 2656 2341 2712 ab
2370 2673 2554 2714 errore
2592 2659 2659 2714 ad
2699 2660 3022 2717 dominicum
3045 2679 3259 2734 gregem
3277 2705 3292 2730 ,
3317 2675 3376 2719 ut
3402 2667 3553 2736 prius

1959 2748 2208 2818 pestifera
2250 2751 2562 2822 contagione
2601 2752 2877 2823 disperdat
2919 2755 3034 2810 ovis
3081 2755 3322 2812 ulcerosa
3366 2767 3549 2828 pasto-

1956 2853 2094 2892 rem.

2028 2931 2083 2984 7.
2122 2928 2275 2998 Quod
2299 2931 2346 2987 si
2373 2929 2528 2997 dicis,
2558 2932 2672 2989 Hoc
2701 2948 2786 2990 me
2813 2935 2902 2990 ille
2927 2950 3037 2993 non
3065 2936 3266 3005 docuit,
3299 2955 3399 2995 nec
3424 2938 3552 2996 huic

1955 3019 2126 3075 errori
2146 3019 2262 3092 ejus
2289 3021 2399 3076 ullo
2427 3022 2608 3089 modo,
2637 3025 2929 3095 quamlibet
2953 3026 3136 3083 diserti
3157 3039 3212 3084 et
3239 3030 3410 3084 ornati
3437 3045 3552 3085 ser-

1957 3111 2132 3167 monis
2174 3112 2383 3169 illectus
2426 3116 2688 3171 suavitate
2717 3121 2964 3173 consensi
2998 3137 3011 3174 :
3043 3136 3141 3191 ago
3167 3121 3409 3192 ingentes
3440 3124 3551 3179 Deo

1952 3207 2171 3276 gratias.
2206 3207 2312 3262 Sed
2337 3224 2542 3280 qu:ero,
2576 3209 2716 3265 unde
2766 3211 2842 3266 illi
2884 3223 3044 3282 caput
3084 3216 3442 3283 exosculatus,
3491 3224 3552 3272 ut

1951 3298 2147 3354 dicitur
2170 3341 2184 3363 ,
2217 3301 2414 3370 gratias
2441 3303 2614 3371 egeris
2642 3312 2693 3358 te
2719 3303 2969 3359 didicisse
2995 3305 3137 3375 quod
3167 3323 3336 3377 usque
3360 3307 3428 3363 ad
3453 3323 3551 3363 au-

1951 3389 2118 3445 ditam
2145 3390 2556 3461 disputationem
2600 3394 2743 3450 illius
2785 3395 3067 3466 ignorabas
3101 3415 3116 3452 :
3146 3410 3237 3452 aut
3262 3400 3308 3453 si
3352 3400 3548 3456 falsum
3587 3399 3590 3404 ’

1951 3490 2053 3547 est,
2082 3481 2186 3540 hoc
2229 3491 2280 3538 te
2317 3473 2513 3540 fecisse
2553 3495 2713 3556 atque
2742 3486 2940 3543 dixisse
2961 3489 3003 3553 ³,
3053 3488 3155 3545 hoc
3203 3489 3376 3560 ipsum
3419 3501 3548 3562 peto

1950 3575 2107 3630 nobis
2133 3574 2382 3631 intimare
2410 3577 2650 3648 digneris
2670 3621 2685 3646 ,
2719 3591 2775 3634 ut
2799 3580 2976 3636 inanis
3002 3597 3185 3638 rumor
3212 3584 3312 3637 tuis
3354 3585 3546 3643 litteris

1949 3667 2242 3723 refellatur.
2276 3667 2331 3724 Si
2353 3678 2531 3725 autem
2560 3686 2746 3726 verum
2769 3681 2871 3736 est,
2897 3673 2984 3728 illa
3012 3673 3312 3730 humilitate
3339 3675 3546 3734 homini

1948 3761 2122 3831 egisse
2153 3769 2204 3817 te
2238 3763 2470 3834 gratias;
2497 3764 2706 3834 gaudeo
2735 3765 2950 3836 quidem
2977 3767 3023 3822 si
3051 3776 3102 3823 te
3139 3767 3268 3824 illud
3307 3785 3416 3826 non
3445 3771 3545 3826 do-

1947 3851 2080 3918 cuit,
2110 3853 2252 3922 quod
2279 3855 2524 3926 superius
2549 3873 2706 3928 quam
2736 3857 2804 3912 sit
2826 3857 3198 3916 detestandum
3219 3864 3544 3922 cavendum-

1945 3957 2052 4012 que
2075 3946 2397 4010 monstravi;

2016 4033 2242 4093 CAPUT
2273 4037 2361 4092 IV.
2392 4069 2464 4080 —
2493 4039 2562 4096 Et
2611 4056 2717 4097 non
2768 4043 3106 4114 reprehendo
3158 4047 3302 4118 quod
3358 4060 3541 4120 gratus

1945 4123 2110 4180 fueris
2133 4135 2277 4182 tanta
2302 4129 2604 4188 humilitate
2626 4132 2856 4198 doctori,
2886 4136 2929 4190 si
2957 4135 3163 4206 aliquid
3188 4139 3332 4194 aliud
3356 4140 3542 4212 dispu-

1945 4223 2091 4272 tante
2119 4217 2232 4282 illo,
2264 4234 2454 4275 verum
2483 4230 2645 4292 atque
2685 4224 2815 4278 utile
2841 4225 3075 4280 didicisti
3105 4243 3121 4281 :
3152 4229 3249 4283 sed
3281 4229 3382 4284 hoc
3411 4231 3540 4300 quid

1943 4308 2012 4363 sit
2040 4309 2286 4380 inquiro;
2317 4326 2385 4366 an
2425 4312 2562 4367 forte
2590 4314 2823 4368 animam
2853 4331 2958 4369 non
2987 4317 3233 4386 spiritum
3263 4335 3414 4386 esse,
3442 4321 3539 4376 sed

1941 4400 2170 4470 corpus?
2199 4399 2315 4456 Non
2362 4402 2576 4473 quidem
2625 4418 2875 4474 magnum
2926 4405 3185 4462 doctrina:
3229 4409 3537 4466 christianaa

1941 4492 2174 4548 arbitror
2216 4508 2337 4550 esse
2361 4495 2740 4551 detrimentum
2771 4497 2869 4551 ista
2897 4498 3142 4554 nescire:
3170 4508 3226 4555 et
3248 4501 3292 4554 si
3321 4500 3390 4556 de
3415 4517 3537 4557 cor-

1940 4598 2132 4655 porum
2173 4587 2462 4658 generibus
2511 4587 2777 4643 subtiliter
2819 4588 3137 4659 disputetur,
3183 4591 3287 4647 hoc
3330 4594 3535 4666 majore

1940 4677 2255 4736 difﬁcultate
2297 4696 2454 4753 quam
2485 4683 2711 4736 utilitate
2741 4682 3078 4753 perdiscitur.
3111 4683 3168 4740 Si
3204 4695 3383 4742 autem
3425 4688 3534 4744 Do-

1940 4773 2116 4829 minus
2143 4775 2372 4830 voluerit
2400 4783 2458 4829 ιιι
2496 4775 2563 4830 ad
2591 4776 2739 4830 illum
2784 4778 2955 4846 ipsum
2991 4777 3242 4849 juvenem
3272 4783 3528 4854 scribam,

1938 4864 2076 4919 sicut
2095 4864 2364 4933 desidero,
2383 4866 2454 4921 ibi
2476 4867 2607 4922 sciet
2627 4867 2851 4923 fortasse
2873 4869 3099 4926 Dilectio
3120 4882 3226 4940 tua,
3249 4875 3408 4931 etiam
3431 4877 3535 4934 hoc

1937 4969 2096 5026 quam
2123 4974 2228 5012 non
2259 4967 2312 5014 te
2338 4958 2620 5015 docuerit:
2654 4961 2699 5016 si
2746 4969 2920 5018 tamen
2973 4963 3026 5019 id
3075 4973 3128 5021 te
3171 4967 3241 5023 ab
3279 4970 3369 5025 illo
3397 4969 3534 5026 didi-

1938 5049 2076 5104 cisse
2098 5050 2311 5105 laetaris.
2335 5051 2441 5108 Sed
2465 5069 2533 5109 ne
2558 5053 2685 5125 quid
2714 5055 2848 5111 forte
2868 5056 3011 5112 aliud
3037 5058 3127 5126 sit,
3155 5062 3297 5131 quod
3324 5075 3534 5120 constat

1938 5154 2059 5197 esse
2085 5143 2246 5211 utile,
2277 5153 2330 5200 et
2355 5145 2423 5201 ad
2456 5147 2614 5202 fidem
2642 5151 2998 5204 necessariam
3028 5151 3050 5184 ³
3074 5154 3342 5224 pertinere
3360 5197 3376 5222 ,
3404 5167 3531 5228 peto

1937 5238 2232 5294 rescribere
2259 5255 2364 5295 non
2391 5242 2648 5312 graveris.

2009 5329 2062 5384 8.
2104 5329 2235 5385 Nam
2268 5332 2397 5387 illud
2425 5335 2569 5404 quod
2608 5337 2908 5394 rectissime
2946 5347 3002 5394 et
3046 5339 3201 5396 valde
3244 5340 3529 5399 salubriter

1937 5421 2126 5490 credit,
2149 5423 2374 5493 judicari
2411 5427 2619 5482 animas
2659 5443 2780 5485 cum
2821 5431 2888 5487 de
2929 5433 3245 5503 corporibus
3272 5437 3520 5502 exierint,

1937 5523 2221 5586 antequam
2251 5518 2468 5572 veniant
2505 5519 2573 5574 ad
2602 5519 2731 5576 illud
2753 5522 3044 5592 judicium,
3067 5539 3172 5595 quo
3199 5541 3289 5582 eas
3315 5536 3527 5598 oportet

2000 5677 2019 5752 ξ
2050 5677 2187 5752 Editi,
2213 5675 2349 5752 tange
2581 5680 2962 5752 abest,_93{ippe,
2989 5687 3394 5752 amanuscriptis.

2000 5739 2019 5802 9
2050 5739 2269 5788 Nonnulli
2290 5739 2512 5801 codices,
2552 5750 2694 5802 atque
2731 5739 2974 5793 didicisse.
3010 5746 3263 5794 Vaticanus
3283 5739 3352 5797 ‘et
3392 5750 3520 5801 anti-

1933 5801 2194 5875 quissimus
2214 5861 2225 5872 .
2238 5804 2557 5875 Remigianus,
2582 5809 2689 5875 "aut
2712 5804 2767 5875 ﬁ
3007 5811 3104 5867 est,
3143 5805 3232 5857 hoc
3256 5813 3301 5860 te
3319 5809 3520 5875 fecisse,

1932 5860 2250 5934 uelimqu
2272 5860 2552 5934 νιηηρμξιηὶδ
2575 5863 2746 5934 litteris
2770 5860 3032 5930 refellatur.

2001 5926 2021 5958 ³
2051 5924 2123 5974 sic
2143 5932 2245 5975 Mm.
2270 5932 2325 5976 Αι
2342 5925 2478 5989 editi,
2502 5924 2840 5980 necessarium.
