4012 6504
434 598 555 688 jam
581 600 804 670 redditis
840 608 1153 684 corporibus
1173 607 1420 681 judicari,
1453 617 1610 680 atque
1637 607 1689 662 in
1716 605 1829 677 ipsa
1852 603 1903 660 in
1930 617 2035 676 qua

413 706 541 766 ‘bic
563 693 828 773 vixerunt,
859 720 1021 761 carne
1050 703 1305 775 torqueri,
1338 703 1451 759 sive
1478 698 1731 775 gloriari;
1764 696 1865 752 hoc
1895 696 2039 750 itane

446 795 667 857 'tandem
714 801 829 871 ipse
867 796 1183 855 nesciebas?
1210 797 1341 868 Quis
1386 798 1643 853 advers'us
1690 793 2035 864 Evangelium

446 902 597 954 tanta
622 892 980 950 obstinatione
1003 892 1197 947 mentis
1222 890 1519 957 obsurduit,
1542 897 1600 945 ut
1624 888 1675 943 in
1695 887 1790 942 illo
1804 901 2038 957 paupere

447 984 538 1061 qui
567 993 689 1057 post
714 992 942 1040 mortem
969 984 1177 1040 ablatus
1212 991 1298 1039 est
1336 982 1388 1037 in
1416 984 1591 1037 sinum
1622 979 1872 1047 Abrahae,
1904 988 1958 1034 et
1984 978 2036 1034 in

447 1078 542 1135 illo
570 1070 737 1134 divite
771 1075 924 1149 cujus
951 1076 1006 1132 in
1032 1073 1240 1130 inferno
1267 1072 1534 1129 cruciatus
1562 1074 1580 1105 ¹
1608 1073 1910 1143 exponitur,
1938 1071 2038 1127 ista

447 1185 557 1227 non
595 1168 799 1236 audiat,
842 1168 923 1223 vel
966 1166 1144 1222 audita
1183 1180 1291 1221 non
1326 1164 1547 1222 credat?
1572 1164 1677 1221 Sed
1706 1163 1958 1234 numquid
1987 1172 2040 1219 te

449 1261 647 1328 docuit,
695 1258 963 1333 quomodo
996 1259 1170 1314 anima
1205 1258 1322 1316 sine
1349 1273 1573 1329 corpore
1600 1256 1667 1312 de
1707 1257 1873 1328 digito
1916 1272 2042 1325 pau-

450 1353 596 1424 peris
639 1367 792 1423 aquze
837 1351 1034 1405 stillam
1080 1348 1389 1406 desiderare
1418 1350 1589 1418 potuit
1616 1346 1765 1421 (Luc.
1798 1363 1911 1414 XVI,
1938 1346 2038 1402 93-

450 1445 577 1517 24);
619 1460 741 1502 cum
769 1444 884 1514 ipse
909 1439 1187 1498 confessus
1213 1442 1302 1509 sit,
1329 1441 1584 1499 alimenta
1612 1454 1872 1510 corporea
1901 1454 2040 1495 non-

449 1538 553 1595 nisi
603 1548 820 1611 propter
858 1532 1155 1592 fulciendas
1196 1538 1380 1591 ruinas
1419 1533 1780 1604 corruptibilis
1803 1532 2043 1603 corporis

452 1626 534 1686 sui
563 1629 795 1684 animam
817 1627 1095 1699 quaerere?
1117 1626 1293 1687 Verba
1314 1627 1432 1698 ejus
1458 1627 1557 1682 ista
1584 1616 2044 1697 suntz'tNumquid

452 1719 574 1793 quia
605 1720 802 1789 anima,
837 1737 857 1772 ι
888 1722 1083 1789 inquit,
1117 1736 1135 1771 ι
1168 1726 1259 1773 aut
1282 1718 1461 1773 cibum
1498 1718 1689 1791 quierit
1716 1725 1809 1774 aut
1833 1725 2040 1789 potum,

451 1810 521 1867 ad
546 1798 715 1881 ipsam
743 1806 969 1865 transire
989 1810 1258 1867 credimus
1287 1811 1532 1880 pastum?
1559 1828 1579 1863 ι
1612 1811 1678 1866 Ει
1701 1810 1864 1883 paulo
1889 1818 2042 1881 post:

460 1920 481 1954 ι
506 1896 663 1958 Unde
688 1898 1020 1975 intelligitur,
1051 1921 1072 1957 ι
1120 1903 1322 1975 inquit,
1373 1920 1394 1956 ι
1422 1910 1477 1959 et
1520 1903 1795 1974 probatur,
1835 1918 1940 1959 non
1977 1903 2046 1959 ad

452 1992 691 2051 animam
727 1994 997 2064 pertinere
1027 1992 1270 2050 ciborum
1297 1993 1679 2062 sustentacula,
1706 1994 1801 2051 sed
1833 1994 1901 2050 ad
1927 2010 2048 2051 cor-

451 2098 590 2155 pus;
615 2085 699 2140 cu't
722 2086 883 2142 etiam
912 2095 1104 2157 praeter
1129 2086 1308 2142 cibum
1330 2096 1643 2157 procuratur
1661 2086 1821 2143 simili
1842 2085 2048 2142 ratione

452 2178 712 2246 vestitus,
739 2187 797 2233 ut
826 2178 900 2235 illi
941 2180 1276 2239 necessarius
1299 2178 1547 2236 videatur
1584 2189 1815 2252 pastum
1853 2196 2047 2251 sugge-

459 2283 598 2340 stus,
640 2272 727 2328 cui
771 2274 1027 2344 competit
1072 2281 1126 2331 et
1165 2273 1312 2344 ipsos
1351 2273 1549 2330 habere
1576 2274 1816 2329 vestitus.
1846 2292 1867 2326 ι
1900 2273 2051 2331 lianc

453 2364 548 2425 ille
575 2366 893 2423 sententiam
922 2382 1074 2425 suam
1104 2367 1235 2425 satis
1259 2368 1535 2427 evidenter
1559 2368 1886 2440 expositam,
1915 2384 2052 2427 non-

457 2461 606 2525 nulla
633 2459 792 2521 etiam
818 2460 1167 2519 similitudine
1188 2461 1485 2531 illustrans,
1511 2462 1726 2533 adjecit,
1752 2471 1912 2534 atque
1935 2463 2047 2525 ait:

464 2552 653 2625 «Quid
700 2561 876 2609 autem
928 2562 1174 2631 putamus
1223 2554 1537 2625 inquilinum
1575 2569 1897 2625 quemquam
1936 2569 2051 2613 suae

456 2642 772 2707 habitationi
816 2644 1160 2715 prospicere?
1202 2643 1391 2701 Nonae
1438 2643 1486 2701 si
1528 2659 1646 2700 eam
1693 2646 1924 2701 senserit
1962 2654 2054 2703 aut

458 2747 602 2796 tecto
630 2746 881 2807 tremercx
902 2747 995 2795 aut
1020 2749 1212 2796 nutare
1234 2739 1458 2809 pariete,
1480 2746 1576 2797 aut
1590 2738 1771 2801 labare
1784 2738 2051 2795 fundami-

459 2845 548 2893 ne,
577 2829 818 2886 destinas
839 2829 1050 2900 quaerit,
1076 2839 1251 2885 strues
1271 2830 1532 2899 congerit,
1555 2829 1746 2898 quibus
1772 2829 2054 2889 imminen-

459 2930 570 2985 tem
596 2922 758 2994 possit
809 2922 1021 2992 ruinam
1065 2920 1252 2981 sedulo
1293 2920 1679 2992 diligenterque
1720 2918 1934 2988 fulcire,
1986 2936 2053 2975 ne

457 3015 561 3073 sub
600 3015 837 3087 periculo
880 3013 1175 3071 mansionis
1217 3014 1503 3070 discrimen
1548 3012 1794 3073 videatur
1819 3012 2054 3084 pendere

458 3107 698 3167 mansori
719 3106 781 3161 '7
806 3106 881 3162 ita
906 3121 1037 3179 ergo
1064 3114 1120 3163 et
1143 3106 1377 3165 animam
1406 3120 1732 3177 recognosce
1749 3144 1768 3172 ,
1799 3121 1818 3160 ι
1846 3106 2052 3176 inquit,

466 3216 486 3253 ι
514 3198 663 3254 carni
689 3213 799 3254 sua:
828 3198 1135 3255 desiderare
1157 3196 1336 3255 cibum
1354 3237 1372 3264 ,
1398 3212 1464 3253 ex
1491 3212 1594 3267 qua
1624 3199 1797 3267 ipsum
1822 3196 2056 3267 concipit

465 3288 587 3351 sine
614 3288 778 3346 dubio
801 3288 1149 3347 desiderium.
1179 3305 1201 3342 ι
1232 3288 1361 3345 Haec
1387 3302 1580 3359 nempe
1606 3276 1694 3343 ille
1717 3288 1932 3362 juvenis
1957 3302 2054 3347 sua

376 3404 419 3427 μ’
456 3396 620 3443 sensa
657 3383 834 3441 verbis
872 3380 1310 3441 luculentissitnis
1353 3388 1408 3436 et
1449 3381 1915 3439 sufﬁcientissimis
1954 3395 2053 3441 ex-

452 3476 709 3553 plicavit,
742 3490 988 3533 asserens
1028 3489 1137 3532 non
1179 3473 1371 3529 anima:
1410 3473 1610 3543 requiri
1639 3472 1889 3533 alimenta
1911 3513 1925 3537 ,
1956 3471 2054 3529 sed

452 3567 707 3649 .corpori;
737 3582 867 3625 cura
891 3565 1109 3643 quidem
1150 3564 1295 3620 illius
1316 3604 1332 3635 ,
1363 3563 1460 3621 sed
1485 3572 1737 3634 tanquam
1766 3562 2054 3627 habitantis

458 3661 517 3721 in
541 3662 725 3730 domo,
775 3669 830 3717 et
876 3657 1211 3717 moribunda:
1255 3657 1434 3713 carnis
1483 3656 1827 3719 imminentes
1870 3657 2054 3717 mines

457 3752 687 3827 provida
725 3751 1017 3809 refectione
1054 3749 1345 3809 fuisientis.
1375 3749 1444 3805 Et
1483 3748 1614 3811 illud
1660 3765 1791 3825 ergo
1818 3751 2056 3821 explicet

460 3844 581 3918 tibi,
610 3842 739 3917 quid
785 3842 961 3901 anima
1010 3841 1100 3901 illa
1128 3840 1307 3901 divitis
1347 3842 1611 3897 ruiturum
1648 3839 1925 3905 destinare
1953 3857 2054 3899 cit-

459 3936 660 4008 piebat,
691 3951 812 4007 quae
841 3935 1068 3991 mortale
1095 3950 1290 4005 corpus
1314 3934 1424 4005 jam
1454 3934 1637 4005 utique
1661 3950 1769 3991 non
1800 3934 2051 4005 habebat,

462 4037 521 4089 et
543 4037 721 4085 tamen
750 4027 984 4097 sitiebat,
1016 4036 1072 4086 et
1093 4042 1248 4103 aqua:
1273 4027 1471 4084 stillam
1510 4026 1579 4083 de
1602 4028 1766 4100 digito
1804 4030 2056 4101 pauperis

462 4120 788 4194 requirebat.
822 4119 993 4177 liabet
1017 4119 1107 4177 ubi
1135 4135 1197 4177 se
1222 4127 1469 4176 exerceat
1492 4120 1593 4179 iste
1614 4118 1802 4181 doctor
1827 4136 2015 4179 senum
2036 4132 2054 4180 ι

464 4224 692 4288 quazrat,
735 4222 793 4273 et
832 4214 1105 4284 inveniat,
1145 4213 1195 4271 si
1232 4213 1500 4284 potuerit,
1538 4213 1625 4275 cui
1652 4214 1731 4271 rei
1758 4215 1934 4273 animo
1965 4215 2056 4272 illa

463 4304 605 4377 apud
632 4305 832 4365 inferos
868 4305 1143 4367 humidum
1183 4304 1520 4372 alimentum,
1559 4304 1647 4361 vel
1672 4313 1781 4365 tam
1805 4306 2054 4377 exiguum

464 4399 819 4467 mendicaret,
841 4414 964 4461 cum
991 4398 1210 4457 ruinoso
1240 4397 1542 4459 habitacqu
1558 4396 1671 4469 jam
1694 4406 1926 4459 careret.

540 4490 766 4550 CAPUT
805 4490 871 4551 ν.
897 4490 1039 4550 —-9.
1071 4490 1452 4560 [incorporeum
1505 4503 1636 4551 sane
1682 4490 1851 4549 Deum
1899 4504 2055 4549 esse.

466 4586 608 4661 quod
641 4585 833 4653 credit,
890 4584 1133 4657 gratulor
1173 4598 1297 4640 eum
1324 4582 1449 4640 hinc
1488 4581 1678 4642 saluam
1708 4598 1739 4640 ιι
1760 4582 2052 4641 Tertullia-

468 4677 528 4743 pi
555 4674 921 4733 deliramentis
941 4688 1062 4733 esse
1094 4672 1404 4730 discretum.
1421 4672 1516 4731 Ille
1547 4673 1746 4744 quippe
1770 4672 1909 4730 sicut
1935 4674 2055 4731 anl-

470 4784 636 4837 mam,
668 4768 741 4825 ita
764 4767 926 4824 etiam
948 4766 1116 4823 Deum
1143 4779 1463 4836 corporeum
1495 4779 1620 4825 esse
1645 4765 1924 4823 contendit
1953 4763 2053 4838 (α).

470 4850 517 4921 Ᾱ
546 4874 654 4932 quo
677 4860 777 4919 iste
804 4858 859 4916 in
888 4857 1346 4926 bocdissentiens,
1369 4856 1694 4917 mirabiliora
1720 4857 2051 4927 persuadere

472 4951 712 5019 molitur,
756 4951 924 5015 Deum
964 4950 1359 5020 incorporeum,
1391 4964 1498 5007 non
1522 4948 1591 5009 de
1640 4948 1810 5005 nihilo
1841 4948 2043 5021 facere,

471 5041 566 5123 sed
593 5042 660 5099 de
679 5042 965 5121 semetipso
1001 5040 1186 5097 [latum
1223 5041 1478 5098 exhalare
1515 5056 1856 5111 corporeum.
1884 5042 1931 5099 0
1953 5042 2057 5101 do-

472 5134 697 5193 ctrinam
723 5132 810 5193 cui
829 5134 1002 5191 omnis
1030 5142 1161 5190 tetas
1187 5148 1345 5190 aures
1369 5133 1625 5206 subligat,
1659 5149 1780 5207 quae
1810 5134 2057 5195 homines

471 5230 726 5291 annusos,
758 5242 881 5298 quae
921 5225 1150 5298 denique
1190 5228 1535 5300 presbyteros
1562 5237 1833 5285 mereatur
1857 5228 2057 5287 habere

471 5319 764 5393 discipulos
790 5320 807 5376 l
834 5319 1021 5394 Legat,
1068 5318 1213 5395 legat
1252 5320 1307 5377 in
1349 5321 1605 5379 concione
1629 5321 1772 5391 quod
1807 5320 2043 5392 scripsit,

469 5423 629 5471 notos
652 5422 812 5485 atque
839 5412 1072 5485 ignotos,
1101 5411 1290 5471 doctos
1314 5420 1476 5485 atque
1514 5412 1759 5471 indoctos
1805 5415 2057 5479 recitatu-

469 5522 567 5565 rus
586 5506 789 5563 invitet.
819 5506 1092 5574 Seniores,
1124 5521 1247 5565 cum
1264 5507 1565 5579 junioribus
1579 5509 1882 5575 convenite,
1905 5508 2049 5580 quod

472 5584 793 5651 nesciebatis
823 5590 1031 5662 discite,
1071 5594 1215 5666 quod
1256 5610 1528 5666 nunquam
1558 5597 1844 5653 audieratis
1868 5598 2022 5653 audi-

536 5724 559 5758 ι
591 5720 1554 5794 ξιιογείηωιεωδθῑᾶιιοωείαἱωω.
1588 5720 1645 5778 Δί
1667 5724 1817 5791 editi,
1844 5725 2060 5794 hiems

536 5910 613 5986 (α)
629 5908 975 5986 lambinus,
990 5912 1072 5986 llb_.
1098 5908 1171 5986 de.
1186 5915 1364 5986 enim}
1388 5910 1507 5967 Vide
1530 5910 1865 5981 Augustinum.
1890 5916 1975 5975 li).
1991 5919 2060 5974 de

472 5972 768 6038 lacibus,
787 5987 892 6039 cap.
910 5972 989 6039 86,
1018 5982 1072 6027 et
1094 5972 1236 6035 epist.
1256 5972 1363 6027 i90.

1335 491 1425 547 DE
1463 488 1676 546 ANIMA
1717 476 1809 543 ΕΤ
1848 480 2013 543 EJUS
2050 480 2350 551 ORIGINE,
2390 483 2450 540 S.
2491 484 2860 544 AUGUSTINI

3619 490 3731 551 500

2146 610 2217 658 te.
2260 603 2397 659 Ecce
2424 603 2527 689 isto
2553 604 2801 671 docente,
2832 619 2938 662 non
2967 604 3182 665 aliunde
3207 606 3351 679 quod
3373 607 3733 680 sitquomodo

2144 704 2246 763 cst,
2276 710 2376 751 nec
2418 712 2484 752 ex
2526 712 2590 752 eo
2631 698 2772 771 quod
2813 699 3032 755 omnino
3066 714 3177 755 non
3221 709 3324 766 est,
3367 701 3508 757 Deus
3540 702 3732 759 hastu

2144 800 2287 847 creat
2318 808 2333 857 ;
2366 791 2461 847 sed
2480 808 2546 849 ex
2571 808 2636 848 eo
2662 790 2805 865 quod
2833 792 2945 864 ipse
2966 803 3068 860 est,
3093 809 3216 850 cum
3259 796 3331 851 sit
3353 796 3731 867 incorporeus,

2144 897 2335 954 corpus
2362 882 2556 939 sumat.
2595 883 2846 941 Naturam
2876 899 3006 955 ergo
3037 898 3210 953 suam,
3239 894 3524 957 antequam
3556 899 3736 947 mute-

2146 980 2231 1029 tur
2257 973 2311 1037 in
2341 976 2543 1049 peccati
2572 990 2816 1047 corpore,
2847 977 2960 1047 ipse
3004 985 3174 1033 mutat
3212 978 3264 1034 in
3290 994 3507 1049 corpus.
3539 982 3622 1036 An
3646 982 3733 1037 di-

2145 1065 2237 1131 cit,
2260 1067 2403 1138 quod
2425 1083 2489 1122 ex
2517 1082 2614 1124 sua
2643 1077 2832 1125 natura
2869 1084 2975 1124 non
3005 1078 3174 1125 mutat
3206 1070 3425 1141 aliquid,
3448 1086 3570 1126 cum
3614 1071 3683 1127 da
3704 1102 3726 1114 -

2147 1168 2257 1217 tum
2283 1158 2454 1216 facit?
2481 1159 2597 1216 Non
2626 1176 2755 1233 ergo
2775 1176 2898 1217 eum
2924 1162 2992 1218 de
3017 1178 3077 1217 se
3103 1162 3221 1232 ipso
3240 1162 3367 1218 facit
3392 1182 3404 1216 ε
3436 1180 3542 1219 ιιοιι
3586 1167 3736 1221 enim

2123 1250 2290 1331 aliud
2318 1261 2401 1308 est
2421 1251 2555 1322 ipse,
2578 1253 2719 1309 aliud
2753 1264 2942 1309 natura
2985 1254 3121 1325 ejus.
3144 1255 3277 1322 Quis
3306 1255 3409 1311 hoc
3452 1258 3737 1312 insanissi-

2146 1359 2265 1401 tnus
2292 1345 2583 1416 opinetur?
2611 1347 2763 1416 Quod
2788 1348 2832 1403 si
2858 1348 3005 1416 dicit,
3030 1350 3103 1404 ita
3135 1350 3301 1405 Deum
3326 1350 3395 1405 de
3416 1364 3514 1406 sua
3542 1363 3736 1406 natura

2145 1435 2323 1494 iaeere
2368 1435 2589 1503 ﬂatum,
2638 1449 2697 1495 ut
2748 1442 2865 1511 ipse
2900 1442 3107 1510 integer
3156 1453 3367 1499 manest
3396 1461 3412 1508 ;
3442 1458 3547 1499 non
3596 1446 3728 1501 inde

2147 1529 2373 1599 quaestio
2417 1539 2498 1585 cst
2528 1531 2662 1595 ;sed
2710 1542 2885 1591 utrum
2936 1533 3079 1603 quod
3115 1552 3222 1591 non
3262 1535 3497 1603 aliunde,
3523 1550 3623 1592 nec
3664 1539 3738 1594 de

2148 1621 2335 1690 nihilo,
2365 1625 2457 1678 sed
2484 1622 2551 1679 de
2572 1623 2664 1679 illo
2691 1632 2810 1681 est:
2837 1641 2944 1681 non
2971 1626 3072 1683 hoc
3114 1628 3186 1683 sit
3216 1628 3357 1698 quod
3408 1630 3515 1696 ille,
3546 1630 3597 1685 id
3623 1613 3764 1700 est,

2149 1713 2388 1785 ejusdem
2414 1726 2618 1771 naturae
2655 1725 2709 1773 et
2748 1718 3016 1775 essentiae.
3038 1717 3172 1774 Nam
3196 1728 3249 1774 et
3270 1718 3406 1774 Filio
3433 1721 3616 1791 genito
3642 1722 3735 1778 in-

2151 1816 2298 1879 teger
2348 1809 2684 1877 manet;sed
2731 1812 2854 1881 quia
2893 1822 3014 1868 eum
3058 1814 3240 1884 genuit
3260 1813 3327 1869 de
3352 1828 3415 1869 se
3444 1817 3582 1885 ipso,
3625 1826 3737 1871 non

2149 1896 2295 1959 aliud
2337 1905 2526 1976 genuit
2550 1921 2709 1976 quam
2752 1906 2806 1961 id
2849 1906 2993 1977 quod
3039 1908 3154 1978 ipse
3180 1916 3281 1963 est.
3325 1909 3562 1980 Excepto
3589 1912 3738 1965 enim

2152 1995 2295 2068 quod
2342 1996 2614 2053 hominem
2667 2000 2975 2067 assumpsit,
3023 2007 3080 2054 et
3108 1999 3341 2056 Verbum
3366 2016 3493 2056 caro
3537 2001 3736 2066 iactum

2153 2096 2256 2154 est,
2280 2089 2418 2144 alius
2446 2098 2527 2144 est
2552 2089 2768 2160 quidem
2802 2090 3032 2147 Verbum
3061 2091 3153 2146 Dei
3181 2091 3369 2159 Filius,
3398 2093 3493 2148 sed
3523 2106 3629 2148 non
3655 2103 3743 2150 est

2151 2180 2295 2236 aliud
2323 2199 2336 2235 :
2368 2180 2470 2236 hoc
2484 2189 2587 2247 est,
2618 2182 2721 2237 alia
2752 2196 2982 2251 persons
3010 2190 3115 2248 est,
3144 2182 3238 2237 sed
3266 2198 3371 2238 non
3392 2183 3603 2239 diversa
3638 2196 3735 2239 na-

2156 2281 2291 2329 tura.
2322 2272 2390 2329 Et
2429 2273 2571 2329 unde
2622 2273 2742 2338 hoc,
2774 2275 2881 2329 nisi
2918 2274 3041 2345 quia
3095 2290 3199 2331 non
3244 2286 3456 2331 creatus
3494 2288 3563 2332 es
3608 2277 3740 2342 alin,

2153 2366 2322 2421 veiex
2348 2364 2539 2433 nihilo,
2587 2367 2681 2422 sed
2725 2375 2882 2421 natus
2906 2382 2976 2423 ex
3010 2367 3129 2440 ipso
3153 2377 3270 2433 est;
3301 2378 3404 2423 non
3450 2377 3509 2423 nt
3548 2365 3746 2425 melior

2155 2474 2312 2529 quam
2342 2465 2459 2514 erat
2500 2466 2663 2521 esset,
2695 2457 2793 2515 sed
2831 2460 3053 2514 omnino
3101 2468 3159 2514 ut
3192 2468 3359 2524 esset,
3404 2467 3457 2515 et
3480 2460 3622 2529 quod
3655 2472 3746 2516 est

2155 2550 2266 2619 ille,
2303 2549 2445 2609 unde
2465 2559 2621 2607 natus
2639 2557 2743 2613 est,
2769 2558 2935 2616 esset,
2966 2550 3073 2605 hoc
3090 2558 3194 2617 est,
3217 2552 3376 2606 unius
3395 2551 3746 2623 ejusdemque

2155 2653 2381 2711 natura),
2409 2644 2660 2715 aequalis,
2690 2653 3014 2710 coaeternus,
3037 2645 3180 2700 omni
3207 2645 3366 2699 modo
3393 2644 3605 2711 similis,
3640 2658 3743 2715 pa-

2156 2740 2288 2799 riter
2316 2738 2682 2806 immutabilis,
2712 2734 2911 2804 pariter
2933 2735 3236 2799 invisibilis,
3263 2737 3461 2804 pariter
3492 2736 3747 2806 incorpo-

2156 2846 2305 2899 reus,
2363 2831 2565 2900 pariter
2606 2831 2792 2897 Deus;
2834 2830 2937 2886 hoc
2978 2828 3200 2884 omnino
3227 2827 3370 2898 quod
3412 2827 3593 2893 Peter,
3641 2828 3744 2881 nisi

2155 2923 2301 2994 quod
2321 2922 2487 2983 Filius
2512 2932 2595 2983 est
2617 2923 2751 2992 ipse,
2774 2936 2883 2977 non
2908 2920 3066 2977 Pater
3088 2921 3112 2975 ‘i
3137 2920 3390 2975 Siautem
3408 2926 3595 2974 manet
3619 2919 3743 2989 qui-

2158 3016 2282 3073 dem
2312 3017 2425 3086 ipse
2470 3016 2677 3088 integer
2724 3016 2886 3083 Deus,
2913 3030 3016 3071 nec
3057 3022 3236 3069 tamen
3264 3013 3335 3069 de
3363 3015 3533 3078 nullo,
3566 3014 3650 3068 vel
3675 3012 3747 3069 de

2157 3110 2284 3177 alio,
2306 3109 2404 3169 sed
2430 3109 2499 3166 de
2517 3125 2577 3165 se
2603 3109 2721 3180 ipso
2731 3109 3001 3166 diversum
3020 3108 3220 3179 aliquid
3245 3107 3297 3163 in
3320 3107 3560 3164 deterius
3574 3116 3746 3177 creat,

2160 3210 2215 3257 et
2238 3201 2304 3257 de
2344 3201 2663 3272 incorporeo
2708 3202 2818 3258 Deo
2847 3216 3044 3271 corpus
3092 3209 3341 3268 emanat;
3371 3201 3512 3256 absit
3554 3206 3614 3255 ut
3644 3199 3753 3255 hoc

2159 3293 2457 3353 catholicus
2511 3294 2722 3351 animus
2763 3293 2953 3349 bibat:
3002 3308 3110 3348 non
3154 3294 3300 3349 enim
3343 3300 3430 3349 est
3478 3291 3745 3349 ﬂuentum

2158 3386 2324 3443 fontis
2346 3385 2532 3451 divini,
2555 3387 2648 3447 sed
2671 3386 2981 3457 ﬁgmentum
3010 3386 3188 3443 cordis
3210 3387 3452 3442 humani.

2233 3480 2457 3541 CAPUT
2495 3480 2581 3545 γι.
2603 3506 2677 3531 -κ
2699 3484 2785 3539 l0.
2824 3480 3074 3538 lamvero
3123 3496 3283 3552 quam
3312 3483 3493 3551 inepte
3516 3481 3748 3547 laboret,

2158 3577 2415 3645 animam,
2468 3590 2629 3649 quam
2672 3582 2825 3648 putat
2861 3592 2983 3634 esse
3015 3590 3353 3647 corpoream,
3401 3574 3677 3630 vindicare
3718 3586 3751 3630 a

2163 3669 2775 3739 passionibuscorporis,
2806 3668 3085 3738 disputans
3102 3667 3171 3722 de
3199 3666 3394 3721 animm
3421 3665 3662 3728 infantia,
3679 3664 3753 3720 de

2158 3761 2465 3833 peralyticis
2503 3771 2556 3817 et
2582 3760 2854 3832 Oppressis
2879 3758 3075 3815 animm
3119 3759 3387 3825 sensibus,
3414 3754 3484 3815 de
3504 3765 3756 3827 amputa.

2159 3856 2233 3912 tis
2259 3855 2517 3915 membris
2566 3853 2811 3925 corporis
2852 3853 3056 3924 absque
3096 3853 3292 3911 anime
3344 3852 3604 3914 sectione,
3636 3858 3749 3905 non

2162 3958 2360 4015 tecum,
2386 3947 2481 4007 sed
2520 3962 2645 4004 cum
2671 3947 2763 4002 illo
2804 3946 2985 4017 potius
3006 3959 3165 4017 agere
3200 3944 3412 4000 debeo:
3436 3943 3511 3997 illi
3549 3943 3752 4013 quippe

2162 4039 2517 4099 insudandum
2548 4048 2651 4109 est,
2676 4047 2736 4095 ut
2775 4039 3037 4095 rationem
3084 4037 3273 4093 reddat
3311 4036 3573 4092 dictorum
3626 4049 3756 4091 suo-

2164 4146 2324 4198 rum;
2351 4145 2420 4189 ne
2444 4129 2515 4187 de
2555 4145 2720 4202 opere
2763 4130 2978 4201 juvenis
3007 4129 3143 4185 velle
3195 4128 3416 4199 fatigare
3466 4126 3750 4182 videamur

2158 4220 2475 4293 gravitatem
2503 4222 2670 4278 senis.
2707 4221 2863 4290 Quod
2910 4228 3089 4277 autem
3130 4218 3507 4275 similitudines
3532 4228 3752 4275 morum

2161 4315 2255 4386 qui
2278 4315 2614 4385 reperiuntur
2626 4316 2681 4370 in
2719 4314 2865 4380 ﬁliis,
2888 4328 2995 4369 non
3021 4328 3090 4369 ex
3114 4313 3308 4367 animai
3335 4312 3545 4366 semine
3564 4311 3754 4367 venire

2158 4407 2444 4477 disputat:
2479 4420 2814 4477 consequens
2842 4415 2927 4462 est
2972 4405 3217 4476 quidem,
3265 4414 3327 4461 ut
3366 4404 3470 4459 hoc
3516 4404 3757 4459 sentiant

2161 4499 2485 4570 quicumque
2536 4497 2732 4553 animat
2782 4498 3129 4568 prepeginem
3158 4497 3478 4558 destruunt:
3518 4493 3613 4550 sed
3642 4502 3749 4551 itee

2163 4590 2242 4646 illi
2269 4590 2358 4660 qui
2384 4589 2521 4645 hanc
2557 4598 2822 4656 astruunt,
2863 4588 2936 4645 ibi
2965 4590 3301 4645 constituunt
3330 4587 3539 4658 pondus
3569 4594 3752 4641 usser-

2164 4682 2326 4739 tionis
2340 4696 2476 4739 sum.
2506 4681 2699 4738 Vident
2727 4682 2871 4738 enim
2906 4689 2960 4736 et
2986 4680 3126 4738 illius
3161 4690 3438 4751 parentum
3458 4676 3754 4736 dissimiles

2162 4772 2404 4849 moribus
2432 4789 2446 4826 :
2473 4772 2616 4843 quod
2660 4771 2780 4828 ideo
2820 4772 2937 4827 ﬁeri
2966 4780 3175 4843 putant,
3213 4771 3335 4842 quia
3365 4779 3421 4827 et
3460 4770 3577 4842 ipse
3617 4780 3760 4826 unus

2165 4866 2329 4940 homo
2355 4866 2665 4937 plerumque
2714 4865 2827 4921 suis
2854 4866 3094 4922 moribus
3124 4867 3261 4921 alios
3289 4872 3467 4922 ntores
3491 4864 3605 4920 diss
3622 4866 3754 4918 inil-

2164 4958 2246 5017 los
2269 4959 2448 5027 habet,
2478 4974 2583 5019 non
2608 4960 2798 5030 utique
2826 4960 3005 5014 animo
3046 4959 3212 5015 altera
3241 4968 3478 5028 accepta;
3509 4953 3604 5012 sed
3637 4959 3746 5012 vita

2164 5052 2525 5111 inmeiiusvel
2553 5053 2605 5108 in
2627 5052 2861 5109 deterius
2906 5062 3263 5109 commutata.
3294 5051 3365 5105 ita
3389 5049 3594 5117 dicunt,
3636 5064 3747 5105 non

2165 5159 2287 5205 use
2307 5145 2634 5216 impossibile
2658 5154 2718 5199 ut
2738 5145 2916 5201 anima
2936 5160 3043 5201 non
3063 5146 3254 5201 halisat
3278 5156 3374 5201 θιιε
3390 5152 3588 5208 moi-es,
3618 5156 3758 5214 quos

2165 5237 2327 5297 habet
2354 5238 2443 5294 ille
2465 5253 2495 5292 ιι
2528 5253 2636 5309 quo
2660 5238 2679 5271 ί
2708 5248 2995 5309 propagata
3018 5248 3103 5294 est
3125 5253 3140 5303 ;
3159 5237 3591 5308 quandoquidem
3634 5238 3749 5306 ipsa

2166 5345 2271 5393 una
2297 5344 2439 5387 nunc
2453 5329 2607 5398 alios,
2621 5330 2753 5385 alias
2773 5331 2909 5389 alios
2934 5330 3135 5386 iubete
3159 5340 3337 5385 mores
3358 5337 3551 5399 potest.
3573 5329 3756 5396 Quare

2166 5424 2213 5488 si
2238 5423 2342 5489 hoc
2371 5433 2421 5480 te
2445 5423 2620 5482 credis
2644 5422 2713 5478 ab
2746 5424 2850 5479 isto
2870 5423 3140 5488 didicisse,
3169 5418 3311 5494 quod
3341 5425 3515 5478 animo
3554 5429 3658 5476 llun
3681 5421 3755 5475 sit

2167 5531 2235 5579 ex
2265 5516 2483 5595 traduce
2515 5516 2760 5573 xcutiam
2804 5515 2860 5572 id
2903 5531 3031 5572 vere
3068 5513 3389 5580 didicisses;
3420 5526 3504 5569 tne
3529 5515 3623 5570 tibi
3650 5514 3753 5568 do.

2166 5609 2391 5668 cendum
2417 5609 2770 5665 libentissime
2793 5609 3082 5665 traderem.
3117 5607 3223 5665 Sed
3245 5607 3385 5664 aliud
3412 5615 3494 5661 est
3519 5605 3755 5672 discere,

2167 5705 2312 5760 aliud
2351 5703 2517 5760 videri
2543 5702 2647 5758 sibi
2674 5702 2942 5761 didicisse.
2983 5704 3040 5760 Si
3064 5716 3193 5775 ergo
3225 5711 3278 5758 te
3327 5702 3581 5757 didicisse
3609 5700 3761 5757 arbi-

2168 5798 2326 5855 treris
2358 5795 2499 5867 quod
2525 5795 2699 5852 adhuc
2743 5797 2966 5866 nescis;
2997 5804 3106 5854 non
3154 5797 3311 5869 plane
3356 5798 3611 5870 didicisti,
3659 5800 3763 5857 sed

2186 5942 2197 5951 τ
2234 5946 2256 6014 ιλ
2286 5978 2478 6044 Aliquot
2491 5983 2620 6041 uss,
2643 5934 2817 6031 ξιιαά
2832 5990 2946 6044 qua.
2978 5948 2985 5957 ’
