4012 6470
283 455 378 512 50!

289 581 485 627 temere
507 565 784 624 credidisti
818 561 958 634 quod
1005 555 1229 615 libenter
1264 557 1478 624 audisti,
1525 565 1578 634 et
1607 555 1874 626 subrepsit

289 661 378 719 tibi
410 659 771 732 falsiloquiutn
825 631 921 728 per
962 651 1382 722 suaviloquium.
1411 631 1564 718 Quod
1595 665 1698 704 non
1754 647 1876 702 ideo

291 751 423 814 dico,
447 752 572 822 quia
600 749 788 805 falsum
815 759 934 802 esse
946 745 1056 816 jam
1084 753 1261 800 certus
1292 743 1412 810 sint,
1456 745 1664 798 animas
1695 739 1874 812 potius

291 831 552 900 insufii'ari
601 852 988 910 novas,°quam
1017 833 1084 892 de
1130 831 1335 906 origine
1381 843 1656 903 parentum
1699 831 1871 897 trahi;

289 935 385 992 hoc
402 933 548 990 enim
579 931 755 986 adhuc
799 927 867 984 ab
895 927 973 986 eis
1002 928 1091 1000 qui
1119 927 1312 983 docere
1343 919 1394 980 id
1421 932 1664 1004 possunt,
1689 924 1874 980 existi-

287 1037 374 1082 mo
415 1021 798 1095 requirendum
826 1041 839 1078 :
868 1019 962 1077 sed
992 1019 1112 1092 quia
1141 1009 1242 1074 iste
1274 1017 1340 1072 de
1381 1017 1480 1072 hac
1519 1033 1577 1072 re
1605 1017 1674 1072 ita
1701 1017 1872 1072 disse-

287 1117 410 1182 ruit,
428 1125 488 1170 ut
513 1129 621 1170 non
643 1113 816 1168 solum
855 1127 996 1180 eam,
1045 1127 1163 1182 qua:
1193 1107 1366 1164 adhuc
1407 1106 1738 1164 discutienda
1766 1115 1868 1172 est,

287 1223 392 1264 non
420 1207 657 1262 solveret
679 1203 1028 1278 qumstionem
1049 1220 1064 1270 ;
1085 1201 1268 1258 verum
1299 1203 1460 1258 etiam
1491 1201 1613 1256 talia
1641 1199 1865 1266 diceret,

288 1313 403 1370 qua:
435 1297 679 1352 falsitatis
707 1312 810 1350 non
863 1293 1098 1349 habeant
1124 1291 1528 1348 dubitationem.
1561 1289 1693 1346 Cum
1726 1291 1869 1346 enim

286 1391 445 1446 vellet
481 1389 712 1460 probare
769 1387 948 1454 dubia,
1009 1403 1168 1442 ausus
1197 1395 1279 1442 est
1325 1383 1506 1442 dicere
1553 1385 1668 1440 sine
1713 1383 1874 1440 dubio

285 1481 641 1554 reprobando.

352 1561 582 1629 CAPUT
627 1569 733 1628 VII.
759 1571 904 1628 -Π
921 1611 935 1624 .
956 1569 1034 1626 Ᾱη
1053 1567 1180 1626 vero
1203 1579 1255 1624 tu
1281 1570 1568 1640 reprobare
1585 1567 1870 1638 dubitabis,

286 1661 423 1736 quod
450 1679 574 1720 cum
597 1661 663 1718 de
705 1663 883 1718 ani'ma
911 1661 1239 1732 loqueretur,
1277 1679 1298 1713 ι
1349 1659 1465 1716 Νοιι
1493 1663 1593 1726 vis,
1633 1681 1650 1714 ι
1681 1661 1872 1732 inquit,

283 1756 517 1810 animam
553 1770 621 1810 ex
659 1769 817 1809 carne
869 1753 1068 1824 peccati
1112 1751 1430 1808 contrahere
1491 1751 1869 1820 valetudinem,

287 1845 350 1904 ad
395 1849 556 1919 quam
613 1847 848 1904 vicissim
889 1847 1364 1904 sanctificationem
1409 1847 1589 1902 videas
1637 1849 1864 1904 transire

287 1955 378 2012 per
398 1947 639 2010 carnem,
663 1945 722 1994 ut
753 1953 848 2010 per
877 1939 1044 2010 ipsam
1091 1947 1306 2012 reparet
1343 1935 1558 2004 Statum,
1591 1955 1682 2010 per
1707 1955 1866 2010 quam

287 2029 592 2103 perdiderat
639 2031 938 2088 meritum?
968 2027 1073 2085 Aut
1109 2029 1362 2102 numquid
1425 2031 1548 2102 quia
1601 2031 1874 2102 Baptisnto

289 2129 478 2194 carpes
508 2117 762 2192 abluitur,
797 2138 902 2178 non
929 2121 1116 2178 transit
1148 2119 1214 2176 ad
1237 2123 1464 2178 animant
1489 2122 1570 2178 vel
1601 2123 1869 2194 spiritum,

288 2213 422 2287 quod
439 2213 676 2270 creditur
703 2213 934 2270 conferri
959 2209 1056 2284 per
1097 2213 1472 2284 Baptismum?
1506 2213 1694 2268 Merito
1744 2229 1874 2284 ergo

293 2321 384 2377 per
414 2319 654 2371 carnem,
681 2303 909 2376 priscam
951 2301 1166 2374 reparat
1193 2301 1578 2371 habitudinem,
1603 2319 1762 2376 quant
1795 2306 1868 2358 vi-

287 2399 340 2452 sa
371 2395 547 2452 fuerat
585 2397 852 2468 paulisper
881 2395 1122 2450 amisisse
1144 2411 1238 2466 per
1261 2410 1496 2460 carnem,
1529 2405 1584 2450 ut
1613 2411 1711 2468 per
1747 2411 1868 2452 eam

287 2487 498 2560 incipiat
516 2491 747 2556 renasci,
765 2506 858 2560 per
874 2505 1028 2560 quam
1045 2496 1312 2544 meruerat
1331 2489 1596 2560 inquinari
1623 2507 1643 2542 ι
1677 2487 1872 2562 (Infra,

289 2579 370 2635 tib.
399 2575 454 2646 3,
489 2597 544 2634 η.
587 2577 704 2650 9)?
729 2579 856 2635 Vide
899 2581 949 2634 in
1002 2577 1084 2634 bis
1127 2579 1322 2648 verbis,
1354 2589 1609 2650 quantum
1629 2579 1730 2636 iste
1756 2589 1878 2636 tuus

290 2676 543 2730 erraverit
582 2673 784 2729 doctor.
837 2671 998 2740 Dixit,
1035 2693 1052 2727 ι
1082 2675 1314 2728 animam
1343 2689 1440 2744 per
1463 2688 1684 2730 carnem
1715 2689 1874 2744 repa-

289 2781 401 2823 rare
427 2763 648 2836 statum,
679 2783 777 2836 per
802 2783 958 2840 quam
989 2763 1313 2840 perdiderat,
1331 2766 1600 2822 meritum.
1639 2785 1659 2818 ι
1683 2765 1878 2822 Habuit

291 2859 412 2930 ergo
437 2859 614 2914 anima
645 2859 873 2930 aliquem
906 2865 1100 2918 statum
1172 2867 1227 2914 et
1253 2839 1466 2930 aliquod
1511 2857 1759 2912 meritum
1783 2857 1880 2912 bo-

295 2963 414 3004 num
455 2959 581 3004 ante
607 2965 821 3004 carnem
850 2991 864 3015 ,
897 2947 1038 3020 quod
1065 2949 1176 3004 vult
1203 2965 1322 3006 eam
1353 2964 1602 3020 reparare
1631 2965 1726 3020 per
1754 2965 1872 3006 car-

295 3055 430 3108 netn,
459 3041 674 3112 quando
740 3055 864 3095 caro
909 3041 1120 3096 lavacro
1161 3027 1580 3112 regenerationis
1627 3041 1874 3098 abluitur.

297 3131 507 3188 Vixerat
535 3133 714 3204 itaque
756 3131 948 3188 alicubi
979 3142 1102 3188 ante
1129 3149 1344 3188 carnem
1372 3133 1424 3188 in
1460 3135 1600 3188 statu
1626 3143 1682 3190 et
1705 3133 1877 3190 meri-

299 3231 348 3278 to
373 3221 515 3278 bono
550 3227 752 3294 ;quet'n
789 3221 985 3279 statum
1029 3223 1083 3280 et
1127 3223 1270 3296 quod
1317 3225 1566 3280 meritum
1615 3225 1865 3296 perdidit,

295 3321 406 3371 'cum
425 3305 660 3371 venisset
691 3315 740 3369 in
769 3317 1002 3370 "carnem.
1025 3313 1184 3382 Dixit,
1217 3333 1237 3368 ι
1272 3331 1388 3372 eam
1421 3332 1517 3388 per
1538 3332 1754 3372 carnem
1781 3331 1866 3372 re-

295 3413 474 3479 parare
499 3401 864 3463 habitudinem
909 3407 1156 3478 priscam,
1194 3425 1352 3480 quant
1383 3397 1496 3466 visa
1535 3409 1709 3466 fuerat
1741 3425 1876 3482 pau-

291 3499 448 3574 lisper
489 3501 732 3558 amisisse
760 3499 854 3573 per
883 3499 1120 3558 carnem.
1157 3521 1176 3554 ι
1209 3501 1400 3558 llabuit
1425 3517 1552 3574 ergo
1581 3513 1705 3558 ante
1742 3517 1860 3558 car-

295 3595 408 3649 nem
459 3591 825 3649 habitudinem
857 3589 1126 3664 antiquam
1159 3609 1175 3658 ;
1213 3591 1314 3650 hoc
1372 3602 1454 3650 est
1498 3595 1640 3650 enim
1693 3611 1714 3648 ι
1757 3595 1872 3664 pri-

295 3687 466 3739 scam:
507 3701 526 3736 ι
561 3693 616 3740 et
641 3683 740 3739 ista
769 3683 937 3754 qualis
964 3683 1081 3738 esse
1128 3679 1319 3754 potuit,
1369 3683 1472 3740 nisi
1501 3667 1652 3740 beata
1711 3693 1874 3756 atque

291 3775 568 3833 laudabilis
585 3773 882 3830 habitudo?
912 3775 1082 3842 Quam
1103 3775 1338 3846 reparari
1361 3791 1456 3846 per
1482 3784 1894 3832 sacramentum-

295 3863 631 3939 Baptismatis
660 3873 927 3924 asseverat
958 3885 973 3934 ;
1001 3865 1122 3922 cum
1159 3863 1276 3921 eam
1307 3867 1441 3920 ttulit
1483 3882 1549 3922 ex
1585 3867 1667 3922 illa
1703 3867 1870 3938 origi-

293 3973 409 4017 nem
433 3957 649 4017 trahere
695 3973 791 4030 per
816 3962 1159 4032 propaginem
1191 3953 1231 4028 ‘,
1264 3975 1421 4031 quam
1451 3969 1660 4016 constat
1683 3961 1734 4016 in
1775 3975 1870 4030 pa-

295 4049 469 4108 radiso
494 4049 780 4123 aliquando
813 4049 981 4106 fuisse
1010 4051 1236 4107 felicem.
1264 4052 1543 4122 Quomodo
1571 4053 1730 4124 igitur
1763 4054 1870 4110 alio

265 4141 409 4202 'iuco
447 4161 466 4198 ι
493 4145 734 4200 animam
763 4164 782 4197 ι
811 4159 868 4200 se
914 4143 1039 4199 dicit
1073 4143 1090 4195 ἀ
1131 4153 1438 4200 constanter
1465 4160 1724 4212 asserere,
1761 4161 1870 4202 non

293 4235 357 4294 ek
379 4233 626 4303 traduce,
655 4239 828 4308 neque
859 4239 923 4294 cit
951 4235 1137 4305 'niltilu,
1163 4249 1334 4307 neque
1365 4254 1459 4307 per
1501 4241 1861 4310 sentetipsam,

297 4345 466 4400 neque
497 4339 625 4385 ante
652 4344 850 4400 corpus
873 4331 898 4383 ’ἔ
929 4349 946 4382 ι
981 4329 1118 4386 Ecce
1147 4329 1250 4386 isto
1277 4330 1390 4384 loco
1406 4329 1512 4384 vult
1533 4329 1736 4385 animas
1757 4325 1883 4387 ante

295 4419 485 4494 torpes
523 4413 722 4478 alicubi
767 4423 945 4478 'vivere
974 4431 1078 4477 tant
1115 4405 1301 4488 beate,
1332 4433 1390 4476 ut
1434 4422 1620 4478 eadem
1650 4423 1754 4478 illis
1789 4439 1884 4494 per

299 4513 625 4588 Baptismum
641 4509 917 4572 beatitudo
949 4513 1219 4570 reddatur.
1257 4513 1324 4572 Et
1367 4523 1616 4588 tanquam
1645 4515 1730 4572 sui
1757 4532 1883 4572 rur-

299 4621 383 4662 sus
407 4607 606 4664 oblitus
640 4603 878 4678 adjungit
901 4615 954 4662 et
991 4605 1117 4661 dicit
1147 4623 1159 4659 :
1191 4624 1212 4659 ι
1257 4605 1326 4662 Ut
1355 4621 1451 4678 per
1471 4621 1612 4674 eam,
1649 4626 1670 4662 ι
1705 4607 1878 4676 idest,

293 4711 390 4770 per
409 4709 654 4768 carnem,
691 4717 710 4754 ι
744 4701 963 4772 incipiat
990 4700 1224 4768 renasci,
1273 4717 1369 4770 per
1402 4717 1562 4772 quam
1604 4711 1878 4758 meruerat

271 4791 594 4862 ,inquinari.
636 4811 656 4845 ι
679 4779 935 4862 Stiperius
977 4791 1224 4848 meritum
1258 4791 1652 4862 signiﬁcaverat
1681 4793 1880 4850 bonum

273 4865 564 4952 'perditum
619 4881 782 4939 fuisse
809 4899 903 4954 per
931 4898 1183 4940 carnem:
1218 4899 1364 4938 nunc
1406 4890 1581 4938 autem
1610 4883 1876 4954 significat

301 4975 492 5030 malum
525 4977 800 5044 meritum,
834 4991 939 5050 quo
967 4975 1164 5032 factum
1187 4983 1269 5032 est
1295 4984 1353 5030 ut
1377 4977 1682 5034 veniretvel
1707 4979 1884 5034 mitte-

301 5079 443 5123 retur
473 5071 525 5124 in
558 5083 794 5135 carnem,
824 5067 1070 5136 dicendo,
1102 5088 1122 5123 ι
1157 5085 1255 5141 per
1292 5085 1452 5140 quam
1483 5079 1751 5128 meruerat
1803 5073 1886 5128 in-

299 5162 525 5236 quinari.
560 5167 580 5216 ι
615 5163 668 5218 Si
696 5165 850 5218 enim'
878 5173 1111 5219 meretur
1149 5163 1432 5236 inquinari,
1461 5180 1565 5220 non
1590 5172 1672 5220 est
1701 5165 1882 5236 utique

299 5257 544 5311 meritum
571 5255 793 5312 bonunt.
834 5251 1025 5326 Dicat,
1055 5249 1182 5327 quid
1209 5260 1442 5330 peccavit
1474 5268 1762 5330 antequam
1789 5274 1885 5328 per

301 5361 510 5405 carnem
539 5349 925 5420 inquinarctur,
955 5359 1011 5405 ut
1042 5367 1137 5422 per
1166 5367 1380 5406 carnem
1399 5353 1664 5422 inquinari
1693 5366 1880 5407 mere-

303 5453 466 5498 retur.
520 5441 693 5508 Dieat,
725 5443 768 5498 si
815 5453 1012 5514 potest,
1058 5443 1200 5516 quod
1259 5445 1403 5500 nullo
1456 5443 1614 5500 modo
1667 5451 1883 5513 potest;

302 5536 420 5604 quia
471 5535 714 5591 invenire
769 5535 854 5590 hic
897 5535 1029 5608 quid
1059 5551 1242 5590 verum
1295 5535 1460 5604 dicat,
1505 5537 1724 5592 omnino
1773 5551 1881 5592 non

299 5631 493 5700 potest.

367 5718 597 5778 CAPUT
625 5719 760 5776 Vill.
784 5719 958 5778 ——i2.
979 5720 1108 5776 item
1125 5719 1396 5792 aliquanto
1411 5719 1622 5792 postait
1651 5737 1664 5772 :
1699 5737 1720 5772 ι
1755 5719 1878 5773 Ani-

361 5899 380 5936 ι
411 5898 486 5948 sie
523 5905 634 5950 tres
666 5897 993 5960 manuscripti.
1039 5897 1210 5948 Cancri
1251 5911 1362 5948 cum
1394 5899 1589 5948 excusis
1607 5933 1624 5958 ,
1661 5910 1750 5962 per
1793 5900 1870 5951 art

302 5960 472 6024 ginem.

1613 437 1812 494 LIBER
1851 432 2227 516 sucensus.

1981 569 2066 610 ma
2095 555 2272 626 itaque
2301 555 2344 608 si
2395 556 2660 624 peccatrix
2700 569 2818 612 esse
2867 557 3082 622 meruit,
3111 572 3232 628 quas
3283 561 3562 629 peccatrix

1979 661 2223 702 essenon
2251 646 2444 715 potuit,
2499 655 2674 702 tamen
2715 663 2888 718 neque
2919 649 2970 704 iu
3011 658 3235 719 peccato
3275 653 3560 722 retunnsit,

1977 741 2104 810 quia
2131 742 2182 796 iu
2205 739 2422 796 Christo
2445 739 2796 811 praefigurata,
2829 743 2882 798 in
2899 753 3122 814 peccato
3157 759 3284 798 esse
3311 755 3418 800 non
3457 745 3561 800 de-

1979 829 2112 894 buit,
2135 830 2274 886 sicut
2295 845 2414 886 esse
2435 845 2540 886 non
2569 831 2736 900 potuit
2791 851 2812 886 ι
2863 831 2884 904 (
2911 831 3102 903 Supra,
3131 834 3222 888 lib.
3253 836 3304 901 1,
3331 852 3390 890 π.
3425 837 3480 902 8,
3515 845 3565 892 et

1977 921 2134 990 infra,
2165 921 2253 976 tib.
2309 921 2366 994 3,
2395 937 2448 978 η.
2479 922 2538 978 tt
2563 921 2607 992 ).
2637 921 2789 992 Rogo
2834 931 2908 989 Ie,
2949 923 3136 992 frater,
3179 933 3407 994 putasne
3447 927 3556 982 ista

1977 1011 2168 1068 saltem
2201 993 2382 1082 postea
2403 1013 2575 1083 legisti
2603 1021 2660 1068 et
2679 1015 3051 1082 considerasti,
3089 1026 3146 1072 et
3171 993 3296 1088 quid
3329 1018 3382 1074 in
3423 1019 3568 1074 reci-

1980 1113 2124 1162 tante
2153 1105 2473 1170 laudaveris,
2505 1105 2586 1162 vel
2621 1105 2765 1162 unde
2789 1116 2914 1177 post
2959 1108 3321 1164 recitationem
3361 1112 3564 1180 gratias

1979 1197 2152 1268 egeris
2171 1199 2451 1270 cogitasti?
2475 1197 2613 1268 Quid
2663 1207 2766 1264 est,
2809 1199 3036 1256 obsecro
3067 1207 3140 1266 te,
3171 1219 3194 1256 ι
3231 1202 3422 1258 Anima
3461 1203 3566 1258 ita-

1979 1305 2082 1360 que
2109 1290 2152 1344 si
2181 1289 2444 1360 peccatrix
2471 1305 2593 1346 esse
2617 1292 2836 1355 meruit,
2865 1307 2988 1362 quae
3013 1293 3280 1362 met-strix
3307 1309 3428 1350 esse
3449 1311 3560 1348 non

1973 1383 2190 1454 potuit?
2217 1403 2234 1436 ι
2259 1382 2396 1450 Quid
2423 1391 2506 1438 est
2533 1402 2552 1434 ι
2585 1385 2805 1452 meruit,
2841 1403 2864 1438 ι
2893 1393 2950 1460 et
2977 1403 2995 1438 ι
3021 1400 3132 1440 non
3165 1385 3366 1457 potuit;
3397 1403 3561 1442 scum

1977 1475 2170 1530 mereri
2207 1474 2308 1530 hoc
2357 1491 2462 1528 non
2509 1475 2788 1545 potuisset,
2857 1476 2954 1530 nisi
3007 1479 3276 1545 peccatrix
3327 1477 3560 1544 fuisset;

1979 1582 2086 1624 non
2115 1575 2291 1622 autem
2315 1567 2518 1634 fuisset,
2551 1568 2650 1622 nisi
2673 1579 2794 1622 esse
2838 1568 3136 1636 timuisset:
3171 1578 3226 1624 ut
3253 1575 3379 1624 ante
3399 1583 3566 1626 eunte

1971 1661 2173 1734 malum
2203 1661 2448 1718 meritum
2477 1675 2728 1731 peccans,
2763 1661 2884 1716 inde
2909 1662 3008 1716 sibi
3055 1665 3300 1717 meritum
3343 1663 3562 1724 faceret,

1975 1753 2118 1808 unde
2145 1752 2210 1808 ad
2237 1753 2338 1806 alia
2367 1763 2604 1822 peccata,
2623 1751 2912 1808 deserente
2933 1753 3180 1818 Domino,
3207 1755 3516 1822 perveniret
3543 1755 3566 1808 'I

1975 1846 2060 1900 An
2103 1844 2224 1902 ideo
2267 1845 2419 1910 dixit,
2449 1863 2472 1896 ‹
2509 1857 2628 1915 qua:
2679 1845 2948 1914 peccatrix
2997 1857 3120 1899 esse
3157 1857 3262 1898 non
3307 1845 3500 1914 potuit,
3541 1865 3558 1894 ι

1977 1938 2100 2008 quia
2121 1937 2221 1992 nisi
2247 1937 2298 1992 in
2321 1951 2540 1992 carnem
2577 1937 2803 2000 veniret,
2829 1935 3100 2006 peccatrix
3125 1950 3248 1992 esse
3271 1949 3380 1991 non
3417 1951 3553 2006 pes-

1979 2028 2106 2084 set?
2135 2027 2268 2095 Quid
2301 2043 2428 2099 ergo
2451 2031 2661 2094 tneruit,
2688 2035 2745 2086 ut
2791 2041 2860 2082 eo
2905 2027 3220 2092 mitteretur,
3251 2027 3344 2082 ubi
3369 2037 3560 2096 pecui-

1977 2123 2082 2176 trix
2111 2135 2232 2176 esse
2279 2128 2482 2192 posset,
2513 2133 2620 2190 quo
2649 2117 2766 2176 nisi
2803 2119 3054 2186 venisset,
3107 2118 3232 2174 alibi
3283 2123 3552 2188 peccatrix

1977 2227 2100 2270 esse
2123 2227 2228 2267 non
2253 2221 2430 2282 posset
2455 2211 2478 2266 Ἰ
2506 2211 2674 2278 Dicat,
2699 2211 2826 2282 quid
2849 2209 3077 2266 meruit?
3105 2209 3162 2266 Si
3187 2211 3336 2268 enim
3359 2213 3560 2266 uter-uit

1975 2318 2098 2358 esse
2123 2303 2392 2374 peccatrix
2417 2319 2432 2368 ;
2455 2301 2653 2372 aliquid
2697 2301 2810 2372 jam
2855 2309 3192 2372 peccaverat,
3225 2302 3364 2357 unde
3389 2317 3558 2358 men:-

1977 2405 2126 2452 retur
2151 2395 2342 2450 iterum
2370 2409 2490 2450 esse
2519 2394 2804 2464 peccatrix.
2827 2393 2938 2450 Sed
2963 2393 3082 2450 haec
3109 2395 3350 2450 fortassis
3371 2397 3566 2450 obsut-

1979 2503 2174 2546 raesse
2199 2488 2500 2554 videantur,
2545 2496 2637 2542 aut
2680 2487 2906 2544 obscura
2925 2501 3052 2542 esse
3101 2487 3396 2557 jactentur,
3433 2487 3556 2542 eum

1979 2581 2458 2651 sintapertissima.
2493 2578 2676 2649 Neque
2725 2579 2866 2634 enim
2919 2577 3099 2634 dicere
3127 2577 3330 2644 debuit,
3357 2597 3378 2630 1
3417 2579 3560 2648 quod

1977 2675 2155 2730 anima
2181 2673 2438 2729 meruerit
2483 2671 2752 2742 peccatrix
2785 2685 2910 2728 esse
2955 2686 3054 2740 per
3093 2681 3334 2736 carnem,
3363 2689 3383 2723 ι
3409 2671 3564 2740 cujus

1977 2779 2082 2820 nec
2109 2765 2302 2822 bonum
2321 2779 2422 2820 nec
2441 2764 2638 2820 malum
2659 2763 2911 2822 meritum
2937 2762 3175 2832 reperire
3211 2763 3406 2832 potetis
3435 2771 3566 2819 ante

1979 2872 2194 2914 carnem
2203 2896 2216 2910 .

2051 2948 2278 3006 CAPUT
2315 2947 2406 3004 IX.
2437 2975 2502 2990 -ν
2529 2947 2616 3004 l3.
2649 2945 2754 3004 Sed
2783 2945 2850 3002 ad
2875 2944 3242 3002 manifestiora
3265 2945 3564 3002 venientis.

1979 3041 2114 3100 Cum
2142 3041 2286 3098 enim
2329 3039 2538 3112 magnis
2573 3047 2942 3096 coarctaretur
2989 3037 3268 3108 angustiis,
3297 3037 3568 3109 quando

1979 3137 2173 3194 animm
2191 3133 2468 3202 originalis
2495 3132 2700 3202 peccati
2725 3131 2938 3186 vinculo
2961 3137 3244 3184 teneantur
3262 3127 3561 3197 obstricta,

1981 3227 2026 3284 si
2049 3241 2154 3282 non
2176 3241 2240 3282 ex
2263 3225 2354 3280 illa
2375 3223 2590 3278 trahunt
2609 3222 2868 3292 originem
2923 3237 3043 3292 quat
3087 3221 3258 3291 prima
3301 3221 3562 3291 peccavit,

1982 3317 2079 3378 sed
2103 3333 2197 3374 eas
2247 3331 2406 3387 puras
2453 3315 2520 3370 ab
2547 3315 2691 3370 omni
2719 3313 3034 3382 contagione
3079 3323 3134 3368 et
3177 3313 3564 3382 propagatione

1981 3412 2208 3482 peccati,
2235 3409 2513 3479 peccatrici
2543 3407 2690 3462 carni
2715 3406 2940 3462 Creator
2966 3404 3202 3460 insufﬂat
3223 3420 3240 3470 ξ
3261 3419 3330 3460 ne
3351 3405 3561 3460 dicatur

1983 3504 2082 3571 illi,
2103 3502 2246 3573 quod
2271 3503 2348 3556 sic
2373 3498 2692 3556 insufﬂando
2715 3513 2808 3554 eas
2839 3498 2980 3552 Deus
3009 3496 3176 3552 efficit
3199 3509 3358 3552 reos:
3391 3497 3567 3566 primo

1981 3598 2050 3656 de
2069 3597 2401 3671 praescientia
2435 3595 2530 3652 Dei
2553 3595 2688 3650 itane
2711 3593 3020 3663 opinionem
3071 3590 3284 3646 munire
3321 3589 3566 3657 tentavit,

1987 3711 2010 3746 ι
2045 3691 2188 3768 quod
2215 3692 2296 3746 eis
2347 3687 2730 3760 prmparaverit
2779 3684 3226 3756 redemptionem.
3257 3699 3278 3736 ι
3321 3681 3382 3737 in
3413 3681 3570 3752 cuius

1985 3783 2366 3854 redemptionis
2427 3781 2774 3838 Sacramenta
2813 3777 3020 3849 parvuli
3071 3777 3406 3847 baptizantur
3435 3817 3450 3842 ,
3509 3786 3573 3832 ut

1983 3876 2230 3932 abluatur
2275 3873 2536 3944 originale
2575 3879 2878 3942 peceatum,
2915 3867 3060 3940 quod
3087 3868 3154 3924 de
3193 3875 3356 3922 ‘earne
3383 3871 3572 3922 traxe-

1985 3975 2154 4033 runt;
2181 3967 2332 4038 quasi
2361 3965 2499 4020 facta
2539 3977 2632 4020 sua
2665 3965 2810 4019 Deus
2838 3960 3109 4029 emendet,
3155 3959 3303 4032 quod
3349 3973 3442 4014 eas
3481 3958 3571 4013 iu-

1983 4071 2170 4118 sontes
2213 4061 2414 4116 fecerat
2436 4059 2720 4130 inqninari.
2753 4057 2860 4113 Sed
2885 4066 3228 4128 posteaquam
3251 4063 3466 4111 ventum
3483 4063 3574 4110 est

1985 4164 2046 4212 ιιι
2065 4155 2132 4210 de
2149 4155 2256 4210 illis
2276 4155 2604 4223 loqueretur,
2641 4152 2832 4222 quibus
2855 4152 2944 4206 tali
2971 4145 3082 4206 non
3123 4151 3441 4206 subvenitur
3471 4161 3572 4208 au-

1984 4247 2135 4312 xilio,
2157 4255 2212 4300 et
2233 4253 2516 4314 antequam
2547 4243 2886 4314 baptizeutur
2913 4243 3189 4312 exspirant
3211 4257 3260 4294 ει
3297 4241 3354 4296 In
3381 4241 3508 4307 hoc,
3543 4261 3566 4294 ι

1985 4339 2178 4408 inquit,
2213 4355 2232 4390 ι
2261 4339 2380 4392 loco
2403 4343 2619 4390 nouare
2653 4335 2802 4406 quasi
2823 4343 3098 4388 auctorem
3141 4333 3412 4402 spondeo,
3459 4335 3560 4390 seti

1985 4428 2186 4500 aliquid
2215 4427 2280 4483 de
2305 4425 2553 4496 exemplo
2581 4425 2834 4494 coniicio.
2885 4423 3193 4478 [iubendam
3233 4423 3464 4478 dicimus
3491 4425 3562 4480 de

1987 4521 2276 4578 infantibus
2297 4517 2598 4576 istiusmodi
2621 4518 2906 4581 rationem,
2937 4517 3032 4586 qui
3057 4514 3420 4585 prmdeutittatt
3459 4513 3568 4570 Ba-

1985 4615 2204 4686 ptismo,
2255 4612 2377 4668 vitae
2427 4609 2707 4682 pmsentis
2734 4651 2748 4670 ,
2805 4618 3090 4680 antequam
3131 4615 3486 4664 renascantur
3503 4609 3564 4666 in

1983 4705 2220 4772 Ghristo,
2241 4703 2633 4775 prmveniuntur
2667 4700 2912 4757 occiduo.
2963 4699 3214 4770 Legimus
3242 4699 3407 4766 enim,
3443 4711 3464 4752 ι
3487 4699 3571 4756 lu-

1963 4841 1966 4846 .
1989 4795 2124 4870 quit,
2163 4817 2184 4852 ι
2209 4796 2278 4852 de
2301 4795 2496 4851 talibus
2509 4795 2766 4862 scriptum
2795 4811 2812 4848 :
2841 4793 3040 4863 Raptus
3059 4801 3136 4846 est
3153 4807 3218 4846 ne
3237 4789 3441 4846 Mitto
3459 4805 3575 4847 mtt-

1985 4899 2114 4948 taret
2139 4889 2276 4944 illius
2311 4886 2640 4952 intellectum,
2671 4892 2759 4938 aut
2787 4899 2852 4939 ne
2895 4884 3034 4954 ﬁctio
3057 4883 3312 4954 deciperet
3337 4883 3563 4938 animum

1989 4984 2118 5057 ejus.
2145 4980 2366 5050 Propter
2391 4978 2484 5032 hoc
2503 4977 2788 5050 properauit
2813 4977 2878 5031 de
2901 4975 3070 5030 medio
3113 4975 3398 5045 iniquitatis
3417 4974 3577 5030 “tum

1989 5075 2200 5130 educere
2225 5087 2246 5126 :
2275 5069 2462 5144 placita
2487 5069 2619 5124 enim
2665 5067 2776 5122 Dea
2817 5077 2925 5122 erat
2953 5067 3126 5122 citima
3153 5067 3264 5138 ejus
3289 5075 3406 5134 ;et,
3437 5067 3576 5121 Con-

1989 5174 2270 5223 summatur
2297 5163 2350 5216 in
2378 5161 2532 5228 breui,
2561 5161 2769 5230 repleuit
2791 5169 3024 5231 tempore
3053 5157 3214 5231 tango
3237 5159 3298 5228 ι(
3333 5156 3466 5228 ευρ.
3497 5165 3572 5224 tv,

1991 5261 2079 5326 tt,
2112 5258 2199 5322 ιι,
2225 5256 2292 5312 15
2323 5255 2362 5324 ).
2411 5254 2540 5322 Quis
2579 5253 2742 5309 istum
2787 5253 3102 5324 dedignatur
3135 5251 3337 5306 habere
3387 5248 3570 5304 docto-

1987 5357 2146 5411 rem?
2173 5355 2383 5426 Ergone
2408 5355 2632 5426 parvuli,
2663 5365 2799 5424 quos
2841 5352 3154 5424 plerumque
3177 5347 3363 5403 velut
3389 5345 3570 5401 homi-
3625 5345 3628 5348 ’

1991 5463 2092 5506 nes
2117 5447 2392 5518 baptizari,
2423 5457 2480 5503 et
2525 5446 2650 5502 dum
2697 5446 2948 5512 curritur,
2979 5451 3104 5498 ante
3151 5438 3480 5505 metiuntur,
3525 5435 3574 5495 δί

1995 5540 2394 5598 retardarentur
2423 5541 2475 5596 in
2493 5539 2588 5595 ista
2620 5537 2897 5612 paululum
2918 5535 3044 5600 vita,
3077 5541 3136 5618 ut
3165 5531 3414 5601 baptizati
3443 5543 3573 5586 con-

1999 5637 2144 5691 tinuo
2163 5644 2515 5701 morerentur,
2537 5634 2731 5688 malitia
2756 5636 2982 5686 mutaret
3000 5627 3321 5681 intellectum
3341 5623 3575 5694 illorum,

1997 5729 2052 5776 'et
2093 5723 2232 5776 fictio
2251 5721 2523 5792 deciperet
2545 5719 2776 5774 animam
2807 5727 3012 5780 eorum,
3039 5719 3095 5766 et
3117 5713 3186 5765 ne
3207 5709 3308 5764 hoc
3335 5708 3418 5764 eis
3441 5719 3576 5778 con-

1999 5813 2245 5886 tingeret,
2269 5813 2586 5868 subventum
2603 5809 2707 5865 illis
2733 5817 2834 5873 est,
2853 5815 2910 5864 ut
2926 5812 3051 5860 ante
3077 5813 3394 5875 raperentur
3413 5795 3575 5875 quasi

2003 5905 2396 5978 baptizarentur
2423 5901 2524 5958 “fin
2559 5902 2674 5972 ipso
2699 5911 2828 5968 ergo
2856 5893 3190 5964 Baptismate
3230 5901 3576 5952 mutarentur
