4012 6548
399 416 508 474 503

396 532 455 589 in
480 529 653 601 pejus,
681 525 966 582 etﬁctione
1016 520 1414 590 deciperentur,
1458 515 1502 568 si
1551 520 1672 583 post
1708 511 1984 582 Baptisma

409 631 744 695 raperentur.
785 616 831 672 Ο
859 611 1167 670 admiranda
1191 618 1350 680 atque
1379 607 1626 661 sectanda
1655 607 1668 637 ⁸
1693 605 1932 660 doctrina
1966 605 1980 658 ε

405 713 511 771 Sed
537 709 718 766 hocde
744 717 918 762 vestra
944 703 1243 775 prudentia,
1277 701 1364 771 qui
1397 698 1660 762 adfuistis,
1692 711 1813 751 cum
1850 695 1986 750 reci-

402 812 561 865 taret,
591 803 690 857 iste
725 797 1081 871 praesumpsit,
1124 803 1178 850 et
1228 794 1296 849 de
1321 802 1408 847 tua
1458 790 1690 854 maxime
1720 787 1786 842 ad
1827 801 1986 857 quem

404 895 637 966 scripsit,
667 902 721 948 et
748 891 835 946 cui
864 891 1114 946 recitatos
1140 886 1303 942 libros
1331 883 1566 950 tradidit,
1606 889 1664 936 ut
1693 879 1990 935 credituros

377 1002 498 1042 'vos
523 999 647 1042 esse
675 982 990 1047 confideret,
1017 980 1084 1036 de
1113 993 1218 1033 non
1248 975 1528 1047 baptizatis
1551 972 1840 1028 infantibus
1870 984 1989 1026 esse

400 1081 678 1152 scriptum,
736 1075 879 1148 quod
936 1074 1004 1131 de
1056 1072 1290 1128 omnium
1345 1075 1650 1125 sanctorum
1697 1063 1992 1120 immaturis

401 1174 647 1230 aetatibus
678 1171 931 1240 scriptum
959 1177 1058 1233 est,
1078 1182 1197 1222 cum
1224 1164 1419 1235 quibus
1439 1161 1577 1217 male
1617 1170 1791 1214 actum
1843 1157 1991 1212 stulti

347 1295 375 1358 τ,
399 1267 750 1329 arbitrantur,
781 1264 826 1319 si
849 1264 916 1318 de
934 1262 1034 1317 hac
1061 1261 1166 1314 vita
1202 1257 1454 1313 celeriter
1479 1256 1614 1324 rapti
1642 1253 1857 1316 fuerint,
1887 1265 1987 1304 nec

401 1359 469 1414 ad
491 1373 659 1413 annos
672 1370 803 1428 quos
820 1354 1066 1410 homines
1082 1366 1177 1422 pro
1200 1364 1392 1420 magno
1418 1347 1599 1401 divino
1627 1359 1847 1399 munere
1874 1341 1976 1396 sibi

365 1493 370 1526 ε
404 1458 677 1520 exoptant,
703 1447 982 1518 pervenire
996 1443 1286 1514 potuerint.
1311 1439 1480 1508 Quale
1496 1447 1579 1493 est
1595 1445 1771 1491 autem
1790 1433 1988 1500 dicere,

371 1532 376 1551 ³
410 1560 431 1594 ι
470 1541 699 1596 infantes
749 1537 1160 1610 praedestinatos
1187 1531 1480 1602 Baptismo,
1532 1529 1654 1582 vita:
1686 1525 1988 1596 praasentis,

403 1641 690 1702 antequam
710 1636 1055 1684 renascantur
1070 1625 1121 1679 in
1133 1623 1366 1688 Christo,
1386 1619 1609 1676 occiduo
1624 1616 1938 1688 pneveniri;
1969 1633 1987 1666 ι

402 1723 742 1792 velutaliqua
769 1721 846 1773 vis
873 1718 1122 1783 fortuna},
1146 1717 1258 1770 sive
1285 1713 1398 1775 fati.
1431 1714 1542 1768 sive
1571 1710 1856 1790 cujuslibet
1885 1708 1986 1771 rei,

404 1830 513 1870 non
536 1813 808 1884 permittat
835 1811 1002 1866 Deum
1029 1807 1172 1880 quod
1197 1803 1596 1878 prtedestinavit
1623 1799 1890 1872 implere?
1922 1799 1992 1853 Et

404 1907 674 1980 quomodo
700 1907 812 1976 ipse
838 1904 957 1958 illos
1009 1902 1170 1972 rapit,
1213 1900 1333 1970 quia
1385 1898 1704 1968 placuerunt
1733 1892 1856 1947 illi?
1905 1892 1987 1945 An

404 2014 501 2055 eos
529 2009 584 2055 et
608 1999 721 2068 ipse
751 1994 1094 2067 praedestinat
1134 1991 1411 2061 baptizari,
1452 1997 1506 2043 et
1531 1988 1648 2058 ipse
1671 1984 1813 2057 quod
1860 1998 1998 2054 prae-

406 2089 710 2153 destinavit,
741 2105 845 2142 non
877 2086 1002 2141 sinit
1033 2085 1147 2140 fieri
1173 2084 1196 2137 ?

476 2181 704 2238 CAPUT
734 2179 802 2236 X.
833 2210 906 2228 —-.
934 2179 1021 2232 14.
1050 2176 1152 2232 Sed
1184 2174 1400 2230 attende
1420 2171 1545 2243 qttid
1571 2170 1747 2225 adhuc
1776 2167 1993 2234 audeat,

407 2275 496 2330 cui
532 2273 780 2342 displicet
821 2271 874 2325 in
907 2278 1049 2324 tanta
1095 2268 1254 2337 hujus
1300 2263 1658 2336 profunditate
1685 2259 1998 2332 quaestionis

407 2367 618 2423 cautior
643 2380 801 2436 quam
834 2362 1090 2417 scientior
1117 2368 1302 2415 nostra
1328 2355 1618 2413 cunctatio.
1654 2373 1673 2406 ι
1705 2353 1889 2408 Ausim
1917 2349 2002 2405 di-

408 2473 555 2523 cere,
578 2475 597 2509 ι
621 2456 804 2526 inquit,
828 2473 846 2506 ι
868 2455 1000 2510 istos
1016 2454 1298 2524 pervenire
1317 2465 1472 2521 posse
1486 2448 1551 2503 ad
1569 2447 1906 2518 originalium
1921 2446 2001 2498 in-

407 2548 736 2619 dulgentiam
755 2554 1113 2617 peccatorum,
1130 2559 1233 2597 non
1255 2551 1429 2596 tamen
1445 2549 1499 2593 ut
1515 2539 1734 2595 cceleste
1752 2536 2002 2591 inducan-

408 2649 498 2695 tur
525 2641 574 2694 in
595 2653 817 2710 regnum
837 2653 854 2692 :
873 2636 1028 2692 sicuti
1050 2635 1239 2690 latroni
1262 2633 1510 2689 confesso
1524 2631 1759 2701 quidem,
1780 2629 1873 2683 sed
1893 2642 1998 2682 non

409 2732 698 2802 baptizato,
731 2729 985 2785 Dominus
1010 2743 1113 2783 non
1134 2727 1392 2783 caelorum
1422 2739 1644 2796 regnum
1681 2722 1879 2788 tribuit,
1907 2720 2000 2774 sed

408 2825 715 2895 paradisum
753 2821 901 2895 (Luc.
928 2838 1076 2887 xxiii,
1103 2822 1227 2890 45);
1253 2835 1371 2873 cum
1396 2818 1580 2887 utique
1601 2816 1710 2886 jam
1739 2822 2000 2878 maneret,

415 2916 515 2983 Qui
527 2933 626 2970 non
638 2925 838 2969 renatus
855 2914 1006 2984 fuerit
1018 2929 1079 2966 ex
1094 2929 1223 2982 aqua
1240 2921 1284 2964 et
1303 2910 1502 2982 Spiritu
1520 2916 1714 2974 sancto,
1729 2922 1828 2958 non
1844 2905 2006 2958 intra-

411 3011 482 3066 bit
501 3012 555 3064 in
571 3025 777 3080 regnum
796 3007 1035 3061 caelorum
1053 3004 1228 3075 (Joan.
1251 3001 1422 3070 111,5).
1445 3000 1717 3067 Przecipue
1729 2997 1850 3067 quia
1870 2995 2007 3051 mul-

412 3110 496 3156 tas
522 3115 641 3156 esse
663 3099 965 3152 mansiones
992 3095 1130 3165 apud
1160 3095 1370 3150 Patrem
1395 3108 1548 3147 suum
1571 3090 1824 3144 Dominus
1845 3087 2008 3158 profi-

413 3200 576 3256 tetur,
607 3189 661 3244 in
690 3188 879 3259 quibus
913 3187 1258 3256 designantur
1300 3185 1487 3238 merita
1524 3181 1685 3236 multa
1716 3189 1770 3235 et
1795 3179 2007 3235 diversa

411 3296 725 3338 mansurum
743 3298 754 3333 :
773 3289 828 3334 ut
841 3279 928 3334 hic
941 3295 1043 3334 non
1059 3279 1119 3332 ba
1129 3277 1352 3346 ptizatus
1367 3274 1686 3345 perducatur
1696 3271 1761 3326 ad
1774 3271 2005 3337 veniam,

419 3373 716 3444 baptizatus
742 3372 808 3426 ad
838 3371 1088 3441 palmam,
1121 3385 1240 3440 quae
1268 3377 1350 3423 est
1378 3374 1558 3438 parata
1591 3380 1687 3436 per
1710 3363 1954 3434 gratiam.
1980 3380 2001 3415 ι

417 3465 604 3521 Cernis
620 3463 1218 3534 hominem.paradisnm
1232 3472 1390 3532 atque
1407 3460 1709 3514 mansiones
1723 3459 1742 3488 ¹
1757 3472 1873 3526 qua:
1886 3465 2010 3511 sunt

417 3559 557 3628 apud
584 3559 816 3620 Patrem,
834 3574 863 3611 a
887 3571 1051 3627 regno
1074 3568 1322 3626 separare
1345 3553 1626 3617 caelorum,
1645 3560 1702 3604 ut
1722 3550 1882 3605 etiam
1901 3565 2006 3602 non

416 3652 700 3722 baptizatis
730 3650 1004 3705 abundent
1047 3650 1160 3702 loca
1200 3647 1539 3721 sempiterna:
1571 3643 1858 3698 felicitatis.
1900 3642 2010 3698 Nec

418 3744 584 3804 videt,
614 3759 733 3797 eum
765 3745 865 3796 ista
892 3741 1040 3806 dicit,
1080 3741 1151 3794 ita
1175 3755 1234 3794 se
1263 3739 1405 3793 nolle
1436 3737 1683 3808 baptizati
1714 3735 2008 3806 cujnspiam

420 3837 629 3910 parvuli
677 3837 1006 3889 mansionem
1052 3849 1082 3887 a
1129 3832 1387 3888 caelorum
1437 3845 1602 3901 regno
1638 3843 1907 3900 separare,
1955 3835 2014 3882 ιιι

422 3930 596 4000 ipsam
629 3927 720 3982 Dei
747 3928 919 3982 Patris
941 3926 1180 3988 domum,
1210 3925 1293 3979 vel
1315 3924 1520 3993 aliquas
1546 3929 1722 3992 partes
1746 3924 1861 3990 ejus
1887 3919 2012 3976 inde

422 4035 676 4090 separare
706 4034 809 4072 non
841 4019 1044 4072 timeat.
1075 4016 1259 4086 Neque
1288 4015 1428 4070 enim
1463 4013 1717 4087 Dominus
1745 4012 1922 4078 Jesus,
1957 4011 2010 4066 In

425 4110 778 4166 universitate
817 4118 1099 4173 creaturae,
1151 4107 1235 4161 vel
1277 4106 1330 4160 in
1381 4105 1615 4174 qualibet
1657 4103 2016 4158 universitatis

425 4211 613 4275 parte;
666 4203 782 4270 sed,
829 4200 896 4255 In
948 4201 1097 4254 domo
1137 4199 1314 4253 Patris
1360 4199 1476 4262 mei,
1530 4196 1681 4261 dixit,
1729 4197 2014 4250 mansiones

427 4297 603 4351 multa:
632 4304 747 4349 sunt
782 4293 892 4366 (Id.
923 4309 1035 4359 xw,
1079 4293 1158 4363 2).
1210 4290 1490 4359 Quomodo
1524 4305 1651 4360 ergo
1680 4290 1782 4345 erit
1824 4289 1875 4343 in
1921 4288 2015 4344 Dei

424 4386 603 4444 Patris
625 4385 786 4441 domo
813 4399 918 4439 non
950 4384 1248 4454 baptizatus
1268 4423 1281 4446 ,
1320 4396 1441 4437 cum
1473 4381 1638 4435 Deum
1679 4389 1888 4451 patrem
1915 4381 2014 4433 ha-

424 4478 555 4535 bere
579 4493 687 4534 non
712 4479 886 4548 possit
924 4476 1023 4533 nisi
1063 4474 1314 4530 renatus?
1342 4472 1458 4528 Non
1498 4472 1567 4526 sit
1600 4472 1840 4542 ingratus
1881 4471 2013 4538 Deo,

425 4570 518 4641 qui
538 4585 658 4625 eum
691 4569 937 4639 dignatus
965 4574 1048 4622 est
1084 4582 1114 4620 a
1157 4565 1553 4619 Donatistarum
1589 4562 1673 4617 vel
1711 4562 2015 4632 Rogatista-

429 4675 549 4716 rum
580 4659 839 4715 divisione
869 4659 1120 4722 liberare,
1165 4665 1223 4711 ut
1262 4655 1432 4725 ipsam
1461 4654 1677 4708 domum
1719 4653 1815 4708 Dei
1843 4653 2018 4707 Patris

429 4763 637 4825 quaerat
673 4750 942 4817 dividere,
986 4757 1041 4804 et
1080 4749 1310 4818 aliquam
1349 4746 1463 4814 ejus
1507 4756 1711 4816 partem
1748 4753 1896 4799 extra
1933 4758 2021 4800 re-

431 4861 595 4919 gnum
625 4845 884 4901 calorum
905 4856 1122 4912 ponere,
1153 4840 1242 4895 ubi
1275 4854 1380 4894 non
1410 4836 1659 4906 baptizati
1678 4835 1890 4890 valeant
1918 4834 2018 4889 ha-

425 4940 620 4996 bitare.
670 4937 738 4992 Et
760 4951 865 5006 quo
889 4941 1042 5004 pacto
1071 4933 1187 5002 ipse
1215 4946 1439 5002 regnum
1471 4929 1730 4984 caelorum
1762 4942 1821 4982 se
1848 4927 2017 4981 intra-

425 5042 607 5088 turum
654 5043 775 5084 esse
815 5025 1112 5098 prtesumit,
1154 5023 1220 5078 de
1260 5037 1368 5092 quo
1394 5035 1560 5091 regno
1599 5020 1650 5074 in
1691 5027 1882 5089 quanta
1910 5017 2024 5072 vult

433 5129 587 5194 parte
629 5120 846 5176 domum
889 5117 1054 5187 ipsius
1098 5115 1240 5186 regis
1282 5113 1559 5168 excludit?
1590 5111 1694 5167 Sed
1723 5111 1790 5166 de
1815 5110 2021 5164 latrone

426 5214 544 5279 illo,
577 5213 666 5284 qui
692 5212 849 5282 juxta
877 5209 1159 5264 Dominum
1183 5205 1468 5261 cruciﬁxus
1495 5204 1728 5274 speravit
1754 5204 1806 5257 in
1842 5203 2020 5256 Domi-

427 5323 558 5364 nunt
587 5308 748 5361 etiam
779 5302 1114 5368 cruciﬁxum,
1143 5309 1199 5356 et
1222 5300 1290 5355 de
1319 5301 1482 5354 fratre
1511 5309 1714 5353 sanctae
1739 5296 2020 5366 Perpetua:

430 5401 717 5456 Dinocrate
743 5403 1165 5468 argumentatur,
1205 5391 1346 5462 quod
1385 5391 1543 5446 etiam
1586 5403 1690 5443 non
1735 5387 2015 5458 baptizatis

433 5495 550 5551 dari
595 5493 764 5564 possit
806 5491 1135 5560 indulgentia
1181 5494 1519 5556 peccatorum
1563 5491 1618 5537 et
1659 5481 1814 5536 sedes
1841 5479 2017 5550 aliqua

495 5636 513 5667 ι
548 5635 631 5684 Hic
652 5628 868 5682 nonnulli
907 5634 1016 5678 Mss.
1043 5625 1242 5684 addunt,
1265 5621 1362 5674 imo
1384 5633 1494 5672 vero
1517 5617 1799 5670 detestanda
1812 5621 1859 5666 et
1880 5627 2022 5666 exse-

641 5694 653 5726 1

641 5697 653 5726 1

431 5697 663 5806 "inﬁgi.
686 5771 698 5804 :
720 5753 886 5805 Cernis
907 5749 1146 5802 hominem
1165 5760 1248 5799 eas
1266 5743 1552 5796 mansiones.
1578 5750 1679 5792 Am.
1707 5749 1759 5791 et
1775 5747 1883 5789 tua:
1909 5749 2024 5791 (‘er-

433 5820 510 5872 m's
529 5818 767 5870 hominem
790 5828 925 5876 wque
944 5811 1211 5876 numsiones
1241 5823 1258 5859 :
1293 5817 1343 5857 et
1365 5807 1591 5876 omittunt
1614 5806 1833 5876 verbum,
1875 5815 2024 5867 para-

433 5870 618 5941 elisum;
640 5881 768 5942 quod
797 5870 959 5927 tamen
998 5876 1100 5942 hic.
1122 5873 1342 5942 adiuncta
1366 5870 1626 5930 ιθνιίθυιεν
1648 5873 1818 5930 ατσυεν
1843 5877 2027 5928 νείκε’

433 5935 629 5998 scatent
649 5935 873 6005 plerique
897 5947 950 5990 et
971 5935 1272 5999 antiquiores
1292 5941 1394 5982 mss.

1293 402 1381 458 DE
1421 397 1630 456 ANIMA
1673 397 1759 453 ET
1798 393 1963 452 ΕΙυὸ
2000 389 2303 458 ORIGINE,
2343 386 2399 446 S.
2443 386 2809 445 AUGUSTINI

3582 389 3702 446 5οι

2104 528 2378 583 beatorum
2411 545 2424 580 :
2453 524 2602 596 quasi
2641 525 2941 596 quisquam,
2984 522 3071 579 cui
3116 539 3223 581 non
3266 524 3486 582 credere
3532 525 3699 582 nefas

2099 627 2261 684 esset,
2290 617 2413 672 huic
2441 617 2748 671 indicaverit
2777 614 2919 686 quod
2943 630 3046 670 non
3074 615 3272 671 fuerint
3302 616 3576 686 baptizati.
3614 618 3698 672 De

2099 711 2291 780 quibus
2330 718 2505 763 tamen
2552 709 2604 763 in
2647 723 2713 763 eo
2752 707 2910 773 libro,
2941 722 3096 778 quem
3137 707 3327 778 scripsi
3369 707 3436 762 ad
3465 709 3697 764 fratrem

2099 810 2339 857 nostrum
2387 799 2672 866 Renatum,
2708 799 2916 869 plenius
2953 798 3077 869 quid
3111 798 3241 853 mihi
3282 798 3556 855 videretur
3586 815 3694 856 ex-

2103 893 2255 963 posui
2285 891 2483 964 (Supra
2504 933 2518 956 ,
2547 890 2634 945 lib.
2665 891 2719 957 1,
2751 907 2840 943 nn.
2870 890 2958 957 ll,
2992 889 3081 959 12)
3121 908 3134 944 :
3167 889 3308 960 quod
3339 899 3427 945 tua
3467 891 3701 946 Dilectio

2099 986 2300 1056 poterit
2327 997 2520 1046 nosse,
2552 981 2598 1036 si
2636 995 2742 1035 non
2777 981 3041 1050 Spreveris
3084 979 3294 1051 legere;
3325 995 3447 1035 nam
3482 981 3574 1037 ille
3594 996 3702 1053 pe-

2099 1077 2232 1132 tenti
2261 1091 2366 1130 non
2399 1075 2592 1146 poterit
2618 1073 2906 1143 denegare.

2171 1167 2397 1224 CAPUT
2423 1165 2516 1222 Xl.
2546 1196 2621 1208 -
2645 1166 2732 1221 15.
2763 1164 2979 1220 Estuat
3005 1173 3178 1220 tamen
3210 1165 3332 1230 iste,
3366 1174 3524 1236 atque
3551 1164 3703 1222 hor-

2101 1261 2283 1317 rendis
2334 1260 2622 1315 suffocatur
2648 1259 2927 1330 angustiis.
2975 1259 3244 1314 Attentius
3280 1259 3423 1313 enim
3463 1259 3704 1316 fortasse

2100 1369 2258 1425 quam
2302 1363 2355 1408 tu
2387 1353 2512 1424 quid
2544 1353 2667 1408 mali
2698 1352 2841 1406 dicat
2865 1351 3110 1416 attendit,
3142 1361 3336 1422 praeter
3357 1351 3558 1408 Christi
3584 1355 3702 1410 sci-

2101 1446 2226 1501 licet
2252 1445 2577 1514 Baptismum
2605 1443 2740 1498 solvi
2763 1444 2816 1497 in
2841 1443 3072 1512 parvulis
3097 1443 3357 1513 originale
3379 1452 3693 1514 peccatum.

2103 1538 2360 1608 Denique,
2389 1546 2446 1590 ut
2473 1537 2809 1607 aliquatenus
2837 1535 2889 1590 in
2918 1536 3017 1590 hac
3045 1549 3209 1589 causa
3229 1535 3316 1590 vel
3341 1550 3465 1590 sero
3492 1535 3562 1590 ad
3592 1534 3707 1591 Ec-

2101 1629 2278 1684 clesiae
2321 1628 2663 1684 Sacramenta
2702 1625 2992 1698 confugiat,
3044 1644 3062 1677 ι
3093 1626 3198 1680 Pro
3242 1625 3325 1680 his
3355 1641 3506 1694 sane,
3545 1645 3564 1679 ι
3617 1627 3706 1682 in-

2103 1719 2238 1790 quit,
2271 1737 2291 1771 ι
2324 1718 2623 1774 oblationes
2651 1716 2913 1783 assiduas,
2951 1725 3006 1770 et
3043 1714 3315 1770 offerenda
3337 1715 3535 1787 iugiter
3568 1732 3704 1772 san-

2103 1821 2308 1867 ctorum
2335 1825 2531 1866 censeo
2557 1808 2814 1864 sacrificia
2837 1806 3196 1863 sacerdotum.
3227 1827 3248 1861 ι
3274 1807 3480 1863 l-labeto
3507 1812 3702 1877 istum,

2082 1904 2147 1959 .si
2198 1903 2391 1973 placet,
2440 1901 2601 1957 etiam
2631 1915 2935 1964 censorem,
2983 1901 3028 1954 si
3070 1915 3257 1971 parum
3301 1900 3474 1956 fuerat
3498 1900 3704 1957 habere

2104 1994 2400 2060 doctorem,
2445 2001 2503 2048 ut
2540 1992 2858 2047 sacrificium
2903 1992 3144 2061 corporis
3182 1990 3381 2046 Christi
3411 1991 3572 2046 etiam
3603 2009 3704 2061 pro

2104 2084 2190 2140 his
2227 2083 2442 2150 offeras,
2490 2086 2576 2153 qui
2623 2082 2837 2138 Christo
2873 2097 2979 2138 non
3021 2092 3144 2137 sunt
3188 2082 3532 2155 incorporati.
3564 2083 3704 2139 Rem

2105 2176 2302 2247 quippe
2333 2185 2440 2229 tant
2482 2191 2696 2238 novam,
2739 2183 2899 2244 atque
2946 2189 2976 2228 a
3021 2175 3300 2245 disciplina
3339 2176 3705 2232 ecclesiastica

2107 2275 2162 2321 et
2187 2281 2217 2319 a
2244 2266 2423 2336 regula
2450 2265 2691 2320 veritatis
2720 2265 2971 2328 alienam,
2999 2279 3122 2320 cum
3153 2265 3307 2321 libris
3336 2267 3448 2321 suis
3476 2266 3705 2323 auderet

2107 2356 2366 2424 inserere,
2394 2371 2500 2411 non
2527 2357 2628 2419 ait,
2659 2356 2831 2421 Puto;
2864 2372 2971 2411 non
3001 2357 3097 2424 ait,
3126 2357 3417 2424 Existimo;
3449 2374 3557 2414 non
3592 2361 3693 2427 ait,

2109 2446 2385 2512 Arbitror;
2427 2461 2532 2501 non
2571 2447 2647 2500 ait
2685 2446 2896 2514 saltem,
2931 2446 3191 2518 Suggero,
3234 2448 3341 2516 vel,
3375 2449 3533 2513 Dico;
3578 2451 3707 2518 sed,

2114 2557 2133 2591 ι
2169 2553 2402 2596 censeo:
2433 2557 2452 2590 ι
2503 2547 2560 2593 ιιι
2585 2539 2790 2593 scilicet
2831 2540 2878 2594 si
2917 2539 3319 2596 offenderemur
3345 2541 3576 2598 novitate
3602 2558 3710 2599 seu

2111 2632 2472 2702 perversitate
2515 2632 2798 2688 sententiae
2821 2671 2837 2697 ,
2883 2640 3209 2689 terreremur
3231 2635 3548 2692 auctoritate
3573 2650 3676 2692 cen
3693 2667 3711 2680 -

2109 2741 2268 2780 surze.
2301 2723 2513 2780 Videris
2552 2733 2642 2791 tu,
2686 2723 2871 2792 frater,
2911 2725 3180 2795 quomodo
3222 2727 3487 2782 sustinere
3529 2729 3710 2799 possis

2109 2817 2268 2872 istum
2302 2817 2318 2848 ί
2347 2815 2628 2871 docentem
2669 2832 2685 2871 :
2726 2815 2987 2871 Catholici
3027 2824 3204 2872 tamen
3248 2817 3340 2889 qui
3383 2833 3570 2874 sanum
3613 2835 3709 2874 sa-

2112 2911 2264 2982 piunt
2290 2910 2617 2975 sacerdotes,
2666 2909 2860 2980 quibus
2884 2917 2940 2964 et
2980 2917 3030 2965 te
3059 2919 3270 2980 oportet
3299 2911 3535 2982 adjungi,
3565 2913 3712 2968 absit

2111 3011 2172 3056 ut
2198 3002 2539 3072 acquiescant
2567 3000 2730 3055 istum
2756 2999 2942 3056 audire
2967 3011 3301 3070 censentem,
3329 3019 3487 3073 quem
3529 3006 3712 3072 potius

2112 3103 2300 3164 optant
2327 3094 2733 3164 resipiscentem
2762 3107 2824 3148 ac
2850 3093 3146 3159 dolentem,
3192 3102 3248 3149 et
3270 3095 3412 3165 quod
3451 3096 3551 3151 ista
3582 3113 3713 3154 sen-

2113 3185 2264 3250 serit,
2297 3184 2407 3239 imo
2437 3198 2570 3239 vero
2595 3185 2756 3239 etiam
2787 3183 3086 3256 scripserit,
3111 3187 3445 3243 correctione
3466 3188 3714 3246 saluber-

2113 3277 2246 3332 rima
2293 3277 2663 3346 pcenitentem.
2715 3292 2736 3328 ‹
2770 3274 2878 3332 Sed
2923 3276 3048 3342 hoc,
3086 3295 3106 3329 ι
3156 3277 3346 3348 inquit,
3395 3297 3415 3331 ι
3460 3282 3714 3352 exemplo

2112 3370 2540 3427 Macbabaaorum
2562 3369 2614 3423 in
2634 3368 2818 3440 ιιι-ωηο
2837 3367 3142 3424 cadentium
3166 3378 3350 3425 astruo
3379 3369 3714 3442 faciendum,

2114 3465 2203 3535 qui
2252 3479 2373 3519 cum
2422 3462 2604 3518 furtim
2649 3462 2716 3518 ile
2753 3461 3051 3518 interdictis
3080 3462 3354 3519 auferrent
3379 3466 3424 3531 ',
3465 3474 3628 3536 atque
3655 3468 3715 3523 in

2115 3557 2233 3625 ipso
2275 3554 2566 3609 certamine
2614 3552 2954 3620 cecidissent,
3003 3568 3032 3606 a
3087 3553 3474 3622 sacerdotibus,
3533 3574 3553 3609 ι
3611 3559 3714 3626 ait,

2122 3665 2142 3698 ι
2181 3644 2480 3700 invenimus
2507 3644 2610 3699 hoc
2651 3643 2838 3698 initum
2867 3644 3150 3700 consilium
3179 3643 3366 3712 fuisse,
3399 3655 3457 3701 ut
3481 3662 3715 3717 quorum

2117 3738 2324 3792 animas
2359 3753 2427 3793 ex
2473 3737 2639 3792 vetito
2668 3746 2847 3792 reatus
2887 3737 3272 3805 obstrinxerat,
3323 3740 3724 3797 sacrificiorum.

2117 3829 2315 3885 oblatio
2354 3839 2626 3900 repararet
2657 3849 2679 3883 ι
2719 3831 2787 3900 (ll
2820 3830 3058 3886 Machab.
3096 3848 3190 3900 xit,
3217 3833 3428 3905 3946).
3456 3835 3531 3888 lta
3569 3835 3720 3891 istud

2119 3923 2268 3991 dicit,
2310 3923 2464 3994 quasi
2504 3938 2604 3995 pro
2643 3923 3029 3980 incircumcisis
3071 3925 3158 3980 illa
3189 3926 3365 3981 oblata
3405 3928 3596 3998 legerit
3621 3943 3719 3984 sa-

2119 4013 2317 4068 crificia
2341 4055 2356 4080 ,
2385 4013 2520 4069 sicut
2551 4014 2666 4070 haec
2696 4025 2878 4070 nostra
2917 4031 3013 4086 pro
3044 4033 3150 4072 non
3183 4018 3462 4088 baptizatis
3502 4022 3721 4076 censuit

2120 4105 2411 4162 offerenda.
2439 4105 2787 4163 Circumcisio
2815 4110 3014 4180 quippe
3043 4109 3140 4166 fuit
3171 4111 3312 4168 illius
3341 4115 3598 4184 temporis
3620 4130 3720 4170 sa-

2122 4208 2478 4267 cramentum,
2511 4200 2653 4272 quod
2696 4202 3072 4273 praefigurabat
3112 4206 3282 4261 nostri
3327 4207 3582 4277 temporis
3612 4207 3722 4264 Ba-

2121 4291 2400 4361 ptismum.

2194 4382 2422 4440 CAPUT
2448 4382 2568 4440 Xll.
2603 4414 2669 4425 —
2693 4384 2782 4440 16.
2821 4384 3204 4444 Verumtamen
3230 4388 3330 4444 iste
3374 4389 3427 4445 in
3451 4390 3535 4445 sui
3561 4405 3724 4447 eom-

2125 4477 2405 4547 paratione
2433 4478 2606 4547 qualis
2634 4478 2899 4548 posterius
2934 4483 3198 4550 apparuit.
3241 4483 3569 4539 tolerabilius
3617 4485 3718 4540 ad-

2125 4567 2232 4622 huc
2255 4575 2422 4622 errat.
2464 4567 2596 4622 Nam
2623 4569 2767 4624 velut
2794 4570 3100 4638 paenituerit
3125 4586 3248 4627 eum
3274 4571 3419 4645 (non
3445 4573 3588 4644 quod
3619 4575 3720 4632 de-

2125 4659 2242 4714 buit
2267 4660 2550 4729 paenitere,
2580 4659 2630 4714 id
2659 4671 2757 4727 est,
2787 4662 2930 4732 quod
2958 4678 3117 4720 ausus
3146 4664 3302 4720 fuerit
3335 4681 3582 4724 asserere
3612 4685 3723 4726 non

2127 4751 2408 4821 baptizatis
2448 4752 2679 4807 relaxari
2719 4754 2976 4825 originale
3018 4765 3317 4826 peccatum,
3349 4767 3508 4828 atque.
3539 4760 3724 4815 indul-

2126 4844 2358 4914 gentiam
2395 4843 2510 4899 dari
2537 4846 2776 4900 omnium
2820 4857 3178 4916 peccatorum,
3213 4859 3270 4903 ut
3295 4849 3347 4905 in
3387 4850 3762 4921 paradisum"

2129 4933 2233 4991 hoc
2257 4945 2359 5004 est,
2402 4937 2575 4992 locum
2609 4946 2768 4994 tantae
2797 4937 3065 4997 felicitatis
3091 4943 3388 5010 mittantur,
3435 4952 3490 4999 et
3529 4945 3723 5000 beatas

2128 5028 2434 5084 mansiones
2477 5029 2529 5084 in
2573 5029 2734 5085 domo
2763 5031 2933 5086 Patris
2961 5033 3158 5088 habere
3188 5034 3572 5104 mereantur);
3622 5038 3720 5091 sed

2129 5120 2259 5175 illud
2290 5137 2412 5176 eum
2447 5122 2623 5192 potius
2651 5123 2988 5191 pmnituerit,
3018 5123 3160 5194 quod
3189 5124 3268 5179 eis
3294 5126 3519 5180 minoris
3549 5126 3720 5181 beati-

2130 5213 2326 5268 tudinis
2354 5222 2502 5268 extra
2523 5230 2747 5286 regnum
2775 5215 3033 5271 caelorum
3051 5217 3378 5271 concesserit
3404 5216 3597 5284 sedes;
3629 5218 3729 5273 ad-

2123 5304 2321 5376 junxit,
2353 5315 2512 5377 atque
2539 5307 2613 5361 ait
2652 5323 2665 5359 :
2700 5325 2718 5358 ι
2748 5305 2851 5362 Aut
2879 5308 2922 5362 si
2955 5307 3092 5364 forte
3117 5307 3380 5379 quispiam
3409 5310 3722 5374 relucletnr,

2129 5399 2348 5455 latronis
2368 5401 2560 5454 animze
2582 5400 2663 5456 vel
2695 5400 2991 5454 Dinocratis
3017 5400 3232 5456 interim
3261 5402 3583 5471 temporarie
3601 5404 3721 5458 cnl-

2129 5491 2292 5546 latnm
2323 5491 2656 5562 paradisum;
2703 5507 2823 5546 natu
2869 5506 3153 5561 superesse
3186 5493 3288 5548 illis
3315 5493 3492 5550 adhuc
3533 5495 3586 5550 in
3627 5512 3719 5550 reo

2129 5586 2460 5639 surrectione
2508 5585 2783 5654 praemium
2843 5585 2993 5655 regni
3036 5587 3295 5642 caelorum
3351 5604 3364 5642 :
3417 5602 3724 5658 quanquam

2196 5683 2212 5710 ³
2250 5678 2323 5727 Sic
2344 5683 2451 5728 Mss.
2478 5684 2533 5726 At
2555 5678 2689 5736 editi,
2717 5680 2827 5729 ista.

2193 5741 2214 5771 ³
2248 5747 2320 5812 Ita_
2337 5741 2592 5812 scribimus
2611 5753 2679 5812 _e_x_
2693 5740 2997 5812 editionibus
3017 5747 3092 5812 fit}
3117 5740 3265 5812 Lugd.
3285 5749 3419 5812 .ven.
3448 5748 3517 5812 ει·
3527 5753 3591 5790 ex
3617 5743 3729 5812 ipso

2133 5813 2282 5850 sensu
2309 5801 2398 5849 loci
2440 5803 2590 5861 citati,
2612 5807 2643 5850 It
2669 5804 2875 5852 Machab.
2902 5817 2998 5863 xu,
3025 5803 3105 5852 40.
3128 5801 3208 5853 sic
3231 5805 3378 5854 etiam
3409 5805 3726 5855 scribentium

2137 5863 2528 5976 ﬁgasetuatorel,
2562 5865 2798 5918 metuent.
2841 5866 3000 5916 critic.
3027 5902 3042 5928 ,
3088 5879 3200 5934 pag.
3226 5867 3336 5917 514.
3373 5873 3532 5930 tnB.,
3577 5868 3729 5931 alier-

2133 5939 2256 5977 rem.
2323 5939 2378 5975 ιιι.
