4012 6470
225 403 326 463 ωδ

226 517 488 578 sententia
522 516 614 573 illa
639 509 948 588 principalis
970 507 1225 572 obsistat,
1254 503 1388 573 Quia
1417 500 1504 571 qui
1530 515 1631 554 non
1662 511 1813 552 rena-

231 623 308 667 tus
331 610 488 680 fuerit
509 625 576 664 α
598 623 733 679 aqua
763 613 811 660 et
837 602 1038 672 Spiritu
1066 607 1261 662 sancto,
1295 611 1397 649 non
1426 590 1631 646 intrabit
1657 589 1708 642 in
1737 603 1817 641 re-

225 719 372 776 gnum
387 701 672 756 actorum:
697 707 872 752 tamen
891 699 1069 750 teneat
1092 690 1252 746 etiam
1275 700 1450 740 meum
1470 684 1520 737 in
1543 682 1644 737 hac
1667 686 1817 752 parte

225 773 325 850 non
370 791 667 848 invidentis
695 800 996 851 assensum,
1041 779 1202 836 modo
1241 773 1628 834 misericordia:
1677 784 1817 841 prte-

226 887 572 954 scientiaequc
587 881 784 938 divinae
799 887 853 934 et
868 876 1118 934 effectum
1135 865 1768 940 amplificetetalfectum.
1791 880 1812 915 ι

227 980 346 1037 Haec
367 976 534 1032 verba
561 975 616 1029 in
639 969 876 1028 secundo
898 968 1014 1038 ejus
1035 965 1172 1021 libro
1193 963 1332 1019 lecta
1353 957 1632 1027 descripsi.
1657 955 1820 1010 Num-

224 1069 344 1143 quid
361 1069 416 1123 in
437 1067 540 1121 hac
558 1079 719 1121 causa
740 1061 938 1118 erroris
957 1057 1254 1122 audaciam,
1279 1051 1657 1113 temeritatem,
1681 1062 1820 1117 prte-

226 1139 582 1230 sumptionem
617 1155 814 1211 habere
833 1151 1094 1223 quispiam
1115 1155 1300 1218 posset
1319 1139 1670 1214 ampliorem?
1700 1139 1818 1210 Ipse

225 1249 546 1307 sententiam
586 1245 908 1302 dominicam
957 1238 1290 1302 recordatur,
1331 1236 1446 1306 ipse
1487 1243 1817 1288 commemo-

225 1353 340 1409 rat,
388 1343 506 1414 ipse
539 1340 650 1396 suis
689 1335 878 1393 litteris
916 1332 1223 1404 interponit,
1257 1331 1370 1400 ipse
1409 1326 1555 1391 dicit,
1595 1343 1614 1377 ‹
1650 1338 1820 1395 quan-

226 1451 378 1509 quam
409 1433 676 1490 sententia
701 1431 787 1486 illa
812 1425 1120 1500 principalis
1147 1424 1394 1488 obsistat,
1427 1418 1560 1488 Quia
1595 1417 1679 1486 qui
1711 1432 1817 1470 non

226 1508 425 1586 renatus
453 1526 609 1597 fuerit
633 1540 697 1579 ex
719 1539 850 1593 aqua
873 1529 921 1574 et
949 1517 1150 1588 Spiritu
1170 1523 1367 1579 sancto,
1395 1528 1496 1567 non
1531 1508 1737 1566 intrabit
1764 1508 1818 1562 in

227 1637 434 1694 regnum
463 1619 743 1682 caelorum;
776 1633 796 1668 ι
845 1623 900 1669 et
925 1610 1087 1667 audet
1114 1619 1290 1664 tamen
1319 1621 1428 1661 suae
1467 1618 1708 1660 censura:
1743 1601 1820 1657 le—

227 1693 348 1769 vare
375 1712 646 1768 cervicem
671 1715 860 1763 contra
887 1702 1207 1760 sententiam
1235 1697 1619 1770 principalem!
1653 1712 1672 1746 ι
1709 1693 1816 1750 Te-

229 1814 364 1871 neat,
411 1823 434 1857 ι
464 1801 658 1873 inquit,
693 1819 712 1851 ‹
747 1798 908 1854 etiam
944 1809 1123 1852 meum
1166 1806 1273 1846 non
1319 1788 1606 1844 invidentis
1632 1799 1818 1841 assen-

227 1913 338 1952 sum
372 1914 386 1950 :
431 1914 451 1947 ι
481 1894 574 1966 qui
603 1891 734 1948 dicit
762 1890 966 1944 animas
996 1901 1102 1941 non
1130 1882 1516 1953 haptizatorum
1547 1889 1818 1947 tempora-

229 1992 304 2046 rie
352 1987 553 2044 mereri
592 1983 926 2056 paradisum;
972 1987 1191 2051 propter
1229 1977 1326 2031 has
1353 1974 1518 2040 enim,
1559 1972 1818 2027 latronem

231 2090 383 2152 atque
412 2079 775 2140 Dinocratem,
798 2081 1048 2144 tanquam
1081 2065 1500 2140 praescribendo,
1529 2064 1612 2120 vel
1643 2061 1823 2133 potius

233 2169 630 2245 prtejudicando
657 2171 1044 2222 commemorat
1072 2180 1087 2217 :
1120 2162 1172 2216 in
1211 2159 1603 2216 resurrectione
1642 2164 1820 2210 autem

232 2268 282 2322 in
323 2264 554 2320 meliora
599 2257 880 2316 transferri
937 2265 992 2312 et
1041 2255 1191 2324 regni
1237 2253 1497 2309 calorum
1546 2247 1823 2318 percipere

233 2356 548 2428 praemium:
584 2371 604 2405 ι
637 2363 942 2423 quanquam
964 2346 1249 2411 sententia,
1283 2363 1303 2396 ›
1338 2341 1530 2412 inquit,
1567 2357 1586 2390 ‹
1622 2336 1823 2408 princi-

234 2449 360 2521 palis
387 2447 635 2502 obsistat.
671 2462 692 2497 ι
730 2442 848 2498 Jam
875 2453 1005 2510 ergo
1036 2438 1150 2508 ipse
1184 2434 1462 2490 considera
1481 2473 1498 2499 ,
1540 2445 1722 2501 quzeso
1747 2436 1820 2495 te,

236 2539 394 2594 frater
416 2579 435 2604 ,
479 2534 721 2607 quisquis
753 2531 981 2601 cuipiam
1027 2527 1231 2600 prwbet
1267 2537 1542 2579 assensum
1569 2521 1825 2577 adversus

236 2629 602 2686 auctoritatem
631 2623 912 2681 sententia
942 2618 1247 2692 principalis
1265 2658 1282 2685 ,
1314 2630 1476 2686 quam
1504 2612 1823 2669 sententiam

237 2723 526 2779 merebitur
548 2717 844 2791 principis?

304 2817 392 2873 l7.
433 2815 686 2872 Novellos
726 2812 1006 2868 haereticos
1034 2806 1347 2878 Pelagianos
1371 2801 1670 2874 justissime
1696 2814 1826 2855 con-

237 2910 476 2967 ciliorum
506 2906 890 2962 catholicorum
916 2913 973 2958 et
999 2900 1156 2958 Sedis
1195 2898 1516 2970 Apostolicae
1549 2894 1824 2950 damnavit

239 3003 541 3068 auctoritas,
585 3014 653 3057 eo
682 2997 825 3070 quod
860 2997 976 3052 ausi
1016 2994 1216 3049 fuerint
1253 3007 1358 3046 non
1397 2989 1675 3059 baptizatis
1701 3000 1826 3058 par-

240 3097 366 3153 vulis
408 3095 542 3151 dare
596 3089 790 3164 quietis
843 3097 898 3146 et
939 3087 1124 3144 salutis
1168 3086 1382 3148 locum,
1423 3082 1582 3136 etiam
1631 3086 1829 3150 praeter

242 3203 458 3260 regnum
479 3185 762 3243 caelorum.
793 3180 948 3251 Quod
975 3179 1090 3235 ausi
1120 3193 1225 3233 non
1257 3176 1499 3240 fuissent,
1533 3171 1635 3226 nisi
1665 3184 1828 3241 nega-

242 3292 354 3340 rent
376 3295 474 3338 eos
505 3279 710 3335 habere
739 3274 996 3347 originale
1022 3279 1320 3344 peccatum,
1350 3265 1492 3338 quod
1521 3278 1658 3336 opus
1685 3270 1830 3318 esset

241 3373 438 3432 absolvi
467 3387 566 3443 per
594 3369 935 3440 Baptismatis
960 3358 1495 3421 sacramentum.lstc
1515 3364 1692 3412 autem
1714 3355 1826 3410 sic-

242 3478 296 3524 ut
325 3465 628 3524 catholicus
667 3461 818 3528 dicit,
849 3459 1098 3530 parvulos
1125 3453 1370 3527 originali
1403 3450 1688 3507 obstrictos
1708 3461 1828 3504 esse

243 3571 476 3634 peccato,
508 3567 566 3615 et
591 3567 767 3612 tamen
791 3570 886 3611 eos
926 3553 993 3608 ab
1031 3547 1336 3622 hujusmodi
1366 3545 1578 3601 vinculo
1605 3543 1721 3598 sine
1749 3541 1829 3596 la-

242 3669 396 3709 vacro
434 3648 860 3722 regenerationis
885 3644 1136 3709 absolvit,
1173 3650 1228 3696 et
1261 3648 1381 3710 post
1404 3645 1631 3692 mortem
1651 3634 1704 3688 in
1733 3647 1828 3704 pa-

241 3745 472 3802 radisum
503 3741 810 3797 misericors
834 3738 1022 3803 mittit;
1071 3743 1191 3806 post
1228 3730 1671 3788 resurrectionem
1703 3739 1831 3781 vero

243 3839 394 3892 etiam
436 3837 492 3891 in
519 3846 746 3905 regnum
783 3830 1040 3886 caelorum
1081 3822 1483 3881 misericordior
1520 3817 1828 3876 introducit.

243 3928 378 3986 Talis
406 3926 513 3982 sibi
537 3925 663 3982 Salii
689 3922 994 3978 misericors
1034 3919 1180 3974 visus
1202 3925 1305 3981 est,
1343 3913 1558 3986 quando
1594 3909 1834 3984 pepercit

239 4021 347 4092 regi
373 4033 537 4090 quem
575 4016 719 4072 Deus
756 4013 1008 4086 prazcepit
1031 4010 1202 4067 occidi
1243 4025 1258 4064 :
1304 4008 1400 4064 sed
1429 4006 1619 4062 merito
1648 4003 1833 4059 inobe-

241 4112 390 4168 diens
420 4107 791 4165 misericordia
816 4145 831 4171 ,
876 4104 963 4160 vel
989 4102 1297 4159 misericors
1340 4097 1696 4155 inobedientia
1739 4110 1832 4152 re-

241 4205 462 4278 probata
507 4210 669 4272 atque
708 4199 958 4256 damnata
1007 4205 1088 4252 est
1116 4194 1163 4266 (ι
1199 4193 1328 4264 Reg.
1361 4191 1450 4263 xv)
1499 4207 1514 4244 :
1560 4198 1618 4244 ut
1648 4196 1836 4244 caveat

243 4298 422 4364 homo,
452 4310 523 4351 ne
547 4294 616 4350 ab
645 4293 737 4348 illo
763 4288 1183 4347 misericordiam
1205 4293 1473 4341 mereatur
1502 4284 1682 4348 homo,
1704 4296 1833 4337 con-

243 4399 323 4445 tra
350 4390 471 4460 ejus
514 4385 840 4443 sententiam
870 4398 900 4437 a
941 4398 1046 4453 quo
1075 4381 1245 4436 factus
1272 4386 1356 4434 est
1399 4377 1581 4432 homo.
1625 4375 1836 4430 Intonat

243 4497 338 4554 per
376 4496 440 4537 os
481 4478 684 4551 preprii
725 4477 967 4547 corporis
1007 4474 1258 4530 Veritas;
1295 4470 1356 4526 Si
1400 4470 1512 4540 quis
1537 4484 1639 4523 non
1682 4467 1835 4541 fuerit

243 4583 449 4629 renatus
495 4587 560 4627 at:
602 4586 737 4642 aqua
766 4577 810 4624 et
840 4567 1062 4640 Spiritu,
1107 4581 1210 4618 non
1245 4571 1408 4635 potest
1442 4560 1647 4615 introire
1672 4560 1724 4613 in
1753 4573 1837 4612 re-

242 4683 397 4738 gnum
425 4663 524 4718 Dei
557 4660 734 4734 (Joan.
763 4676 840 4724 ut,
865 4660 943 4730 5).
973 4661 1144 4729 Atque
1169 4666 1227 4711 ut
1244 4655 1313 4710 ab
1339 4656 1438 4710 hac
1457 4653 1721 4709 sententia
1742 4667 1838 4707 ex-

243 4767 431 4827 ceptos
473 4763 738 4826 martyres
774 4751 952 4818 faciat,
1003 4749 1194 4820 quibus
1241 4746 1525 4817 contigerit
1564 4754 1689 4800 ante
1733 4758 1830 4814 pro

241 4848 444 4905 Christi
467 4847 685 4902 nomine
705 4843 894 4909 occidi,
917 4856 1073 4912 quam
1103 4838 1301 4894 Christi
1331 4836 1655 4906 Baptismate
1678 4833 1830 4901 dilui,

241 4943 373 4997 dicit
386 4941 494 4996 alio
514 4939 634 4995 loco
657 4955 670 4989 :
700 4935 798 5003 Qui
814 4933 1088 5006 perdiderit
1108 4930 1332 4984 animam
1345 4943 1491 4982 suam
1509 4935 1713 4997 prOpter
1732 4941 1832 4990 me,

241 5037 458 5090 inveniet
482 5050 593 5088 eam
621 5030 833 5105 (Matth.
858 5045 915 5095 ι,
937 5025 1051 5100 39).
1076 5026 1143 5081 Et
1163 5040 1230 5080 ne
1253 5025 1498 5094 cuiquam
1519 5022 1610 5093 qui
1632 5037 1737 5075 non
1759 5035 1838 5075 re-

248 5135 408 5182 natus
433 5124 594 5181 fuerit
612 5121 919 5177 christiana:
948 5118 1069 5173 lidei
1099 5118 1331 5180 lavacro,
1355 5114 1694 5185 promittatur
1719 5127 1840 5183 pec-

241 5218 351 5272 cati
378 5213 656 5287 originalis
679 5210 919 5274 abolitio,
947 5209 1143 5264 clamat
1169 5205 1456 5276 Apostolus
1489 5220 1502 5258 :
1544 5203 1648 5258 Per
1681 5202 1835 5256 unius

243 5309 482 5364 delictum
501 5307 555 5361 in
575 5320 749 5360 omnes
769 5302 995 5357 homines
1009 5300 1076 5354 ad
1093 5297 1557 5354 condemnationem
1577 5293 1760 5365 (Rom.
1777 5309 1832 5358 v,

245 5401 360 5470 18).
372 5399 570 5455 Contra
581 5411 741 5468 quam
758 5392 1254 5451 condemnationem
1269 5389 1524 5444 Dominus
1537 5402 1700 5442 unum
1717 5401 1839 5442 esse

242 5493 536 5550 ostendens
578 5490 764 5546 salutis
802 5487 1058 5544 auxilium
1102 5503 1116 5540 :
1170 5485 1269 5554 Qui
1312 5484 1599 5550 crediderit,
1645 5482 1836 5553 inquit,

243 5596 293 5642 et
321 5587 605 5656 baptizatus
631 5583 786 5653 fuerit
811 5622 826 5644 ,
859 5579 1030 5636 salvus
1053 5579 1180 5644 erit;
1218 5577 1303 5649 qui
1329 5592 1445 5631 vero
1479 5592 1580 5630 non
1608 5574 1839 5629 credide-

242 5681 337 5746 rit,
362 5675 779 5733 condemnabitur
809 5673 1003 5746 (Marc.
1043 5687 1157 5737 xvi,
1188 5671 1300 5742 l6).
1331 5668 1495 5740 Cujus
1527 5670 1839 5742 mysterium

243 5771 579 5829 credulitatis
629 5771 682 5825 in
723 5769 956 5840 parvulis
1008 5782 1101 5838 per
1141 5782 1328 5822 eorum
1359 5768 1762 5836 responsionem
1808 5779 1839 5820 a

243 5867 440 5940 quibus
465 5871 766 5940 gestantur,
789 5861 1074 5933 impletur;
1106 5874 1176 5916 ne
1212 5860 1256 5916 si
1299 5859 1493 5915 factum
1523 5874 1630 5915 non
1658 5860 1836 5926 fuerit,

1539 381 1739 441 LIBER
1777 377 2153 436 SECUNDUS.

3406 377 3509 438 506

1924 503 2048 548 eant
2091 511 2154 550 ex
2185 510 2290 550 uno
2331 510 2518 552 omnes
2563 498 2615 553 in
2644 496 3167 553 condemnationem.
3213 497 3282 552 Et
3321 506 3500 555 tamen

1922 598 2108 644 contra
2153 598 2257 643 tam
2303 590 2610 645 manifestas
2639 607 2817 656 voces,
2861 607 2992 661 quas
3019 591 3252 646 concinit
3280 590 3506 658 veritas,

1923 683 2163 753 procedit
2207 683 2258 738 in
2304 683 2536 739 medium
2574 685 2741 756 magis
2782 699 2969 740 vecors
3015 701 3171 756 quam
3204 685 3512 744 misericors

1923 779 2130 832 vanitas
2155 820 2169 843 ,
2197 785 2252 832 et
2279 777 2407 833 dicit
2439 796 2452 832 :
2481 777 2599 833 Non
2637 778 2806 833 solum
2841 794 2948 835 non
2972 790 3098 834 eunt
3129 779 3181 833 in
3212 779 3510 835 damnatio-

1925 887 2047 927 nem
2097 871 2322 942 parvuli,
2369 872 2470 944 etsi
2504 871 2708 927 nullum
2747 888 2839 928 eos
2876 873 3182 928 christiana:
3213 874 3331 928 lidei
3364 875 3511 928 lava-

1924 978 2075 1018 crum
2121 979 2150 1017 a
2193 963 2404 1019 vinculo
2444 964 2715 1034 originalis
2760 965 2957 1034 peccati
3003 966 3273 1031 absolvat;
3324 982 3508 1021 verum

1923 1055 2082 1108 etiam
2130 1054 2382 1110 felicitate
2424 1054 2652 1126 paradisi
2696 1065 2817 1126 post
2863 1065 3089 1110 mortem
3140 1057 3346 1111 interim
3391 1073 3511 1127 per-

1923 1145 2170 1201 fruuntur
2193 1189 2208 1214 ,
2241 1155 2362 1218 post
2389 1148 2838 1203 resurrectionem
2869 1163 2997 1202 vero
3028 1149 3186 1201 etiam
3218 1151 3362 1218 regni
3395 1165 3510 1205 cte-

1923 1240 2094 1296 lorum
2119 1241 2440 1310 Ifelicitatem
2480 1241 2850 1312 possidebunt.
2899 1243 3025 1298 Haec
3055 1243 3155 1296 iste
3193 1251 3377 1297 contra
3417 1257 3512 1297 ca-

1924 1331 2173 1387 tholicam
2204 1333 2625 1388 fundatissimam
2666 1334 2825 1389 fidem
2860 1335 2876 1366 ¹
2909 1334 3162 1405 numquid
3195 1333 3376 1388 dicere
3414 1349 3510 1388 au-

1921 1423 2090 1488 deret,
2137 1425 2181 1479 si
2222 1426 2569 1495 quaestionem
2615 1427 2925 1482 solvendam
2969 1428 3038 1482 de
3080 1428 3270 1482 animm
3301 1426 3508 1498 origine

1921 1517 2064 1572 vires
2092 1532 2214 1571 suas
2241 1518 2584 1574 excedentem
2615 1521 2886 1591 suscipere
2909 1535 3013 1574 non
3040 1521 3301 1576 auderet?

1994 1609 2218 1664 CAPUT
2248 1609 2461 1665 Xlll.—
2490 1612 2577 1666 18.
2609 1612 2900 1667 Horrendis
2926 1621 3008 1668 est
3034 1615 3175 1668 enim
3202 1623 3506 1669 coarctatus

1921 1702 2181 1772 angustiis
2220 1702 2287 1756 ab
2312 1702 2390 1757 eis
2411 1703 2500 1774 qui
2527 1703 2743 1770 dicunt,
2781 1723 2801 1755 ι
2823 1703 2931 1758 Cur
2963 1704 3104 1759 Deus
3132 1705 3362 1759 animam
3399 1718 3504 1760 tam

1922 1794 2117 1864 injusta
2161 1794 2625 1850 animadversione
2653 1796 2926 1851 mulctavit
2945 1837 2960 1862 ,
2989 1806 3046 1851 ut
3083 1797 3137 1852 in
3164 1812 3359 1867 corpus
3385 1813 3505 1854 eam

1922 1887 2128 1958 peccati
2168 1887 2407 1956 relegare
2440 1888 2666 1942 voluerit
2691 1905 2705 1954 ;
2732 1903 2854 1944 cum
2880 1890 3152 1944 consortio
3181 1891 3357 1944 carnis
3383 1906 3513 1960 pec-

1923 1980 2088 2035 catrix
2120 1993 2239 2035 esse
2267 1980 2485 2050 incipit,
2509 1996 2627 2052 quae
2655 1981 2918 2050 peccatrix
2939 1997 3060 2037 esse
3098 1998 3202 2036 non
3239 1984 3442 2052 potuit?
3481 2001 3500 2036 ι

1928 2074 2116 2145 Utique
2142 2073 2284 2128 enim
2317 2074 2526 2140 dicunt,
2564 2074 2716 2130 «Non
2749 2076 2920 2146 potuit
2960 2077 3138 2133 anima
3161 2091 3282 2134 esse
3317 2093 3510 2149 pecca-

1925 2167 2049 2229 trix,
2071 2166 2171 2220 nisi
2203 2181 2320 2220 eam
2344 2165 2484 2222 Deus
2506 2167 2806 2222 miscuisset
2829 2169 3005 2223 carnis
3021 2171 3289 2224 consortio
3318 2185 3510 2241 pecca-

1929 2260 2136 2314 tricis.»
2170 2259 2282 2327 Qua
2321 2273 2450 2328 ergo
2475 2259 2679 2329 justilia
2722 2259 2773 2314 id
2814 2259 3002 2315 fecerit
3042 2261 3216 2328 Deus,
3257 2276 3379 2317 cum
3410 2263 3510 2319 iste

1927 2353 2169 2407 invenire
2213 2367 2317 2405 non
2350 2362 2529 2420 posset
2559 2369 2574 2418 ;
2615 2353 2853 2406 maxime
2897 2363 3112 2422 propter
3139 2363 3394 2408 aeternam
3420 2355 3514 2409 da-

1927 2447 2254 2502 mnationem
2270 2445 2609 2500 morientium
2629 2446 2991 2514 parvulorum,
3009 2448 3200 2517 quibus
3221 2463 3325 2502 non
3345 2447 3514 2519 bapti-

1927 2539 2059 2594 zatis
2103 2539 2378 2607 expiatum
2420 2553 2526 2592 non
2568 2537 2726 2593 fuerit
2763 2538 3019 2608 originale
3056 2550 3330 2608 peccatum
3373 2557 3514 2596 :cur

1929 2631 2109 2702 itaque
2157 2631 2298 2686 Deus
2330 2631 2507 2700 justus
2534 2639 2588 2686 et
2626 2631 2832 2695 bonus,
2884 2633 3226 2702 parvulorum
3269 2633 3511 2698 animas,

1928 2726 2119 2796 quibus
2141 2723 2409 2795 praescivit
2434 2739 2542 2779 non
2583 2724 2962 2780 subventurum
2993 2725 3296 2780 christiana:
3327 2725 3514 2796 gratia».

1927 2816 2360 2885 Sacramentum,
2385 2817 2452 2872 ab
2471 2817 2616 2872 omni
2648 2831 2784 2872 noxa
2811 2817 3114 2888 propaginis
3139 2817 3357 2882 liberas,
3385 2818 3511 2873 mit-

1930 2909 2090 2966 tendo
2125 2907 2177 2964 in
2207 2924 2401 2980 corpus
2421 2908 2562 2980 quod
2587 2925 2653 2964 ex
2682 2909 2852 2965 Adam
2880 2909 3122 2975 trahitur,
3141 2910 3355 2965 vinculo
3381 2925 3510 2980 pec-

1926 3001 2032 3059 cati
2048 3001 2316 3073 originalis
2329 3001 2695 3070 obstrinxerit,
2708 3009 2866 3072 atque
2885 3001 2987 3057 isto
2999 3000 3158 3057 modo
3171 3015 3289 3057 reas
3297 3009 3516 3058 ateriae

1929 3096 2285 3152 damnationis
2311 3095 2577 3162 effecerit,
2604 3111 2724 3150 cum
2755 3096 2995 3150 invenire
3031 3111 3136 3149 non
3169 3103 3378 3164 posset;
3417 3109 3517 3150 nec

1929 3190 2096 3245 vellet
2117 3188 2296 3244 dicere
2315 3189 2474 3245 etiam
2504 3189 2648 3260 ipsas
2674 3204 2738 3243 ex
2763 3189 2851 3244 illa
2877 3204 2979 3243 una
3011 3188 3272 3257 originem
3305 3186 3518 3243 trahere

1931 3281 2316 3354 peccatricem:
2346 3280 2532 3335 maluit
2551 3296 2647 3351 per
2669 3279 2997 3351 naufragium
3027 3281 3327 3336 miserabile
3345 3281 3513 3345 exire,

1931 3393 2088 3450 quam
2119 3377 2458 3433 temerarium
2473 3390 2687 3432 cursum
2710 3376 2841 3432 velis
2857 3376 3130 3446 depositis,
3151 3387 3202 3430 et
3222 3376 3385 3431 remis
3405 3391 3516 3431 sua:

1931 3469 2304 3540 disputationis
2331 3469 2589 3536 inhibitis,
2620 3468 2836 3540 provida
2865 3468 3250 3525 deliberatione
3278 3467 3511 3522 frenare.

1932 3565 2099 3622 Viluit
2138 3566 2335 3636 quippe
2369 3563 2552 3636 juveni
2588 3563 2770 3617 senilis
2811 3570 2990 3617 nostra
3034 3561 3334 3626 cunctatio,
3361 3560 3512 3629 quasi

1934 3661 2061 3716 huic
2094 3658 2488 3716 molestissima:
2507 3671 2571 3712 ac
2600 3654 3062 3726 periculosissima:
3085 3651 3365 3723 quaestioni
3394 3665 3512 3706 ma-

1933 3754 2014 3825 gis
2039 3753 2197 3808 fuerit
2221 3753 2450 3822 impetus
2478 3749 2834 3820 eloquentiae,
2871 3760 3032 3816 quam
3071 3744 3356 3800 consilium
3386 3757 3518 3814 pru-

1933 3846 2130 3902 dentia:
2155 3844 2537 3900 necessarium.
2574 3842 2641 3896 Et
2665 3838 2907 3912 praevidit
2937 3838 3040 3892 hoc
3066 3836 3224 3892 etiam
3253 3835 3395 3905 ipse,
3424 3833 3518 3889 sed

1935 3940 2152 3996 frustra.
2173 3937 2306 3994 Nam
2329 3936 2444 3992 haec
2463 3935 2563 3991 sibi
2591 3934 2737 3989 velut
2762 3931 2830 3988 ab
2854 3929 3176 3988 adversariis
3212 3926 3518 3999 propositu-

1936 4051 2028 4090 rus
2049 4034 2288 4103 objecta,
2324 4050 2343 4084 ί
2373 4031 2451 4086 Ex
2494 4029 2618 4084 hinc
2642 4028 2775 4093 alia,
2799 4045 2819 4080 ι
2854 4025 3057 4095 inquit,
3099 4040 3118 4075 ι
3142 4021 3521 4076 substruuntur

1937 4128 2222 4201 opprobria
2247 4125 2487 4196 querulis
2513 4118 3022 4177 murmurationibus
3041 4114 3439 4176 oblatrantium.
3467 4121 3522 4167 et

1937 4223 2147 4281 excussi
2173 4219 2324 4291 quasi
2353 4217 2581 4289 quodam
2603 4215 2832 4279 turbine,
2861 4211 3150 4268 identidem
3173 4210 3312 4263 inter
3332 4207 3522 4262 imma-

1939 4315 2026 4370 nia
2055 4328 2181 4368 saxa
2206 4309 2526 4366 collidimur.
2550 4325 2568 4358 ι
2595 4307 2690 4361 His
2707 4303 2978 4375 praedictis
2993 4301 3340 4372 quaestionem
3361 4312 3522 4367 supra

1939 4405 2135 4462 dictam
2161 4399 2646 4471 scopulosissimam
2666 4395 2768 4450 sibi
2791 4393 3089 4464 proposuit,
3119 4390 3209 4445 ubi
3233 4404 3263 4443 a
3296 4387 3400 4443 fide
3425 4402 3519 4443 ca-

1941 4498 2135 4555 tholica
2176 4492 2535 4563 naufragavit,
2585 4489 2687 4544 nisi
2725 4485 2973 4543 refecerit
3025 4481 3331 4556 paenitendo
3379 4481 3521 4552 quod

1942 4590 2118 4660 fregit.
2148 4588 2300 4644 Illum
2328 4601 2428 4654 ego
2456 4586 2477 4616 ¹
2506 4583 2773 4638 turbinem
2797 4589 2954 4650 atque
2975 4579 3064 4634 illa
3091 4591 3216 4632 saxa
3240 4575 3484 4631 devitans
3502 4613 3518 4640 ,

1943 4697 2129 4738 navem
2155 4681 2257 4735 illis
2277 4678 2609 4734 committere
2636 4673 2778 4730 nolui
2802 4691 2817 4730 :
2839 4681 2893 4728 et
2912 4672 2978 4727 de
3009 4671 3108 4725 hac
3131 4683 3190 4724 re
3216 4668 3287 4722 ita
3313 4666 3524 4736 scripsi,

1942 4783 2000 4829 ut
2027 4773 2286 4828 rationem
2323 4769 2495 4840 potius
2532 4764 2889 4822 cunctationis
2917 4778 3083 4826 meze,
3114 4775 3275 4831 quam
3307 4759 3526 4814 temeri-
3618 4826 3620 4828 ν

1943 4873 2107 4920 tatem
2152 4859 2582 4932 praesumptionis
2627 4855 2962 4912 ostenderem
3004 4852 3144 4926 (Lib.
3183 4852 3218 4907 5
3257 4851 3319 4904 de
3346 4848 3524 4904 Libero

1944 4960 2184 5022 Arbitrio,
2213 4974 2265 5012 η.
2290 4955 2492 5020 59-62;
2516 4954 2603 5009 lib.
2625 4953 2662 5007 2
2681 4952 2744 5008 de
2770 4951 3099 5006 Peccatorum
3122 4947 3338 5012 Meritis,
3360 4963 3412 5001 n.
3437 4944 3527 5011 59;

1945 5053 2091 5124 epist.
2140 5050 2264 5117 166,
2313 5051 2380 5104 ad
2410 5048 2810 5119 Hieronymum,
2851 5054 2901 5100 et
2949 5044 3084 5110 190,
3115 5044 3182 5097 ad
3225 5040 3527 5114 Optatum).

1943 5147 2096 5217 Quod
2147 5145 2462 5216 opusculum
2508 5157 2684 5198 meum
2725 5156 2846 5196 cum
2900 5138 3040 5210 apud
3091 5146 3142 5193 te
3188 5137 3525 5200 invenisset,

1943 5240 2142 5306 irrisit,
2172 5252 2336 5310 seque
2365 5236 2469 5291 illis
2495 5234 2738 5290 cautibus
2774 5233 3098 5288 animosiore
3139 5232 3338 5301 impetu
3367 5242 3528 5299 quam

1945 5332 2269 5390 consultiore
2298 5329 2583 5386 commisit.
2610 5326 2716 5382 Sed
2755 5342 2860 5396 quo
2901 5341 3024 5381 eum
3066 5319 3392 5395 praalidentia
3428 5319 3526 5375 ista

1945 5425 2287 5499 perduxerit,
2320 5431 2448 5494 puto
2473 5419 2615 5492 quod
2654 5434 2794 5474 nunc
2833 5418 3016 5473 videas
3053 5435 3067 5470 :
3108 5415 3321 5469 uberius
3349 5421 3526 5467 autem

1945 5536 2047 5593 ago
2073 5521 2182 5576 Deo
2214 5518 2445 5589 gratias,
2468 5515 2510 5570 si
2545 5521 2601 5570 et
2637 5523 2790 5568 antea
2818 5512 2928 5582 jam
2961 5507 3196 5563 videbas.
3228 5505 3358 5562 Cum
3387 5503 3527 5561 enim

1945 5615 2112 5672 nollet
2131 5613 2381 5670 cohibere
2409 5608 2734 5682 praecipitem
2756 5619 2993 5666 cursum,
3015 5607 3233 5671 propter
3246 5601 3522 5661 ancipitem

1947 5723 2260 5772 excursum,
2288 5689 2644 5759 miserabilem
2688 5698 2889 5754 invenit
2931 5697 3232 5758 incursum,
3279 5702 3524 5745 asserens

2015 5827 2034 5919 ἰ
2222 5817 2876 5934 iiiis.

2012 5888 2034 5919 ⁸
2067 5881 2204 5945 aditi,
2228 5881 2368 5936 illum
2388 5891 2521 5944 ergo.
