4012 6476
499 401 605 462 507

503 515 672 572 Deum
691 505 922 584 parvulis
943 510 1056 565 sine
1068 506 1351 564 christiana
1382 506 1782 576 regeneratione
1796 505 2082 572 defunctis,

503 615 558 662 et
588 605 745 661 modo
779 602 1080 674 paradisum
1101 641 1114 666 ,
1141 611 1193 656 et
1221 607 1407 670 postea
1447 612 1666 670 regnum
1700 599 1943 654 conferre
1971 611 2088 654 cce-

508 697 707 754 lorum.

575 799 798 864 CAPUT
823 805 962 862 XIV.
984 835 1056 846 ———
1095 803 1182 860 i9.
1206 785 1600 874 Scriptu'rarum
1634 819 1761 858 vero
1789 801 2092 857 testimonia

505 917 852 976 quaecumque
877 900 1069 970 posuit,
1095 888 1283 969 quibus
1309 899 1514 952 animas
1545 897 1710 951 Deum
1735 912 1840 950 non
1866 911 1931 950 ex
1948 894 2092 950 illius

502 994 690 1065 primae
731 991 1020 1064 prepagine
1061 990 1346 1053 attrahere,
1385 988 1478 1045 sed
1510 987 1644 1042 sicut
1669 988 1834 1058 ipsam
1867 987 2092 1056 primam

500 1099 624 1138 suas
654 1083 950 1154 quibusque
977 1081 1200 1152 singulis
1234 1071 1525 1147 insni‘ilare,
1558 1080 1700 1134 Velut
1747 1079 1971 1150 probare
1999 1093 2090 1133 co-

501 1183 657 1230 natus
683 1184 784 1240 est,
815 1174 884 1227 ita
911 1183 1050 1236 sunt,
1072 1172 1210 1243 quod
1234 1172 1298 1225 ad
1327 1171 1478 1224 istam
1512 1173 1856 1240 tliiﬂfSliOl’ielIl
1880 1171 2091 1240 attinet,

502 1268 702 1322 incerta
736 1278 789 1321 et
811 1267 1086 1336 ambigua,
1121 1267 1355 1320 utetiam
1383 1265 1534 1319 aliter
1557 1265 1759 1336 accipi,
1793 1281 1950 1335 quam
1981 1265 2094 1334 ipse

503 1357 649 1421 vult,
696 1357 943 1411 facillime
987 1357 1207 1425 possint.
1241 1347 1390 1423 Quod
1423 1356 1532 1426 jai'n
1583 1357 1636 1410 in
1676 1363 1738 1410 eo
1772 1356 1906 1410 libro
1936 1363 2095 1426 quem

504 1449 690 1518 scripsi
718 1448 782 1502 ad
813 1449 1038 1500 amicum
1061 1451 1319 1511 uestrum,
1351 1446 1501 1515 cujus
1528 1447 2095 1501 commemorationem

503 1540 750 1608 superius
781 1539 910 1602 feci,
943 1537 1100 1600 satis,
1134 1539 1387 1608 quantum
1421 1539 1699 1605 existimo,
1732 1537 2094 1592 demonstravi

505 1630 723 1702 (Supra,
746 1631 832 1683 lib.
868 1629 919 1694 1,
946 1647 1000 1682 n.
1031 1630 1095 1684 17
1118 1628 1254 1699 sqq.)
1280 1628 1605 1684 Testimonia
1629 1631 1822 1700 quippe
1847 1631 1958 1700 ipsa
1978 1646 2096 1700 quae

508 1721 766 1785 adhibuit,
795 1720 880 1774 ubi
914 1721 1107 1790 legitur
1129 1719 1270 1774 Deus
1299 1719 1503 1776 animas
1522 1723 1600 1775 vel
1625 1715 1770 1785 dare,
1790 1719 1873 1775 vel
1901 1723 2094 1787 facere,

503 1814 589 1869 vel
617 1814 846 1882 fingere;
880 1813 1016 1867 unde
1041 1807 1157 1866 illas:
1182 1813 1289 1874 det,
1317 1814 1400 1867 vel
1429 1815 1566 1868 unde
1594 1813 1749 1869 iaciat
1774 1815 1888 1870 sive
1911 1816 2094 1884 tingat,

505 1921 610 1961 non
638 1905 960 1970 ostendunt;
995 1911 1171 1960 utrum
1205 1919 1267 1960 ex
1294 1909 1586 1976 prepagine
1619 1908 1761 1962 illius
1791 1910 2000 1978 primae,
2031 1925 2096 1964 an

503 1987 830 2053 insnﬁlando
852 2001 988 2053 sicut
1021 1997 1162 2053 illam
1193 1999 1440 2066 primam.
1473 1985 1575 2055 iste
1597 2005 1772 2056 autem
1800 2017 1864 2056 ex
1895 2009 1959 2057 eo
1985 2004 2098 2072 ipso

505 2085 646 2162 Quod
677 2089 870 2161 legitur
900 2092 1106 2146 animas
1137 2093 1274 2148 Deus
1303 2089 1431 2146 dare
1451 2136 1464 2158 ,
1496 2094 1607 2148 sive
1626 2093 1818 2158 facere,
1852 2096 1965 2150 sive
1998 2095 2099 2149 iiii-

505 2191 632 2254 gere
652 2182 802 2253 (Isui.
830 2197 955 2250 XLII,
985 2183 1036 2248 5;
1066 2195 1192 2249 Lvtt,
1224 2177 1308 2250 16,
1342 2179 1563 2238 etlach.
1594 2202 1691 2250 xu,
1724 2185 1797 2256 i),
1822 2188 1927 2250 jam
1951 2189 2101 2256 putat

507 2277 804 2330 animarum
846 2285 1086 2346 negatam
1128 2292 1248 2332 esse
1295 2278 1638 2348 propaginem
1694 2295 1706 2331 :
1753 2294 1875 2333 cum
1927 2273 2095 2346 ile'us,

509 2368 695 2422 eadem
724 2369 992 2438 Scriptura
1022 2370 1175 2436 teste,
1212 2371 1368 2424 etiam
1392 2379 1614 2441 corpora
1643 2371 1750 2434 det,
1783 2374 1896 2427 sive
1923 2373 2095 2440 iaciat,

509 2460 623 2514 sive
645 2461 824 2529 tingat,
859 2469 976 2530 Qua:
1006 2470 1180 2515 tamen
1213 2457 1279 2516 ab
1314 2457 1405 2517 ilio
1427 2469 1492 2517 ex
1531 2465 1819 2536 propagine
1843 2466 2100 2520 seminis‘

512 2549 659 2614 dari,
688 2552 824 2616 fieri,
846 2552 989 2623 tingi,
1012 2557 1168 2606 nemo
1197 2541 1437 2624 ambigit.

581 2642 673 2697 20.
711 2639 837 2698 item
867 2645 1005 2716 quod
1033 2647 1283 2716 scriptum
1316 2659 1396 2702 est
1415 2691 1428 2714 ,
1460 2650 1522 2702 eo;
1541 2651 1640 2702 uno
1663 2652 1908 2720 sahg‘nine
1930 2650 2099 2705 Deum

513 2733 702 2791 fecisse
727 2751 873 2790 omne
899 2755 1052 2808 genus
1079 2731 1341 2792 hominum
1365 2738 1500 2810 (Act.
1525 2745 1658 2807 XVII,
1685 2737 1810 2811 2'6);
1843 2739 1926 2796 vel
1957 2743 2101 2812 quod

516 2826 590 2879 ait
633 2825 829 2891 Adam,
867 2823 979 2881 Hoc
1022 2835 1154 2881 nunc
1200 2839 1254 2883 os
1298 2843 1360 2884 ex
1389 2825 1580 2884 ossibus
1609 2831 1758 2898 meis,
1799 2841 1844 2885 et
1886 2849 2003 2886 caro
2043 2834 2106 2888 de

516 2932 666 2970 carne
707 2916 999 2986 mea.(Gen.
1031 2935 1095 2982 ιι,
1127 2917 1219 2991 25)
1249 2935 1263 2972 :
1297 2921 1418 2989 quia
1449 2925 1620 2990 neque
1655 2921 1722 2976 ibi
1758 2918 1955 2978 dictum
1985 2915 2100 2992 est,

520 3009 599 3064 Ex
627 3015 732 3065 uita
775 3011 984 3077 anima;
1031 3017 1201 3081 neque
1241 3007 1356 3080 hic,
1405 3011 1592 3066 Anima
1633 3009 1698 3068 de
1740 3017 1916 3069 anima
1952 3029 2100 3084 mea;

516 3112 666 3171 putat
694 3103 875 3173 negari
907 3106 1111 3159 animas
1135 3106 1362 3159 iiliorum
1396 3121 1459 3160 ex
1491 3109 1817 3176 parentibus,
1851 3109 1934 3163 vel
1961 3107 2103 3166 illius

521 3195 758 3250 mulieris
786 3213 848 3250 ex
881 3199 1028 3250 viro:
1058 3197 1206 3267 quasi
1225 3212 1349 3251 vero
1376 3199 1418 3251 si
1448 3211 1576 3261 non,
1609 3216 1671 3253 ea:
1698 3215 1799 3253 uno
1825 3202 2102 3270 sanguine,

520 3283 634 3352 sed,
668 3285 741 3340 Ex
775 3301 875 3342 una
899 3289 1072 3342 anima
1103 3288 1387 3356 diceretur,
1421 3289 1560 3344 aliud
1591 3307 1746 3360 quam
1776 3299 1918 3347 t0tns
1947 3294 2105 3349 homo

515 3379 923 3449 intelligeretur,
957 3391 1055 3436 nec
1083 3382 1322 3451 Corporis
1354 3381 1662 3452 propagatio
1690 3395 1993 3453 negaretur.
2019 3385 2106 3440 Sic

517 3471 674 3524 etiam
722 3471 766 3525 si
801 3467 998 3524 dictum
1030 3479 1201 3538 esset,
1248 3472 1438 3526 Anima
1483 3473 1548 3526 de
1593 3475 1771 3528 anima
1810 3477 1956 3538 inea;
1998 3490 2105 3530 non

515 3563 699 3631 utique
725 3569 1008 3630 negaretur
1031 3577 1183 3626 caro,
1215 3577 1371 3632 quam
1401 3563 1468 3618 de
1503 3563 1595 3618 ilio
1616 3575 1918 3634 ekemptam
1939 3567 2104 3623 iiiisse

519 3654 818 3707 constabat.
856 3655 899 3706 A
930 3662 1080 3722 parte
1119 3655 1260 3707 enim
1293 3662 1493 3722 totum,
1535 3655 1673 3709 sicut
1717 3657 1875 3710 etiam
1921 3669 1949 3710 a
1992 3667 2104 3713 toto

521 3747 722 3811 partem
755 3743 1067 3812 plerumque
1095 3743 1369 3812 Scriptura
1410 3746 1687 3814 signiﬁcat.
1719 3746 1846 3800 Nam
1885 3759 2032 3805 certe
2059 3750 2104 3804 si

517 3849 657 3896 non,
689 3849 748 3888 ex
772 3851 873 3888 uno
901 3837 1170 3905 sanguine,
1205 3838 1318 3900 sed,
1348 3837 1425 3891 Ex
1455 3851 1563 3892 uno
1591 3839 1838 3908 homine,
1864 3842 1956 3897 iilo
1987 3845 2104 3899 loco

475 3936 484 3942 '
517 3927 772 3994 scriptum
799 3933 958 3988 esset,
990 3927 1286 3982 institutum
1309 3941 1425 3982 esse
1442 3945 1609 3999 genus
1627 3933 1935 4003 hnmnhum,
1957 3937 2103 3992 unde

473 4019 476 4022 ’
517 4015 616 4070 istc
645 4015 886 4071 adhibuit
915 4019 1272 4073 testimonium
1291 4064 1303 4084 ,
1337 4032 1446 4075 non
1484 4019 1992 4093 pmajmlicaretistis
2011 4031 2100 4100 qui

514 4111 712 4175 negant
764 4109 1059 4164 animarum
1108 4112 1486 4182 propaginem;
1529 4117 1771 4184 quamvis
1821 4133 1930 4173 non
1979 4121 2094 4176 sola

516 4201 718 4264 anima,
751 4216 850 4255 nec
893 4203 1002 4256 sola
1052 4217 1208 4270 caro,
1242 4204 1334 4258 sed
1356 4213 1639 4277 utrimque
1667 4210 1737 4264 sit
1777 4209 1958 4267 homo.
1991 4213 2100 4268 Re-

515 4291 843 4360 sponderent
861 4295 1002 4348 enim
1024 4307 1054 4347 a
1080 4297 1193 4349 toto
1219 4305 1447 4366 partem,
1477 4295 1526 4351 id
1549 4308 1650 4364 est,
1674 4300 1740 4356 ab
1770 4302 1988 4360 homine
2009 4321 2100 4360 so-

512 4384 620 4440 lam
642 4386 872 4442 hominis
893 4403 1131 4456 carnem,
1161 4389 1492 4460 Scripturam
1513 4395 1811 4465 signiﬁcare
1840 4399 2095 4467 potuisse.

514 4475 603 4532 Sic
628 4487 754 4548 ergo
785 4485 840 4533 et
879 4480 912 4533 ii
948 4480 1039 4550 qui
1071 4482 1364 4538 defendunt
1401 4486 1694 4542 animarum
1721 4492 2090 4561 propaginem,

513 4569 643 4624 illud
666 4573 804 4639 quod
827 4572 1024 4625 dictum
1051 4583 1155 4638 est,
1179 4591 1242 4628 ex
1258 4589 1360 4629 uno
1379 4579 1642 4648 sanguine,
1669 4595 1761 4649 per
1782 4583 2096 4651 sanguintam

517 4661 719 4714 scilicet
749 4661 1016 4717 hominem
1038 4703 1051 4727 ,
1087 4663 1138 4717 id
1170 4674 1268 4731 est,
1302 4681 1332 4720 a
1361 4676 1507 4736 parte
1541 4678 1709 4724 totum
1747 4671 2096 4740 significatum

514 4765 633 4805 esse
655 4752 1002 4807 contendunt.
1023 4754 1171 4810 Sicut
1201 4759 1340 4812 enim
1370 4759 1578 4814 videtur
1607 4762 1725 4816 iiios
1740 4762 1930 4832 juvare
1953 4765 2096 4835 quod

517 4840 714 4894 dictum
744 4851 844 4909 est,
877 4859 939 4897 an
965 4855 1066 4898 uno
1095 4850 1370 4918 sanguine,
1407 4864 1510 4905 nec
1538 4851 1736 4908 dictum
1760 4865 1861 4923 est,
1888 4857 1963 4910 Ex
1991 4863 2098 4915 uno

523 4933 738 4988 homine
767 4953 780 4987 :
814 4934 891 4990 sic
920 4937 1126 4992 videtur
1145 4948 1199 4993 et
1223 4942 1351 4995 istos
1385 4941 1574 5011 iuvare
1603 4947 1743 5014 quod
1775 4947 1969 5003 dictum
1991 4959 2092 5015 est,

523 5024 620 5079 Per
647 5037 806 5080 amem
847 5028 1100 5083 hominem
1127 5043 1383 5101 peccatum
1408 5035 1615 5088 intravit
1649 5038 1703 5090 in
1743 5041 2018 5107 mundum,
2049 5051 2096 5096 et

513 5133 602 5184 per
627 5125 884 5186 peccatum
912 5135 1077 5186 more;
1103 5132 1146 5175 et
1165 5124 1236 5176 ita
1262 5124 1314 5177 in
1338 5142 1509 5180 omnes
1533 5128 1761 5183 bonum:
1784 5133 2090 5200 pertransiit,

511 5209 563 5261 in
580 5225 676 5278 quo
697 5219 867 5265 omnes
888 5226 1212 5283 peccaverunt
1241 5215 1414 5290 (Rom.
1437 5236 1491 5285 ν,
1519 5221 1627 5291 ΙΞ);
1652 5238 1751 5278 nec
1773 5225 1969 5280 dictum
1992 5237 2091 5295 est,

512 5299 566 5354 in
595 5316 700 5370 quo
728 5304 966 5359 omnium
993 5321 1117 5360 caro
1155 5311 1407 5376 peccavit.
1440 5309 1679 5383 Itemque
1705 5316 1841 5370 sicut
1875 5315 1995 5371 illos
2019 5317 2093 5370 vi-

511 5390 669 5446 detur
689 5391 875 5460 iuvare
899 5396 1040 5465 quod
1071 5396 1269 5453 dictum
1290 5409 1406 5466 est,
1443 5401 1554 5456 Hoc
1575 5420 1708 5459 nunc
1736 5422 1792 5460 os
1817 5423 1880 5461 ac
1903 5407 2096 5462 ossibus

511 5480 668 5547 meis,
697 5493 746 5539 et
783 5499 902 5540 caro
939 5487 1002 5540 de
1030 5504 1181 5542 carne
1207 5507 1352 5555 mea;
1387 5494 1505 5560 quia
1538 5507 1658 5564 pars
1682 5507 1766 5554 est
1788 5496 1927 5551 dicta
1947 5539 1962 5562 ,
1989 5513 2094 5552 non

510 5583 679 5630 totum
711 5591 727 5630 :
757 5574 837 5634 sic
871 5575 1058 5633 iterum
1086 5581 1216 5637 istos
1235 5624 1251 5650 ,
1271 5585 1412 5653 quod
1439 5586 1508 5640 ibi
1539 5588 1791 5644 cmntinno
1814 5591 2054 5660 sequitur
2076 5634 2091 5660 ,

515 5667 642 5724 Haec
669 5668 924 5726 vocamur
948 5670 1144 5740 "utier,
1167 5678 1406 5745 quoniam
1431 5679 1495 5734 de
1519 5667 1624 5734 vero
1651 5699 1743 5742 suo
1770 5694 1970 5752 sumpta
1997 5695 2090 5741 est.

568 5843 588 5878 ί
619 5852 798 5897 omnes
819 5853 950 5912 Nam,
973 5861 1038 5900 ea:
1057 5852 1336 5916 propaginis
1353 5855 1546 5910 semine.

1356 393 1443 449 DE
1482 391 1693 448 ANIMA
1732 390 1823 448 ET
1860 387 2025 449 EJUS
2061 389 2363 460 ORIGINE,
2403 391 2461 450 S.
2503 395 2874 455 AUGUSTINI

2201 507 2392 565 Debuit
2422 510 2564 565 enim
2592 511 2733 581 diei,
2763 513 2942 578 aiunt,
2968 507 3232 584 Quoniam
3273 509 3343 572 'da
3380 513 3495 570 vii-'0
3525 527 3628 570 suo
3651 527 3797 573 ean

2199 599 2314 672 ejus
2335 613 2548 675 sumpta
2570 613 2684 672 est;
2722 607 2766 662 si
2797 609 2902 662 non
2928 611 3040 664 tota
3058 605 3273 675 mulier,
3304 609 3359 666 id
3381 619 3485 673 est,
3513 617 3635 664 eum
3659 612 3792 666 ani-

2197 709 2315 760 ma,
2349 691 2442 752 sed
2482 699 2594 753 sola
2624 715 2750 754 caro
2787 705 3091 757 sumeretur
3121 711 3185 757 ex
3220 704 3354 757 viro.
3399 703 3568 758 Porro
3594 714 3786 764 autem

2201 790 2441 860 utrisque
2469 789 2691 860 auditis,
2713 793 2802 863 qui
2831 792 2944 847 sine
2975 793 3150 848 studio
3191 795 3422 864 partium
3445 795 3682 865 iudicat,
3711 797 3798 850 vi-

2197 871 2290 937 det
2310 883 2567 953 proiecto,
2599 895 2699 939 nec
2727 889 2910 939 contra
2930 881 3060 940 istos
3082 886 3173 956 qui
3205 887 3544 958 propaginem
3578 888 3795 942 anima-

2201 981 2319 1027 rum
2341 973 2630 1029 defendant
2650 974 2964 1046 proferenda
2983 976 3071 1030 iila
3091 979 3395 1033 testiittonia
3421 980 3508 1033 ubi
3539 989 3662 1049 pars
3695 995 3800 1034 no-

2201 1066 2462 1134 minatiir;
2486 1068 2607 1138 quia
2630 1071 2804 1138 pOtuit
2827 1070 3099 1139 Scriptura
3120 1071 3422 1139 signiﬁcare
3441 1074 3549 1128 illic
3575 1088 3604 1127 a
3635 1086 3795 1142 parte

2201 1153 2368 1211 totum
2391 1201 2404 1223 ,
2451 1159 2588 1214 sicut
2624 1153 2837 1215 Verbum
2869 1177 2989 1214 caro
3021 1163 3213 1230 factum
3242 1171 3314 1216 est
3354 1163 3535 1233 (Joan.
3560 1177 3596 1228 t,
3638 1167 3713 1220 M
3747 1170 3788 1236 ),

2200 1253 2321 1304 cum
2353 1251 2604 1322 legimus,
2641 1269 2746 1308 non
2774 1255 2956 1324 utique
2995 1261 3213 1310 carnem
3245 1257 3448 1322 solam,
3488 1257 3585 1312 sed
3613 1258 3795 1314 homi-

2197 1340 2323 1395 iiem
2355 1345 2522 1396 totum
2549 1344 2929 1415 intelligimus:
2971 1362 3070 1401 nec
3097 1351 3277 1402 contra
3313 1349 3430 1404 illos
3462 1351 3550 1419 qui
3595 1357 3796 1420 propo-

2201 1431 2379 1506 g‘ine‘m
2411 1437 2706 1491 animarum
2739 1437 3037 1502 destruunt,
3061 1439 3161 1493 ista
3193 1440 3525 1510 proferenda,
3561 1445 3651 1498 ubi
3683 1453 3793 1500 non

2200 1527 2324 1596 pars
2354 1525 2604 1595 hominis,
2637 1527 2735 1582 sed
2761 1539 2929 1584 totum
2952 1534 3432 1596 eommetitoraiur;
3466 1535 3586 1604 quia
3615 1537 3794 1603 potuit

2203 1615 2271 1672 ibi
2293 1617 2565 1688 Scriptura
2587 1633 2615 1672 a
2647 1623 2761 1675 toto
2793 1631 2993 1691 partem
3013 1621 3335 1692 signitiéare,
3357 1625 3494 1680 sicut
3516 1629 3792 1696 sepultum

2203 1704 2518 1766 confitemur
2541 1711 2810 1767 Christum
2836 1755 2852 1781 ,
2877 1727 2998 1768 eum
3027 1713 3143 1784 ejus
3173 1727 3297 1770 caro
3327 1717 3438 1771 sola
3464 1721 3674 1789 sepulta
3695 1723 3790 1776 sit.

2202 1793 2280 1855 Ac
2307 1811 2401 1871 per
2420 1800 2521 1858 hoc
2535 1803 2878 1874 propaginem
2897 1805 3195 1859 animarum
3215 1817 3313 1861 nec
3332 1814 3534 1865 temere
3548 1821 3794 1868 astruen-

2203 1890 2345 1960 dam,
2385 1909 2485 1950 nec
2514 1903 2712 1950 temere
2735 1893 3107 1950 destruendam
3128 1896 3354 1953 dicimus
3385 1901 3513 1956 :seu
3536 1902 3794 1961 admone-

2201 1989 2321 2040 ‘mns
2341 2029 2356 2054 ,
2396 1988 2498 2042 alia
2524 1989 2828 2044 testimonia
2855 1999 2978 2046 esse
3015 1991 3327 2062 quaerenda,
3353 1999 3472 2064 una:
3499 2003 3604 2051 non
3637 1998 3790 2054 inve-

2203 2077 2417 2133 hiantur
2443 2077 2710 2150 ambigua.

2271 2163 2500 2225 CAPUT
2528 2169 2644 2225 XV.
2678 2200 2752 2213 —
2771 2171 2862 2226 21.
2889 2171 3243 2239 Quamobrem
3270 2217 3283 2241 ,
3315 2177 3442 2247 quid
3465 2183 3523 2234 te
3548 2179 3649 2237 iste
3685 2183 3791 2238 do-

2204 2260 2392 2327 cuerit,
2425 2273 2476 2315 et
2509 2260 2650 2317 unde
2681 2265 2881 2333 gratias
2915 2265 3119 2335 egeris,
3157 2267 3392 2323 nondum
3435 2273 3565 2328 seio.
3609 2274 3792 2334 Manet

2201 2349 2398 2424 quippe
2451 2347 2536 2408 iiia
2570 2358 2798 2425 quaestio
2829 2357 2973 2412 sicut
3011 2363 3157 2427 erat,
3199 2361 3255 2414 in
3295 2377 3400 2432 qua
3438 2367 3693 2434 queritur
3725 2369 3794 2426 de

2205 2447 2500 2501 animarum
2535 2449 2771 2519 origine,
2820 2457 2997 2505 utrum
3041 2448 3164 2507 illas
3215 2449 3357 2509 Deos
3396 2467 3458 2509 ex
3496 2461 3795 2531 propagine

2204 2537 2346 2594 illius
2373 2542 2560 2608 unius,
2597 2557 2754 2612 quam
2793 2543 2966 2613 primo
3013 2542 3303 2601 insuiIiavit
3351 2545 3585 2616 homini;
3623 2565 3693 2608 an
3722 2567 3794 2612 ex

2205 2621 2333 2684 ﬂatu
2365 2637 2480 2697 suo,
2515 2632 2651 2687 sicut
2686 2635 2857 2703 primo
2890 2631 3116 2701 homini,
3143 2631 3254 2703 det,
3286 2634 3464 2707 faciat,
3495 2639 3660 2713 tingat
3689 2644 3791 2701 ho-

2208 2724 2469 2793 minibus,
2493 2743 2624 2796 quas
2650 2745 2772 2783 eum
2797 2729 2957 2794 dare,
2987 2720 3162 2786 facere
3183 2773 3198 2798 ,
3228 2731 3432 2804 ﬁngere
3451 2777 3465 2801 ,
3489 2735 3621 2793 iid'es
3642 2739 3792 2796 chri-

2203 2817 2373 2871 stiana
2398 2821 2504 2872 iion
2527 2817 2750 2876 dubitat.
2769 2822 2937 2891 Quam
2956 2822 3304 2896 quastionem
3321 2825 3422 2883 iste
3441 2831 3561 2885 cuto
3579 2834 3793 2893 salvere

2203 2914 2520 2977 conaretur,
2547 2925 2650 2966 nec
2678 2914 2818 2969 vires
2851 2927 2975 2970 suas
3009 2917 3336 2988 intueretur,
3365 2915 3649 2980 destruen's
3675 2929 3793 2983 ant-

2207 3005 2414 3056 tbar'um
2454 3005 2796 3075 propaginem
2823 3049 2837 3075 ,
2869 3013 2924 3064 et
2956 3019 3200 3068 asserens
3230 3021 3321 3070 cas
3355 3023 3515 3088 puras
3548 3014 3793 3077 ab‘umni

2205 3095 2522 3165 contagione
2550 3099 2772 3166 peccati,
2803 3107 2907 3155 no‘n
2938 3097 3005 3157 de
3029 3103 3215 3172 nihilo,
3245 3106 3344 3164 sed
3377 3109 3445 3165 de
3477 3110 3536 3166 se
3559 3111 3676 3181 ipso
3704 3113 3794 3167 iri-

2207 3181 2421 3244 suiilare
2445 3191 2783 3258 Creatorem,
2822 3201 2877 3249 et
2903 3201 3146 3252 naturam
3184 3189 3278 3255 Dei
3305 3195 3669 3260 unnabilitatis
3696 3215 3795 3275 op—

2208 3283 2443 3351 probrio,
2481 3284 2620 3354 quod
2650 3295 2868 3343 necesse
2894 3299 2999 3344 n'on
3029 3289 3223 3358 mem,
3254 3290 3525 3351 infamavit
3545 3315 3557 3362 ;
3580 3303 3635 3353 et
3660 3296 3791 3354 dum

2205 3377 2317 3430 vult
2345 3378 2566 3460 reddere
2601 3380 2896 3449 rationem,
2923 3389 2989 3439 ire
3015 3382 3156 3440 Deus
3190 3387 3716 3460 credaturinjustus',
3742 3407 3796 3449 s-

2209 3485 2367 3538 puras
2389 3458 2455 3525 ab
2485 3471 2630 3526 omni
2658 3484 2876 3544 peccato
2905 3469 3140 3545 animas,
3162 3481 3323 3536 etiam
3354 3481 3470 3538 nias
3495 3458 3626 3554 quas
3648 3485 3792 3541 chri-

2209 3561 2378 3615 stiana
2419 3566 2823 3633 regen'erationc
2859 3583 2964 3623 non
3002 3571 3216 3627 redimit
3256 3567 3296 3638 ί,
3330 3572 3542 3631 vinculo
3586 3580 3794 3647 peccati

2207 3649 2475 3724 originalis
2495 3655 2737 3727 innectit,
2762 3671 2826 3713 ea
2853 3660 2983 3715 dixit
3004 3667 3120 3734 quae
3147 3671 3199 3719 te
3218 3665 3341 3720 nolo
3361 3666 3621 3724 docuerit.
3651 3661 3795 3727 'l‘ah—

2205 3747 2317 3800 iu'm
2349 3748 2488 3802 enim
2518 3740 2704 3806 salutis
2725 3760 2778 3805 et
2807 3751 3073 3808 felicitatis
3099 3758 3204 3809 non
3235 3751 3512 3826 baptizatis
3553 3758 3794 3830 porruiis

2208 3831 2409 3903 tribuit,
2433 3847 2687 3909 quantum
2717 3853 2816 3897 nec
2845 3841 3123 3914 Pelagiana
3154 3843 3373 3902 haeresis
3392 3850 3582 3919 potuit.
3615 3846 3681 3907 Et
3703 3857 3791 3908 ta-

2205 3941 2325 3983 men
2358 3927 2424 3984 de
2468 3935 2544 3985 tot
2574 3929 2808 3988 millibus
2855 3935 3199 4004 parvulorum
3225 3979 3239 4003 ,
3268 3937 3358 4009 qui
3400 3943 3696 3998 nascuntur
3721 3931 3793 4001 ex

2204 4021 2402 4091 impiis,
2450 4033 2501 4078 et
2527 4019 2666 4079 inter
2695 4015 2888 4095 imples
2912 4028 3233 4097 moriuntur,
3263 4035 3368 4087 non
3395 4031 3591 4104 quibus
3619 4037 3795 4094 iionii-

2203 4117 2300 4167 hes
2335 4125 2429 4184 per
2457 4113 2782 4184 Baptismum
2801 4159 2816 4181 ,
2845 4123 2965 4172 eum
3007 4116 3198 4189 velint,
3225 4116 3509 4181 subvenire
3534 4139 3641 4182 non
3661 4131 3778 4200 pus-

2201 4216 2345 4272 sunt,
2375 4207 2468 4261 sed
2489 4207 2556 4262 de
2569 4209 2763 4278 quibus
2793 4209 3120 4280 baptizandis
3145 4215 3304 4270 nemo
3329 4217 3498 4294 potuit
3519 4219 3602 4275 rei
3629 4221 3788 4290 pute-

2203 4299 2273 4353 rit
2298 4299 2552 4369 cogitare;
2579 4316 2678 4357 nec
2693 4303 2968 4376 quisquam
2991 4317 3086 4376 pro
3105 4307 3183 4363 eis
3201 4302 3390 4365 obtulit
3412 4305 3492 4367 rei
3513 4307 3788 4371 oblaturus

2204 4399 2286 4446 est
2311 4393 2628 4448 sacrificium
2649 4437 2664 4463 ,
2705 4393 2848 4466 quod
2888 4399 2989 4454 iste
3014 4401 3173 4455 etiam
3198 4403 3295 4471 pro
3324 4397 3478 4460 nobis
3505 4406 3787 4478 baptiz‘atis

2203 4485 2410 4540 censuit
2456 4479 2784 4544 oii’erendum
2838 4487 2882 4558 ',
2914 4489 3038 4561 quid
3074 4491 3277 4550 diceret
3309 4503 3414 4551 non
3452 4493 3674 4557 invenit.
3713 4497 3790 4560 De

2203 4573 2393 4645 quibus
2421 4577 2465 4631 si
2491 4576 2648 4632 i'tierit
2677 4579 3052 4652 interrogatus,
3081 4589 3268 4640 eorum
3299 4585 3489 4643 animm
3514 4585 3640 4664 quid
3675 4603 3789 4650 me-

2202 4669 2437 4736 ruerint,
2467 4676 2526 4724 ut
2563 4669 2676 4727 illas
2704 4671 2845 4728 Deus
2883 4689 2982 4730 nec
3018 4675 3307 4734 abiuentias
3341 4671 3645 4751 Baptismo,
3692 4699 3790 4744 nec

2203 4761 2490 4832 expiandas
2521 4755 2721 4819 Christi
2750 4767 2989 4836 corporis
3019 4776 3072 4823 et
3100 4771 3372 4841 sanguinis
3409 4773 3710 4845 sacriﬁcio,
3735 4787 3792 4832 et

2202 4849 2256 4907 in
2277 4863 2533 4909 aeternum
2561 4853 2889 4913 damnandus
2913 4860 3061 4914 earni
3095 4861 3297 4917 inserat
3318 4865 3596 4933 peccatrici
3623 4867 3666 4933 ³;
3699 4880 3789 4924 aut

2203 4946 2418 4998 omnino
2444 4944 2684 5014 haerebit,
2710 4955 2762 5004 et
2788 4950 2834 5004 ei
2861 4963 3039 5007 nostra
3067 4957 3332 5011 cunctatio
3359 4955 3441 5012 vel
3471 4973 3594 5014 sero
3619 4958 3793 5030 piaee-

2200 5027 2277 5091 bit
2302 5080 2316 5103 ,
2362 5043 2452 5092 aut
2492 5039 2646 5093 simul
2674 5055 2768 5110 pro
2805 5041 3054 5100 Omnibus
3083 5047 3350 5117 parvulis,
3391 5050 3476 5120 qui
3519 5027 3633 5106 toto
3655 5055 3795 5110 orbe

2201 5135 2460 5184 terrarum
2481 5131 2594 5186 sine
2627 5133 2918 5190 christiano
2945 5135 3266 5208 Baptismat'e
3285 5136 3602 5207 ittdrimiiiir,
3629 5147 3792 5200 etiam

2201 5235 2384 5277 eorum
2418 5224 2720 5280 nominibus
2740 5227 2946 5293 tacitis,
2975 5229 3222 5299 "quoniam
3252 5235 3562 5289 nesciuntur
3591 5233 3647 5289 in
3683 5233 3792 5291 Ec-

2199 5316 2360 5372 ciesia
2391 5315 2588 5372 Christi
2611 5361 2624 5386 ,
2654 5331 2758 5375 non
2795 5319 3142 5393 iii‘corporatis
3170 5325 3384 5394 corpori
3399 5319 3618 5394 Christi,
3653 5327 3790 5385 oil‘e-

2200 5407 2424 5464 remlum
2457 5421 2650 5482 corpus
2674 5411 2870 5468 Christi
2891 5425 3010 5469 esse
3036 5411 3295 5471 censebit.

2268 5493 2494 5556 CAPUT
2521 5495 2660 5557 XVI.
2682 5535 2754 5544 —
2773 5495 2864 5558 ‘22.
2896 5501 3049 5559 Absit
3083 5515 3110 5560 τι
3141 5515 3221 5572 te,
3247 5501 3438 5573 frater,
3464 5517 3525 5563 ut
3555 5507 3673 5565 iure
3695 5511 3794 5567 tibi

2263 5605 2280 5686 ξ
2315 5619 2385 5664 Sic
2416 5619 2754 5686 Germanepsis
2773 5619 2927 5686 eoch
2953 5617 3004 5669 et
3029 5613 3306 5686 Victorinus.
3336 5611 3472 5680 iiditi,
3489 5617 3726 5686 reuma.

2259 5677 2281 5707 ‘
2317 5685 2413 5749 Atti.
2543 5675 2838 5749 eilplerique
2881 5681 2986 5731 MSS.
3008 5720 3021 5742 ,
3045 5680 3191 5732 etiam
3229 5681 3318 5746 pro
3351 5675 3794 5749 twn'baptizaltdis

2199 5739 2716 5812 censuit‘oﬂerendiun.
2758 5739 2772 5743 ’
2981 5739 3049 5812 .'__
3230 5739 3264 5812 '_
3337 5805 3342 5810 ι
3451 5803 3477 5812 _,
3727 5805 3732 5811 _

2264 5799 2283 5830 ³
2325 5799 2498 5872 Beig‘jei
2540 5801 2635 5874 duo
2675 5799 2772 5853 uss.
2797 5839 2811 5863 ,
2848 5803 2991 5874 rami
3029 5801 3282 5860 ittst’rtwrit
3315 5803 3594 5874 peccatrici.
3633 5805 3795 5862 Nostri

2197 5873 2395 5924 omnes,
2429 5862 2596 5915 inserit
2626 5878 2644 5916 :
2666 5862 2914 5929 corrupte.
3315 5862 3327 5874 '
3725 5889 3733 5910 2
