4012 6476
221 448 323 520 σω

221 570 459 651 placeant
478 615 497 651 ,
527 569 671 630 ab‘slt
695 568 769 647 uti
789 570 889 627 ista
912 564 996 624 vel
1023 564 1274 623 didicisse
1301 560 1566 635 gaudeas,
1594 558 1677 613 vel
1700 557 1812 651 Ado-

220 649 655 738 cerepratsumas
684 660 956 733 :alioquin
981 657 1138 730 longe
1166 656 1355 711 melior
1380 651 1679 708 invenietur
1698 649 1813 718 ipse

222 772 375 833 quam
436 762 513 814 tn.
559 755 695 827 quia
724 756 780 811 in
822 751 1042 811 exordio
1084 748 1358 820 primi-sui
1409 744 1531 801 libri
1572 740 1813 799 modeste

222 860 374 923 atque
390 849 673 905 humiliter
695 846 1017 919 prasino-ntus
1043 848 1144 908 est,
1161 838 1347 897 dicens
1371 836 1384 893 ὲ
1417 836 1578 892 «Cum
1601 835 1693 891 tibi
1717 842 1813 905 pa-

222 926 634 1004 reredesidero,
666 947 850 994 notam
886 932 1317 1008 prmSumptlonis
1353 930 1572 986 incurro
1617 927 1657 980 ι.
1697 936 1716 980 t
1747 924 1817 982 Et

222 1030 374 1105 paulo
400 1038 566 1105 post:
602 1050 622 1084 α
643 1023 1134 1099 Quandoquidem,t
1166 1024 1354 1095 inquit,
1381 1040 1400 1074 ι
1430 1028 1530 1077 nec
1546 1019 1673 1075 mihi
1702 1017 1817 1090 ipse

224 1124 318 1183 sim
335 1120 616 1189 credulus,
636 1130 699 1178 ea
725 1132 846 1193 qua:
866 1119 1052 1175 disero
1083 1128 1239 1189 posse
1265 1114 1478 1186 probari
1506 1111 1817 1180 ;studeam-

226 1230 322 1289 que
348 1226 570 1285 semper
606 1214 770 1271 etiam
804 1213 1075 1284 propriam
1103 1209 1423 1266 sententiam
1454 1218 1560 1261 non
1591 1204 1746 1269 tueri,
1769 1203 1817 1258 si

225 1305 596 1379 inprobabilis
622 1305 930 1376 delegatur;
962 1310 1018 1359 et
1043 1303 1114 1357 sit
1138 1301 1266 1356 mihi
1286 1298 1456 1364 cordi,
1487 1296 1702 1369 preprio
1725 1294 1815 1365 ju-

226 1378 359 1456 dicio
382 1397 672 1465 damnato,
697 1394 918 1452 meliora
940 1394 1110 1465 magis
1137 1398 1192 1449 et
1213 1398 1332 1462 qua:
1360 1391 1469 1445 sint
1493 1378 1700 1444 νει-ζοντα
1726 1392 1816 1443 se-

226 1493 372 1550 curi.
395 1486 532 1546 Nam
555 1492 614 1546 ut
639 1498 724 1547 est
749 1488 933 1561 Optimi
956 1486 1211 1559 propesiti
1244 1484 1605 1555 laudandique
1629 1478 1812 1538 consl-

227 1586 307 1655 lii,
327 1582 488 1641 facile
512 1584 580 1639 ad
614 1582 823 1639 veriora
853 1579 1159 1646 transduci;
1188 1578 1259 1633 ita
1289 1574 1517 1646 improbi
1543 1568 1820 1629 obstinati-

227 1695 323 1751 que
351 1678 547 1749 judicii
575 1685 688 1744 est,
720 1676 861 1731 nolle
886 1676 1044 1731 citius
1077 1672 1145 1728 ad
1185 1672 1451 1727 tramitem
1492 1668 1714 1725 rationis
1740 1666 1821 1721 ili-

227 1771 380 1828 ﬂecti.
419 1782 441 1825 δ
478 1769 607 1826 Haec
643 1768 841 1841 quippe
879 1767 969 1824 ille
995 1766 1043 1823 si
1073 1766 1335 1821 veraciter
1360 1763 1524 1827 dixit,
1558 1766 1720 1832 atque
1763 1768 1822 1815 ut

228 1864 431 1919 locutus
455 1866 545 1918 est
570 1862 755 1930 sentit,
776 1872 980 1931 magum
1007 1856 1247 1930 profecto
1270 1857 1383 1927 Spei
1404 1856 1638 1910 animum
1660 1850 1817 1925 gerit.

227 1954 348 2011 item
378 1955 436 2009 in
458 1953 567 2007 ﬁne
596 1951 716 2008 libri
744 1946 965 2007 secundi
990 1967 1045 2003 τι
1073 1949 1184 2004 Nec
1207 1956 1383 2020 putes,
1422 1964 1441 2000 ι
1476 1942 1666 2017 inquit,
1714 1962 1732 1996 ‹
1753 1944 1820 1999 ad

228 2042 473 2102 invidiam
501 2052 651 2099 tuam
691 2042 911 2099 forsitan
937 2040 1325 2106 revocandum,
1360 2030 1503 2109 quod
1542 2038 1594 2091 in
1622 2047 1706 2092 tua
1735 2034 1821 2089 dl-

228 2144 429 2197 ctorum
448 2144 697 2193 ineorum
716 2134 1035 2192 cbnStituam
1059 2120 1616 2205 pdtestatejudiclnm.
1649 2131 1725 2184 Ac
1751 2140 1820 2183 nc

226 2230 355 2287 forte
374 2230 698 2301 cujusquam
718 2224 911 2284 curiosi
940 2222 1155 2283 lectoris
1180 2226 1419 2294 obtutus,
1462 2225 1602 2279 inter
1620 2218 1778 2279 illitas
1799 2225 1819 2255 ³

230 2323 380 2381 ﬁbras
405 2325 799 2380 elementorum
846 2320 1067 2391 vestigia
1100 2318 1429 2376 remanentia
1451 2318 1740 2373 sollicitent
1769 2324 1823 2372 et

228 2414 525 2481 olendant,
574 2420 881 2469 contextam
925 2411 1134 2483 pagina:
1172 2413 1367 2467 seriem
1397 2402 1587 2481 pollice
1623 2416 1816 2465 severo

230 2507 465 2578 discerpe
492 2520 507 2561 :
536 2518 732 2578 meque
762 2500 919 2575 hujus
938 2504 1207 2560 censionls
1232 2511 1473 2575 experte,
1503 2502 1648 2573 puni,
1682 2512 1824 2555 atra-

230 2604 401 2656 atenta
429 2614 553 2671 qua:
578 2597 793 2669 indigna
822 2592 1031 2669 eloquia
1058 2597 1403 2667 signaverunt
1435 2595 1478 2661 ⁸;
1511 2611 1578 2651 ne
1604 2591 1703 2650 llac
1727 2606 1821 2649 oc-

228 2694 439 2749 caSione
466 2701 524 2749 et
560 2702 708 2746 tuum
738 2704 862 2762 erga
907 2705 992 2745 me
1026 2689 1319 2762 judicium,
1362 2704 1468 2759 quo
1504 2686 1634 2742 mihi
1656 2686 1822 2743 vehe-

228 2792 436 2841 menter
470 2782 720 2854 indulges
742 2824 758 2851 ,
794 2790 850 2837 et
884 2794 1018 2838 meae
1055 2789 1175 2853 quae
1211 2774 1450 2837 latebant
1488 2778 1701 2850 ineptiae
1750 2777 1825 2833 ri-

230 2876 473 2932 deantur.
510 2892 535 2929 ι

288 2970 526 3029 CAPUT
563 2968 728 3026 XVII.
758 2999 831 3011 —
854 2966 944 3025 23.
969 2965 1078 3024 lsto
1108 2967 1268 3038 igitur
1296 2978 1417 3022 cum
1461 2964 1549 3023 ille
1576 2978 1703 3021 suos
1754 2954 1821 3019 li-

227 3063 344 3121 bros
379 3072 441 3120 et
479 3063 635 3119 initio
662 3061 1093 3133 prtemuniverit,
1124 3060 1178 3116 et
1204 3059 1435 3115 termino
1461 3058 1825 3114 communive-

228 3156 325 3223 rit,
357 3164 529 3227 atque
558 3156 664 3210 tuis
707 3151 943 3209 bunteris
987 3150 1306 3224 imposuerit
1350 3164 1486 3205 onus
1512 3149 1823 3221 religiosum

226 3249 581 3305 correctionis
607 3258 661 3303 et
702 3244 1091 3303 emendationis
1118 3256 1228 3300 suae
1256 3261 1271 3299 :
1299 3243 1404 3299 hoc
1430 3228 1570 3314 apud
1600 3252 1651 3299 te
1673 3241 1823 3297 in‘vc-

228 3341 330 3396 aiat
354 3339 504 3412 quod
537 3339 757 3410 petivit,
796 3344 854 3393 ut
893 3335 1147 3393 emendes
1176 3344 1299 3392 eum
1323 3333 1496 3407 justus
1530 3334 1584 3389 in
1612 3332 1823 3405 miseri-

228 3435 400 3490 cordia
421 3476 438 3500 ,
473 3442 530 3488 et
556 3444 749 3504 arguas
777 3440 930 3499 eum;
960 3426 1139 3486 oleum
1186 3438 1364 3486 autem
1393 3428 1691 3501 peccatoris
1719 3428 1826 3498 quo

228 3527 592 3597 inipinguetur
629 3530 788 3596 caput
815 3524 931 3595 ejus
960 3516 1134 3594 (Padi.
1163 3536 1266 3579 cxt.
1289 3564 1305 3590 ,
1352 3522 1451 3595 5),
1484 3521 1624 3577 absit
1648 3535 1678 3575 a
1708 3537 1825 3574 ma-

224 3624 375 3679 nibus
405 3630 571 3692 atque
613 3618 783 3674 oculis
825 3616 966 3684 tuis,
998 3612 1051 3672 id
1078 3624 1195 3686 est,
1241 3614 1532 3672 assentatio
1571 3614 1826 3671 indecens

284 3798 304 3828 ⁸
336 3794 483 3853 editi,
744 3796 846 3842 ouo
870 3796 997 3853 Mss,
1018 3788 1235 3842 tricena.

283 3859 304 3919 ξ
336 3864 391 3906 In
416 3852 551 3915 etsist,
574 3852 791 3906 illicitas.
902 3912 924 3919 Α,

286 3914 307 3951 ⁸
340 3911 576 3981 Μηᾚῐί,
597 3920 847 3981 expertem
864 3911 983 3981 pingi
1002 3927 1019 3977 ;
1044 3921 1096 3965 et
1116 3913 1262 3963 iidem
1278 3925 1386 3964 cum
1408 3919 1539 3981 Loth,
1562 3918 1830 3981 atrmnento

287 3946 306 3951 -
340 3946 446 3966 ηιμ.
474 3946 524 3966 τ..
540 3954 576 3977 .,
597 3946 608 3964 .
625 3946 847 3979 ,ιμωιιηι
866 3946 983 3981 μη...
1002 3953 1015 3977 ,
1044 3946 1096 3965 υι
1278 3946 1386 3964 ω...
1409 3946 1515 3962 μυ..
1562 3946 1825 3965 unum"...

228 3986 330 4043 quae
349 3979 563 4045 Mign
580 3976 775 4040 elocuto
794 3974 1205 4048 significaverim.
1222 3983 1312 4048 nos
1336 3987 1400 4025 ex
1418 3946 1671 4048 plerisque
1695 3980 1825 4048 nisa,

229 4040 529 4105 cucumis;
553 4054 622 4092 ex
643 4041 957 4105 Germanensi
980 4040 1167 4105 codice,
1205 4040 1528 4102 signaverunt.
1563 4044 1685 4105 ires
1718 4044 1825 4086 Mss.

229 4104 345 4167 apud
371 4110 484 4153 hor.
507 4097 523 4153 Ξ
550 4112 723 4167 neque
742 4100 886 4167 hujus
908 4097 1415 4167 ςεηξὶωᾷξεπρενιεηι
1430 4135 1446 4160 ,
1470 4097 1673 4164 puniant
1695 4104 1828 4150 atra-

228 4159 381 4218 menta
403 4175 518 4230 qua
539 4159 748 4228 indigna
763 4159 954 4227 eloquia
974 4159 1385 4229 siglttﬁcaverwzt.
1432 4159 1513 4210 ’a.

238 4286 1365 4309 h—b————

1575 434 1780 498 omen
1817 422 2130 493 trimus.

3372 414 3373 421 Ν
3401 422 3507 499 tio

1920 543 2185 608 adulantis
2208 593 2223 619 ,
2250 556 2305 606 et
2323 550 2627 621 de‘ceptbria
2652 548 2893 605 lenitudo
2918 534 3260 606 blandientis.
3287 540 3440 619 quod
3462 553 3508 609 si

1921 643 2213 700 emendare
2233 643 2454 715 negligis
2474 654 2597 698 cum
2614 641 2793 698 videas
2818 641 3230 710 emendandum,
3253 642 3511 701 adversus

1920 735 2236 791 charitatem
2262 734 2391 789 iacis
2419 751 2433 788 :
2463 734 2508 788 si
2534 745 2711 789 autem
2736 734 2831 789 tibi
2869 734 3235 789 emendandus
3259 728 3512 806 propter-

1921 842 1983 884 ea
2015 842 2120 882 non
2150 827 2386 892 videtur,
2440 827 2560 897 quia
2597 835 2748 896 putas
2776 836 2899 881 eum
2928 834 3072 882 recte
3110 827 3209 881 ista
3238 825 3508 893 sensisse;

1921 918 2181 974 adversus
2215 917 2495 973 veritatem
2537 920 2699 987 sapis.
2749 917 2818 971 Et
2861 919 2980 973 ideo
3024 918 3112 973 ille
3156 918 3370 985 melior,
3421 921 3510 990 qui

1921 1012 2195 1069 emendari
2236 1021 2319 1067 est
2365 1012 2630 1083 paratior,
2672 1010 2717 1066 si
2761 1023 2864 1065 non
2910 1011 3136 1066 defuerit
3177 1011 3507 1076 emendator,

1922 1116 2081 1175 quam
2111 1110 2186 1171 tu,
2205 1104 2252 1159 si
2281 1104 2363 1159 vel
2393 1105 2570 1159 sciens
2596 1101 2878 1157 irridenter
2897 1103 3197 1156 contemnis
3223 1106 3509 1169 errantem,

1922 1196 2005 1253 rei
2048 1196 2293 1251 nesciens
2337 1195 2538 1265 pariter
2566 1194 2788 1250 sectaris
2813 1204 3071 1248 errorem.
3113 1192 3302 1247 Omnia
3336 1195 3515 1263 itaque

1923 1288 1976 1343 in
2006 1287 2207 1342 eisdem
2256 1286 2405 1342 libris
2446 1285 2511 1340 ad
2558 1294 2610 1340 te
2653 1284 2868 1356 scriptis
2896 1292 2947 1340 et
2980 1286 3072 1339 tibi
3101 1285 3309 1340 traditis
3337 1287 3517 1340 sobrie

1922 1378 2309 1448 vigilanterqne
2332 1377 2647 1444 considam,
2676 1386 2731 1432 et
2772 1376 2920 1446 plura
2949 1380 3108 1446 qnam
3140 1388 3241 1446 ego
3271 1377 3511 1431 invenies

1924 1469 2152 1525 fortasse
2173 1469 2456 1538 culpanda.
2476 1469 2543 1523 Et
2562 1474 2910 1539 qurecumque
2934 1469 3004 1523 ibi
3033 1472 3157 1523 sunt
3179 1466 3517 1537 approbando

1925 1569 2086 1631 atque
2111 1558 2371 1617 laudanda
2392 1603 2407 1627 ,
2431 1561 2475 1616 si
2510 1560 2636 1631 quid
2661 1562 2712 1616 in
2739 1561 2817 1615 eis
2840 1568 3027 1616 revera
3058 1561 3278 1616 forsitan
3306 1561 3517 1632 ignora-

1927 1651 2051 1718 bas,
2094 1662 2252 1723 atque
2295 1653 2398 1707 isto
2425 1652 2727 1708 disserente
2753 1652 3017 1719 didicisti,
3048 1652 3324 1707 evidenter
3351 1653 3516 1724 proﬂ-

1926 1752 2042 1801 tere
2069 1746 2194 1816 quid
2224 1745 2355 1800 illud
2379 1746 2483 1810 sit;
2530 1754 2589 1799 ut
2629 1745 2697 1799 de
2736 1746 2839 1800 hoc
2869 1751 2920 1800 te
2945 1746 3143 1815 gratias
3172 1746 3344 1816 egisse
3368 1789 3382 1813 ,
3412 1759 3518 1801 non
3610 1772 3615 1779 ν

1928 1834 1996 1892 de
2023 1837 2106 1891 bis
2136 1852 2255 1908 quae
2285 1837 2393 1891 illic
2421 1836 2766 1907 improbanda
2800 1842 2904 1890 tam
2947 1836 3110 1890 multa
3142 1838 3265 1890 sunt
3285 1879 3298 1903 ,
3328 1853 3517 1892 omnes

1926 1929 2208 1994 noverint,
2252 1929 2344 2000 qui
2384 1929 2469 1983 vel
2512 1929 2769 1983 recitante
2812 1928 2904 1983 illo
2933 1938 3109 1983 tecum
3144 1913 3310 1983 'sitnul
3339 1929 3523 1985 audie-

1927 2030 2054 2076 runt.
2075 2021 2209 2088 ,πει
2246 2019 2463 2077 eosdem
2508 2028 2692 2091 postea
2722 2019 2890 2075 libros
2918 2020 3196 2091 legerunt:
3227 2035 3294 2076 ne
3325 2021 3376 2075 in
3408 2020 3521 2091 ejus

1929 2120 2120 2167 ornato
2147 2112 2360 2183 eloquio
2386 2120 2636 2183 tanquam
2673 2111 2725 2166 in
2767 2114 3003 2182 pretioso
3048 2111 3241 2182 poculo
3286 2119 3336 2167 te
3381 2112 3519 2167 invi-

1930 2215 2105 2271 tante,
2135 2207 2235 2261 etsl
2267 2218 2374 2262 non
2401 2206 2615 2261 bibente
2636 2248 2649 2272 ,
2674 2220 2940 2261 venenum
2980 2206 3198 2274 bibant,
3232 2202 3277 2263 si
3310 2217 3361 2262 tu
3392 2206 3517 2278 quid

1928 2296 2051 2370 inde
2083 2297 2279 2352 biberis
2303 2339 2317 2363 ,
2349 2304 2403 2352 et
2441 2294 2568 2368 quid
2596 2310 2701 2353 non
2742 2297 2941 2352 biberis
2987 2297 3262 2364 neseiunt,
3294 2310 3347 2354 et
3394 2312 3519 2370 pro-

1936 2397 2054 2459 pter
2079 2388 2285 2443 laudem
2318 2392 2460 2443 tuom
2492 2389 2669 2444 omnia
2701 2388 2811 2443 illic
2857 2388 3087 2443 bibenda
3128 2389 3411 2445 salubriter
3438 2398 3525 2444 ar-

1930 2477 2215 2536 bitrantur.
2243 2480 2495 2547 Quamvis
2524 2488 2578 2535 et
2607 2480 2792 2535 audire
2810 2522 2823 2545 ,
2849 2490 2902 2535 et
2923 2482 3099 2550 legere
3117 2524 3129 2546 ,
3160 2484 3214 2536 et
3236 2490 3353 2552 quae
3379 2482 3520 2537 dicta

1928 2581 2052 2626 sunt
2078 2571 2290 2626 haurire
2310 2572 2586 2638 memoria,
2609 2571 2733 2641 quid
2763 2580 2845 2627 est
2873 2573 2974 2627 nisi
3006 2568 3227 2627 bibere?
3255 2570 3359 2629 Sed
3384 2582 3522 2643 prro-

1928 2663 2065 2719 dixit
2093 2662 2346 2717 Dominus
2373 2662 2440 2717 de
2471 2663 2714 2718 fidelibus
2744 2664 2854 2717 suis
2876 2706 2889 2728 ,
2910 2665 2915 2671 ’
2937 2661 3079 2733 quod
3120 2672 3167 2718 et
3208 2663 3253 2717 si
3292 2666 3521 2736 mortife-

1927 2767 2044 2809 rum
2066 2754 2189 2826 quid
2206 2754 2423 2809 biberint
2443 2795 2458 2820 ,
2482 2768 2581 2809 mm
2604 2756 2673 2810 eis
2699 2755 2893 2809 nocebit
2920 2752 3113 2827 (Marc.
3146 2760 3229 2810 im
3250 2796 3266 2822 ,
3300 2754 3409 2827 18).
3442 2757 3519 2811 Ac

1930 2860 2029 2920 per
2058 2848 2158 2903 hoc
2187 2849 2275 2919 qui
2303 2862 2425 2902 cum
2449 2848 2650 2917 judicio
2674 2847 2874 2918 legunt,
2898 2854 2951 2903 et
2973 2846 3263 2903 secundum
3287 2849 3520 2917 regulam

1931 2939 2054 2995 ﬁdei
2098 2938 2442 3010 approbando
2490 2938 2812 3009 approbant,
2864 2948 2917 2995 et
2962 2938 3265 3011 inprobant
3320 2940 3521 3010 impro-

1929 3032 2141 3100 banda;
2171 3033 2381 3088 etiamsi
2424 3034 2799 3087 commendant
2842 3034 3114 3088 memoria:
3160 3040 3276 3103 qua:
3319 3032 3522 3104 impro-

1931 3124 2110 3180 banda
2152 3124 2420 3193 dicuntur,
2454 3125 2599 3179 nulla
2629 3128 2890 3179 venenata
2933 3127 3316 3179 sententiarum
3346 3120 3524 3195 pravi-

1932 3224 2043 3272 tate
2088 3215 2374 3271 laeduntur.
2423 3216 2549 3271 iitec
2590 3228 2677 3271 me
2714 3214 3040 3271 Gravitatem
3094 3225 3147 3271 et
3195 3216 3523 3287 Religionem

1931 3317 2077 3364 tuam
2098 3346 2114 3376 ,
2165 3308 2279 3363 sive
2307 3314 2485 3362 mutua
2508 3347 2526 3375 ,
2573 3310 2686 3363 sive
2730 3309 2928 3377 prmia
2964 3305 3223 3363 charitate
3254 3308 3526 3364 monuisse

1934 3399 2019 3454 vel
2046 3398 2443 3454 commonuisse
2488 3398 2710 3453 minime
2749 3397 3058 3467 paenitebit,
3094 3396 3319 3453 Domino
3362 3399 3526 3454 mise-

1932 3500 2114 3554 rante,
2143 3488 2547 3560 quomodolibet
2590 3488 2853 3558 accipias,
2906 3488 3049 3558 quod
3085 3484 3180 3542 tibi
3225 3498 3529 3559 praerogati-

1933 3580 2059 3636 dom
2090 3580 2291 3651 putavi.
2338 3581 2502 3650 Agam
2531 3590 2659 3635 vero
2689 3580 2735 3633 el
2766 3580 2959 3635 uberes
3003 3579 3199 3649 gratias
3222 3621 3236 3644 ,
3265 3572 3334 3633 de
3375 3581 3527 3648 cujus

1932 3672 2298 3729 misericordia
2338 3672 2746 3727 saluberrimum
2774 3678 2858 3726 est
2888 3669 3051 3725 ildere
3070 3710 3085 3735 ,
3115 3666 3157 3724 si
3189 3669 3257 3724 ab
3287 3668 3373 3724 llis
3402 3680 3528 3740 pra-

1932 3766 2191 3822 vitatibus
2219 3774 2274 3821 et
2297 3764 2605 3831 erroribus,
2647 3776 2783 3834 quos
2823 3776 2890 3817 ex
2934 3761 3084 3816 libris
3108 3758 3270 3830 huius
3301 3760 3529 3816 heminis

1934 3859 2221 3915 ostendam
2272 3852 2356 3913 liis
2410 3856 2604 3912 litteris
2665 3855 2845 3926 pctui,
2900 3851 3129 3909 alienam
3180 3860 3340 3923 atque
3387 3853 3528 3907 inte-

1932 3965 2085 4022 grain
2111 3951 2272 4006 tidem
2302 3958 2483 4018 tuam,
2511 3947 2596 4004 vel
2625 3949 2887 4003 invenerit
2909 3944 3134 4017 epistola
3180 3943 3311 4012 ista,
3339 3944 3422 3999 vel
3450 3944 3531 3999 ie-

1940 4043 2049 4100 ceri
2057 4051 2093 4101 t.

1239 4264 2287 4472 ῖῆςἙῐΊῈηΤι
2309 4352 2515 4464 vs.

1316 4550 1424 4611 AD
1466 4530 1967 4611 VINCENTIUM
2010 4540 2454 4607 VICTOREM.

285 4684 542 4735 Vincentio
581 4677 762 4739 Victori
783 4681 1017 4739 monstrat
1037 4687 1105 4739 qu

1106 4686 1151 4725 ω
1173 4684 1384 4725 necesse
1405 4679 1482 4722 est
1506 4672 1560 4723 in
1589 4671 1692 4721 suis
1709 4670 1773 4721 de
1796 4669 1988 4729 origine
2011 4667 2184 4718 animae
2202 4667 2341 4717 libris
2377 4663 2627 4729 emendet,
2666 4663 2710 4714 si
2748 4661 2856 4729 vult
2893 4674 3006 4713 esse
3323 4677 3337 4714 ε
3377 4672 3538 4729 eaque

227 4726 567 4808 alligor—ilius
588 4726 731 4808 libris
748 4726 813 4808 ad,
832 4726 1073 4808 “libatum.
1107 4742 1161 4787 et
1202 4735 1261 4784 ad
1293 4741 1483 4808 εἶξδῐνυῐῐι
1497 4735 1599 4808 1³ίῇ
1632 4732 1860 4794 rerum”:
1874 4726 1979 4781 ἶιοο
2012 4731 2159 4782 tam"
2178 4730 2240 4780 ad
2261 4736 2497 4778 “a0er
2520 4727 2676 4790 ipsum
2698 4726 2878 4789 scrip“)
2893 4726 3180 4791 [ὠψωδῆ
3200 4726 3420 4780 brevmr
3446 4726 3539 4778 Au-

227 4796 486 4869 g'uinus,
530 4810 586 4856 et
617 4803 680 4853 ad
710 4801 936 4853 undecim
968 4808 1189 4850 errorum
1220 4796 1377 4859 capita
1407 4796 1625 4846 remeat.

1697 4895 2066 4954 ὠῖδΞῖιΜὲϐθ
2448 4898 2457 4904 ’
3226 4946 3229 4949 .

294 5004 533 5075 CAPUT
574 5004 858 5073 PRIMUM.
890 5044 962 5055 —
1000 5012 1052 5068 Ι.
1081 5008 1234 5081 Quod
1261 5009 1391 5065 mihi
1423 5007 1489 5063 ad
1513 5016 1563 5065 te
1585 5007 1830 5064 scriben-
1945 5006 2014 5060 hc
2044 4990 2117 5057 sis
2144 5016 2317 5057 novus
2342 4998 2659 5083 haereticus,
2682 5008 2735 5057 et
2760 5009 2818 5055 ut
2843 4999 2916 5055 sis
2946 4998 3065 5053 talis
3093 4996 3386 5054 catholicus
3406 5038 3419 5063 ,
3453 4999 3539 5054 cui

229 5114 355 5170 dum
401 5106 624 5184 putavi,
674 5104 776 5163 hoc
804 5106 951 5176 prius
988 5104 1222 5176 cogites,
1257 5103 1327 5157 tili
1359 5100 1705 5159 dilectissime
1739 5100 1830 5154 Vi-

228 5214 364 5273 ctor,
400 5203 557 5268 volo,
611 5200 654 5256 si
694 5207 744 5255 te
783 5204 1184 5253 contemnerem
1207 5235 1231 5273 ,_
1270 5208 1601 5264 nequaquam
1646 5190 1700 5247 id
1747 5205 1832 5247 me

229 5270 398 5352 fuisse
421 5290 705 5350 facturum.
732 5289 841 5346 Nec
868 5283 988 5345 ideo
1015 5297 1191 5342 tamen
1220 5270 1525 5341 humilitate
1555 5292 1733 5339 nostra
1755 5284 1834 5340 sic

230 5386 473 5445 abuteris
492 5427 507 5451 ,
537 5386 596 5439 tit
622 5388 902 5454 propterea
930 5388 983 5435 te
1009 5378 1281 5434 existimes
1301 5377 1653 5447 approbatum
1675 5417 1689 5437 ,
1712 5375 1834 5444 quia

228 5481 412 5538 cernis
438 5494 546 5534 non
575 5476 740 5531 fuisse
764 5481 1151 5543 contemptum.
1174 5468 1288 5529 Non
1311 5468 1452 5525 enim
1482 5465 1835 5538 sequendum,

229 5573 327 5629 sed
371 5565 753 5639 corrigendum
796 5578 851 5622 te
887 5564 1052 5634 diligo
1093 5581 1107 5620 :
1137 5571 1192 5617 et
1217 5562 1470 5633 quoniam
1502 5574 1604 5614 nec
1641 5558 1838 5629 corrigi

229 5679 396 5736 posse
438 5663 712 5732 despero,
764 5658 889 5714 nolo
940 5655 1153 5710 mireris
1200 5668 1287 5708 me
1336 5660 1685 5708 contemnere
1730 5663 1837 5704 non

230 5773 399 5830 posse
426 5756 591 5828 quem
638 5752 819 5823 diligo.
848 5750 904 5807 Si
931 5750 1074 5806 enim
1108 5758 1161 5802 te
1189 5756 1474 5816 antequam
1504 5746 1660 5800 nobis
1686 5752 1839 5798 com-

230 5848 577 5915 municatos,
650 5846 871 5919 diligere
928 5840 1124 5907 debui,
1183 5846 1243 5896 ut
1300 5850 1448 5895 esses
1510 5832 1847 5902 catholicus;

234 5950 445 6014 quanto
469 5940 643 6015 magis
667 5947 718 6005 te
731 5937 843 6013 iam
870 5936 1359 5997 communicanth
1380 5931 1609 6002 diligere
1630 5928 1843 5996 debeo,

1941 5095 2194 5151 resistere
2216 5091 2389 5147 nullus
2416 5093 2584 5163 possit
2605 5090 2924 5149 haereticus?
2961 5089 3225 5160 Quantum
3254 5090 3395 5146 enim
3425 5106 3523 5158 ap-

1944 5193 2096 5256 paret
2140 5199 2206 5238 ex
2252 5181 2405 5236 donis
2452 5183 2689 5254 ingenii,
2736 5197 2852 5252 qua:
2886 5180 2999 5253 jam
3052 5181 3145 5241 tibi
3191 5181 3410 5251 largitus
3450 5190 3533 5233 est

1945 5276 2108 5339 Deus,
2130 5272 2366 5345 proiecto
2392 5274 2605 5344 sapiens
2620 5274 2746 5340 eris,
2782 5272 2828 5329 si
2857 5282 2909 5329 te
2933 5288 3039 5329 non
3070 5288 3190 5329 esse
3209 5271 3538 5335 credideris;

1946 5370 2106 5440 atque
2127 5376 2185 5421 ut
2213 5364 2317 5432 sis,
2349 5366 2417 5423 ab
2458 5364 2547 5421 illo
2576 5366 2665 5438 qui
2696 5365 2821 5421 facit
2848 5366 3117 5437 sapientes
3139 5406 3153 5431 ,
3184 5364 3269 5435 pie
3290 5403 3305 5428 ,
3335 5363 3536 5431 supplit

1946 5460 2101 5528 citer,
2148 5462 2513 5531 instanterque
2571 5460 2914 5532 poposceris;
2962 5468 3015 5515 et
3062 5456 3312 5525 malueris
3357 5471 3541 5515 errore

1948 5567 2055 5607 non
2083 5548 2257 5622 decipi
2280 5592 2297 5620 ,
2335 5568 2491 5623 quam
2518 5552 2807 5608 errantium
2840 5544 3081 5604 laudibus
3107 5545 3376 5601 honorari.

2020 5646 2247 5706 CAPUT
2277 5646 2341 5705 ll.
2367 5675 2442 5705 -τ-
2463 5646 2520 5701 2.
2551 5646 2710 5701 Prius
2738 5659 2823 5699 me
2851 5643 2904 5697 in
2936 5643 3086 5697 libris
3114 5640 3219 5695 tuis
3246 5640 3431 5695 titulus
3456 5630 3533 5721 lui

1950 5740 2181 5795 nominis
2219 5753 2315 5809 pro
2345 5748 2397 5793 te
2442 5724 2726 5792 sollicitum
2772 5732 3024 5790 reddidit.
3075 5730 3206 5786 Cum
3246 5732 3392 5787 enim
3422 5724 3538 5800 quis

1952 5841 2097 5890 esset
2122 5832 2430 5888 Vincentius
2458 5830 2661 5896 Victor,
2708 5829 2776 5881 ab
2813 5826 2891 5881 eis
2930 5825 3023 5895 qui
3064 5833 3118 5879 te
3161 5832 3419 5905 noverant
3435 5832 3542 5905 ,ζει

1951 5925 2088 5981 forte
2126 5924 2349 5980 aderant
2370 5963 2384 5991 ,
2415 5920 2789 5994 requisissem;
2816 5914 2999 5973 audivi
3043 5926 3096 5974 te
3123 5915 3284 5974 fuisse
3316 5902 3540 5972 Donati-
