4012 6542
459 443 559 504 δη

459 572 629 631 stam,
655 564 742 620 vel
781 562 958 634 potius
984 559 1314 632 Rogatistam
1334 600 1350 625 ,
1393 571 1565 627 nuper
1588 561 1764 610 autem
1793 566 2038 608 commu-

460 654 670 711 nicasse
698 633 1004 710 Catholicae.
1038 653 1105 707 Et
1141 666 1262 707 cum
1289 649 1572 721 gauderem
1605 655 1806 701 tantum
1832 686 1847 711 ,
1875 658 2044 715 quan-

460 758 570 805 tum
599 749 666 805 de
687 748 768 803 his
789 748 1023 804 solemus
1043 789 1058 815 ,
1079 761 1214 817 quos
1235 745 1304 800 ab
1329 744 1420 799 illo
1442 757 1624 798 errore
1653 740 1904 794 liberatos
1925 751 2044 792 esse

459 843 868 914 cognoscimus;
915 842 1021 896 imo
1045 856 1174 896 vero
1203 839 1364 894 etiam
1406 837 1574 891 multo
1615 833 1875 903 amplius,
1903 829 2044 902 quod

459 937 728 1007 ingenium
756 942 904 990 tuum
929 977 944 1002 ,
987 933 1129 1005 quod
1169 930 1472 987 delectabar
1499 929 1552 983 in
1579 927 1770 982 litteris
1795 925 1896 978 tuis
1919 966 1934 990 ,
1965 923 2045 977 vi-

459 1028 651 1084 debam
694 1043 801 1084 non
847 1028 1170 1083 remansisse
1213 1025 1352 1095 apud
1392 1021 1727 1079 adversarios
1759 1019 2043 1073 veritatis:

462 1123 699 1178 additum
729 1130 812 1179 est
837 1137 868 1176 a
892 1119 1284 1186 referentibus,
1325 1133 1433 1189 quo
1474 1131 1562 1170 me
1589 1115 1728 1169 inter
1767 1112 1858 1167 illa
1914 1126 2048 1181 gau-

461 1214 549 1270 dia
587 1214 957 1281 contristaret,
1005 1213 1125 1268 ideo
1169 1220 1220 1266 te
1251 1207 1614 1281 cognominari
1650 1204 1884 1260 voluisse
1919 1203 2047 1258 Vin-

461 1307 722 1371 centium,
753 1306 894 1376 quod
934 1305 1120 1375 Rogati
1148 1317 1512 1359 successorem
1533 1342 1547 1364 ,
1579 1299 1669 1370 qui
1701 1298 1804 1352 hoc
1831 1295 2048 1350 nomine

462 1399 760 1468 appellatus
789 1407 870 1453 est
891 1438 907 1464 ,
934 1398 1107 1452 adhuc
1149 1406 1398 1466 tanquam
1427 1409 1677 1464 magnum
1707 1401 1763 1448 et
1804 1398 2046 1446 sanctum

465 1489 637 1542 virum
685 1488 863 1543 animo
890 1496 1106 1553 teneas;
1136 1495 1190 1542 et
1215 1487 1283 1540 ob
1324 1486 1424 1540 hoc
1469 1485 1608 1539 illius
1638 1498 1830 1538 nomen
1851 1523 1867 1546 ,
1901 1490 2047 1535 tuum

463 1579 698 1633 volueris
726 1593 846 1634 esse
873 1593 1190 1649 cognomen.
1221 1577 1331 1632 Nec
1361 1575 1642 1632 defuerunt
1665 1575 1756 1644 qui
1783 1574 2042 1637 dicerent,

463 1671 622 1724 etiam
651 1669 751 1725 hoc
773 1685 800 1723 a
830 1679 883 1726 te
903 1669 1066 1726 fuisse
1081 1671 1337 1741 jactatum
1366 1671 1407 1736 ι,
1440 1669 1581 1740 quod
1605 1669 1718 1738 ipse
1745 1668 1839 1722 tibi
1868 1667 2048 1722 nescio

463 1776 566 1830 qua
597 1759 800 1814 visione
823 1762 1160 1831 apparuerit,
1191 1768 1353 1830 atque
1381 1759 1449 1814 ad
1477 1759 1576 1814 hos
1603 1757 1964 1813 conficiendos
1986 1757 2050 1810 li-

464 1851 626 1914 bros,
669 1853 736 1906 de
767 1853 956 1921 quibus
988 1861 1162 1907 tecum
1208 1867 1368 1922 agere
1417 1851 1517 1905 isto
1562 1858 1747 1904 nostro
1788 1847 2049 1918 opusculo

465 1943 698 2008 instituti,
735 1944 812 1998 sic
851 1943 1142 2013 adjuverit,
1175 1953 1232 1997 ut
1267 1959 1328 1998 ea
1379 1943 1468 1998 tibi
1509 1941 1854 2007 scribenda’,
1882 1955 2051 2011 quan-

470 2041 580 2087 tum
611 2034 676 2088 ad
720 2049 805 2089 res
848 2034 990 2104 ipsas
1021 2034 1360 2104 rationesque
1406 2034 1628 2100 attinet,
1659 2033 1772 2103 ipse
1800 2032 2045 2087 dictaret.

467 2123 619 2190 Quod
647 2125 689 2178 si
722 2140 905 2179 verum
946 2135 1061 2190 est,
1099 2126 1210 2194 jam
1243 2136 1293 2179 te
1335 2125 1420 2178 illa
1460 2124 1638 2178 dicere
1671 2124 1905 2193 potuisse
1943 2137 2048 2176 non

471 2217 655 2281 miror,
678 2233 797 2287 quae
817 2259 831 2282 ,
864 2218 908 2271 si
935 2218 1194 2286 patienter
1220 2218 1486 2272 auscultes
1514 2216 1864 2271 admonitioni
1893 2231 2043 2275 mete.

465 2318 520 2363 et
548 2323 641 2364 eos
683 2310 847 2365 libros
889 2310 1147 2365 catholica
1185 2319 1363 2364 mente
1399 2310 1707 2364 consideres
1737 2319 1894 2380 atque
1924 2324 2049 2378 per-

467 2406 662 2453 tractes
682 2441 696 2465 ,
723 2410 774 2454 te
798 2398 998 2455 dixisse
1025 2402 1203 2470 procul
1226 2401 1388 2456 dubio
1416 2401 1712 2469 pcenitebit.
1743 2401 1831 2456 Ille
1854 2401 2051 2472 quippe

466 2491 554 2560 qui
583 2507 666 2558 se,
697 2491 835 2546 sicut
868 2507 990 2547 eum
1037 2492 1214 2561 prodit
1254 2494 1577 2562 Apostolus,
1625 2494 1950 2564 transﬁgurat
1998 2494 2052 2546 in

467 2584 702 2653 angelum
739 2585 865 2640 lucis
894 2584 977 2655 (ll
1001 2585 1117 2640 Cor.
1147 2602 1198 2641 xl
1219 2627 1234 2652 ,
1267 2585 1377 2659 M).
1411 2588 1462 2641 in
1493 2601 1614 2641 eum
1646 2586 1737 2642 tibi
1767 2596 1850 2642 est
1878 2596 2050 2642 trans-

469 2675 754 2745 figuratus,
797 2691 953 2746 quem
985 2687 1038 2731 tu
1071 2676 1232 2734 fuisse
1272 2680 1352 2733 vel
1375 2694 1493 2734 esse
1520 2687 1769 2750 tanquam
1797 2679 1930 2734 lucis
1959 2695 2054 2733 an-

467 2768 643 2836 gelum
669 2766 862 2822 credis.
887 2769 953 2822 Et
980 2783 1045 2823 eo
1065 2769 1277 2839 quidem
1305 2769 1464 2823 modo
1495 2771 1670 2824 minus
1691 2770 1756 2824 ad
1785 2770 2054 2840 decipien-

473 2860 570 2914 dos
595 2860 897 2915 Catbolicos
917 2863 1088 2925 valet,
1117 2860 1331 2932 quando
1356 2876 1414 2916 se
1440 2878 1546 2916 non
1572 2863 1622 2915 in
1651 2861 1784 2916 lucis
1812 2863 2050 2931 angelos,

469 2949 564 3004 sed
593 2950 644 3002 in
677 2948 1320 3022 haereticos‘trausligurat
1357 2967 1372 3004 :
1419 2951 1513 3006 sed
1540 2960 1590 3005 te
1619 2951 1686 3005 ab
1722 2967 1788 3006 eo
1815 2952 1920 3006 falli
1941 2951 2052 3022 jam

470 3039 790 3094 catholicum
838 3041 1056 3094 nollem.
1103 3041 1383 3096 Crucietur
1407 3057 1534 3112 ergo
1562 3050 1612 3097 te
1637 3042 1890 3098 didicisse
1935 3059 2054 3113 qua:

473 3147 597 3186 vera
628 3142 784 3196 sunt,
816 3141 1016 3202 quanto
1061 3135 1226 3204 magis
1252 3135 1458 3189 lmtatus
1485 3134 1660 3192 fuerat
1687 3152 1746 3192 se
1793 3137 1884 3191 tibi
1931 3153 2053 3207 per-

473 3223 706 3277 suasisse
734 3239 851 3291 qua:
877 3223 1008 3280 falsa
1037 3235 1176 3280 sunt.
1206 3225 1276 3282 Ut
1315 3233 1490 3281 autem
1534 3243 1639 3282 non
1665 3229 1853 3297 diligas
1879 3229 2054 3283 homi-

473 3329 598 3368 nem
623 3323 911 3381 mortuum,
929 3316 1079 3385 cujus
1103 3316 1317 3372 dilectio
1343 3317 1434 3372 tibi
1463 3319 1651 3374 obesse
1675 3330 1871 3390 potest,
1893 3321 2054 3389 pr’od-

475 3421 599 3462 esse
637 3407 712 3461 illi
757 3424 865 3462 non
903 3417 1109 3477 potest;
1143 3409 1245 3464 hoc
1275 3411 1506 3466 breviter
1535 3413 1556 3443 ³
1585 3413 1842 3469 inmearis
1871 3414 2056 3470 admo-

475 3513 611 3563 neo;
643 3499 784 3567 quod
814 3500 995 3570 utique
1015 3500 1103 3555 ille
1130 3517 1234 3555 non
1261 3510 1344 3556 est
1371 3513 1586 3558 sanctus
1609 3521 1664 3559 et
1687 3505 1863 3574 justus
1881 3548 1897 3573 ,
1930 3506 1976 3560 si
2001 3515 2057 3561 tu

472 3586 847 3644 haereticorum
879 3589 1270 3646 Donatistarum
1305 3592 1389 3646 vel
1425 3593 1813 3663 Rogatistarum
1841 3595 2058 3666 laqueos

471 3681 686 3734 evasisti
711 3698 724 3735 :
746 3682 789 3734 si
819 3691 996 3736 autem
1019 3683 1166 3736 illum
1197 3693 1438 3739 sanctum
1458 3695 1513 3740 et
1533 3686 1732 3754 justum
1759 3687 2054 3756 arbitraris,

475 3779 529 3824 tu
559 3773 1000 3826 communicando
1041 3772 1330 3831 Catholicis
1359 3775 1606 3830 interisti.
1641 3777 1883 3833 Profecto
1908 3782 2052 3836 enim

475 3860 872 3916 tecatholicnm
919 3863 1104 3932 fingis,
1153 3865 1198 3919 si
1241 3867 1419 3920 animo
1449 3867 1575 3922 illud
1606 3883 1664 3924 es
1692 3867 1734 3935 ⁸,
1777 3873 1916 3941 quod
1943 3882 2058 3927 erat

477 3952 568 4008 ille
605 3969 760 4025 quem
790 3955 986 4026 diligis.
1018 3957 1081 4011 Et
1106 3959 1246 4011 nosti
1273 3974 1432 4028 quam
1474 3961 1778 4015 terribiliter
1802 3963 2057 4032 scriptum

475 4045 564 4110 sit,
586 4045 724 4114 quod
750 4045 972 4116 Spiritus
991 4058 1192 4102 sanctus
1218 4049 1501 4120 disciplina:
1522 4052 1681 4123 fugiet
1704 4053 1877 4122 ﬁctum
1902 4054 2055 4126 (Sup.

476 4150 532 4200 l,
566 4135 644 4207 5).
684 4136 738 4192 Si
786 4147 962 4193 autem
1007 4141 1268 4196 veraciter
1305 4144 1724 4209 communicans,
1758 4161 1861 4200 non
1891 4155 1941 4200 te
1971 4163 2060 4202 ca-

478 4227 732 4282 tholicum
765 4231 946 4300 lingis;
974 4232 1101 4301 quid
1146 4233 1320 4288 adhuc
1346 4235 1654 4291 hazreticuin
1684 4247 1951 4294 mortuum
1983 4242 2056 4295 sic

475 4318 674 4388 diligis,
706 4329 765 4374 ut
787 4322 903 4391 ejus
935 4323 1070 4378 velis
1109 4334 1160 4378 te
1191 4325 1392 4394 jactare
1421 4327 1595 4384 adhuc
1623 4331 1837 4386 nomine
1859 4373 1873 4397 ,
1907 4333 2057 4403 cujus

470 4411 580 4482 jam
607 4428 712 4467 non
744 4413 939 4468 teneris
966 4417 1181 4470 errore?
1211 4416 1466 4473 Nolumus
1494 4429 1545 4476 te
1587 4420 1785 4477 habere
1828 4425 1933 4478 tale
1961 4441 2053 4480 co-

473 4517 820 4572 gnomentum
841 4546 854 4569 ,
891 4515 1137 4577 tanquam
1167 4509 1242 4564 sis
1271 4510 1503 4566 haeretici
1527 4514 1720 4568 mortui
1745 4531 2058 4572 monumen-

475 4602 606 4652 tum.
639 4595 897 4652 Nolumus
927 4599 1084 4654 talem
1131 4601 1339 4656 titulum
1389 4603 1585 4659 habcre
1629 4605 1824 4661 librum
1871 4617 2053 4674 tuum,

474 4688 682 4754 qualem
714 4687 906 4744 falsum
933 4705 1055 4746 esse
1084 4691 1383 4749 diceremus
1404 4735 1419 4760 ,
1452 4697 1495 4750 si
1549 4697 1600 4750 in
1647 4698 1761 4767 ejus
1808 4702 2053 4770 sepulcro

474 4777 790 4845 legeremus.
839 4781 953 4836 Non
998 4784 1139 4838 enim
1187 4785 1518 4842 Vincentium
1561 4789 1811 4845 victorem
1858 4793 2056 4848 scimus

431 4911 436 4914 .
477 4882 628 4928 esse,
663 4869 754 4924 sed
781 4871 976 4926 victum
1008 4891 1020 4926 :
1053 4881 1108 4928 et
1136 4874 1336 4930 utinam
1367 4876 1652 4945 fructuose,
1677 4881 1816 4934 sicut
1835 4891 1888 4936 te
1913 4883 2053 4938 vinci

474 4961 714 5014 volumus
760 4965 1001 5018 veritate.
1051 4965 1238 5020 Astute
1279 4977 1454 5022 autem
1501 4971 1701 5040 putaris
1739 4982 1794 5028 et
1825 4975 2050 5047 callide,

473 5066 591 5104 cum
623 5053 784 5107 libros
813 5063 960 5120 tuos,
989 5073 1120 5128 quos
1160 5060 1302 5114 credi
1333 5062 1481 5131 cupis
1521 5063 1613 5118 illo
1643 5066 1735 5122 tibi
1777 5069 2045 5126 revelante

473 5141 726 5212 dictatas,
772 5147 1008 5216 appellas
1040 5149 1302 5206 Vincentii
1331 5150 1588 5222 Victoris,
1635 5173 1740 5211 non
1787 5168 1893 5214 tam
1926 5161 2052 5216 Vin-

477 5236 707 5290 centium
748 5246 799 5292 te
842 5254 999 5308 quam
1049 5242 1196 5296 illum
1243 5246 1420 5299 vocari
1469 5247 1700 5303 voluisse
1746 5249 2051 5319 Victorem,

474 5327 615 5381 velut
647 5327 737 5382 tibi
769 5331 1052 5387 revelando
1075 5350 1194 5402 quae
1225 5335 1520 5403 scriberes,
1551 5338 1764 5394 vicisset
1787 5357 2050 5398 errorem.

477 5417 666 5489 thuid
708 5421 800 5475 tibi
832 5423 967 5488 ista,
1015 5425 1123 5479 fili?
1155 5427 1280 5481 Esto
1325 5429 1500 5498 potius
1524 5447 1712 5496 verus,
1747 5449 1848 5488 non
1900 5435 2054 5492 fletus

474 5513 765 5568 ratholicus
785 5555 799 5580 ,
829 5529 897 5569 ne
924 5524 975 5571 te
1000 5517 1160 5589 fugiat
1188 5519 1418 5590 Spiritus
1447 5533 1660 5579 sanctus
1680 5566 1692 5588 ,
1720 5536 1772 5580 et
1798 5527 1929 5583 nihil
1957 5529 2052 5584 tibi

472 5667 635 5789 uti:
666 5677 798 5733 Mss,
844 5671 934 5724 hoc
970 5678 1016 5725 te
1048 5674 1198 5738 fuisse
1223 5677 1496 5758 factotum;
1533 5679 1708 5729 omissa
1751 5683 2050 5743 prepositio-

535 5794 556 5858 ξ
587 5795 782 5844 Cisterc.
813 5803 917 5858 Ms,
941 5805 991 5848 ut
1007 5812 1085 5850 eos
1108 5799 1196 5852 tibi
1215 5798 1512 5851 scribendos.

537 5854 558 5916 9
589 5860 639 5903 tn
657 5863 784 5916 Mss,
804 5854 1071 5912 Iwc'breve.

535 5913 560 5947 δ
589 5913 953 5985 Cygirannensis
975 5931 1077 5983 ωε..
1102 5923 1147 5977 si
1164 5923 1323 5977 (ntimo
1344 5924 1466 5979 illud
1491 5928 1706 5983 sectaris.

1317 436 1408 494 DE
1444 433 1656 492 ΑΝΙΜΑ
1694 429 1782 487 ΕΤ
1820 427 1982 487 EJUS
2019 423 2316 493 ORIGINE,
2357 421 2416 479 S.
2455 419 2818 480 AUGUSTINI

3632 407 3762 466 512

2153 549 2323 620 possit
2359 547 2611 619 prodesse
2636 547 2976 614 Vincentius,
3000 548 3054 604 in
3083 561 3243 620 quem
3268 561 3328 603 se
3353 546 3418 601 ad
3449 553 3502 602 te
3529 545 3695 601 fallen
3713 570 3753 586 ο

2153 641 2277 696 dum
2295 640 2688 711 transfiguravit
2704 641 3114 711 malignissimus
3133 640 3381 710 spiritus:
3400 639 3514 709 ejus
3530 639 3745 708 quippe

2154 742 2276 789 sunt
2304 733 2425 798 illa,
2457 733 2690 802 qualibet
2715 732 2805 786 tibi
2833 730 3016 786 fraude
3049 745 3322 801 persuasa.
3369 729 3497 797 Quae
3542 729 3588 783 si
3631 727 3753 782 adv

2154 826 2386 882 monitus
2414 827 2501 897 pia
2545 825 2844 880 humilitate
2871 823 3206 889 et_catholica
3236 839 3366 894 pace
3393 823 3699 878 wrrexeris
3723 863 3749 888 ,

2155 932 2367 974 errores
2414 917 2580 974 fuisse
2627 917 3004 987 judicabuntur
3063 915 3437 971 studiosissimi
3483 914 3748 985 juvenis,

2154 1008 2424 1065 emendari
2455 1010 2630 1078 potius
2659 1023 2817 1078 quam
2848 1007 2899 1061 in
2929 1007 3009 1063 eis
3050 1021 3331 1062 remanere
3370 1006 3656 1076 cupientis.
3684 1003 3753 1062 Si

2153 1110 2331 1156 autem
2361 1116 2456 1171 pro
2478 1101 2557 1155 eis
2596 1100 2690 1155 tibi
2720 1101 2881 1155 etiam
2921 1099 3318 1154 contentionem
3338 1139 3355 1164 ,
3387 1095 3528 1168 quod
3559 1097 3744 1162 absit,

2154 1195 2485 1266 persuaserit
2511 1194 2876 1264 pervicacem;
2905 1193 3012 1263 jam
3047 1200 3296 1262 tanquam
3323 1190 3574 1246 haeretica
3604 1189 3754 1260 dog-

2154 1294 2297 1340 mata
2325 1300 2444 1340 cum
2478 1301 2575 1339 suo
2616 1300 2836 1341 necesse
2878 1286 2981 1340 erit
3027 1294 3243 1340 auctore
3285 1281 3565 1348 damnari,
3615 1296 3751 1339 cura

2154 1379 2357 1435 scilicet
2386 1378 2636 1448 pastorali
2661 1387 2716 1433 et
2743 1377 3043 1432 medieinali
3066 1419 3081 1443 ,
3114 1376 3419 1446 priusquam
3446 1390 3540 1444 per
3566 1375 3754 1429 incau-

2157 1475 2268 1523 tum
2317 1469 2505 1540 vulgus
2535 1469 2552 1500 ¹
2580 1477 2798 1538 serpant
2841 1467 2956 1523 dira
3005 1469 3278 1537 contagia,
3330 1481 3452 1522 cum
3500 1465 3754 1520 dilectio-

2155 1561 2238 1616 nis
2267 1577 2372 1616 non
2403 1561 2653 1630 veritate,
2682 1559 2778 1616 sed
2804 1560 3018 1615 nomine
3037 1602 3053 1628 ,
3083 1559 3314 1614 salubris
3338 1558 3624 1630 negligitur
3652 1557 3750 1612 di-

2154 1653 2375 1724 sciplina
2405 1655 2426 1685 ¹
2455 1693 2470 1707 .

2224 1744 2451 1802 CAPUT
2489 1745 2574 1800 lll.
2604 1776 2677 1787 —
2703 1747 2756 1801 ‘5.
2787 1746 2844 1802 Si
2867 1746 3062 1817 quaeris
3089 1761 3331 1817 quaenam
3359 1746 3446 1801 illa
3471 1747 3610 1813 sint,
3645 1761 3752 1816 po-

2157 1837 2282 1892 teris
2321 1837 2532 1907 quidem
2572 1837 2748 1908 legere
2786 1853 2903 1892 mea
2943 1839 3137 1909 scripta
3175 1838 3242 1892 ad
3283 1837 3475 1894 fratres
3505 1847 3750 1906 nostros,

2154 1926 2416 1983 Renatum
2459 1927 2550 1982 Dei
2592 1942 2839 1993 servum,
2883 1936 2936 1982 et
2975 1929 3337 2001 presbyterum
3382 1930 3633 1998 Petrum,
3677 1931 3754 1986 ad

2155 2033 2310 2088 quem
2339 2027 2392 2072 tu
2418 2019 2602 2073 eadem
2632 2021 2766 2089 ipsa,
2791 2019 2857 2075 de
2881 2021 3071 2090 quibus
3096 2036 3234 2075 nunc
3255 2022 3482 2091 agimus,
3507 2024 3756 2078 scriben-

2155 2109 2220 2164 da
2246 2110 2582 2176 existimasti,
2611 2129 2630 2162 t
2653 2112 2790 2181 ejus,
2818 2131 2837 2164 ι
2865 2121 2921 2166 ut
2945 2113 3161 2175 asseris,
3189 2132 3208 2164 ‹
3237 2114 3494 2168 voluntati
3517 2115 3756 2183 petentis

2155 2202 2550 2271 obtemperans.
2584 2221 2602 2256 ι
2640 2204 2847 2258 Dabunt
2873 2205 3013 2257 enim
3044 2205 3138 2258 tibi
3169 2213 3224 2259 ut
3251 2204 3395 2275 legas
3431 2207 3609 2276 procul
3639 2206 3753 2261 du-

2156 2295 2266 2360 bio,
2293 2296 2337 2348 si
2358 2297 2610 2359 volueris,
2635 2305 2689 2350 et
2710 2296 2949 2365 ingerent
2967 2297 3125 2351 etiam
3149 2312 3253 2350 non
3277 2298 3494 2367 petenti.
3524 2297 3757 2353 Verum-

2157 2394 2333 2442 tamen
2367 2387 2525 2442 etiam
2555 2386 2672 2451 hic,
2705 2403 2821 2456 quae
2852 2388 3080 2442 maxime
3117 2389 3169 2442 in
3207 2388 3405 2443 eisdem
3438 2389 3584 2444 libris
3615 2389 3752 2456 tuis,

2157 2487 2212 2534 et.
2241 2479 2292 2532 in
2323 2478 2426 2533 [ide
2455 2488 2542 2532 tua
2569 2479 2843 2535 emendari
2866 2481 3072 2550 cupiam
3090 2523 3104 2546 ,
3136 2495 3239 2535 non
3272 2481 3473 2536 tacebo.
3502 2480 3756 2537 Primum

2157 2579 2272 2635 est,
2303 2570 2444 2641 quod
2479 2589 2497 2621 ι
2527 2572 2771 2625 Animam
2813 2587 2917 2625 non
2958 2571 3028 2625 ita
3065 2573 3145 2626 vis
3173 2587 3203 2624 a
3235 2573 3345 2628 Deo
3372 2586 3490 2628 esse
3528 2573 3752 2641 factam,

2159 2669 2216 2714 ut
2243 2676 2360 2714 eam
2406 2676 2472 2716 ex
2516 2661 2682 2715 nihilo
2711 2662 2914 2728 fecerit,
2945 2663 3041 2718 sed
3063 2679 3126 2718 ex
3151 2665 3439 2734 semetipso
3469 2685 3487 2718 ι
3524 2665 3750 2738 (Supra,

2158 2751 2246 2804 lib.
2275 2752 2325 2816 1,
2357 2769 2412 2806 η.
2438 2752 2492 2817 4,
2521 2761 2567 2806 et
2593 2753 2680 2806 lib.
2706 2753 2761 2820 2,
2794 2772 2846 2808 η.
2877 2755 2953 2826 5).
2999 2753 3100 2812 Ubi
3129 2772 3234 2811 non
3277 2768 3429 2827 putas
3455 2773 3574 2814 esse
3616 2775 3756 2814 con-

2157 2860 2388 2914 sequens
2415 2855 2470 2900 ut
2495 2858 2694 2902 naturae
2719 2848 2785 2902 sit
2813 2849 2904 2902 Dei
2931 2867 2944 2903 :
2967 2852 3087 2919 quia
3119 2852 3355 2921 profecto
3377 2869 3534 2924 quam
3557 2855 3625 2908 sit
3649 2855 3756 2909 im-

2159 2939 2328 3009 pium,
2357 2951 2411 2994 et
2436 2941 2550 3010 ipse
2575 2943 2872 3011 cognoscis.
2901 2942 3014 3010 Qua
3041 2946 3312 3015 impietate
3339 2958 3398 3002 ut
3425 2963 3607 3002 careas
3626 2991 3640 3015 ,
3676 2950 3751 3003 ita

2159 3039 2370 3100 oportet
2411 3041 2463 3084 ut
2510 3031 2658 3086 dicas
2702 3035 2893 3088 animae
2936 3045 3206 3091 auctorem
3251 3039 3444 3105 Deum,
3483 3048 3539 3093 ut
3566 3041 3631 3094 ab
3660 3040 3755 3095 illo

2159 3120 2296 3176 facta
2319 3122 2406 3186 sit,
2436 3137 2540 3176 non
2568 3123 2633 3178 de
2657 3125 2766 3178 illo.
2791 3125 2940 3193 Quod
2968 3127 3107 3181 enim
3133 3127 3200 3183 de
3227 3129 3319 3184 illo
3343 3140 3444 3194 est,
3474 3131 3608 3184 sicut
3631 3131 3757 3183 uni-

2160 3218 2369 3285 genitns
2395 3217 2594 3280 Filius.
2627 3220 2862 3288 ejusdem
2894 3230 3096 3276 naturae
3130 3225 3281 3292 cujus
3319 3233 3374 3278 et
3413 3225 3497 3278 ille
3533 3233 3634 3278 est.
3682 3224 3757 3281 Ut

2160 3317 2336 3362 autem
2378 3310 2554 3364 anima
2595 3311 2832 3380 ejusdem
2873 3322 3074 3368 natura:
3110 3313 3216 3369 nun
3247 3315 3314 3368 sit
3340 3315 3490 3384 cujus
3517 3325 3599 3370 est
3635 3317 3751 3381 ille,

2161 3399 2296 3456 facta
2320 3411 2400 3456 est
2423 3402 2640 3472 quidem
2663 3404 2731 3458 ab
2758 3405 2868 3469 illo,
2896 3405 2991 3460 sed
3021 3421 3122 3461 non
3149 3407 3217 3462 de
3244 3407 3352 3462 illo.
3381 3411 3487 3463 Aut
3513 3424 3638 3479 ergo
3663 3411 3756 3466 dic

2162 3495 2321 3561 unde,
2349 3505 2441 3551 aut
2466 3496 2630 3553 fatere
2655 3498 2722 3553 de
2750 3499 2935 3554 nihilo.
2963 3500 3098 3568 Quid
3123 3510 3204 3555 est
3231 3501 3370 3571 quod
3396 3503 3550 3569 dicis,
3586 3522 3602 3554 ι
3627 3518 3753 3558 eam

2163 3587 2468 3657 particulam
2495 3605 2614 3646 esse
2636 3591 2915 3661 quamdam
2945 3593 3138 3648 halitus
3157 3601 3360 3648 natura:
3383 3595 3513 3650 Dei?
3541 3614 3560 3647 ι
3586 3595 3759 3652 Num-

2162 3679 2411 3750 quidnam
2437 3681 2608 3750 ipsum
2641 3681 2860 3738 halitum
2892 3693 3095 3740 naturae
3123 3685 3237 3752 Dei,
3270 3686 3424 3756 cujus
3452 3686 3643 3742 halitus
3669 3697 3759 3744 est

2163 3771 2262 3824 ista
2292 3772 2568 3840 particula,
2601 3789 2764 3844 negas
2789 3775 3025 3844 ejusdem
3057 3776 3209 3847 cujus
3240 3777 3380 3832 Deus
3405 3788 3486 3833 est
3511 3794 3630 3834 esse
3655 3796 3760 3834 na-

2164 3865 2334 3916 tunc?
2362 3863 2416 3918 Si
2449 3881 2631 3936 negas,
2665 3882 2792 3938 ergo
2822 3868 2887 3923 de
2915 3867 3080 3924 nihilo
3107 3878 3162 3923 et
3189 3870 3345 3924 istum
3380 3871 3593 3926 halitum
3627 3873 3760 3930 fecit

2163 3951 2304 4008 Deus
2324 3993 2340 4019 ,
2371 3955 2520 4024 cujus
2551 3955 2746 4012 halitus
2773 3959 3002 4012 animam
3033 3960 3113 4014 vis
3138 3975 3256 4019 esse
3283 3962 3615 4033 particulam.
3644 3965 3760 4020 Aut

2162 4043 2207 4096 si
2236 4058 2339 4097 non
2367 4044 2433 4099 de
2462 4045 2648 4113 nihilo,
2677 4047 2763 4102 dic
2786 4047 2925 4104 unde
2951 4049 3096 4104 illum
3125 4051 3309 4107 fecerit
3334 4053 3491 4108 Deus.
3521 4053 3577 4108 Si
3601 4053 3668 4109 de
3695 4071 3761 4112 se

2164 4133 2280 4202 ipso
2299 4177 2314 4200 ,
2347 4150 2474 4206 ergo
2503 4137 2616 4206 ipse
2644 4147 2726 4193 est
2744 4181 2758 4204 ,
2787 4139 2928 4210 quod
2957 4141 3125 4208 absit,
3158 4145 3410 4200 materies
3438 4148 3615 4216 cperis
3643 4149 3756 4203 sui.

2163 4224 2268 4280 Sed
2298 4227 2465 4294 dicis,
2501 4247 2521 4282 ι
2549 4230 2680 4285 Cum
2711 4230 2778 4286 de
2804 4247 2865 4286 se
2890 4233 3005 4304 ipso
3032 4233 3250 4289 halitum
3280 4238 3361 4292 vel
3392 4238 3570 4294 flatum
3600 4238 3756 4306 facit,

2163 4317 2277 4387 ipse
2304 4319 2508 4390 integer
2535 4331 2715 4378 manet
2740 4341 2754 4377 :
2793 4343 2811 4376 ι
2845 4326 2997 4395 quasi
3027 4341 3131 4382 non
3158 4335 3212 4383 et
3244 4327 3378 4398 ignis
3405 4329 3634 4384 lucernze
3665 4330 3756 4384 in-

2165 4420 2311 4482 teger
2336 4423 2566 4478 maneat,
2590 4429 2711 4468 cum
2741 4415 2808 4468 de
2835 4417 2924 4470 illo
2951 4417 3114 4472 altera
3140 4419 3463 4486 accenditur,
3491 4429 3544 4475 et
3572 4429 3758 4478 tamen

2162 4501 2398 4571 ejusdem
2417 4543 2432 4566 ,
2466 4517 2569 4556 non
2596 4505 2833 4572 alterius,
2859 4507 2926 4560 sit
2955 4517 3178 4562 natura.

2231 4592 2458 4649 CAPUT
2497 4593 2585 4649 1V.
2611 4625 2685 4636 —
2719 4597 2772 4650 4.
2819 4615 2838 4649 ι
2867 4597 2974 4653 Sed
2995 4640 3010 4663 ,
3041 4619 3062 4652 ι
3093 4601 3300 4672 inquis,
3339 4621 3358 4655 t
3385 4618 3504 4659 cum
3534 4619 3563 4659 a
3594 4607 3760 4663 nobis

2160 4693 2282 4740 uter
2309 4685 2557 4754 inflatur,
2596 4703 2700 4743 non
2739 4691 2914 4760 aliqua
2954 4695 3128 4762 portio
3169 4706 3363 4751 nostra:
3401 4708 3635 4764 naturae,
3665 4701 3758 4757 vel

2161 4777 2431 4847 qualitatis
2459 4778 2781 4846 infunditur;
2811 4797 2933 4837 cum
2965 4784 3050 4840 hic
3080 4787 3195 4856 ipse
3222 4788 3457 4855 spiritus,
3487 4807 3590 4861 quo
3616 4792 3760 4848 haue

2160 4876 2245 4921 sto
2271 4877 2388 4923 uter
2409 4868 2430 4900 ³
2460 4870 2705 4939 impletus
2727 4875 3050 4944 extenditur,
3077 4878 3194 4933 sine
3213 4880 3384 4951 aliqua
3407 4883 3570 4937 nostri
3592 4883 3758 4939 dimi.

2161 4959 2380 5014 nutione
2403 4972 2666 5032 egeratur.
2700 4984 2718 5016 ι
2750 4966 2843 5022 His
2869 4968 3047 5026 verbis
3077 4971 3178 5026 tuis
3203 4972 3378 5030 adhuc
3401 4976 3551 5032 addis
3573 4987 3628 5032 et
3651 4980 3758 5034 im-

2161 5051 2408 5119 moraris,
2432 5061 2486 5108 et
2512 5054 2744 5112 inculcas
2769 5059 3165 5117 similitudinem
3193 5067 3341 5135 quasi
3372 5071 3752 5140 necessariam,

2161 5156 2263 5211 qua
2293 5143 2650 5214 intelligamus
2679 5150 2946 5218 quomodo
2970 5152 3111 5208 Deus
3139 5156 3255 5211 sine
3279 5174 3390 5213 sua:
3419 5171 3617 5217 naturzc
3647 5165 3757 5218 ali-

2160 5249 2265 5304 quo
2294 5235 2636 5305 detrimento,
2663 5249 2718 5295 et
2744 5243 2810 5298 de
2838 5259 2898 5299 se
2927 5245 3042 5314 ipso
3068 5247 3298 5305 animam
3331 5251 3506 5318 faciat,
3532 5263 3584 5310 et
3610 5255 3755 5315 facta

2159 5325 2227 5380 de
2255 5327 2403 5398 ipso,
2436 5343 2542 5384 non
2581 5332 2651 5386 sit
2689 5335 2828 5404 quod
2861 5336 2996 5406 ipse.
3027 5338 3167 5395 Dicis
3204 5343 3346 5398 enim
3379 5363 3394 5398 :
3432 5363 3452 5398 ί
3480 5345 3756 5419 Numquid

2226 5507 2240 5536 ι
2279 5507 2547 5579 Victorinus
2568 5511 2760 5579 codex,
2797 5515 2966 5579 vulnus
2993 5529 3013 5568 :
3035 5520 3197 5569 minus
3229 5529 3386 5573 recte.
3430 5531 3541 5574 Nam
3577 5523 3755 5577 alludit

2159 5572 2555 5648 Augustuiusﬂad
2573 5572 2691 5648 illud
2715 5572 2912 5648 Virgilii,
2945 5578 3028 5630 lib.
3054 5582 3087 5630 3
3106 5590 3301 5646 Georg,
3329 5572 3750 5648 vesicam?

2281 5633 2725 5710 gentiuuoculpam
2751 5633 2879 5689 ferro
2900 5633 3156 5705 compesce
3170 5680 3190 5710 ,Α
3212 5633 3343 5710 prius

2283 5696 2392 5771 pira
2413 5696 2982 5771 pertincautumferpant
3004 5696 3434 5771 contagia‘vulgus.

2223 5753 2244 5836 :
2276 5761 2378 5836 te
2404 5753 2458 5836 εξ
2478 5761 2552 5836 e.-
2759 5753 3082 5836 {’rméllensis
3104 5753 3364 5836 aea-c615.
