4012 6504
176 464 286 522 515

173 589 369 643 anima:
400 598 608 644 nostra:
637 601 720 646 est
760 589 932 661 portio
970 589 1103 646 utris
1143 587 1340 643 inﬂatio
1361 632 1376 658 ,
1404 599 1495 644 aut
1533 591 1775 647 homines

172 681 428 752 ﬁngimus
455 697 583 737 cum
614 691 766 739 utres
793 681 1059 749 inﬂamus,
1087 693 1176 736 aut
1199 681 1576 737 detrimentum
1604 685 1772 739 nostri

171 772 223 826 in
252 771 436 843 aliquo
466 773 726 842 patimur,
756 788 876 829 cum
904 772 1060 828 ﬂatus
1089 782 1299 828 nostros
1328 773 1380 827 in
1410 772 1618 828 diversa
1647 789 1773 843 par-

168 864 374 919 timur?
410 863 520 920 Sed
566 866 770 920 nullum
815 867 1046 937 patimur
1087 866 1501 935 detrimentum,
1545 883 1666 923 cum
1705 883 1774 924 ex

168 956 329 1012 nobis
354 956 424 1010 ad
448 956 652 1027 aliquid
679 959 1084 1014 transtnittimus
1108 960 1328 1022 ﬂatum;
1361 971 1415 1014 et
1443 969 1691 1015 manente
1716 959 1770 1014 in

167 1047 327 1103 nobis
356 1047 515 1118 plena
549 1049 708 1104 ﬂatus
746 1049 942 1121 proprii
973 1051 1221 1120 qualitate
1251 1060 1304 1105 et
1332 1052 1532 1121 integra
1562 1051 1772 1121 quanti-

169 1148 311 1206 tate,
341 1141 552 1194 nttllum
579 1155 677 1194 nos
701 1139 1040 1195 meminimus
1069 1139 1320 1195 damnum
1354 1156 1419 1196 ex
1454 1141 1585 1196 utris
1619 1141 1770 1196 inﬂa-

170 1232 315 1287 tione
340 1233 569 1287 scntire.
603 1251 624 1284 ι
656 1231 756 1286 Ista
783 1232 1148 1298 similitudine,
1179 1249 1297 1302 qua:
1324 1234 1451 1287 satis
1477 1233 1690 1304 elegans
1714 1240 1770 1289 et

167 1337 477 1393 congruens
496 1321 589 1376 tibi
606 1321 836 1390 videtur,
853 1333 1104 1394 quantum
1127 1323 1325 1377 fallaris
1343 1323 1575 1378 attende.
1599 1323 1766 1378 Deum

167 1413 370 1484 quippe
394 1413 534 1468 dicis
565 1413 956 1484 incorporeum,
985 1431 1090 1470 non
1119 1414 1186 1470 de
1213 1415 1380 1470 nihilo
1407 1432 1436 1470 a
1463 1431 1520 1471 se
1549 1415 1763 1484 factam,

167 1504 256 1560 sed
306 1505 382 1561 de
428 1521 490 1561 se
535 1506 652 1576 ipso
697 1506 927 1561 animam
978 1505 1192 1561 sufflare
1236 1521 1545 1576 corpoream
1591 1525 1606 1562 :
1645 1523 1768 1562 cum

165 1594 356 1650 ﬂatum
384 1611 504 1661 nos,
537 1597 661 1652 licet
685 1612 1024 1668 corporeum,
1053 1597 1384 1654 subtiliorem
1410 1609 1587 1654 tamen
1607 1601 1767 1654 emit-

170 1698 369 1756 tamus,
401 1705 564 1757 quam
596 1698 777 1744 nostra
805 1697 928 1744 sunt
949 1704 1207 1760 corpora;
1240 1706 1338 1746 nec
1357 1706 1479 1746 eum
1504 1690 1570 1746 de
1591 1695 1768 1748 anima

169 1790 386 1846 nostra,
415 1781 513 1836 sed
549 1781 616 1836 de
651 1781 754 1836 hoc
783 1797 905 1838 aere
933 1798 1030 1854 per
1059 1783 1258 1838 viscera
1288 1782 1526 1853 corporis
1552 1781 1768 1838 exhale-

169 1890 308 1929 mus.
347 1874 640 1930 Pulmones
669 1875 864 1946 quippe
888 1877 1063 1930 anima
1085 1918 1100 1943 ,
1132 1877 1283 1946 cujus
1320 1885 1449 1930 nutu
1489 1884 1768 1931 moventur

168 1965 335 2018 etiam
366 1975 558 2020 caetera
598 1967 838 2037 corporis
866 1966 1133 2034 membra,
1162 1967 1227 2022 ad
1255 1966 1397 2022 hunc
1424 1969 1627 2022 aerium
1655 1967 1765 2037 Spi-

170 2058 342 2111 ritum
363 2057 664 2112 ducendum
685 2067 844 2129 atque
864 2057 1210 2122 reddendum,
1235 2058 1372 2112 sicut
1394 2059 1545 2113 folles
1567 2067 1762 2114 movet.

167 2148 382 2203 Pneter
405 2151 548 2204 enim
577 2149 827 2204 alimenta
865 2150 1034 2204 solida
1063 2160 1116 2205 et
1144 2151 1312 2216 ﬂuxa,
1344 2150 1484 2205 unde
1510 2160 1592 2206 est
1617 2151 1766 2207 cibus

167 2252 216 2296 et
245 2254 446 2311 potus,
475 2242 577 2298 hoc
607 2248 820 2298 tertium
848 2243 1002 2298 nobis
1029 2244 1168 2299 Deus
1195 2245 1503 2299 alimentum
1539 2245 1767 2299 circum-

167 2333 301 2388 fudit
327 2349 602 2401 aurarum,
630 2351 764 2406 quas
789 2335 859 2389 ita
884 2335 1170 2404 carpimus,
1200 2345 1257 2388 ut
1282 2335 1397 2390 sine
1421 2335 1540 2390 cibo
1563 2344 1616 2390 et
1639 2343 1765 2404 potu

167 2427 251 2481 diu
277 2441 414 2482 esse
445 2427 742 2496 possimus,
788 2427 904 2481 sine
943 2425 1046 2481 hoc
1083 2436 1260 2480 autem
1299 2426 1554 2480 alimento
1583 2425 1760 2493 tertio,

168 2519 308 2589 quod
347 2533 476 2573 aura
504 2517 684 2581 nobis,
717 2534 836 2589 qua:
865 2517 1098 2588 undique
1124 2519 1486 2584 circumsistit,
1518 2517 1764 2588 spiranti-

168 2610 259 2664 bus
284 2619 353 2664 et
372 2609 755 2679 respirantibus
776 2608 1009 2675 exhibet,
1034 2623 1132 2663 nec
1152 2609 1341 2679 exiguo
1367 2609 1620 2678 temporis
1639 2624 1761 2680 spa-

168 2703 237 2756 tio
273 2702 553 2772 possimus
581 2701 781 2756 vivere.
812 2701 958 2756 Sicut
985 2710 1160 2756 autem
1191 2702 1339 2756 cibus
1377 2709 1432 2756 et
1469 2711 1625 2770 potus
1654 2717 1759 2756 non

165 2794 349 2848 solum
375 2776 670 2863 ingerendi,
699 2807 882 2847 verum
911 2792 1069 2846 etiam
1101 2808 1198 2862 per
1225 2801 1427 2847 meatus
1453 2792 1519 2846 ad
1551 2792 1654 2846 hoc
1674 2792 1759 2847 in-

165 2886 391 2939 stitutos
421 2883 671 2955 egerendi
703 2893 858 2947 sunt,
891 2899 958 2939 ne
999 2892 1221 2953 utroque
1260 2883 1487 2951 la-dant,
1529 2885 1612 2938 vel
1652 2901 1759 2940 non

164 2976 457 3041 intrando,
500 2976 580 3030 vel
623 2993 728 3031 non
766 2976 1011 3031 exeundo
1054 2993 1068 3030 :
1108 2977 1178 3029 ita
1217 2976 1317 3030 hoc
1347 2977 1557 3032 tertium
1583 2974 1762 3032 ﬂabile

165 3069 507 3132 alimentum,
531 3069 652 3138 quia
674 3069 726 3122 in
748 3069 902 3124 nobis
926 3083 1144 3124 manere
1170 3084 1273 3124 non
1299 3069 1507 3132 sinitur,
1537 3084 1636 3124 nec
1663 3070 1764 3124 im-

163 3159 434 3214 morando
457 3159 832 3230 corrumpitur,
861 3158 955 3214 sed
982 3161 1215 3230 egeritur
1240 3175 1362 3214 mox
1390 3168 1447 3214 ut
1473 3161 1757 3230 ingeritur;

163 3268 265 3308 non
292 3253 442 3308 alios
461 3293 478 3317 ,
507 3251 599 3307 sed
627 3252 843 3308 eosdem
871 3262 1076 3307 meatus
1097 3294 1113 3318 ,
1145 3252 1196 3307 id
1220 3259 1324 3319 est,
1353 3268 1434 3318 os,
1465 3262 1556 3307 aut
1578 3268 1757 3322 nares,

161 3354 249 3400 aut
276 3354 594 3415 utrumque,
626 3355 679 3400 et
701 3361 802 3414 qua
829 3345 1068 3409 intraret,
1101 3355 1154 3399 et
1182 3361 1282 3416 qua
1311 3346 1501 3413 exiret,
1534 3346 1757 3416 accepit.

227 3440 286 3496 5.
325 3438 388 3494 In
416 3447 473 3493 te
499 3439 611 3509 ipso
640 3438 731 3494 tibi
761 3439 923 3509 proba
951 3439 1064 3509 ipse
1088 3438 1228 3509 quod
1255 3439 1375 3494 dico
1403 3457 1416 3493 :
1444 3438 1626 3494 emitte
1651 3440 1761 3509 spi-

161 3533 328 3587 ritum
363 3531 565 3597 ﬂando,
595 3541 650 3587 et
677 3531 797 3588 vide
826 3543 1002 3587 utrum
1033 3531 1211 3597 dures,
1241 3531 1286 3586 si
1317 3549 1424 3622 non
1451 3532 1756 3601 receperis:

161 3625 348 3696 recipe
373 3624 720 3694 respirando,
752 3633 805 3679 et
829 3624 949 3679 vide
976 3639 1104 3694 quas
1135 3623 1349 3693 patiaris
1377 3623 1648 3694 angustias
1667 3666 1682 3688 ,
1711 3624 1755 3678 si

159 3731 265 3772 non
321 3731 518 3770 rursus
565 3715 827 3770 emiseris.
880 3715 992 3768 Hoc
1041 3715 1196 3784 igitur
1241 3713 1496 3780 facimus,
1545 3714 1758 3784 quando

159 3822 340 3868 utrem
360 3853 377 3876 ,
408 3810 550 3864 sicut
578 3809 742 3876 dicis,
775 3809 1051 3872 inﬂamus,
1083 3808 1223 3878 quod
1265 3807 1487 3863 facimus
1523 3818 1582 3862 ut
1609 3809 1755 3861 viva-

157 3921 275 3960 mus
299 3923 319 3960 :
344 3903 450 3958 nisi
475 3901 612 3972 quod
632 3909 760 3956 tunc
782 3900 937 3972 paulo
956 3900 1078 3972 plus
1097 3899 1360 3966 ducimus,
1385 3908 1442 3954 ut
1461 3900 1617 3969 paulo
1639 3899 1758 3969 plus

157 3998 514 4062 emittamus,
544 4002 602 4049 ut
629 3993 870 4064 spiritum
897 3990 1126 4046 ﬂabilem
1148 4033 1164 4060 ,
1205 3991 1257 4046 id
1296 4002 1406 4057 est,
1446 3999 1661 4046 ventum
1703 3991 1755 4046 in

157 4097 338 4144 utrem
367 4085 698 4155 implendum
723 4091 777 4139 et
801 4081 1193 4138 extendendum
1223 4098 1330 4136 non
1354 4083 1532 4152 quiete
1551 4084 1756 4152 spiran-

155 4182 205 4236 di
242 4191 305 4238 et
348 4179 679 4250 respirandi,
718 4177 814 4234 sed
851 4177 1134 4232 anhelandi
1173 4177 1371 4247 impetu
1401 4185 1752 4230 coarctemus.

154 4271 450 4341 Quomodo
477 4286 603 4342 ergo
625 4270 780 4337 dicis,
812 4288 831 4321 (
862 4268 1073 4324 Nullum
1101 4269 1330 4342 patimur
1355 4267 1754 4334 detrimentum,

153 4380 276 4419 cum
298 4379 376 4418 ex
398 4361 553 4418 nobis
577 4361 642 4416 ad
666 4360 864 4431 aliquid
892 4346 1298 4415 transmittimus
1318 4358 1536 4423 ﬂatum;
1565 4366 1618 4412 et
1642 4372 1756 4411 ma-

153 4465 324 4511 nentc
353 4453 408 4508 in
433 4453 587 4508 nobis
612 4453 768 4524 plena
795 4453 949 4507 ﬂatus
979 4450 1174 4522 preprii
1203 4449 1454 4520 qualitate
1479 4459 1532 4503 et
1553 4448 1756 4518 integra

152 4547 494 4618 quantitate,
525 4545 726 4600 nullum
756 4559 853 4599 nos
882 4543 1219 4598 meminimus
1253 4541 1502 4596 damnum
1531 4557 1595 4596 ex
1622 4539 1754 4594 utris

151 4639 444 4695 inﬂatione
486 4637 723 4693 sentire?
750 4655 770 4688 ι
807 4635 1039 4706 Apparet
1088 4643 1176 4700 te,
1227 4634 1335 4702 fili,
1383 4635 1426 4689 si
1472 4633 1755 4705 aliquando

151 4744 340 4788 utrem
371 4729 586 4796 inﬂasti,
615 4744 718 4784 non
745 4726 1037 4782 advertisse
1061 4726 1186 4798 quid
1214 4726 1408 4797 egeris.
1435 4724 1586 4794 Quod
1611 4725 1756 4779 enim

149 4821 406 4879 inﬂando
427 4821 445 4853 ¹
474 4821 699 4884 amittis,
731 4819 909 4874 statim
939 4817 1244 4888 recipiendo
1285 4833 1392 4872 non
1432 4818 1616 4872 sentis.
1649 4815 1755 4871 Sed

145 4928 310 4987 potes
347 4913 453 4968 hoc
479 4912 726 4968 facillime
751 4910 981 4976 discere,
1013 4910 1058 4964 si
1087 4909 1189 4964 hoc
1218 4909 1390 4979 potius
1414 4907 1568 4973 Veiis,
1595 4922 1754 4977 quam

147 5020 234 5063 tua
265 5009 448 5072 dicta,
478 5005 599 5075 quia
620 5004 729 5074 jam
757 5003 895 5058 dicta
922 5011 1065 5066 sunt,
1093 5016 1198 5056 non
1224 5000 1414 5054 inﬂans
1439 5008 1632 5062 utrem,
1659 4997 1755 5053 sed

143 5102 386 5156 inﬂatus
410 5099 524 5168 ipse
551 5097 858 5164 defendere,
891 5106 946 5152 et
972 5094 1240 5150 auditores
1271 5104 1420 5162 tuos,
1452 5107 1584 5164 quos
1615 5092 1755 5148 veris

140 5198 322 5252 rebus
347 5193 374 5225 ¹
398 5191 664 5247 aedificare
702 5190 900 5256 debes,
945 5189 1087 5243 inani
1131 5188 1350 5258 strepitu
1391 5187 1594 5242 ventosi
1636 5201 1755 5240 ser-

139 5289 340 5345 monis
373 5284 578 5340 inﬂare.
607 5284 664 5339 In
692 5282 791 5338 hac
816 5297 974 5337 causa
997 5297 1102 5336 non
1132 5291 1181 5336 te
1207 5280 1272 5335 ad
1301 5281 1607 5350 magistrum
1635 5279 1754 5332 mit-

139 5391 235 5448 to,
276 5378 398 5437 nisi
418 5377 440 5409 ³
463 5377 527 5432 ad
556 5386 608 5432 te
633 5377 826 5447 ipsum.
855 5375 1052 5430 Emitte
1086 5375 1266 5429 ﬂatum
1297 5374 1349 5428 in
1378 5384 1580 5439 utrem,
1611 5381 1666 5428 et
1694 5389 1754 5428 os

136 5470 359 5529 claude
385 5469 636 5524 continuo
657 5510 672 5535 ,
702 5482 964 5537 naresque
990 5465 1189 5534 dctine,
1221 5476 1275 5520 et
1303 5465 1382 5521 sic
1407 5466 1592 5520 saltem
1617 5464 1754 5519 senti

138 5580 352 5622 verum
384 5578 504 5618 esse
541 5561 685 5632 quod
723 5560 858 5615 dico.
901 5558 1033 5614 Cum
1062 5560 1204 5614 enim
1230 5560 1457 5630 coeperis
1485 5559 1753 5627 angustias

134 5653 530 5714 intolerabiles
554 5652 783 5724 perpeti,
812 5650 940 5723 quid
967 5651 1150 5721 cupies
1175 5665 1268 5706 ore
1294 5659 1478 5720 aperto
1506 5649 1752 5705 naribus-

201 5830 223 5861 ί
267 5833 386 5875 Am.
409 5829 483 5874 an
503 5831 558 5873 et
574 5821 801 5886 plerique
823 5827 932 5870 Mss.
953 5855 971 5886 ,
987 5816 1288 5886 imuﬁlmdo.

198 5894 226 5924 ⁸
265 5890 478 5938 Cisterc.
507 5880 612 5946 MsI,
629 5880 857 5946 quosnou
872 5880 1044 5946 uerbis,
1061 5880 1146 5934 sed
1172 5880 1333 5932 rebus.

200 5955 228 5988 ι
269 5949 428 6012 nam,
448 5947 556 6000 sed.
583 5943 918 6006 Ᾰῑήεεηηὶδὶ.

1529 463 1732 526 LIBER
1769 467 2137 529 SECUNDUS.

3361 478 3462 548 3M

1882 603 1984 657 que
2014 590 2286 661 recipere,
2326 593 2370 646 si
2409 593 2620 664 quando
2656 597 2880 654 sufﬂasti
2901 641 2916 665 ,
2945 598 3077 655 nihil
3109 610 3160 658 te
3187 603 3463 660 existimas

1878 682 2162 738 amisisse?
2187 684 2318 740 Vide
2344 685 2400 740 in
2425 703 2530 758 quo
2553 689 2692 745 malo
2721 692 2824 758 sis,
2853 691 2958 748 nisi
2984 693 3276 750 hauriendo
3304 711 3463 751 resu-

1879 789 1994 830 mas
2018 775 2160 845 quod
2186 776 2508 834 eﬂ‘undendo
2530 780 2856 837 reddideras.
2887 783 3040 851 Vide,
3068 786 3154 840 illa
3176 786 3462 841 insuﬂlatio

1878 865 2056 936 qualia
2080 866 2272 922 damna
2301 877 2355 923 et
2377 869 2695 926 detrimenta
2722 871 2952 940 fecisset,
2977 875 3075 929 nisi
3100 891 3162 931 ea
3183 877 3462 946 reSpiratio

1877 969 2197 1029 reparasset.
2228 959 2336 1015 Nisi
2367 962 2509 1016 enim
2539 962 2683 1033 quod
2709 963 3032 1034 impenderis
3058 966 3124 1020 ad
3155 977 3325 1022 utrem
3355 967 3458 1021 im-

1875 1049 2126 1120 plendum
2147 1094 2163 1119 ,
2195 1051 2262 1108 ad
2292 1060 2343 1109 te
2380 1053 2562 1109 itidem
2589 1055 2838 1110 alendum
2866 1056 3009 1111 aditu
3037 1057 3298 1128 patefacto
3334 1059 3462 1115 red-

1874 1141 2028 1207 ierit,
2071 1144 2197 1214 quid
2243 1145 2372 1212 tibi,
2405 1162 2510 1200 non
2540 1148 2713 1202 solum
2742 1147 2886 1203 unde
2926 1149 3074 1203 illum
3115 1147 3328 1216 inﬂare,
3362 1149 3460 1205 sed

1875 1233 2016 1288 unde
2047 1242 2101 1288 tu
2133 1236 2305 1304 possis
2333 1236 2531 1304 vivere,
2564 1239 2896 1294 remanebit?

1943 1323 1996 1379 6.
2033 1323 2157 1380 Hmc
2177 1325 2405 1382 debuisti
2432 1328 2792 1395 considerare,
2816 1344 2937 1385 cum
2961 1330 3252 1397 scriberes;
3280 1341 3334 1386 et
3354 1345 3460 1386 non

1871 1415 1972 1470 ista
2013 1415 2358 1472 similitudine
2400 1420 2595 1474 utrium
2640 1418 2943 1476 inﬂatorum
2985 1421 3066 1476 vel
3106 1421 3460 1476 inﬂandorum

1872 1504 2213 1562 introducere
2237 1507 2391 1562 nobis
2418 1509 2585 1564 Deum
2603 1552 2618 1578 ,
2647 1520 2737 1565 aut
2761 1527 2828 1567 ex
2858 1512 2959 1566 alia
2987 1521 3176 1568 natura
3203 1528 3322 1583 quae
3346 1513 3460 1583 jam

1871 1609 2006 1665 erat,
2029 1599 2167 1653 sicut
2191 1615 2288 1654 nos
2308 1617 2372 1655 ex
2397 1600 2498 1656 isto
2518 1601 2840 1658 circumfuso
2863 1619 2987 1659 aere
3007 1603 3188 1659 ﬂatum
3212 1603 3457 1669 facimus,

1871 1687 2077 1742 animas
2102 1689 2232 1744 ﬂare
2263 1708 2274 1744 :
2303 1700 2392 1744 aut
2419 1699 2596 1758 certe,
2636 1691 2777 1762 quod
2809 1703 2862 1747 et
2888 1693 3143 1748 abhorret
3167 1694 3234 1748 ab
3258 1695 3356 1749 ista
3382 1695 3458 1749 si-

1870 1779 2189 1845 militudine,
2218 1791 2272 1836 et
2295 1782 2530 1837 abundat
2555 1784 2847 1853 impietate,
2876 1785 3040 1840 Deum
3066 1785 3183 1838 sine
3209 1785 3316 1838 ullo
3342 1784 3461 1854 qui-

1869 1869 1991 1926 dem
2008 1873 2089 1928 sui
2111 1873 2449 1940 detrimento,
2473 1873 2567 1929 sed
2593 1885 2768 1930 tamen
2794 1875 2861 1930 de
2880 1892 2972 1931 sua
2995 1887 3180 1930 natura
3207 1875 3460 1931 mutabile

1869 1963 2065 2034 aliquid
2090 1967 2172 2019 vel
2200 1966 2468 2034 proferre,
2498 1967 2602 2033 vel,
2633 1967 2774 2037 quod
2799 1977 2879 2023 est
2908 1967 3079 2039 pejus,
3101 1979 3350 2039 tanquam
3377 1969 3460 2024 sui

1869 2058 2046 2126 operis
2072 2057 2320 2114 materies
2346 2059 2460 2127 ipse
2485 2059 2590 2126 sit,
2622 2060 2821 2116 facere.
2855 2060 2926 2117 Ut
2953 2077 3080 2132 ergo
3118 2061 3350 2132 aliquam
3391 2061 3460 2117 de

1869 2159 2052 2205 nostro
2093 2149 2221 2206 ﬂatu
2249 2151 2314 2206 ad
2341 2151 2477 2206 hanc
2502 2167 2616 2207 rem
2644 2151 2992 2208 adhibeamus
3026 2153 3457 2220 similitudinem,

1869 2239 1920 2294 id
1957 2241 2130 2310 potius
2158 2250 2242 2297 est
2269 2242 2591 2297 credendum
2621 2261 2634 2298 :
2663 2243 2802 2313 quod
2833 2245 2970 2298 sicut
2998 2259 3095 2298 nos
3126 2259 3232 2298 non
3263 2243 3331 2298 de
3361 2259 3460 2298 na-

1869 2339 1985 2385 tura
2015 2340 2195 2386 nostra
2217 2374 2232 2397 ,
2265 2332 2356 2385 sed
2386 2333 2507 2403 quia
2547 2334 2941 2403 omnipotentes
2987 2349 3090 2387 non
3136 2349 3348 2400 sumus,
3391 2333 3459 2389 de

1867 2421 1970 2477 isto
1995 2438 2118 2478 acre
2139 2423 2459 2478 circumfuso
2484 2441 2641 2495 quem
2665 2425 2923 2479 trahimus
2944 2434 2997 2479 et
3019 2425 3309 2488 reddimus,
3334 2440 3457 2480 eum

1867 2516 2133 2587 spiramus
2157 2526 2210 2570 et
2237 2517 2561 2586 respiramus
2583 2558 2598 2583 ,
2625 2515 2807 2572 ﬂatum
2850 2517 3072 2571 facimus
3106 2515 3318 2586 quando
3343 2515 3458 2570 suf-

1866 2606 2085 2673 ﬂamus,
2119 2623 2220 2662 nec
2258 2609 2522 2662 viventem
2566 2622 2666 2662 nec
2706 2608 3054 2672 sentientem,
3085 2605 3328 2676 quamvis
3356 2621 3456 2661 nos

1864 2702 2104 2756 vivamus
2132 2713 2291 2771 atque
2319 2704 2644 2767 sentiamus;
2687 2701 2757 2754 ita
2785 2701 2951 2755 Deum
2981 2716 3085 2754 non
3126 2700 3194 2754 de
3232 2714 3326 2753 sua
3357 2714 3455 2752 ua-
3496 2751 3498 2754 ,

1867 2803 2017 2859 tura,
2048 2793 2142 2849 sed
2177 2794 2297 2864 quia
2339 2795 2415 2848 sic
2458 2793 2797 2862 omnipotens
2834 2803 2950 2859 est,
2993 2801 3052 2846 ut
3080 2792 3244 2862 possit
3272 2805 3457 2846 creare

1865 2884 2005 2957 quod
2032 2885 2176 2950 vult,
2204 2885 2362 2940 etiam
2391 2901 2454 2938 ex
2484 2900 2548 2940 eo
2579 2883 2716 2954 quod
2745 2885 2963 2938 omnino
2994 2899 3100 2936 non
3129 2892 3240 2946 est,
3269 2880 3320 2935 id
3351 2890 3453 2946 est,
3539 2923 3546 2932 .

1864 2977 1932 3034 de
1960 2977 2124 3031 nihilo
2150 2976 2327 3032 ﬂatum
2358 2975 2535 3030 facere
2565 2991 2717 3046 posse
2743 2975 3006 3029 viventem
3037 2983 3194 3043 atque
3223 2972 3458 3028 sentien-

1865 3079 2006 3135 tem;
2035 3069 2128 3124 sed
2156 3069 2310 3139 plane
2335 3083 2455 3122 cum
2482 3065 2552 3121 sit
2577 3065 2918 3120 immutabilis
2945 3065 3057 3135 ipse
3083 3064 3388 3119 mutabilem
3412 3064 3452 3118 ί.

1933 3182 2160 3240 CAPUT
2201 3183 2264 3237 V.
2289 3212 2364 3223 —
2388 3183 2439 3237 7.
2471 3181 2608 3249 Quid
2637 3190 2813 3236 autem
2841 3180 2941 3236 sibi
2970 3181 3117 3244 vult,
3159 3179 3299 3248 quod
3332 3178 3456 3234 huic

1862 3277 2194 3334 similitudini
2218 3276 2517 3332 addendmu
2542 3275 2734 3344 putasti
2757 3273 2822 3328 ad
2843 3273 3144 3342 exemplum
3167 3274 3187 3304 ³
3209 3272 3276 3328 de
3296 3273 3455 3326 beato

1863 3371 2060 3427 Elissae
2079 3413 2094 3436 ,
2122 3371 2242 3442 quia
2273 3369 2450 3424 ﬂando
2478 3368 2531 3422 in
2560 3368 2676 3437 ejus
2705 3367 2893 3421 faciem
2927 3375 3192 3419 mortuutn
3221 3364 3451 3418 suscita-

1863 3463 1998 3518 verit
2030 3461 2119 3535 (ιν
2147 3460 2272 3532 Reg.
2305 3480 2372 3526 tv,
2404 3461 2494 3527 54,
2523 3458 2657 3530 55)?
2688 3458 2834 3512 Itane
2863 3467 2919 3512 tu
2950 3456 3130 3511 ﬂatum
3160 3455 3340 3510 Elistci
3373 3456 3452 3507 fa-

1862 3565 2003 3611 ctum
2025 3555 2045 3586 ³
2075 3554 2237 3609 fuisse
2258 3563 2412 3622 putas
2433 3552 2660 3607 animam
2690 3551 2878 3621 pueri?
2904 3550 3016 3604 Non
3045 3565 3211 3621 usque
3241 3548 3374 3603 adeo
3398 3556 3450 3602 te

1859 3662 1892 3704 ι
1921 3661 2047 3702 vero
2073 3645 2375 3701 exorbitare
2408 3642 2744 3699 crediderim.
2774 3641 2830 3697 Si
2854 3657 2981 3712 ergo
3009 3641 3184 3694 anima
3212 3639 3301 3693 illa
3330 3655 3450 3708 quae

1861 3738 2057 3794 viventi
2084 3738 2257 3793 ablata
2287 3736 2461 3791 fuerat
2489 3745 2547 3790 ut
2573 3744 2903 3801 moreretur,
2935 3733 3119 3788 eadem
3148 3731 3260 3802 ipsa
3289 3733 3361 3786 illi
3393 3741 3450 3786 ut

1860 3827 2241 3884 revivisceret"
2273 3827 2476 3883 reddita
2514 3837 2628 3892 est;
2657 3826 2783 3896 quid
2814 3826 2879 3880 ad
2911 3841 3022 3880 rem
3052 3827 3282 3895 pertinet
3309 3824 3451 3893 quod

1859 3919 2060 3983 dixisti,
2091 3938 2110 3970 ι
2141 3919 2273 3973 nihil
2294 3918 2486 3972 Elissae
2506 3916 2666 3972 fuisse
2685 3917 3024 3979 diminutmn,
3053 3934 3072 3967 ι
3096 3915 3246 3986 quasi
3269 3914 3452 3971 abillo

1860 4011 2057 4082 aliquid
2089 4011 2372 4077 transisse,
2401 4009 2542 4065 unde
2568 4010 2803 4074 viveret,
2831 4008 3080 4063 credatur
3105 4007 3158 4062 in
3187 4007 3448 4078 puerum?

1859 4104 2010 4172 Quod
2051 4105 2096 4158 si
2137 4113 2415 4175 propterea
2447 4103 2646 4156 dictum
2675 4110 2789 4166 est,
2821 4102 2944 4172 quia
2982 4101 3128 4156 ﬂavit
3163 4109 3219 4157 et
3247 4103 3450 4172 integer

1858 4197 2088 4264 mansit;
2114 4195 2239 4268 quid
2264 4210 2397 4266 opus
2422 4202 2538 4250 erat
2561 4203 2618 4248 ut
2645 4195 2746 4249 hoc
2769 4194 2836 4249 de
2860 4194 3055 4249 Elis-aco
3074 4203 3340 4248 mortuum
3364 4209 3449 4248 re-

1859 4292 2148 4346 suscitante
2173 4291 2399 4356 diceres,
2431 4291 2575 4361 quod
2599 4291 2666 4346 de
2689 4290 2884 4361 quovis
2914 4289 3072 4344 ﬂante
3100 4298 3154 4343 et
3179 4291 3448 4345 neminem

1858 4385 2152 4439 suscitante
2192 4383 2372 4438 dicere
2417 4383 2760 4438 nihilominus
2801 4384 3023 4452 posses?
3069 4381 3278 4435 Incaute
3317 4396 3448 4437 sane

1860 4476 2068 4530 loeutus
2094 4489 2154 4530 es
2185 4475 2326 4547 (cum
2355 4474 2493 4529 absit
2523 4483 2578 4528 ut
2603 4473 2793 4529 credas
2821 4472 3005 4527 ﬂatum
3033 4471 3210 4527 Elisaai
3250 4473 3446 4526 factum

1859 4565 2022 4622 fuisse
2051 4565 2416 4621 reviviscentis
2443 4565 2674 4619 animam
2702 4564 2896 4635 pueri),
2928 4564 3069 4634 quod
3097 4563 3322 4632 primum
3353 4562 3446 4619 Dei

1858 4658 2054 4714 factum
2074 4699 2089 4723 ,
2120 4657 2188 4713 ab
2214 4657 2368 4713 istius
2394 4657 2664 4728 propheta:
2690 4655 2829 4712 facto
2855 4655 2958 4711 hoc
2985 4655 3180 4710 distare
3210 4655 3442 4722 voluisti,

1858 4753 2000 4824 quod
2032 4754 2121 4808 ille
2150 4752 2338 4818 semel,
2369 4751 2468 4807 iste
2494 4761 2574 4806 ter
2601 4749 2824 4806 ﬂaverit.
2855 4749 3041 4804 Dixisti
3065 4748 3259 4820 quippe
3289 4767 3307 4800 ι
3337 4749 3447 4804 Eli-

1861 4861 2025 4902 saaum
2057 4847 2106 4900 in
2139 4845 2327 4901 faciem
2355 4843 2588 4899 defuncti
2619 4843 2707 4897 filii
2745 4843 2886 4897 illius
2912 4843 3235 4909 Sunamitis,
3267 4842 3333 4897 ad
3363 4843 3444 4896 in-

1861 4948 1971 4992 star
2010 4937 2278 5008 primmvze
2307 4934 2528 5006 originis
2568 4933 2884 4988 insufﬂasse.
2932 4933 3000 4988 Et
3042 4949 3161 4989 cum
3204 4943 3443 4989 emortua

1859 5032 2118 5095 membra,
2151 5050 2169 5083 ι
2202 5031 2396 5100 inquis,
2431 5048 2449 5082 ι
2482 5030 2534 5084 in
2565 5031 2799 5100 vigorem
2833 5029 3110 5099 pristinum
3141 5029 3446 5084 redanima-

1860 5136 1944 5191 ta,
1991 5140 2085 5195 per
2128 5122 2350 5178 halitum
2395 5122 2674 5192 PrOphetae
2703 5123 2881 5178 divina
2911 5123 3080 5177 virtus
3105 5123 3441 5189 accenderet,

1860 5217 1987 5273 nihil
2018 5217 2206 5271 Eliswo
2234 5214 2392 5270 fuerit
2420 5215 2776 5280 imminutum,
2808 5231 2905 5285 per
2933 5215 3085 5283 cujus
3112 5215 3293 5269 ﬂatum
3320 5231 3441 5268 cor-

1860 5325 1960 5380 pus
1977 5319 2276 5365 emortuum
2297 5308 2585 5364 redivivam
2611 5308 2843 5363 animam
2870 5306 3068 5377 recepit
3091 5319 3145 5362 et
3169 5307 3438 5376 spiritum:

1861 5403 1960 5457 nisi
1991 5401 2132 5472 quod
2164 5402 2330 5456 semel
2361 5401 2614 5456 Dominus
2646 5401 2698 5455 in
2727 5400 2911 5456 faciem
2943 5401 3172 5456 hominis
3200 5397 3439 5453 insufﬂa-

1859 5493 1956 5561 vit,
1979 5501 2032 5548 et
2053 5491 2216 5558 vixit;
2243 5491 2402 5547 tertio
2423 5491 2648 5547 Elis-aius
2672 5491 2726 5546 in
2749 5492 2938 5548 faciem
2957 5489 3149 5546 mortui
3168 5488 3441 5559 aspiravit,

1922 5694 1940 5726 ί
1975 5694 2060 5743 Hic
2083 5693 2201 5742 editi
2224 5692 2422 5752 addunt,
2446 5693 2578 5754 facit.

1921 5756 1943 5824 ξ
1974 5757 2104 5824 apud
2128 5762 2274 5824 Lov.,_
2284 5753 2461 5817 putasti
2481 5762 2526 5804 et
2547 5753 2873 5824 exmple-__

1924 5818 1945 5850 ³
1977 5817 2222 5876 Additnus,
2245 5819 2444 5879 factum,
2479 5830 2541 5864 ex
2568 5817 2916 5879 manuscriptis.
3241 5873 3253 5879 _
3475 5861 3478 5864 ,

1923 5879 1947 5913 ⁸
1980 5886 2031 5928 In
2198 5873 2217 5940 ,
2245 5873 2597 5938 revivesceret;
2663 5884 2714 5926 et
2790 5873 2934 5937 paulo
2971 5881 3106 5941 post,
3152 5873 3443 5930 revivescen-

1860 5950 1937 6001 tis.
