4012 6532
552 417 658 473 515

553 542 608 588 et
651 527 859 586 revixit.
893 544 912 579 ι
946 523 1036 579 Sic
1064 525 1254 577 sonant
1284 525 1366 572 tua
1405 516 1566 571 verba
1610 516 1707 569 ista
1731 557 1743 578 ,
1789 513 1939 584 quasi
1978 512 2137 566 llandi

555 625 760 677 tantum
788 630 1039 673 numerus
1065 611 1360 667 interfuerit
1381 611 1422 676 ί,
1453 617 1510 661 ιιι
1536 624 1637 662 non
1665 606 1803 677 quod
1834 607 1953 659 fecit
1976 605 2137 669 Deus,

553 713 712 768 etiam
745 706 1008 778 Pr0pheta
1046 703 1233 759 fecisse
1263 700 1525 756 credatur.
1561 699 1624 752 Et
1652 698 1752 752 hoc
1782 713 1909 766 ergo
1951 711 2139 750 cmen-

552 803 780 859 daudum
811 809 910 854 est.
945 799 1074 852 Tam
1105 795 1325 850 multum
1356 794 1546 863 quippe
1578 789 1812 844 interfuit
1847 791 1983 842 inter
2014 787 2139 841 illud

550 912 681 966 Opus
710 894 834 960 Dei,
863 899 916 946 et
953 890 1055 944 hoc
1097 888 1306 953 Elismi,
1335 896 1391 940 ut
1434 886 1520 939 ille
1549 883 1755 938 flaverit
1784 881 1963 935 ﬂatum
1996 883 2136 946 vitm,

551 1004 656 1058 quo
686 987 837 1042 ﬁeret
862 985 1023 1038 homo
1049 982 1100 1036 in
1127 983 1356 1035 animam
1385 979 1682 1042 viventem;
1717 978 1814 1030 iste
1839 986 2015 1030 autem
2046 975 2141 1029 lla-

551 1081 686 1138 verit
717 1077 929 1143 ﬂatum,
964 1090 1134 1144 neque
1165 1074 1479 1128 sentientem
1512 1086 1681 1140 neque
1712 1071 2006 1135 viventem,
2045 1066 2138 1122 sed

549 1169 749 1240 aliquid
769 1167 1099 1239 signiﬁcandi
1122 1167 1285 1247 gratia
1312 1163 1646 1233 ﬁgurantem.
1678 1161 1909 1229 Denique
1933 1167 1985 1212 ut
2011 1175 2141 1227 puer

552 1265 652 1319 iste
682 1263 1057 1324 revivisceret,
1092 1275 1197 1314 non
1237 1273 1357 1312 eum
1390 1255 1673 1310 auimando
1700 1254 1966 1323 Propheta
1995 1251 2136 1316 fecit,

548 1356 641 1410 sed
671 1355 834 1410 eum”
876 1352 1103 1407 amando
1147 1359 1201 1404 ut
1245 1351 1344 1403 hoc
1388 1349 1528 1402 Deus
1575 1349 1770 1401 faceret
1819 1346 2134 1414 impetravit.

548 1447 701 1513 Quod
730 1456 905 1500 autem
938 1445 1084 1498 illum
1128 1452 1209 1498 ter
1248 1441 1490 1496 sufﬂasse
1529 1441 1660 1494 dicis
1683 1482 1696 1505 ,
1728 1447 1819 1492 aut
1860 1438 2132 1504 memoria,

546 1541 682 1592 sicut
720 1538 835 1592 ﬁeri
877 1537 1041 1603 solet,
1087 1545 1177 1589 aut
1223 1533 1547 1589 mendositas
1589 1533 1787 1586 codicis
1834 1540 1883 1585 te
1928 1530 2135 1585 fefellit.

545 1630 680 1698 Quid
719 1629 905 1699 plura?
936 1628 1048 1682 Non
1079 1637 1200 1681 sunt
1235 1627 1326 1684 tibi
1369 1625 1435 1678 ad
1469 1625 1568 1678 hoc
1593 1623 1936 1677 astruendum
1966 1622 2136 1692 aliqua

545 1703 784 1792 exempla
817 1732 869 1775 et
895 1730 1202 1791 argumenta
1233 1719 1548 1790 qua-renda,
1596 1718 1688 1771 sed
1735 1717 1908 1785 potius
1951 1731 2136 1770 emen-

546 1815 717 1870 danda
759 1824 814 1868 et
851 1813 1099 1868 mutanda
1131 1811 1412 1866 sententia.
1448 1810 1559 1863 Noli
1591 1825 1717 1878 ergo
1743 1807 1997 1873 credere,
2029 1806 2138 1860 noli

545 1922 673 1977 ergo
699 1907 894 1970 dicere,
932 1906 1040 1959 noli
1071 1904 1263 1958 (locere
1296 1921 1313 1952 ι
1344 1902 1482 1974 quod
1515 1918 1618 1955 non
1646 1899 1712 1954 de
1738 1899 1922 1965 nihilo,
1951 1899 2043 1952 sed
2071 1899 2136 1952 de

544 2017 636 2055 sua
661 2011 842 2052 natura
863 1998 1044 2052 fecerit
1063 1997 1291 2052 animam
1318 1996 1476 2059 Deus,
1493 2015 1508 2046 ›
1528 1993 1571 2047 si
1588 1994 1663 2047 vis
1688 2007 1807 2047 esse
1821 1991 2131 2046 catholicus.

560 2071 562 2074 ν
614 2089 836 2146 CAPUT
881 2090 1124 2144 V’I.—8.
1156 2087 1270 2141 Noli
1318 2087 1568 2151 credere,
1623 2100 1721 2140 nec
1765 2084 1977 2147 dicere,
2037 2098 2136 2139 nec

543 2180 755 2247 docere,
809 2201 825 2233 ι
866 2181 968 2252 Per
1013 2181 1271 2234 infinitum
1325 2187 1560 2248 tempus,
1603 2187 1762 2247 atque
1802 2178 1872 2231 ita
1919 2191 2134 2247 semper

544 2274 709 2330 Deum
758 2274 961 2327 animas
999 2273 1158 2335 dare,
1202 2271 1340 2325 sicut
1382 2286 1592 2340 semper
1632 2277 1712 2324 est
1739 2269 1853 2338 ipse
1879 2269 1967 2339 qui
1993 2267 2082 2322 dat
2109 2287 2126 2318 ι

547 2364 767 2438 (Supra,
797 2365 883 2418 lib.
918 2365 969 2431 1,
1027 2381 1078 2418 η.
1117 2363 1228 2432 26),
1262 2363 1305 2416 si
1345 2362 1421 2416 vis
1459 2377 1578 2416 esse
1643 2360 1960 2416 catholicus.
2017 2358 2132 2412 Erit

544 2457 684 2510 enim
720 2465 926 2525 tempus
951 2454 1160 2525 quando
1182 2470 1286 2508 non
1314 2453 1458 2508 dabit
1479 2454 1682 2507 animas
1704 2452 1864 2517 Deus,
1894 2466 2015 2505 cum
2047 2458 2125 2504 ta-

542 2564 662 2602 men
708 2563 828 2602 esse
857 2547 969 2616 ipse
1000 2563 1101 2600 nou
1132 2546 1354 2600 desinat.
1388 2547 1603 2600 Poterat
1634 2545 1845 2615 quidem
1874 2546 1952 2600 sic
1986 2544 2127 2598 acci-

542 2639 617 2709 pi,
646 2639 786 2709 quod
834 2640 972 2703 aisti,
1009 2657 1028 2691 (
1057 2654 1269 2708 semper
1298 2639 1388 2692 dat
1417 2657 1435 2689 ι
1478 2647 1533 2692 ιιι
1577 2638 1967 2709 intelligeretur
2007 2639 2124 2692 sine

542 2731 840 2784 cessatione
864 2730 992 2784 dare
1022 2731 1274 2798 quamdiu
1305 2729 1546 2783 homines
1587 2737 1846 2799 generant
1880 2739 1934 2784 et
1968 2745 2130 2799 gene—

541 2829 745 2885 rantur,
788 2821 923 2874 sicut
961 2819 1158 2874 dictum
1185 2819 1360 2873 estde
1398 2818 1734 2889 quibusdam,
1780 2818 1994 2889 Semper
2045 2820 2128 2872 ili-

553 2921 760 2976 sccntes,
795 2921 840 2964 et
868 2911 936 2963 ad
963 2911 1182 2963 veritatis
1207 2910 1465 2963 scientiam
1509 2926 1761 2980 nunquam
1794 2911 2130 2981 pervenientes

553 3001 632 3070 (ll
662 3001 791 3054 Tim.
824 3017 900 3066 ιιι,
935 3002 987 3070 7)
1018 3019 1029 3053 :
1061 3017 1169 3056 non
1197 3001 1336 3053 enim
1368 3001 1444 3054 sic
1472 3001 1725 3068 accipitur
1753 3000 1894 3070 quod
1926 3001 2011 3054 hic
2039 3016 2130 3070 po-

555 3089 712 3146 Situm
744 3101 843 3158 est,
873 3108 1085 3161 semper,
1117 3093 1260 3146 velut
1303 3107 1569 3160 nunquam
1600 3091 1848 3144 desinant
1888 3089 2124 3156 discere;

543 3199 666 3238 cum
712 3185 892 3253 procul
932 3183 1094 3239 dubio
1129 3200 1233 3238 non
1264 3183 1505 3249 discant,
1529 3182 1740 3252 quando
1772 3183 1822 3236 in
1868 3181 1972 3236 hoc
2005 3197 2126 3237 eor-

545 3293 676 3349 pore
719 3278 1018 3334 destiterint
1052 3279 1251 3343 vivere,
1281 3277 1365 3332 vel
1405 3291 1525 3332 cum
1557 3277 1821 3346 coeperint
1865 3276 2127 3346 supplicio

539 3372 848 3442 gehennalis
905 3372 1041 3441 ignis
1079 3370 1270 3426 ardere
1301 3388 1315 3423 :
1351 3370 1450 3425 sed
1487 3378 1540 3424 tu
1581 3385 1686 3424 non
1731 3370 2018 3439 permisisti
2049 3369 2130 3424 sic

539 3464 710 3534 accipi
753 3465 974 3519 verbum
1019 3473 1198 3529 tuum,
1243 3477 1363 3517 cum
1407 3460 1609 3525 dixisti,
1646 3480 1664 3511 ι
1699 3477 1912 3531 semper
1939 3461 2064 3527 dat;
2101 3480 2124 3514 ι

537 3557 963 3629 quandoquidem
1001 3556 1050 3609 id
1097 3556 1162 3609 ad
1204 3555 1467 3609 inllnitum
1515 3563 1724 3623 tempus
1768 3553 2124 3607 revocandum

538 3649 754 3720 putasti.
784 3651 850 3704 Et
877 3663 1062 3718 parum
1090 3647 1193 3701 hoc
1220 3647 1315 3700 fuit
1349 3664 1361 3698 :
1387 3646 1480 3700 sed
1514 3655 1764 3715 tanquam
1793 3654 2126 3714 quaereretur

537 3742 632 3796 abs
659 3749 730 3806 te,
756 3750 811 3794 ut
831 3740 1064 3809 apertius
1085 3739 1376 3808 explicares
1394 3737 1659 3806 quomodo
1676 3738 1896 3802 dixeris,
1931 3755 1950 3788 ι
1981 3752 2126 3791 sem-

539 3847 635 3903 per
660 3832 783 3896 dat;
825 3850 844 3884 ι
877 3830 1123 3885 addidisti
1151 3839 1308 3899 atque
1339 3829 1537 3894 dixisti,
1575 3847 1593 3880 ‹
1625 3829 1762 3883 sicut
1789 3844 2004 3899 semper
2033 3839 2116 3883 est

538 3924 652 3994 ipse
693 3923 780 3992 qui
825 3922 934 3977 dat.
971 3941 992 3974 ι
1024 3921 1135 3975 Hoc
1174 3935 1298 3974 sana
1333 3929 1386 3975 et
1432 3920 1691 3974 catholica
1733 3920 1864 3974 tides
1905 3921 2124 3975 omnino

539 4015 882 4068 condemnat.
929 4011 1081 4067 Absit
1121 4012 1264 4066 enim
1315 4018 1372 4064 ut
1407 4010 1687 4064 credamus
1729 4010 1870 4081 quod
1918 4012 2124 4066 animas

539 4107 680 4162 Deus
701 4122 912 4176 semper
937 4105 1050 4171 dat,
1089 4105 1227 4160 sicut
1263 4120 1473 4174 semper
1499 4113 1579 4157 est
1612 4105 1725 4173 ipse
1766 4105 1856 4174 qui
1893 4105 2004 4158 d—at.
2036 4105 2124 4160 Sic

539 4200 681 4254 enim
723 4213 935 4267 semper
975 4205 1056 4252 est
1103 4197 1236 4267 ipse,
1278 4206 1336 4250 ut
1381 4212 1649 4266 nunquam
1687 4211 1805 4251 esse
1848 4197 2118 4251 desistat:

537 4291 742 4346 animas
772 4301 948 4345 autem
980 4304 1086 4344 non
1107 4303 1320 4357 semper
1345 4287 1509 4352 dabit,
1539 4288 1632 4344 sed
1661 4303 1752 4342 eas
1775 4287 1923 4342 finito
1952 4304 2119 4358 gene-

537 4385 758 4440 rationis
783 4385 998 4451 saeculo,
1030 4399 1135 4438 non
1173 4383 1280 4454 jam
1326 4384 1664 4438 nascentibus
1694 4385 1884 4453 quibus
1928 4383 2121 4439 dandae

536 4477 660 4543 sint,
686 4476 870 4547 procul
892 4476 1051 4530 dubio
1079 4475 1206 4529 dare
1225 4475 1474 4529 cessabit.

606 4569 834 4626 CAPUT
877 4568 1153 4624 ιιι-9.
1184 4567 1304 4622 Noli
1342 4569 1581 4633 credere,
1624 4582 1721 4622 nec
1769 4569 1968 4635 dicere,
2021 4585 2120 4625 nec

539 4662 752 4727 docere,
783 4679 800 4711 ι
816 4661 1058 4714 Animam
1079 4660 1324 4714 meritum
1339 4659 1549 4728 aliquod
1575 4658 1868 4727 perdidisse
1886 4675 1979 4729 per
1999 4675 2120 4714 ear-

538 4769 680 4819 nem,
727 4763 973 4822 tanquam
995 4751 1118 4805 boni
1150 4750 1324 4804 meriti
1350 4749 1505 4804 fuerit
1535 4757 1658 4804 ante
1678 4765 1892 4804 carnem
1933 4769 1952 4802 ›
1984 4749 2118 4822 (Su-

537 4862 651 4915 pra,
685 4845 771 4898 lib.
801 4845 856 4909 2,
889 4861 941 4898 η.
995 4845 1082 4914 11)
1114 4884 1129 4908 ,
1187 4845 1230 4898 si
1271 4845 1352 4897 vis
1385 4858 1506 4898 esse
1528 4843 1840 4898 catholicus.
1873 4843 2116 4898 Nondum

535 4939 677 4992 enim
707 4947 860 4992 natos
890 4937 1176 5006 Apostolus
1207 4937 1336 4990 nihil
1364 4937 1537 5006 egisse
1563 4936 1691 4991 dicit
1725 4937 1849 4991 boni
1879 4938 1960 4992 vel
1990 4939 2116 4993 mali

534 5029 710 5098 (Rom.
735 5044 787 5083 ix
809 5071 821 5093 ,
849 5027 962 5101 11).
995 5027 1143 5084 Unde
1171 5044 1298 5098 ergo
1327 5028 1503 5081 anima
1531 5029 1700 5097 potuit
1739 5039 1864 5084 ante
1898 5044 2113 5084 carnem

533 5121 733 5178 habere
769 5123 1014 5177 meritum
1061 5123 1290 5182 bonum,
1314 5121 1405 5175 ubi
1456 5121 1581 5176 nihil
1616 5130 1800 5192 egerat
1844 5122 2008 5179 boni?
2033 5126 2114 5179 An

531 5214 670 5269 forte
709 5214 927 5269 audebis
953 5229 1069 5269 eam
1103 5214 1280 5269 dicere
1307 5224 1432 5268 ante
1459 5229 1674 5269 carnem
1720 5215 1854 5269 bene
1894 5215 2111 5282 vixisse,

535 5322 689 5378 quam
731 5322 834 5360 non
855 5315 1005 5376 potes
1026 5306 1308 5361 ostendere
1336 5307 1419 5360 vel
1451 5306 1652 5361 fuisse?
1682 5306 1959 5375 Quomodo
1987 5323 2116 5378 ergo

532 5399 685 5466 dicis,
723 5417 741 5451 ‹
778 5397 892 5452 Non
919 5399 998 5452 vis
1027 5399 1256 5452 animam
1287 5414 1349 5453 ex
1374 5414 1534 5453 carne
1567 5401 1768 5468 peccati
1795 5401 2115 5456 contrahere

528 5490 922 5555 valetudinem,
959 5488 1028 5544 ad
1053 5506 1210 5560 quam
1247 5491 1480 5544 vicissim
1522 5492 1996 5547 sauctitieatiouem
2028 5493 2109 5547 vi-

531 5581 659 5636 deas
687 5583 913 5638 transire
943 5596 1036 5652 per
1066 5596 1278 5636 carnem
1300 5621 1315 5647 ,
1346 5590 1402 5634 ut
1432 5595 1525 5649 per
1557 5581 1724 5650 ipsam
1757 5593 1966 5650 reparet
2002 5592 2111 5636 sta-

596 5759 614 5821 !
647 5759 983 5808 Cisterciensis
1017 5765 1121 5818 Ms.,
1145 5756 1372 5821 defuerit.

501 5837 529 5864 ο
594 5819 626 5890 ﬁ
649 5826 796 5868 Vetus
809 5821 964 5878 codex
987 5819 1326 5870 Germanensis
1349 5826 1400 5870 et
1424 5819 1689 5871 Victorinus
1707 5857 1721 5884 ,
1765 5822 1850 5874 sed
1872 5826 2081 5876 amando
2095 5862 2110 5889 ,

534 5890 726 5941 omisso,
749 5894 872 5932 eum.

1436 402 1523 458 DE
1563 400 1771 456 ANIMA
1813 399 1901 455 ET
1941 397 2105 455 EJUS
2143 395 2442 465 ORIGINE,
2485 397 2540 454 S.
2571 395 2932 455 AUGUSTINI

3720 398 3833 464 516

2255 521 2385 577 tum,
2410 528 2678 582 perquam
2705 513 3007 582 perdiderat
3027 513 3310 568 meritum?
3342 533 3362 567 ι
3397 513 3523 571 Haec
3555 514 3831 588 dogmata,

2246 605 2437 674 quibus
2468 615 2678 676 putatur
2702 607 2876 661 anima
2907 616 3030 662 ante
3055 623 3270 662 carnem
3303 607 3551 664 habuisse
3589 610 3825 680 aliquem

2246 706 2437 750 statum
2460 698 2655 752 bonum
2681 706 2735 754 et
2763 700 3009 754 meritum
3034 692 3250 765 bonum,
3276 701 3320 755 si
3353 701 3488 756 forte
3515 704 3712 769 neseis,
3733 719 3833 758 ox-

2245 790 2410 858 eeptis
2439 791 2668 860 antiquis
2704 790 2987 855 luereticis,
3020 791 3177 846 etiam
3214 793 3481 848 recentius
3520 793 3573 848 in
3607 794 3833 850 Priscil-

2243 880 2467 937 lianistis
2488 884 2596 954 jam
2620 885 2875 940 catholica
2908 886 3178 940 damnavit
3209 887 3467 943 Ecclesia.

2316 977 2400 1032 1ο.
2433 977 2548 1032 Noli
2579 979 2816 1047 credere,
2857 995 2956 1035 nec
2982 980 3187 1047 dicere,
3230 997 3326 1036 nec
3355 981 3546 1038 docere
3566 1026 3580 1049 ,
3621 1003 3642 1036 ι
3696 984 3830 1038 .Αηί-

2243 1081 2384 1122 mam
2426 1085 2519 1136 per
2547 1084 2760 1124 carnem
2804 1085 3050 1140 reparare
3093 1071 3454 1127 habitudinem
3497 1075 3728 1144 priscam
3779 1086 3832 1131 et

2245 1177 2340 1230 per
2365 1161 2506 1216 illam
2525 1164 2749 1227 renasci,
2767 1180 3026 1235 perquam
3057 1176 3323 1220 meruerat
3349 1167 3610 1238 inquinari
3637 1188 3655 1221 ι
3690 1168 3827 1240 (Su-

2244 1270 2355 1323 pra,
2382 1253 2468 1308 lib.
2505 1255 2553 1317 1,
2587 1272 2637 1308 η.
2667 1255 2720 1320 6,
2747 1266 2791 1308 et
2813 1255 2900 1309 lib.
2928 1255 2982 1322 2,
3013 1274 3067 1312 η.
3096 1257 3207 1328 11),
3258 1258 3301 1311 si
3351 1259 3429 1312 vis
3468 1275 3587 1315 esse
3637 1262 3832 1314 catho-

2242 1343 2392 1398 licus.
2423 1344 2490 1399 Ut
2532 1346 2670 1399 enim
2710 1351 2949 1401 omittam
2992 1348 3042 1402 in
3082 1364 3147 1404 eo
3176 1349 3316 1419 quod
3347 1349 3544 1414 dixisti,
3577 1370 3596 1403 ι
3630 1351 3830 1408 Merito

2243 1449 2368 1504 ergo
2393 1451 2483 1504 per
2507 1452 2742 1500 carnem,
2765 1439 2990 1507 priscam
3019 1449 3231 1510 reparat
3258 1441 3640 1510 habitudinem,
3665 1459 3834 1514 quam

2242 1526 2351 1579 visa
2378 1525 2552 1580 fuerat
2574 1530 2838 1597 paulisper
2860 1531 3099 1586 amisisse
3121 1547 3218 1602 per
3243 1547 3478 1600 carnem,
3505 1543 3559 1587 ut
3589 1550 3686 1604 per
3707 1549 3829 1589 eam

2242 1616 2457 1685 incipiat
2478 1619 2711 1683 renasci,
2737 1636 2830 1688 per
2857 1637 3013 1690 quam
3038 1634 3306 1678 meruerat
3337 1626 3632 1695 inquinari,
3673 1646 3692 1678 ι
3724 1637 3830 1680 tam

2240 1706 2291 1760 in
2322 1709 2565 1777 proximo
2597 1718 2647 1764 te
2674 1711 2846 1780 ipsum
2868 1713 2959 1766 tibi
2991 1714 3086 1783 ipsi
3117 1717 3386 1772 exstitisse
3414 1721 3742 1773 contrarium
3772 1721 3825 1786 ις

2241 1807 2298 1851 ut
2328 1799 2485 1856 homo
2509 1802 2598 1870 qui
2625 1804 2781 1871 paulo
2806 1813 2930 1860 ante
2959 1805 3171 1862 dixeras
3189 1850 3202 1872 ,
3232 1810 3464 1864 animam
3489 1827 3582 1879 per
3607 1828 3827 1869 carnem

2241 1904 2488 1960 reparare
2531 1902 2722 1948 statum
2769 1911 2862 1964 per
2899 1913 3054 1966 quam
3093 1899 3398 1968 perdiderat
3425 1903 3672 1958 meritum
3695 1948 3707 1970 ,
3736 1905 3830 1961 ubi

2240 1982 2383 2035 nullo
2415 1984 2570 2039 modo
2590 1994 2760 2055 potest
2781 1987 2879 2040 nisi
2903 1988 3096 2042 bonum
3126 1992 3371 2046 meritum
3403 1993 3646 2065 intelligi,
3677 1999 3827 2066 quod

2237 2073 2317 2128 vis
2348 2075 2529 2146 utique
2559 2092 2654 2146 per
2673 2093 2886 2134 carnem
2919 2081 2972 2133 in
2997 2081 3320 2151 Baptismate
3343 2089 3824 2154 reparari,.rursus

2238 2181 2354 2221 eam
2385 2168 2590 2224 diceres
2614 2171 2872 2241 inquinari
2902 2175 3164 2229 meruisse
3202 2192 3298 2246 per
3318 2191 3533 2232 carnem
3552 2221 3566 2244 ,
3596 2181 3684 2235 ubi
3705 2181 3824 2250 jam

2237 2271 2342 2312 non
2373 2269 2544 2330 potest
2572 2261 2765 2316 bonum
2801 2263 2896 2318 sed
2928 2265 3125 2320 malum
3159 2271 3407 2323 meritum
3450 2271 3671 2342 intelligi
3718 2291 3731 2327 :
3767 2284 3829 2329 ut

2236 2365 2362 2420 ergo
2405 2351 2456 2405 id
2500 2353 2768 2421 omittam;
2818 2373 3035 2426 prorsus
3073 2361 3160 2414 vel
3205 2360 3434 2428 bonum,
3481 2364 3563 2420 vel
3612 2368 3822 2422 malum

2235 2443 2483 2497 meritum
2505 2443 2726 2500 credere
2768 2445 3017 2504 habuisse
3038 2449 3269 2505 animam
3295 2461 3416 2508 ante
3440 2469 3656 2510 carnem
3677 2499 3694 2524 ,
3729 2473 3828 2513 (εει-

2235 2532 2487 2588 tholicum
2517 2551 2620 2590 non
2648 2546 2751 2592 est.

2304 2621 2531 2680 CAPUT
2549 2626 2784 2682 Vlll.—l
2799 2630 2845 2683 l.
2866 2629 2983 2684 Noli
2997 2631 3237 2700 credere,
3269 2650 3365 2690 nec
3381 2635 3577 2704 dicere,
3601 2654 3703 2694 nec
3721 2639 3828 2697 do-

2233 2727 2376 2781 cere,
2405 2735 2424 2768 ‹
2452 2717 2602 2791 Quod
2625 2720 2798 2774 anima
2819 2726 3075 2778 meruerit
3093 2740 3212 2780 esse
3227 2730 3490 2796 peccatrix
3513 2741 3635 2787 ante
3657 2750 3823 2791 omne

2236 2820 2510 2878 peccatum
2543 2830 2561 2864 ι
2603 2812 2817 2886 (Supra,
2848 2815 2935 2870 lib.
2969 2818 3020 2882 1,
3064 2836 3117 2874 n.
3148 2819 3201 2887 8,
3245 2831 3290 2873 et
3323 2822 3411 2877 lib.
3454 2822 3507 2887 2,
3540 2842 3590 2878 η.
3618 2825 3732 2892 l2),
3779 2831 3826 2883 si

2232 2900 2312 2954 vis
2340 2916 2459 2955 esse
2486 2902 2798 2959 catholicus.
2824 2905 2989 2961 Valde
3020 2909 3159 2963 enim
3194 2912 3388 2966 malum
3418 2917 3664 2970 meritum
3700 2927 3817 2986 est,

2233 2994 2492 3048 meruisse
2523 2995 2637 3050 ﬁeri
2667 2999 3040 3067 peccatricem.
3063 3000 3130 3056 Et
3154 3003 3333 3074 utique
3365 3014 3469 3060 tam
3495 3009 3692 3064 malum
3718 3027 3827 3067 me-

2232 3084 2393 3139 ritum
2425 3088 2568 3142 nullo
2598 3089 2757 3144 modo
2779 3090 2976 3147 habere
3003 3096 3170 3161 potuit
3195 3106 3316 3151 ante
3339 3114 3497 3154 omne
3519 3111 3822 3170 peccatum,

2231 3179 2526 3245 pnnsertiiu
2556 3180 2858 3251 priusquam
2886 3185 3090 3240 veniret
3118 3188 3170 3242 in
3192 3204 3430 3251 carnem.
3464 3193 3676 3261 quando
3698 3210 3820 3251 me-

2230 3267 2391 3323 ritum
2431 3285 2530 3325 nec
2561 3272 2758 3327 malum
2792 3276 2961 3344 potuit
3012 3277 3240 3344 habere,
3275 3297 3374 3336 nec
3414 3281 3631 3338 bonum.
3673 3288 3826 3353 Quo-

2231 3361 2392 3416 modo
2419 3363 2575 3432 igitur
2599 3365 2761 3432 dieis,
2799 3385 2818 3419 ι
2863 3370 3050 3424 Anima
3091 3372 3268 3442 itaque
3309 3374 3352 3428 si
3394 3379 3660 3444 peccatrix
3695 3396 3821 3437 esse

2229 3454 2447 3521 meruit,
2475 3471 2594 3524 qua:
2620 3461 2889 3526 peccatrix
2921 3477 3042 3517 esse
3068 3479 3171 3518 non
3207 3466 3396 3534 potuit,
3429 3475 3606 3525 tamen
3640 3488 3823 3544 neque

2231 3545 2284 3599 in
2309 3556 2524 3615 peccato
2561 3556 2844 3619 remansit,
2873 3555 2993 3625 quia
3039 3556 3090 3611 in
3121 3557 3337 3615 Christo
3377 3564 3716 3634 prastigurata
3766 3569 3822 3624 in

2228 3648 2449 3707 peccato
2471 3655 2589 3696 esse
2616 3659 2724 3698 non
2746 3644 2946 3710 debuit,
2978 3648 3113 3703 sicut
3139 3665 3258 3706 esse
3289 3668 3391 3706 non
3425 3656 3636 3724 potuit?
3667 3676 3687 3709 ι
3717 3660 3818 3714 At-

2231 3731 2390 3787 tende
2427 3733 2553 3804 quid
2589 3735 2768 3804 dicas,
2799 3745 2852 3792 et
2897 3739 3095 3797 desiste
3134 3743 3244 3817 jam
3289 3743 3490 3802 dicere.
3527 3748 3819 3817 Quomodo

2229 3823 2370 3875 enim
2397 3826 2610 3891 meruit,
2643 3837 2698 3881 et
2725 3832 2990 3898 quomodo
3019 3850 3121 3886 non
3146 3815 3316 3904 potuit
3343 3853 3461 3893 esse
3500 3815 3776 3909 peceatrix
3797 3843 3824 3898 ἲ

2229 3911 2521 3979 Quomodo,
2553 3934 2734 3986 quasso
2767 3930 2836 3983 te,
2856 3924 3118 3989 peccatrix
3147 3941 3267 3979 esse
3291 3928 3502 3995 meruit,
3533 3946 3653 4000 qua:
3677 3933 3824 3990 male

2227 4019 2331 4057 non
2370 4007 2543 4060 vixit?
2570 4010 2864 4076 Quomodo,
2897 4029 3078 4083 quaeso
3107 4025 3161 4081 te,
3219 4019 3481 4086 peccatrix
3527 4020 3670 4075 facta
3712 4036 3820 4093 est,

2228 4111 2344 4163 qua:
2368 4101 2632 4166 peccatrix
2657 4117 2777 4157 esse
2805 4119 2908 4156 non
2941 4106 3149 4174 potuit?
3176 4118 3281 4162 Aut
3301 4111 3344 4164 si
3379 4129 3397 4162 ι
3433 4128 3536 4166 non
3559 4116 3756 4183 potuit,
3797 4137 3816 4170 ι

2228 4186 2349 4242 ideo
2375 4189 2505 4244 dicis
2526 4235 2538 4256 ,
2576 4193 2694 4262 quia
2724 4205 2916 4263 praeter
2942 4212 3157 4252 carnem
3185 4217 3288 4254 non
3313 4204 3481 4277 potuit
3505 4223 3516 4258 :
3541 4211 3824 4275 quomodo

2227 4297 2353 4351 ergo
2398 4287 2595 4340 meruit
2638 4304 2758 4343 esse
2799 4293 3083 4360 peccatrix,
3118 4311 3224 4365 quo
3265 4299 3458 4353 merito
3499 4302 3550 4354 in
3593 4317 3822 4361 carnem

2225 4376 2567 4444 mitteretur;
2597 4381 3023 4450 quandoquidem
3067 4395 3189 4441 ante
3232 4403 3450 4445 carnem
3493 4409 3598 4447 non
3639 4398 3820 4464 potuit

2223 4483 2342 4524 esse
2372 4473 2658 4538 peccatrix,
2690 4475 2828 4529 unde
2855 4477 2978 4531 mali
3008 4479 3206 4549 aliquid
3234 4485 3570 4540 mereretur?

2197 4561 2205 4569 '
2295 4560 2519 4617 CAPUT
2560 4564 2856 4621 1Χ.-1⁴Ξ)..
2898 4568 3014 4622 Noti
3061 4571 3310 4640 credere,
3345 4591 3443 4629 nec
3481 4577 3683 4646 dicere,
3715 4597 3823 4637 nec

2222 4651 2436 4718 docere,
2476 4672 2494 4705 ι
2532 4654 2762 4711 Infantes
2790 4667 3073 4729 antequam
3111 4663 3447 4732 baptizcntur
3469 4679 3640 4723 morte
3675 4687 3822 4740 prata-

2223 4752 2426 4809 ventos,
2461 4749 2742 4816 pervenire
2774 4767 2926 4818 posse
2954 4752 3018 4806 ad
3051 4755 3389 4824 originalium
3421 4757 3817 4830 indulgentiam

2223 4845 2559 4902 peccatorum
2593 4857 2610 4888 ι
2645 4841 2660 4908 (
2698 4840 2887 4910 Supra,
2919 4843 3002 4896 lib.
3036 4845 3085 4911 1,
3118 4863 3168 4899 η.
3204 4848 3387 4915 10-12,
3415 4857 3464 4903 et
3497 4851 3582 4905 lib.
3609 4852 3666 4919 2,
3717 4871 3819 4910 nn.

2223 4925 2310 4991 15,
2341 4925 2444 4997 14),
2485 4928 2528 4980 si
2555 4930 2630 4982 vis
2653 4946 2770 4984 esse
2791 4932 3100 4990 catholicus.
3129 4937 3379 5008 Exempla
3397 4939 3536 4995 enim
3591 4959 3714 5012 qua:
3763 4954 3823 5001 te

2222 5016 2427 5085 fallunt,
2453 5021 2535 5075 vel
2564 5021 2631 5076 de
2662 5023 2866 5078 latrone
2907 5027 2995 5096 qui
3030 5027 3312 5084 Dominum
3341 5040 3423 5086 est
3448 5033 3729 5089 confessus
3761 5038 3824 5093 in

2222 5127 2379 5166 cruce
2412 5112 2560 5185 (Luc.
2587 5130 2740 5181 xxut,
2769 5114 2880 5188 45),
2907 5119 2987 5172 vel
3019 5120 3083 5173 de
3109 5120 3270 5177 fratre
3291 5133 3492 5179 sancte.
3528 5125 3826 5197 Perpetua:

2222 5201 2527 5272 Dinocrate,
2553 5206 2683 5260 nihil
2716 5209 2808 5262 tihi
2837 5210 2901 5263 ad
2932 5210 3088 5281 hujus
3119 5216 3319 5269 erroris
3343 5217 3664 5270 sententiam
3696 5219 3828 5274 suf-

2223 5297 2518 5366 fragantur.
2555 5297 2713 5354 Latro
2735 5301 2927 5371 quippe
2957 5303 3064 5369 ille,
3094 5308 3341 5375 quamvis
3364 5308 3832 5376 potueritjudicio

2222 5387 2399 5443 divino
2435 5391 2571 5445 inter
2608 5407 2700 5446 eos
2741 5393 3016 5463 deputari,
3059 5397 3147 5466 qui
3184 5399 3424 5471 martyrii
3469 5400 3838 5458 confessimre

2220 5495 2531 5553 purgantur,
2567 5493 2740 5540 tamen
2763 5489 2921 5542 etiam
2950 5501 3126 5544 utrum
3159 5507 3262 5546 non
3293 5491 3450 5548 fuerit
3483 5494 3826 5564 baptizatus.

2220 5575 2452 5646 ignoras.
2480 5577 2608 5631 Nam
2637 5588 2691 5633 ut
2720 5582 2958 5636 omittam
2986 5584 3126 5652 quod
3163 5584 3398 5640 creditur
3422 5628 3438 5656 ,
3469 5597 3606 5660 aqua
3647 5590 3842 5647 simul

2219 5683 2338 5722 eum
2361 5670 2614 5739 sanguine
2643 5672 2916 5729 exsiliente
2939 5674 3004 5728 de
3037 5675 3200 5731 latere
3224 5676 3456 5736 Domini.
3483 5684 3626 5750 juxta
3660 5695 3818 5734 eon-

2255 5885 2266 5894 .
2285 5824 2302 5854 ί
2336 5822 2487 5895 Editi,
2513 5828 2610 5873 tam
2631 5821 2682 5874 in
2703 5823 2928 5889 proximo
2942 5831 2995 5877 tu
3014 5826 3218 5892 ipsetibi
3239 5827 3334 5893 ipsi
3354 5827 3582 5881 exstitit“
3609 5836 3751 5881 cum
3764 5847 3844 5882 a-

2219 5893 2339 5936 rtus.
2364 5893 2662 5949 Castigautur
2698 5901 2758 5936 ex
2793 5895 2902 5938 Mss.
