4012 6494
203 397 322 482 ξιτ

205 517 354 582 ﬁxus
383 515 623 588 potuisse
652 511 917 590 perfundi,
943 519 1100 594 atque
1127 508 1436 582 huiusmodi
1463 509 1805 574 sanctissimo

203 609 536 680 baptismate
563 607 698 664 dilui
731 626 743 661 :
778 607 927 679 quid,
951 605 994 662 si
1023 605 1074 662 in
1105 621 1324 662 carcere
1363 603 1538 660 fuerat
1567 604 1808 676 baptiza-

207 709 322 766 tus,
371 699 516 776 quod
551 709 606 755 et
647 707 830 776 postea
863 697 1250 772 persecutionis
1299 705 1536 772 tempore
1565 693 1804 758 nonnulli

201 779 453 850 clanculo
479 793 771 864 impetrare
812 793 1130 868 potuerunt?
1158 783 1316 862 Quid,
1347 792 1388 852 si
1421 795 1476 845 et
1519 797 1808 860 antequam

203 885 520 946 teneretur?
540 883 722 956 Neque
735 883 876 946 enim
892 889 1170 964 prOpterca
1187 881 1260 936 illi
1278 881 1501 954 publica:
1517 879 1658 950 leges
1687 895 1810 950 par-

197 979 332 1034 cere
367 985 644 1050 poterant,
676 984 931 1062 quantum
963 977 1154 1038 attinet
1181 975 1246 1032 ad
1271 975 1512 1045 corporis
1541 981 1766 1030 mortem
1789 1015 1806 1044 ,

201 1071 458 1141 quoniam
476 1069 732 1138 divinitus
751 1070 1118 1138 remissionem
1138 1076 1417 1140 acceperat
1443 1075 1804 1138 peccatorum.

201 1161 362 1228 Quid,
395 1161 442 1216 si
487 1162 598 1230 jam
641 1161 936 1250 baptizatus
983 1161 1036 1215 in
1067 1159 1330 1228 latrocinii
1371 1157 1575 1214 facinus
1615 1167 1668 1213 et
1698 1158 1807 1211 cri-

201 1245 328 1307 men
355 1251 682 1320 incurrerat,
709 1245 763 1308 et
797 1269 902 1318 non
945 1266 1137 1322 expers
1173 1249 1530 1322 Baptismatis,
1565 1249 1658 1304 sed
1691 1257 1808 1303 tan-

202 1360 364 1414 quam
399 1325 680 1414 paenitens
699 1345 902 1416 accepit
929 1343 1190 1398 scelerum
1225 1343 1436 1398 veniam
1479 1357 1598 1414 qua:
1629 1339 1806 1412 bapti-

206 1445 360 1490 zatus
405 1433 664 1490 adniisit?
691 1433 1120 1506 quandoquidem
1169 1435 1337 1506 pietas
1373 1441 1478 1488 tam
1529 1431 1720 1500 ﬁdelis,
1753 1441 1808 1487 et

211 1528 445 1584 Domino
473 1529 527 1582 iu
561 1529 742 1584 animo
779 1529 914 1600 ejus,
950 1535 1002 1584 et
1029 1529 1181 1584 nobis
1211 1529 1263 1582 in
1290 1527 1464 1582 verbis
1491 1528 1604 1600 ejus
1636 1541 1802 1598 appa-

203 1621 331 1685 ruit.
357 1619 496 1678 Nam
523 1621 568 1675 si
595 1635 709 1686 eos,
743 1619 810 1675 de
837 1621 1028 1692 quibus
1065 1635 1169 1674 non
1216 1619 1472 1690 scriptum
1516 1629 1598 1676 est
1627 1627 1804 1680 utrum

207 1713 402 1766 iuerint
433 1713 706 1782 baptizati,
739 1713 852 1767 sine
879 1713 1147 1788 Baptismo
1171 1711 1239 1767 de
1261 1711 1360 1766 hac
1390 1711 1495 1766 vita
1517 1712 1806 1766 recessisse

205 1793 622 1871 contendimus;
650 1805 778 1876 ipsis
799 1805 1184 1860 ealunniiamur
1214 1805 1501 1876 Apostolis,
1531 1805 1640 1876 qui,
1673 1819 1808 1876 pra:-

209 1905 288 1950 ter
317 1897 624 1968 apostolum
655 1897 872 1952 Paulum
901 1895 1034 1968 (Act.
1071 1913 1142 1964 ix,
1173 1894 1285 1964 18),
1314 1893 1525 1966 quando
1553 1894 1804 1964 baptizati

209 1987 405 2041 iuerint
435 1989 766 2060 ignoramus.
797 1985 902 2043 Sed
941 1989 986 2044 si
1027 1989 1169 2058 ipsos
1211 1987 1506 2058 baptizatos
1546 2002 1664 2042 esse
1709 2003 1806 2058 per

205 2078 308 2133 hoc
351 2079 508 2144 nobis
549 2080 888 2138 innotescere
913 2079 1114 2152 potuit,
1147 2079 1286 2152 quod
1319 2079 1474 2134 beato
1516 2079 1672 2133 Petro
1701 2077 1806 2132 Do-

205 2174 378 2228 minus
401 2174 496 2236 ait;
528 2172 628 2240 Qui
653 2174 784 2227 lotus
814 2181 903 2240 est,
925 2163 1026 2226 non
1051 2172 1238 2246 indiget
1267 2173 1363 2226 nisi
1384 2183 1435 2225 ut
1463 2171 1611 2244 pedes
1639 2170 1802 2226 lauetl

205 2263 386 2332 (Joan.
417 2279 544 2328 xui,
579 2263 674 2334 10)
703 2265 862 2335 :quid
893 2264 960 2320 de
984 2265 1121 2329 aliis,
1152 2263 1220 2318 de
1245 2263 1436 2334 quibus
1462 2263 1544 2318 vel
1576 2265 1679 2318 tale
1723 2261 1806 2318 ni-

211 2357 287 2412 hil
335 2359 570 2428 legimus
607 2358 806 2413 dictum
831 2400 846 2424 ,
898 2358 966 2414 de
983 2358 1263 2426 'Baruaba,
1303 2357 1370 2412 de
1396 2355 1698 2426 Timotheo,
1735 2357 1806 2414 de

209 2449 352 2514 Tito,
382 2449 454 2506 de
495 2449 608 2506 Sila
634 2493 648 2518 ,
679 2451 746 2514 de
778 2449 1130 2526 Philemone,
1158 2449 1226 2506 de
1282 2451 1410 2520 ipsis
1455 2452 1804 2522 evangelistis

213 2542 394 2597 Marco
437 2553 492 2598 et
543 2543 708 2612 Luca,
742 2545 809 2600 de
855 2545 1331 2616 innumerabilibus
1377 2545 1627 2611 caeteris;
1669 2559 1804 2616 quos

207 2635 346 2690 absit
377 2645 438 2691 ut
463 2637 766 2707 baptizatos
784 2653 902 2710 esse
931 2637 1256 2706 dubitemus,
1303 2637 1548 2709 quamvis
1578 2653 1684 2702 non
1716 2639 1800 2694 le-

206 2729 438 2798 gamus?
465 2727 778 2798 Dinocrates
808 2739 986 2792 autem
1031 2729 1307 2800 septennis
1341 2745 1490 2800 puer,
1520 2729 1573 2788 in
1603 2729 1798 2806 quibus

204 2821 364 2876 annis
405 2824 558 2894 pueri
585 2839 706 2888 cum
753 2823 1106 2896 baptizantur,
1151 2823 1260 2894 jam
1309 2813 1638 2894 Symbolum
1678 2821 1802 2894 red-

205 2910 364 2981 dunt,
408 2901 467 2980 et
516 2929 614 2986 pro
645 2930 704 2970 se
745 2911 848 2986 ipsi
879 2913 944 2969 ad
980 2915 1300 2984 interrogata
1329 2913 1672 2990 respondent,
1705 2929 1802 2980 cur

205 3023 314 3066 non
348 3007 450 3062 tibi
480 3007 623 3062 visus
645 2997 802 3062 fuerit
839 3007 1135 3080 baptizatus
1161 3007 1398 3078 potuisse
1425 3005 1491 3060 ab
1521 3005 1680 3076 impio
1706 3022 1802 3088 pa-

203 3101 284 3158 tre
307 3099 377 3156 ad
401 3099 692 3156 Gentilium
734 3099 1008 3178 sacrilegia
1040 3100 1312 3166 revocari,
1338 3108 1392 3154 et
1419 3099 1488 3154 ob
1511 3099 1612 3160 hoc
1637 3097 1802 3156 fuisse

201 3197 256 3251 in
287 3195 494 3270 pmnis,
526 3195 592 3250 de
617 3194 808 3268 quibus
833 3210 1018 3249 sorore
1048 3206 1236 3254 orante
1279 3193 1535 3250 liberatus
1565 3203 1666 3272 est,
1701 3208 1799 3264 ne-

201 3291 340 3348 scio.
371 3289 567 3361 Neque
597 3290 739 3346 enim
766 3299 820 3346 ct
849 3289 1022 3364 ipsum
1060 3289 1142 3344 vel
1167 3303 1438 3360 nunquam
1465 3287 1630 3342 fuisse
1657 3287 1802 3344 citri-.-

203 3385 453 3448 stianum
476 3424 490 3450 ,
522 3383 604 3436 vel
643 3381 1084 3448 catechumenum
1130 3381 1440 3442 defunctum
1472 3381 1634 3440 fuisse
1661 3379 1798 3452 legis

209 3479 318 3532 sti?
341 3477 664 3546 Quanquam
695 3475 808 3548 ipsa
839 3474 998 3538 lectio
1027 3490 1134 3532 non
1163 3476 1233 3530 sit
1267 3475 1317 3530 iu
1340 3489 1404 3530 eo
1427 3491 1632 3530 canone
1659 3473 1802 3536 Serio.

201 3579 494 3639 ptui-arum
515 3611 530 3634 ,
563 3566 704 3622 unde
725 3567 778 3622 in
806 3565 1112 3636 hujusmodi
1145 3566 1530 3644 quaestionibus
1557 3566 1799 3624 testimo—

195 3657 284 3714 nia
317 3657 648 3730 proferenda
678 3665 822 3720 sunt.

241 3749 490 3808 CAPUT
507 3750 740 3820 X.—15.
757 3749 872 3806 Noli
886 3747 1126 3822 credere,
1143 3765 1241 3820 nec
1256 3749 1455 3816 dicere,
1471 3765 1569 3806 nec
1584 3749 1798 3818 docere,

199 3843 346 3910 Quos
369 3843 628 3898 Dominus
645 3842 1014 3914 praedestinavit
1030 3841 1096 3896 ad
1119 3841 1452 3912 Baptismum,
1477 3843 1800 3914 pra’destina—

195 3933 326 3988 tioni
353 3933 478 4004 ejus
504 3933 630 4004 eripi
650 3949 816 4006 posse,
841 3943 886 3986 et
908 3943 1023 3988 ante
1047 3933 1257 4004 defungi
1279 3949 1430 4004 quam
1457 3934 1508 3986 in
1553 3935 1622 3988 eis
1650 3934 1802 4006 fuerit

197 4028 340 4098 quod
367 4025 701 4098 Omnipotens
717 4027 1089 4098 prtedestinauit
1108 4027 1368 4098 impletum
1388 4025 1607 4098 (Supra,
1634 4027 1720 4082 lib.
1742 4027 1797 4102 2,

195 4138 252 4175 ιι.
287 4121 412 4192 15),
443 4119 490 4173 si
515 4120 593 4174 vis
629 4135 748 4175 esse
798 4118 1110 4174 catholicus.
1152 4115 1344 4180 Nescio
1385 4119 1526 4172 enim
1569 4135 1686 4190 qua:
1716 4119 1804 4182 hic

195 4221 458 4284 potestas
479 4219 657 4264 contra
690 4218 1006 4280 potestatem
1035 4211 1132 4264 Del
1157 4209 1370 4264 casibus
1401 4209 1576 4276 datur,
1608 4207 1801 4282 quibus

196 4301 547 4359 irruentibus
571 4301 710 4372 quod
734 4301 820 4356 ille
861 4299 1265 4372 praidestiuavit
1297 4299 1410 4354 ﬁeri
1434 4315 1542 4356 non
1575 4301 1798 4366 sinatur.

197 4393 306 4451 llic
332 4409 498 4450 error
523 4403 716 4468 quanta
749 4401 1014 4450 errantem
1044 4391 1298 4462 voragine
1318 4392 1606 4466 impietatis
1624 4391 1798 4446 absor-

195 4490 356 4558 beat,
395 4501 726 4558 exaggerare
754 4501 858 4540 non
907 4501 1046 4556 opus
1079 4495 1189 4552 est;
1219 4499 1340 4540 cum
1383 4483 1697 4556 prudentem
1725 4485 1806 4540 vi-

193 4597 328 4637 rum
349 4557 410 4636 et
433 4579 628 4650 corrigi
653 4585 890 4650 paratum
917 4577 1152 4634 breviter
1181 4577 1522 4632 admonuisse
1553 4577 1799 4652 sufﬁciat.

197 4671 322 4728 Tua
349 4671 553 4744 quippe
593 4670 691 4724 ista
719 4677 842 4725 sunt
869 4669 1029 4736 verba
1063 4688 1077 4724 :
1111 4667 1412 4724 Habendam
1457 4669 1687 4738 dicimus,
1719 4671 1802 4740 in-

193 4767 330 4838 quis
351 4809 368 4836 ,
397 4765 468 4817 de
493 4763 773 4836 infantibus
821 4763 1106 4818 istiusmodi
1129 4763 1396 4832 rationem,
1428 4763 1513 4840 qui
1539 4763 1803 4833 praedesti—

193 4861 316 4914 nati
345 4847 636 4932 Baptismo,
661 4857 772 4912 vita
794 4857 1074 4930 prtesentis,
1097 4865 1363 4926 antequam
1403 4867 1731 4912 renascantur
1750 4858 1805 4912 in

191 4951 458 5016 Christo,
491 4949 863 5022 praeveniantur
906 4945 1114 5004 occiduo
1190 4947 1400 5020 Ergone
1439 4947 1805 5020 praedestinati

191 5045 518 5118 Baptismo,
549 5042 672 5096 vita:
717 5041 1014 5112 praesentis,
1056 5047 1338 5120 antequam
1397 5039 1462 5094 ad
1503 5055 1624 5094 eum
1681 5056 1805 5112 per-

173 5139 476 5204 -veniant,
537 5133 933 5208 praeveniuntur
978 5131 1200 5189 occiduo
1230 5173 1244 5198 ,
1300 5139 1354 5190 et
1399 5129 1806 5202 prmdestinarct

191 5229 368 5285 Deus
407 5225 546 5298 quod
601 5223 834 5280 futurum
879 5239 983 5280 non
1038 5221 1200 5280 fuisse
1247 5223 1546 5300 prmscivit,
1584 5233 1674 5278 aut
1703 5221 1806 5280 hoc

189 5325 456 5379 futurum
511 5335 614 5376 non
653 5319 814 5374 fuisse
864 5318 1085 5373 nescivit
1128 5317 1187 5386 ³,
1235 5326 1290 5372 ut
1354 5317 1466 5388 ejus
1529 5325 1620 5372 aut
1669 5333 1806 5390 pra:-

189 5411 506 5472 destinatio
559 5409 936 5484 frustraretur,
983 5418 1074 5464 aut
1119 5409 1449 5486 przescieutia
1493 5407 1804 5480 falleretur?

191 5509 388 5566 Vides
429 5515 628 5578 quanta
681 5503 805 5560 hinc
847 5503 948 5562 dici
1005 5512 1254 5584 possent,
1309 5502 1412 5558 nisi
1463 5501 1604 5576 quod
1651 5503 1807 5574 paulo

267 5707 290 5738 ι
339 5710 388 5754 tn
407 5710 542 5766 uss,
588 5713 689 5766 non
706 5700 886 5766 indiget
909 5707 958 5762 ut
983 5701 1143 5766 lavet;
1191 5703 1398 5766 omissa,
1430 5702 1526 5756 nisi
1547 5705 1710 5766 pedes.

265 5769 294 5798 ³
339 5775 439 5815 Am.
465 5761 540 5814 Erl
569 5771 623 5837 et
645 5761 1194 5840 plures%-135.,futurum
1216 5763 1362 5840 fuisse
1381 5761 1611 5840 nesciui);
1634 5771 1812 5821 omissa

187 5837 437 5946 tmte
461 5827 716 5892 partimin.
754 5827 996 5890 sagiensis
1035 5827 1223 5890 octies,
1257 5828 1476 5891 futurum
1516 5827 1662 5894 βάξει
1683 5845 1812 5896 μνω-

1579 391 1786 466 issus
1807 337 2146 460 παντως.

3399 399 3506 460 δξε

1917 515 2042 560 ante
2075 505 2184 560 dixi
2229 515 2491 576 tenerem,
2552 518 2610 563 ut
2651 501 2774 564 liinc
2803 517 2852 565 te
2875 503 3110 566 breviter
3135 509 3510 572 admonerem.

1991 597 2076 651 M.
2095 596 2210 650 Noli
2232 597 2470 664 credere,
2497 615 2592 654 nec
2609 600 2800 668 dicere,
2834 617 2932 658 nec
2949 603 3168 672 docere,
3193 625 3212 657 ‹
3239 605 3313 661 De
3333 607 3504 663 infan-

1921 705 1940 740 ‹
1977 687 2290 760 tibus(Sup.
2315 689 2402 745 lib.
2425 690 2480 756 2,
2501 691 2683 762 n.13),
2706 693 2794 763 qul
2820 695 3121 766 priusquam
3156 707 3502 754 renascantur

1923 797 1942 830 ‹
1978 779 2028 834 in
2061 779 2271 836 Christo
2298 824 2312 848 ,
2345 783 2742 852 praeveniuntur
2766 787 3020 856 occiduo,
3051 790 3308 859 scriptum
3334 807 3455 847 esse
3481 834 3496 862 ,

1927 889 1946 924 ι
1987 870 2185 944 Raptus
2210 883 2284 927 est
2311 891 2372 928 ne
2395 877 2592 930 malitia
2611 887 2763 931 mutet
2791 879 2927 933 illius
2950 879 3251 936 intellectura
3273 924 3292 952 ,
3324 893 3412 937 aut
3440 901 3504 938 ne

1920 983 1940 1016 ‹
1976 967 2113 1035 ﬁctio
2143 967 2364 1038 decipiat
2392 969 2618 1023 animam
2664 971 2795 1041 ejus.
2843 969 3067 1042 Propter
3092 975 3184 1027 hoc
3211 979 3522 1045 properavit

1921 1076 1940 1110 ι
1974 1057 2036 1112 de
2061 1059 2224 1113 medio
2269 1061 2552 1132 iniquitatis
2581 1061 2724 1115 illum
2754 1063 3002 1128 educere;
3033 1065 3220 1134 placita
3243 1068 3374 1120 enim
3393 1077 3502 1122 erat

1920 1165 1946 1201 t‘
1974 1149 2082 1205 Deo
2108 1153 2278 1206 anima
2305 1154 2414 1224 ejus
2451 1169 2470 1208 :
2508 1163 2555 1208 et
2588 1165 2966 1210 consummatus
3013 1157 3066 1210 in
3092 1157 3222 1211 breui
3241 1199 3255 1224 ,
3285 1157 3500 1229 explevit

1920 1262 1938 1296 ι
1967 1253 2190 1314 tempora
2211 1245 2363 1318 longa
2395 1267 2414 1299 ι
2449 1247 2603 1318 (Sap.
2625 1263 2696 1312 tv,
2727 1249 2816 1314 Η,
2847 1249 2935 1314 14,
2963 1249 3076 1321 15),
3100 1249 3144 1304 si
3167 1253 3246 1305 vis
3266 1267 3382 1306 esse
3413 1267 3498 1308 οδε

1923 1335 2168 1393 tltolieus.
2205 1337 2314 1395 Hoc
2338 1341 2478 1396 enim
2501 1341 2568 1394 ad
2595 1341 2714 1396 illos
2745 1343 2962 1396 omnino
2989 1359 3095 1397 non
3123 1345 3371 1412 pertinet,
3404 1343 3499 1400 sed

1911 1429 1979 1485 ad
2027 1447 2122 1486 eos
2153 1433 2348 1502 potius,
2377 1436 2464 1504 qui
2509 1433 2756 1504 baptizati
2793 1445 2845 1490 et
2869 1439 2956 1508 pie
2987 1437 3244 1504 viventes,
3273 1439 3360 1492 diu
3393 1455 3498 1494 non

1915 1524 2293 1592 pern'iittuulur
2350 1525 2438 1580 hic
2485 1526 2683 1592 vivere,
2733 1545 2840 1582 non
2893 1531 3085 1596 annis,
3143 1531 3237 1586 sed
3283 1531 3497 1600 sapien-

1921 1613 2006 1668 tiae
2034 1617 2200 1685 gratia
2248 1618 2620 1671 consummati.
2651 1619 2754 1674 Iste
2784 1635 2910 1674 vero
2944 1637 3114 1687 error,
3143 1639 3247 1694 quo
3285 1609 3500 1692 putatur

1913 1703 2016 1760 hoc
2045 1703 2114 1759 de
2167 1707 2402 1776 parvulis
2430 1719 2710 1778 antequam
2759 1711 3095 1780 baptizcutur
3145 1715 3496 1770 umrientibus

1912 1811 2034 1852 esse
2061 1797 2296 1864 dictum;
2333 1799 2431 1870 ipsi
2479 1811 2823 1856 sacrosancto
2849 1803 3062 1856 lavacro
3103 1805 3496 1860 intolerabilem

1912 1889 2031 1944 facit
2053 1889 2320 1959 injuriam,
2351 1891 2392 1944 si
2417 1891 2666 1962 parvulus
2690 1894 2777 1962 qui
2805 1895 3098 1963 baptizatus
3127 1897 3237 1964 rapi
3269 1907 3496 1966 poterat,

1911 1989 2192 2050 propterea
2219 1982 2368 2052 prius
2397 1983 2620 2052 rapitur,
2653 1999 2720 2040 ne
2749 1985 2948 2040 malitia
2981 1995 3149 2041 mutet
3175 1987 3314 2042 illius
3339 1989 3498 2044 intel-

1913 2072 2106 2128 lectum
2134 2115 2149 2140 ,
2180 2083 2272 2128 aut
2301 2089 2368 2130 ne
2389 2075 2531 2132 ﬁctio
2553 2075 2786 2146 decipiat
2814 2079 3044 2134 animam
3067 2081 3181 2150 ejus
3219 2099 3232 2135 :
3264 2083 3414 2152 quasi
3443 2083 3498 2138 in

1911 2165 2101 2222 eodem
2125 2169 2397 2238 Baptismo
2420 2170 2534 2224 haec
2579 2185 2698 2226 esse
2745 2173 2944 2228 malitia
2973 2175 3241 2239 credatur,
3275 2185 3329 2230 et
3356 2177 3498 2232 ﬁctio

1911 2272 2012 2328 qua
2042 2259 2094 2312 iu
2131 2259 2284 2332 pejus
2313 2269 2549 2316 mutetur
2569 2273 2622 2318 et
2657 2263 2951 2334 decipiatur
2972 2307 2989 2334 ,
3034 2267 3076 2320 si
3113 2283 3220 2322 non
3252 2277 3376 2322 ante
3406 2285 3494 2324 ra-

1911 2351 2105 2421 piatur.
2135 2351 2339 2408 Deinde
2367 2355 2616 2424 quoniam
2647 2357 2840 2426 placita
2867 2365 2982 2412 erat
3011 2359 3122 2414 Deo
3150 2361 3326 2414 anima
3353 2361 3490 2432 ejus,

1911 2445 2216 2516 properavit
2237 2446 2303 2501 de
2329 2447 2508 2502 medio
2538 2449 2833 2519 iniquitatis
2864 2451 3015 2505 illum
3036 2453 3266 2508 educere
3291 2495 3306 2520 ,
3339 2454 3409 2506 ita
3441 2461 3498 2509 ut

1910 2553 2010 2594 nec
2043 2541 2317 2609 paululum
2347 2551 2736 2611 temeraretur,
2780 2553 2835 2598 ut
2859 2545 3001 2614 quod
3041 2545 3093 2599 in
3121 2561 3185 2601 eo
3215 2545 3496 2618 praedesti-

1911 2641 2064 2686 narat
2085 2673 2102 2700 ,
2137 2631 2427 2703 impleret:
2459 2635 2552 2690 sed
2578 2643 2761 2690 contra
2787 2650 2937 2691 suam
2969 2637 3495 2714 przedestinationcm

1909 2722 2086 2780 facere
2116 2726 2306 2782 maluit
2339 2725 2356 2758 ⁸
2388 2733 2642 2800 tanquam
2689 2727 2964 2794 festinans,
3021 2745 3089 2784 ne
3127 2729 3270 2802 quod
3301 2731 3352 2786 ei
3385 2731 3496 2802 pla-

1908 2823 2092 2870 cuerat
2131 2815 2184 2870 in
2241 2831 2348 2871 non
2389 2817 2684 2888 baptizata,
2725 2819 3178 2875 exterminaretur
3228 2822 3280 2876 in
3310 2821 3495 2892 Bapti-

1909 2921 2026 2961 smo
2053 2925 2066 2962 :
2101 2915 2352 2980 tanquam
2381 2911 2673 2970 moriturus
2708 2911 2880 2966 infans
2909 2911 2978 2967 ibi
3013 2921 3214 2984 pereat,
3247 2929 3354 2986 quo
3375 2929 3496 2969 cur—

1909 2999 2134 3055 rendum
2163 3011 2244 3057 cst
2273 3018 2393 3058 cum
2425 3003 2518 3058 illo
2542 3020 2609 3059 ne
2637 3013 2836 3076 pereat.
2871 3007 3002 3072 Quis
3025 3023 3158 3078 ergo
3189 3006 3304 3062 hme
3335 3008 3496 3062 verba

1917 3093 2112 3164 scripta
2149 3095 2201 3150 in
2241 3095 2378 3150 libro
2431 3095 2713 3174 Sapientia:
2737 3139 2752 3166 ,
2791 3095 2859 3154 de
2905 3099 3136 3170 parvulis
3163 3099 3279 3154 sine
3315 3097 3496 3169 Bapti-

1913 3195 2084 3242 smate
2111 3190 2334 3244 mortuis
2360 3190 2502 3246 dicta
2527 3207 2645 3248 esse
2670 3191 2936 3260 crederet,
2957 3193 3184 3258 diceret,
3211 3193 3496 3266 scriberet,

1915 3278 2188 3344 recitaret,
2217 3279 2260 3333 si
2286 3295 2368 3350 ea,
2400 3281 2879 3356 sicutoportuerat,
2909 3283 3212 3354 cogitaret?
3487 3275 3490 3278 ’

1977 3369 2202 3425 CAPUT
2241 3369 2330 3428 XI.
2359 3373 2541 3428 —-lEi.
2583 3373 2702 3430 Noli
2739 3373 2979 3444 credere,
3021 3391 3118 3430 nec
3158 3375 3356 3448 dicere,
3397 3393 3498 3434 nec

1909 3461 2123 3532 docere,
2163 3483 2181 3516 ε
2213 3465 2429 3538 Aliquas
2467 3467 2771 3524 mansiones
2803 3483 2920 3524 esse
2947 3477 3097 3523 extra
3127 3485 3348 3546 regnum
3377 3471 3492 3540 Dei,

1907 3571 2040 3626 quas
2066 3571 2183 3612 esse
2210 3555 2466 3614 Dominus
2493 3557 2626 3614 dixit
2670 3559 2720 3614 in
2743 3559 2901 3615 domo
2931 3561 3100 3616 Patris
3123 3563 3204 3624 sui
3229 3581 3248 3614 ι
3273 3563 3492 3634 (Supra,

1908 3649 1996 3703 lib.
2032 3648 2086 3714 2,
2115 3667 2168 3703 n.
2201 3651 2314 3724 14),
2351 3651 2398 3708 si
2427 3653 2506 3708 vis
2555 3667 2675 3709 esse
2713 3653 3028 3709 catholicus.
3059 3655 3176 3710 Non
3223 3655 3364 3712 enim
3398 3657 3492 3724 ait,

1909 3737 2046 3794 sicut
2076 3739 2178 3796 hoc
2209 3743 2568 3798 testimonium
2597 3745 2712 3818 ipse
2743 3745 2984 3822 posuisti,
3005 3745 3187 3802 Multa:
3213 3749 3496 3804 mansiones

1908 3841 2024 3888 sunt
2044 3833 2184 3904 apud
2213 3833 2420 3892 Patrem
2444 3854 2648 3904 meum;
2669 3837 2812 3910 quod
2837 3839 2882 3894 si
2911 3839 2980 3894 ita
3003 3841 3242 3908 dixisset,
3275 3859 3380 3902 non
3401 3843 3498 3898 ali-
3573 3891 3594 3906 .,

1908 3925 1960 3980 bi
1983 3935 2162 3982 essent
2187 3929 2548 4000 intelligendte
2574 3948 2732 4002 quam
2765 3931 2817 3988 iu
2841 3933 3002 3994 domo
3029 3935 3203 3992 Patris
3223 3939 3372 4008 ejus:
3399 3938 3496 4004 sed

1909 4027 2092 4087 aperte
2121 4021 2214 4086 ait,
2246 4017 2312 4073 In
2335 4019 2484 4075 domo
2518 4021 2690 4080 Patris
2729 4026 2827 4078 mei
2873 4027 3158 4082 mansiones
3184 4029 3356 4086 multa:
3379 4039 3498 4096 sunt

1914 4108 2088 4180 (Joau.
2123 4127 2238 4186 xw,
2265 4111 2343 4185 2).
2376 4115 2505 4182 Quis
2537 4115 2712 4186 itaque
2741 4115 2933 4172 audeat
2961 4119 3164 4190 aliquas
3190 4131 3371 4192 partes
3397 4121 3500 4176 (ιο-ι,

1909 4217 2029 4257 nius
2077 4203 2172 4260 Dei
2210 4219 2457 4274 separare
2481 4223 2510 4258 a
2545 4223 2710 4278 regno
2750 4207 2880 4276 Dei;
2906 4217 2964 4264 ut
3009 4227 3129 4264 cum
3160 4227 3312 4282 reges
3339 4219 3498 4268 terrae

1911 4311 2016 4349 non
2043 4303 2248 4358 tantum
2289 4297 2342 4351 in
2389 4298 2552 4353 domo
2591 4315 2706 4370 sua,
2732 4315 2832 4355 nec
2872 4311 3074 4358 tantum
3101 4303 3152 4356 in
3183 4303 3348 4374 patria
3375 4319 3494 4374 sua,

1910 4389 2008 4446 sed
2037 4389 2215 4462 longe,
2246 4391 2456 4461 lateque
2492 4392 2652 4448 etiam
2696 4403 2842 4448 trans
2891 4409 3037 4450 mare
3081 4411 3304 4466 regnare
3348 4396 3497 4452 inve-

1911 4481 2158 4550 niantur;
2188 4498 2280 4539 rex
2325 4483 2413 4554 qui
2454 4483 2578 4546 fecit
2621 4485 2816 4550 coelum
2865 4495 2919 4542 et
2953 4495 3151 4544 terram
3183 4502 3280 4550 nec
3306 4488 3360 4544 in
3387 4497 3496 4554 tota

1910 4572 2070 4630 domo
2095 4589 2190 4630 sua
2221 4591 2447 4646 regnare
2470 4575 2717 4632 dicatur?

1985 4667 2072 4722 16.
2110 4667 2215 4724 Sed
2257 4669 2393 4726 forte
2440 4669 2606 4736 dicas,
2635 4669 2812 4738 omnia
2860 4671 3076 4746 quidem
3119 4673 3387 4746 pertinere
3429 4675 3498 4732 ad

1913 4756 2006 4814 Dei
2035 4774 2278 4832 regnum,
2307 4761 2430 4831 quia
2460 4771 2647 4834 regnat
2675 4761 2726 4826 in
2753 4763 2924 4832 caelis,
2953 4775 3134 4833 regnat
3167 4766 3221 4822 in
3249 4768 3424 4836 terris,
3445 4769 3502 4836 in

1911 4851 2139 4924 abyssis,
2189 4853 2240 4924 in
2281 4851 2553 4924 paradiso,
2589 4853 2642 4908 in
2683 4851 2926 4922 inferno,
2962 4855 3075 4926 (ubi
3105 4857 3248 4912 enim
3281 4873 3384 4912 non
3419 4875 3500 4914 re-

1912 4953 2058 5014 gnat,
2093 4943 2247 5014 cujus
2289 4945 2482 5016 ubique
2527 4960 2731 5002 summa
2775 4956 3013 5020 potestas
3058 4951 3201 5024 est?)
3234 4951 3328 5018 sed
3358 4951 3500 5008 aliud

1915 5049 2032 5090 esse
2059 5051 2283 5110 regnum
2311 5037 2594 5104 caelorum,
2623 5055 2726 5110 quo
2754 5037 2831 5096 fas
2857 5055 2962 5106 non
2989 5050 3074 5098 est
3098 5043 3374 5106 accedere,
3401 5043 3502 5098 nisi

1913 5129 2125 5186 lavacro
2165 5130 2588 5202 regenerationis
2633 5131 2864 5200 ablutos,
2913 5145 3132 5210 prepter
3176 5135 3498 5200 dominicam

1914 5236 2094 5275 veram
2127 5219 2390 5292 ﬁxamque
2441 5223 2795 5296 sententiam;
2839 5223 2984 5282 aliud
3034 5233 3210 5284 autem
3253 5243 3372 5282 esse
3411 5241 3498 5280 rc-

1913 5329 2075 5384 guum
2119 5323 2402 5384 terrarum,
2435 5315 2521 5384 vel
2559 5315 2780 5374 aliarum
2821 5327 3081 5388 creatura:
3131 5321 3378 5391 partium,
3411 5319 3498 5384 tibi

1913 5415 2139 5477 possunt
2176 5421 2297 5462 esse
2337 5407 2529 5478 aliquae
2557 5409 2867 5465 mansiones
2897 5411 3091 5467 domus
3119 5411 3231 5477 Dei,
3260 5411 3501 5482 quamvis

1915 5499 2249 5570 pertinentes
2290 5498 2357 5554 ad
2399 5515 2619 5574 regnum
2653 5502 2768 5569 Dei,
2799 5517 2902 5570 non
2945 5513 3120 5566 tamen
3167 5503 3233 5557 ad
3275 5518 3499 5576 regnum

1915 5592 2198 5664 caelorum,
2231 5593 2321 5658 ubi
2349 5595 2697 5662 excellentius
2716 5603 2770 5658 et
2788 5597 2994 5656 beatius
3013 5603 3096 5662 est
3115 5613 3338 5668 regnum
3364 5595 3496 5654 Dei:

1922 5901 1936 5950 ί
1983 5839 2010 5950 ιι
2034 5839 2404 5951 Cylgirannqnsis
2425 5845 2530 5904 Ms,
2573 5839 2756 5908 faceret
2776 5835 2931 5906 aliud.
2965 5843 3116 5892 Laws
3135 5841 3408 5910 perplQXll-S
3445 5849 3504 5897 οι

1939 5916 1988 5950 or
2019 5921 2042 5948 ς
2069 5917 2078 5942 ι
2108 5915 2280 5951 urava
2304 5915 2378 5950 us.

1939 5915 2010 5950 ιιιί
2019 5921 2042 5948 ς
2069 5915 2096 5947 u
2108 5941 2110 5943 .
2121 5915 2151 5960 ιι
2166 5915 2378 5951 ravatus.
