4012 6482
482 436 588 500 1119

481 558 557 614 ita
580 553 718 624 ﬂeri,
745 560 806 610 ut
842 563 942 608 nec
978 548 1170 620 aliquae
1189 545 1381 603 domus
1411 545 1505 601 Dei
1535 555 1713 615 partes
1736 553 1894 614 atque
1920 558 2072 598 man-

481 650 664 709 siones
683 663 712 704 a
744 661 906 718 regno
937 643 1033 700 Dei
1054 640 1260 698 nefarie
1293 648 1645 711 separentur;
1677 645 1731 694 et
1762 646 1937 692 tamen
1964 651 2070 691 non

481 755 669 798 omnes
711 739 764 794 in
812 752 977 809 regno
1018 735 1279 792 calorum
1309 733 2073 802 mansiones‘prmparentur;

480 841 641 904 atque
667 831 718 885 in
753 831 817 884 iis
845 843 966 900 quae
996 828 1050 882 in
1075 841 1242 898 regno
1267 825 1526 881 caelorum
1557 839 1662 878 non
1689 831 1834 888 sunt,
1867 820 2074 890 possint

480 922 704 980 feliciter
724 920 984 986 habitare,
1004 919 1198 990 quibus
1218 931 1310 973 eas
1321 917 1479 972 etiam
1504 931 1607 971 non
1632 913 1908 984 baptizatis
1931 912 2071 967 Deus

479 1013 608 1072 dare
635 1013 897 1077 voluerit;
921 1021 979 1067 ut
1003 1009 1056 1066 in
1081 1025 1247 1080 regno
1276 1009 1367 1064 Dei
1400 1009 1528 1074 sint,
1561 1006 1801 1077 quamvis
1834 1007 1884 1060 in
1909 1019 2072 1075 regno

479 1107 756 1172 celerum,
785 1105 908 1177 quia
938 1103 1187 1174 baptizati
1230 1116 1338 1158 non
1379 1110 1525 1168 sunt,
1554 1117 1674 1156 esse
1718 1117 1820 1154 non
1847 1099 2068 1169 possint.

551 1200 639 1254 17.
672 1198 785 1254 Hoc
824 1198 914 1268 qui
959 1197 1165 1264 dicunt,
1191 1196 1440 1250 videntur
1479 1192 1695 1265 quidem
1745 1192 1847 1248 sibi
1890 1192 2072 1248 dicere

477 1290 714 1362 aliquid,
763 1290 886 1360 quia
939 1288 1246 1359 Scripturas
1299 1287 1630 1358 negligenter
1673 1285 1985 1351 attendunt,
2018 1293 2074 1340 et

479 1381 748 1452 quomodo
775 1395 1000 1451 regnum
1025 1379 1117 1435 Dei
1146 1379 1372 1442 dicatur,
1403 1376 1542 1432 unde
1572 1391 1786 1430 oramus
1807 1375 2067 1438 dicentes,

490 1471 698 1526 Veniat'
717 1488 929 1542 regnum
955 1480 1092 1524 tuum
1113 1468 1323 1540 (Matth.
1344 1485 1414 1533 v1,
1445 1467 1555 1539 10),
1585 1483 1690 1522 non
1721 1467 2021 1537 intelligunt
2052 1484 2066 1521 :

478 1566 600 1635 quia
627 1581 848 1636 regnum
875 1567 968 1620 Dei
989 1565 1204 1631 dicitur,
1235 1564 1324 1619 ubi
1366 1580 1488 1618 cum
1534 1564 1626 1618 illo
1674 1563 1844 1618 fidelis
1873 1562 2070 1616 familia

478 1655 596 1727 ejus
619 1657 772 1712 beate
802 1665 857 1712 et
896 1657 1222 1726 sempiterne
1257 1663 1370 1710 tota
1403 1656 1663 1725 regnabit.
1700 1655 1833 1709 Nam
1873 1671 2070 1709 secun-

477 1749 604 1806 dum
637 1759 955 1821 potestatem
985 1766 1102 1820 quae
1125 1750 1201 1803 illi
1232 1765 1392 1818 super
1415 1750 1591 1802 omnia
1618 1757 1722 1812 est,
1743 1749 1902 1803 etiam
1928 1763 2072 1803 nunc

479 1843 661 1912 utique
692 1851 897 1912 regnat.
928 1841 1062 1909 Quid
1093 1857 1222 1911 ergo
1259 1849 1342 1896 est
1368 1839 1512 1910 quod
1538 1854 1754 1894 oramus
1783 1849 1843 1894 ut
1870 1839 2064 1903 veniat,

477 1933 581 1988 nisi
610 1943 669 1988 ut
709 1949 830 1988 cum
862 1933 953 1988 illo
981 1948 1206 2003 regnare
1237 1929 1579 1986 mereamur?
1609 1930 1720 1986 Sub
1747 1929 1863 2000 ejus
1892 1938 2069 1984 autem

478 2035 743 2097 potestate
771 2026 932 2082 etiam
977 2027 1048 2080 illi
1075 2036 1251 2093 erunt,
1285 2025 1377 2095 qui
1406 2040 1564 2095 pinna
1594 2023 1783 2080 aeterni
1811 2024 1950 2092 ignis
1979 2033 2069 2076 ar-

479 2119 1120 2190 debuntznumqnidnam
1160 2120 1229 2174 ob
1271 2119 1374 2174 hoc
1417 2118 1579 2172 etiam
1627 2117 1773 2188 ipsos
1815 2117 1866 2171 in
1905 2133 2070 2186 regno

479 2207 576 2264 Dei
629 2208 835 2264 futuros
890 2209 1080 2264 dicturi
1122 2209 1341 2266 sumus?
1387 2209 1546 2263 Aliud
1597 2217 1681 2264 est
1724 2209 1866 2262 enim
1918 2207 2070 2278 regni

479 2299 578 2356 Dei
631 2302 942 2356 muneribus
991 2301 1274 2370 honorari,
1323 2301 1465 2355 aliud
1515 2299 1668 2371 regni
1721 2299 1818 2354 Dei
1865 2300 2069 2370 legibus

477 2397 714 2452 coerceri
755 2395 796 2449 ³.
828 2396 897 2452 Ut
932 2405 1111 2451 autem
1157 2395 1249 2450 tibi
1305 2393 1738 2449 manifestissime
1776 2401 2066 2463 appareat,

479 2502 587 2542 non
657 2503 778 2543 esse
855 2504 1075 2559 regnum
1145 2487 1402 2542 ccelorum
1467 2483 1897 2541 distribuendum
1970 2485 2069 2539 ba-

478 2578 710 2648 ptizatis,
745 2587 799 2634 et
843 2578 974 2633 alias
999 2588 1179 2650 partes
1213 2578 1363 2649 regni
1396 2577 1490 2633 Dei
1517 2576 1721 2633 dandas
1749 2577 1939 2648 quibus
1968 2577 2065 2633 tibi

476 2667 653 2724 visum
683 2678 785 2734 est,
817 2685 925 2724 non
951 2669 1264 2738 baptizatis;
1296 2669 1469 2738 ipsum
1501 2668 1784 2723 Dominum
1811 2667 1953 2734 audi,
1977 2667 2068 2738 qui

476 2773 586 2816 non
619 2761 714 2826 ait,
748 2758 810 2815 Si
835 2762 946 2830 quis
976 2778 1078 2814 non
1123 2770 1322 2814 renatus
1349 2761 1500 2831 fuerit
1529 2777 1591 2814 ea:
1614 2778 1747 2829 aqua
1773 2770 1820 2815 et
1842 2761 2064 2830 Spiritu,

478 2867 586 2907 non
617 2859 795 2922 potest
822 2852 1022 2906 intrare
1048 2852 1102 2905 in
1134 2867 1357 2920 regnum
1380 2851 1676 2919 caelorum;
1708 2851 1824 2918 sed,
1853 2869 1954 2906 non
1978 2869 2071 2922 po-

477 2951 593 3011 test,
622 2943 812 3014 inquit,
845 2943 1033 2997 intrare
1061 2943 1114 2996 in
1140 2958 1349 3013 regnum
1378 2940 1495 2996 Dei.
1523 2940 1653 2996 Nam
1678 2943 1838 2997 verba
1866 2944 1983 3012 ejus
2000 2941 2068 2999 de

479 3034 580 3090 hac
627 3050 689 3089 re
736 3036 835 3088 ista
879 3042 1004 3088 sunt
1041 3033 1104 3088 ad
1144 3033 1736 3097 Nieodemum:Amen,
1768 3050 1916 3088 amen
1956 3034 2068 3088 dico

479 3125 589 3191 tibi,
616 3125 715 3179 nisi
750 3126 860 3194 quis
899 3135 1048 3179 natus
1079 3125 1231 3194 fuerit
1267 3127 1453 3191 denuo,
1487 3143 1587 3180 non
1627 3135 1787 3196 potest
1809 3126 1975 3180 videre
1999 3142 2070 3180 re-

477 3233 632 3289 gnum
649 3215 764 3271 Dei.
791 3216 932 3272 Ecce
953 3232 1055 3271 non
1080 3217 1164 3272 hic
1188 3217 1339 3282 dixit,
1368 3218 1608 3288 Regnum
1629 3218 1923 3283 caelorum;
1949 3217 2065 3284 sed,

477 3306 594 3362 Dei.
627 3307 695 3362 Et
727 3323 848 3362 cum
894 3308 1262 3378 respondisset
1285 3307 1608 3363 Nicodemus
1636 3316 1797 3379 atque
1823 3307 2064 3376 dixisset,

480 3399 744 3465 Quomodo
782 3411 941 3472 potest
985 3402 1134 3456 homo
1175 3402 1335 3467 nasci,
1365 3418 1480 3454 cum
1514 3418 1665 3456 senex
1701 3401 1803 3456 sit?
1824 3401 2068 3472 numquid

478 3502 638 3564 potest
659 3492 713 3547 in
739 3503 957 3548 ventrem
984 3493 1158 3547 matris
1182 3508 1287 3547 sua:
1312 3495 1491 3547 iterato
1519 3493 1747 3560 introire,
1775 3502 1823 3546 et
1844 3491 2021 3546 nasci‘
2042 3492 2070 3547 γ

477 3584 722 3639 eamdem
773 3584 1032 3640 Dominus
1093 3585 1411 3639 sententiam
1463 3585 1671 3654 planius
1725 3574 2069 3655 apertiusque

477 3691 728 3751 repetens
754 3682 846 3745 ait,
874 3682 1057 3744 Amen,
1100 3697 1246 3734 amen
1292 3680 1404 3733 dico
1453 3679 1562 3746 tibi,
1594 3678 1691 3733 nisi
1718 3679 1830 3750 quis
1862 3689 2068 3734 renatus

480 3772 629 3843 fuerit
650 3786 713 3824 ea:
756 3787 887 3842 aqua
915 3781 960 3823 et
992 3770 1211 3841 Spiritu,
1243 3786 1342 3823 non
1371 3779 1530 3841 potest
1555 3770 1760 3822 introire
1781 3770 1834 3823 in
1859 3787 2067 3841 regnum

479 3859 580 3914 Dei
603 3859 782 3933 (Joan.
816 3859 1046 3932 tn,'5-5).
1067 3861 1202 3914 Ecce
1233 3875 1332 3916 nec
1355 3861 1441 3916 hic
1462 3860 1613 3925 dixit,
1640 3861 2067 3932 Regnunicmlo-

479 3969 635 4021 rum;
667 3954 779 4020 sed,
813 3970 1024 4027 regnum
1044 3953 1156 4007 Dei.
1188 3953 1340 4020 Quod
1369 3954 1511 4008 enim
1541 3953 1768 4020 dixerat,
1799 3953 1919 4008 Nisi
1957 3955 2068 4024 quis

481 4055 630 4100 natus
664 4047 817 4117 fuerit
846 4045 1042 4111 denuo;
1075 4045 1177 4099 hoc
1218 4044 1346 4116 quid
1390 4053 1535 4099 esset
1575 4045 1818 4114 exposuit
1859 4044 2062 4112 dicens,

482 4135 604 4193 Nisi
642 4138 754 4208 quis
788 4146 994 4190 renatus
1033 4137 1184 4209 fuerit
1233 4153 1296 4191 ex
1322 4153 1453 4207 aqua
1495 4147 1541 4190 et
1582 4136 1799 4207 Spiritu.
1831 4135 1898 4190 Et
1925 4135 2067 4207 quod

481 4229 711 4297 dixerat,
739 4247 838 4284 non
868 4238 1029 4300 potest
1055 4231 1255 4294 videre;
1283 4230 1384 4284 hoc
1413 4229 1660 4300 exposuit
1684 4227 1934 4295 dicendo,
1965 4245 2066 4283 non

481 4333 642 4396 potest
687 4323 915 4378 introire.
967 4322 1101 4377 lllud
1152 4331 1329 4377 tamen
1369 4320 1508 4391 quod
1553 4320 1825 4385 dixerat',
1856 4337 2067 4391 regnum

480 4413 599 4481 Dei,
631 4430 738 4470 non
766 4414 872 4469 alio
900 4414 1117 4469 nomine
1143 4413 1408 4482 repetivit.
1438 4411 1620 4482 Neque
1658 4427 1800 4466 nunc
1824 4427 1958 4482 opus
1985 4421 2067 4467 est

480 4522 723 4578 quaerere
748 4515 908 4578 atque
934 4506 1220 4568 disserere,
1249 4515 1427 4559 utrum
1453 4519 1676 4574 regnum
1702 4503 1793 4558 Dei
1811 4518 2066 4573 regnum-

480 4615 586 4670 que
605 4597 862 4656 ctelorum
883 4612 1002 4652 eum
1025 4596 1201 4666 aliqua
1221 4593 1517 4651 differentia
1542 4595 1611 4648 sit
1636 4594 2063 4664 intelligendum,

479 4705 549 4745 an
578 4706 665 4745 res
691 4705 795 4746 una
840 4690 910 4744 sit
949 4689 1160 4744 duobus
1207 4687 1467 4758 appellata
1511 4686 2067 4743 nominibus:suffieit

480 4782 624 4854 quod
651 4798 756 4837 non
786 4791 963 4854 potest
987 4782 1209 4837 introire
1231 4781 1284 4836 in
1307 4796 1530 4851 regnum
1557 4779 1672 4847 Dei,
1700 4781 1791 4851 qui
1814 4795 1922 4835 non
1947 4780 2063 4836 fue-

479 4874 550 4932 rit
579 4875 789 4929 lavacro
834 4873 1255 4944 regenerationis
1283 4873 1513 4928 ablutus.
1547 4871 1846 4928 Mansiones
1883 4881 2063 4930 autem

408 5005 414 5013 .
479 4965 684 5036 aliquas
706 4965 1022 5021 constitutas
1047 4965 1099 5020 in
1127 4965 1288 5020 domo
1314 4964 1404 5019 Dei
1435 4979 1683 5034 separare
1704 4980 1732 5018 a
1759 4980 1924 5035 regno
1946 4965 2062 5035 Dei,

480 5071 641 5126 quam
671 5056 787 5111 sita
805 5056 1028 5111 veritate
1047 5055 1280 5123 devium,
1313 5064 1440 5126 puto
1465 5055 1606 5125 quod
1629 5056 1737 5126 jam
1771 5057 2059 5128 intelligas.

481 5149 550 5205 Et
577 5149 696 5205 ideo
720 5149 862 5220 quod
887 5150 1108 5221 putasti,
1141 5149 1193 5204 in
1226 5148 1488 5220 aliquibus
1515 5150 1908 5217 mansionibus,
1931 5166 2064 5221 quas

481 5246 744 5303 Dominus
771 5244 966 5300 multas
995 5259 1114 5300 esse
1149 5243 1283 5299 dixit
1312 5243 1367 5298 in
1391 5243 1552 5299 domo
1576 5243 1749 5298 Patris
1775 5244 1875 5309 sui,
1910 5261 2065 5299 man-

482 5353 637 5396 suros
665 5335 925 5410 quosdam
952 5337 1109 5393 etiam
1136 5351 1243 5392 non
1272 5345 1487 5392 renatos
1512 5351 1577 5392 ex
1607 5351 1743 5408 aqua
1770 5347 1823 5392 et
1840 5337 2060 5408 Spiritu,

544 5538 565 5611 ξ
597 5543 802 5611 simis
818 5549 883 5611 3°
902 5533 1275 5611 ριετίειιιθμεξερ
1297 5531 1616 5611 Whitte.

543 5599 714 5673 ’,ωίιῇ
740 5606 792 5673 εξ
1212 5595 1332 5673 Ms.
1355 5595 1877 5673 μίιυβηίρξτὲπξέιυίδιιε
1897 5601 2064 5645 tamen

483 5668 653 5724 postea
669 5663 794 5711 sicut
815 5662 864 5709 in
881 5662 1074 5709 caeteris
1095 5665 1224 5715 Mss,
1248 5671 1441 5708 oramus
1464 5664 1516 5707 ut
1541 5662 1711 5727 veniat.

546 5724 566 5756 ³
602 5732 701 5789 Am.
726 5729 801 5789 Er:
829 5729 881 5772 et
905 5720 1133 5789 plerique
1154 5728 1286 5789 M_ss.:
1318 5717 1456 5768 Aliud
1478 5725 1548 5789 est
1729 5731 1933 5781 regnum
1969 5727 2065 5789 pes

482 5783 757 5846 muneribus
778 5779 1032 5846 honorari,
1048 5779 1200 5832 'aliud
1233 5795 1432 5846 regatur;
1458 5780 1546 5830 Dei
1569 5779 1743 5843 legibus
1768 5779 1998 5832 coerceri.

601 5853 728 5905 tov.,
753 5853 799 5895 et
817 5835 1218 5895 renaseifcasteri
1245 5835 1371 5906 libri,
1391 5844 1531 5905 juxta
1553 5835 1783 5906 griecum,
1809 5851 1854 5895 et
1889 5844 2038 5894 nasci.

546 5908 570 5943 ⁸
600 5908 738 5963 Editi.
761 5907 886 5960 illud
901 5914 1062 5958 autem
1083 5906 1208 5962 quod
1229 5905 1440 5958 dixerat.

1371 429 1462 487 DE
1500 428 1711 486 ANlMA
1751 427 1840 484 ET
1881 422 2043 484 EJUS
2079 422 2375 494 ORlGlNE,
2415 424 2482 485 S.
2521 427 2890 488 AUGUSTlNl

2183 550 2242 596 ut
2285 541 2444 599 ﬁdem
2482 544 2798 602 catholicam
2849 554 3054 616 teneas,
3074 545 3359 619 admoneo,
3391 545 3439 606 si
3479 551 3782 622 permittis.

2181 636 2471 692 emendare
2493 653 2599 693 non
2626 637 2864 696 differas.

2247 724 2472 784 CAPUT
2507 727 2623 784 XII.
2653 760 2727 770 —
2757 731 2845 786 18.
2876 729 2996 786 Noli
3023 730 3266 802 credere,
3299 747 3399 790 nec
3433 733 3633 803 dicere,
3665 749 3774 793 nec

2179 815 2391 885 docere,
2426 837 2446 871 ι
2479 818 2806 876 Sacrificium
2832 819 3259 879 Christianorum
3301 841 3402 897 pro
3444 827 3510 882 iis
3536 827 3625 898 qui
3656 841 3774 884 non

2177 907 2426 979 baptizati
2456 909 2524 966 de
2552 926 2777 983 corpore
2807 913 3053 980 exierint,
3085 915 3417 972 offerendum
3477 937 3498 971 ι
3547 917 3774 991 (Supra

2179 999 2267 1054 lib.
2301 1003 2352 1069 1,
2385 1021 2438 1057 n.
2466 1005 2551 1071 15,
2576 1015 2623 1060 et
2651 1005 2740 1060 lib.
2779 1007 2835 1074 2,
2860 1025 2912 1062 η.
2960 1008 3074 1078 15),
3103 1008 3147 1064 si
3172 1009 3252 1066 vis
3279 1025 3399 1067 esse
3443 1012 3771 1068 catholicus.

2178 1093 2310 1162 Quia
2337 1112 2437 1153 nec
2466 1097 2594 1154 illud
2620 1100 2760 1170 quod
2787 1101 2853 1156 de
2884 1101 3302 1156 Maehabazorum
3342 1103 3491 1158 libris
3518 1119 3768 1160 comme-

2176 1189 2401 1244 morasti
2444 1191 2761 1246 sacrificium
2804 1191 3107 1248 Judaeorum
3137 1192 3216 1265 (ll
3246 1191 3483 1248 Machab.
3514 1211 3583 1249 χιι
3615 1238 3632 1266 ,
3664 1194 3782 1250 39-

2177 1279 2293 1352 46),
2327 1297 2422 1351 pro
2449 1283 2526 1338 eis
2553 1284 2642 1353 qui
2671 1300 2776 1340 non
2807 1286 3110 1341 circumcisi
3139 1287 3206 1342 de
3245 1301 3471 1358 corpore
3498 1289 3772 1358 exierant,

2178 1374 2416 1429 ostendis
2462 1375 2719 1431 oblatum.
2765 1376 2820 1432 In
2849 1394 2951 1448 qua
2981 1387 3068 1432 tua
3096 1377 3356 1433 sententia
3385 1388 3490 1434 tam
3523 1394 3683 1446 nova,
3717 1389 3778 1436 et

2177 1474 2359 1520 contra
2408 1467 2661 1522 Ecclesiae
2707 1469 2866 1524 totius
2906 1471 3277 1525 auctoritatem
3321 1469 3775 1542 disciplinamque

2177 1557 2407 1626 prolata,
2440 1559 2604 1614 verbo
2635 1560 2795 1614 etiam
2828 1561 3247 1616 insolentissimo
3278 1576 3405 1617 usus
3450 1577 3529 1628 es,
3553 1562 3768 1630 dicens,

2183 1665 2202 1700 ι
2237 1648 2340 1704 Pro
2373 1649 2455 1703 his
2484 1664 2614 1706 sane
2640 1651 2938 1707 oblationes
2968 1653 3211 1708 assiduas
3238 1661 3294 1709 et
3318 1653 3589 1710 offerenda
3623 1654 3776 1728 jugi-

2179 1749 2260 1795 ter
2307 1751 2611 1797 sanctorum
2652 1757 2848 1800 censeo
2877 1744 3134 1799 sacrificia
3159 1744 3535 1800 sacerdotum:
3569 1764 3590 1798 ι
3629 1756 3691 1802 ιιι
3715 1757 3773 1804 te

2177 1831 2338 1888 homo
2366 1834 2531 1889 laicus
2559 1835 2924 1892 sacerdotibus
2951 1837 3043 1892 Dei
3072 1853 3173 1893 nec
3201 1838 3455 1894 discendo
3481 1839 3770 1910 subderes,

2176 1938 2276 1978 nec
2309 1923 2496 1979 Saltem
2527 1924 2687 1980 simul
2722 1926 3013 1995 qumrendo
3059 1929 3335 1996 miseeres,
3367 1929 3462 1985 sed
3496 1931 3773 1988 censendo

2177 2030 2539 2086 praeponeres.
2573 2017 2736 2073 Aufer
2767 2018 2860 2073 tibi
2889 2019 3010 2087 ista,
3043 2019 3117 2074 fili
3143 2039 3155 2075 :
3180 2037 3286 2075 non
3313 2021 3390 2076 sic
3411 2020 3771 2094 invia,quam

2175 2105 2421 2161 Christus
2448 2107 2663 2162 humilis
2711 2124 2770 2164 se
2810 2109 2984 2180 ipsum
3033 2126 3155 2167 esse
3201 2111 3400 2180 docuit,
3432 2114 3772 2182 ambulatur;

2175 2197 2352 2252 nullus
2377 2214 2498 2253 eum
2526 2198 2630 2254 hoc
2655 2208 2868 2258 tumore
2895 2217 2990 2274 per
3016 2213 3294 2276 angustam
3324 2215 3532 2278 portam
3549 2207 3667 2278 ejus
3683 2208 3740 2263 in
3757 2240 3774 2252 ο

2173 2290 2437 2360 greditur.

2245 2379 2472 2438 CAPUT
2508 2381 2648 2437 Xlll.
2675 2415 2747 2426 -
2774 2385 2862 2442 19.
2891 2385 3007 2442 Noli
3038 2387 3284 2456 credere,
3310 2405 3411 2446 nec
3437 2389 3633 2457 dicere,
3665 2407 3774 2448 nec

2173 2471 2386 2539 docere,
2424 2492 2442 2525 s
2477 2475 2696 2546 Aliquos
2738 2491 2924 2532 eorum
2972 2479 3060 2549 qui
3105 2479 3222 2535 sine
3263 2479 3533 2550 Baptismo
3560 2481 3775 2538 Christi

2174 2578 2240 2618 ex
2271 2563 2370 2619 hac
2396 2565 2501 2620 vita
2531 2567 2928 2637 emigraverint,
2953 2569 3166 2625 interim
3197 2586 3304 2626 non
3344 2571 3422 2627 ire
3448 2571 3498 2626 in
3535 2587 3770 2644 regnum

2173 2653 2452 2722 calorum,
2486 2655 2583 2712 sed
2621 2657 2673 2712 in
2716 2659 3022 2728 paradisum
3052 2677 3067 2727 ;
3097 2671 3279 2731 postea
3305 2677 3459 2728 vero,
3488 2663 3541 2717 in
3582 2679 3775 2719 resur-

2173 2747 2412 2803 rectione
2443 2758 2809 2818 mortuorum,
2839 2753 3001 2806 etiam
3027 2753 3094 2807 ad
3123 2755 3269 2824 regni
3297 2754 3555 2810 caelorum
3583 2754 3765 2811 beati-

2173 2840 2411 2894 tudinem
2443 2843 2722 2911 pervenire
2751 2863 2769 2896 ι
2813 2843 3009 2916 (Supra
3038 2845 3126 2901 tib.
3154 2847 3209 2913 2,
3239 2865 3292 2902 η.
3322 2847 3434 2918 16),
3466 2849 3509 2904 si
3539 2850 3621 2904 vis
3641 2865 3769 2906 esse

2173 2932 2487 2988 catholicus.
2521 2933 2634 2988 Hoc
2659 2935 2802 2990 enim
2835 2937 2914 2992 eis
2943 2936 3074 2994 dare
3104 2954 3205 2995 nec
3229 2939 3514 3012 Pelagiana
3544 2941 3770 2998 haeresis

2172 3037 2302 3078 ausa
2327 3033 2427 3090 est,
2451 3041 2570 3096 qua:
2596 3027 2843 3096 opinatur
2867 3033 3120 3099 parvulos
3141 3048 3245 3087 non
3271 3033 3483 3090 trahere
3503 3035 3768 3106 originale

2173 3126 2490 3185 peccatum:
2540 3135 2675 3189 quos
2730 3128 2786 3175 tu
2835 3123 3076 3192 quamvis
3105 3124 3244 3179 sicut
3298 3126 3590 3182 catholicus
3633 3143 3762 3186 cum

2173 3216 2392 3276 peccato
2418 3209 2564 3264 nasci
2596 3210 2828 3275 fatearis,
2859 3214 3040 3269 nescio
3064 3231 3166 3285 qua
3199 3225 3376 3272 tamen
3407 3219 3768 3287 perversioris

2172 3299 2407 3356 novitate
2452 3301 2738 3370 opinionis,
2788 3305 2903 3359 sine
2953 3305 3279 3375 Baptismate
3318 3307 3559 3374 salutari,
3588 3320 3642 3366 et
3689 3311 3763 3366 ab

2173 3389 2277 3445 hoc
2302 3401 2519 3462 peccato
2540 3408 2660 3447 cum
2681 3409 2785 3463 quo
2807 3404 3098 3451 nascuntur
3126 3397 3354 3465 absolvi,
3383 3408 3436 3454 et
3462 3400 3512 3454 in
3537 3417 3767 3472 regnent

2172 3483 2429 3540 caelorum
2466 3485 2662 3540 asseris
2692 3486 2976 3542 introduci.
3007 3487 3192 3559 Neque
3221 3490 3552 3559 consideras,
3580 3495 3631 3548 in
3661 3494 3768 3551 hae

2173 3590 2335 3631 causa
2375 3586 2574 3647 quanto
2625 3577 2859 3634 deterius
2912 3579 3088 3649 sapias
3140 3597 3299 3651 quam
3353 3581 3620 3654 Pelagius.
3667 3584 3769 3644 Ille

2171 3671 2366 3741 quippe
2393 3670 2714 3726 dominicam
2735 3673 3054 3728 sententiam
3081 3675 3487 3744 pertimescens,
3518 3695 3620 3747 qua
3645 3695 3760 3736 non

2171 3761 2421 3834 haptizati
2459 3764 2512 3818 in
2562 3781 2784 3836 regnum
2822 3765 3084 3822 caelorum
3127 3782 3233 3822 non
3267 3769 3647 3838 permittuntur
3673 3771 3766 3828 il-

2171 3865 2332 3922 trare,
2362 3857 2488 3913 licet
2514 3873 2608 3914 eos
2638 3873 2772 3929 quos
2797 3858 2866 3913 ab
2905 3860 3050 3914 omni
3091 3870 3310 3929 peccato
3339 3862 3538 3918 liberos
3563 3864 3765 3934 credit,

2173 3969 2279 4007 non
2307 3952 2398 4007 illo
2423 3951 2582 4007 audet
2611 3953 2866 4024 parvulos
2892 3953 3103 4010 mittere
3132 3964 3224 4009 :tu
3249 3971 3380 4011 vero
3406 3957 3483 4012 sic
3509 3967 3767 4014 contem-

2172 4042 2255 4099 nis
2283 4042 2422 4113 quod
2444 4041 2643 4098 dictum
2665 4054 2768 4110 est,
2797 4045 2857 4100 Si
2882 4045 2992 4113 quis
3013 4062 3115 4100 non
3139 4055 3344 4100 renatus
3370 4049 3521 4119 fuerit
3545 4065 3608 4104 ea:
3625 4066 3768 4121 aqua

2171 4146 2219 4191 et
2249 4135 2467 4206 Spiritu,
2496 4153 2596 4191 non
2625 4147 2786 4208 potest
2827 4138 3037 4192 introire
3079 4139 3133 4193 in
3177 4156 3389 4210 regnum
3414 4141 3550 4206 Dei;
3575 4151 3634 4196 ut
3660 4159 3765 4198 ex-

2172 4238 2328 4300 cepto
2353 4244 2555 4296 errore,
2584 4246 2690 4300 quo
2710 4229 2875 4286 audes
2903 4246 2934 4285 a
2962 4246 3126 4302 regno
3155 4231 3248 4287 Dei
3279 4234 3577 4301 paradisum
3599 4251 3766 4304 sepa-

2171 4336 2312 4386 rare,
2341 4321 2655 4392 quibusdam
2702 4338 2839 4393 quos
2884 4338 3006 4378 reos
3052 4324 3217 4390 nasci,
3252 4325 3391 4380 sicut
3435 4325 3760 4397 catholicus,

2171 4418 2365 4485 credis,
2395 4420 2511 4473 sine
2537 4415 2860 4486 Baptismate
2891 4415 3144 4482 mortuis,
3175 4425 3229 4471 et
3272 4417 3414 4473 illius
3452 4427 3630 4475 reatus
3657 4421 3764 4476 ab-

2169 4508 2512 4578 solutionem,
2539 4519 2593 4563 et
2618 4523 2836 4578 regnum
2861 4509 3121 4563 caalorum
3152 4525 3261 4564 non
3292 4509 3506 4568 dubites
3531 4513 3763 4584 insuper

2169 4600 2618 4672 pollicerizqnasi
2645 4609 2831 4655 contra
2860 4599 3131 4672 Pelagium
3169 4603 3221 4657 in
3263 4604 3502 4675 originali
3540 4619 3768 4676 peccato

2170 4693 2459 4750 astruendo
2477 4703 2601 4749 tunc
2625 4709 2746 4749 esse
2768 4694 2946 4763 possis
2967 4694 3261 4752 catholicus
3287 4713 3464 4763 verus,
3498 4700 3543 4754 si
3571 4712 3768 4758 contra

2172 4787 2454 4843 Dominum
2482 4787 2644 4843 fueris
2665 4787 2717 4842 in
2747 4786 3072 4843 destruenda
3104 4788 3219 4859 ejus
3245 4790 3312 4844 de.
3339 4791 3609 4862 Baptismo
3629 4809 3766 4851 sen-

2170 4878 2335 4934 tentia
2363 4878 2648 4934 hatreticus
2677 4893 2867 4934 novus.
2899 4878 3006 4934 Nos
3037 4889 3108 4945 te,
3141 4879 3507 4952 dilectissime,
3541 4901 3648 4940 non
3682 4888 3769 4945 sic

2168 4971 2417 5026 volumus
2445 4970 2815 5025 luereticorum
2847 4985 2966 5026 esse
2991 4971 3272 5038 victorem,
3307 4983 3366 5028 ut
3402 4991 3553 5030 error
3581 4978 3769 5035 vincat

2170 5078 2428 5129 errorem,
2467 5071 2543 5129 et,
2586 5063 2725 5132 quod
2757 5072 2840 5118 est
2883 5063 3051 5132 pejus,
3093 5065 3263 5134 major
3301 5068 3581 5124 minorem.
3616 5070 3767 5128 Dicis

2169 5158 2351 5214 enim:
2391 5175 2411 5209 ‹
2453 5157 2561 5210 Aut
2602 5158 2646 5211 si
2691 5155 2830 5211 forte
2870 5157 3132 5226 quispiam
3174 5158 3484 5228 reluctetnr,
3534 5161 3769 5222 latronis

2170 5249 2364 5304 animae
2401 5247 2486 5304 vel
2531 5247 2830 5302 Dinocratis
2878 5247 3090 5302 interim
3142 5253 3464 5320 temporarie
3504 5253 3765 5313 collatum

2172 5355 2293 5396 esse
2320 5339 2659 5411 paradisum;
2688 5355 2811 5394 nam
2845 5353 3131 5409 superesse
3158 5340 3264 5396 illis
3293 5342 3472 5398 adhuc
3500 5345 3551 5399 in
3580 5361 3769 5402 resur-

2170 5432 2413 5487 rectione
2453 5431 2730 5500 praemium
2778 5431 2925 5502 regni
2977 5432 3271 5500 coelormn;
3301 5451 3603 5507 quanquam
3640 5454 3769 5494 sen-

2171 5525 2332 5580 tentia
2381 5524 2467 5577 illa
2515 5523 2820 5593 principalis
2862 5524 3106 5590 obsistat,
3139 5525 3272 5593 Quia
3303 5528 3391 5595 qui
3418 5546 3520 5583 non
3553 5544 3767 5589 renatus

2172 5619 2321 5692 fuerit
2348 5634 2412 5672 ea:
2451 5635 2582 5686 aqua
2608 5625 2652 5670 et
2675 5617 2873 5687 Spiritu
2897 5627 3090 5686 sancto,
3124 5637 3224 5673 non
3250 5621 3450 5676 intrabit
3475 5625 3526 5677 in
3548 5641 3764 5696 regnum

2170 5715 2429 5778 certorum,-
2449 5721 2621 5766 tamen
2646 5719 2822 5765 teneat
2839 5712 2998 5766 etiam
3013 5728 3187 5767 meum
3206 5714 3258 5768 in
3277 5715 3375 5770 hac
3391 5727 3538 5785 parte
3565 5732 3669 5772 non
3689 5721 3775 5774 in-

2170 5807 2396 5861 videntis
2406 5819 2703 5869 assensum,
2735 5803 2892 5859 modo
2904 5806 3285 5862 misericordia:
3299 5810 3768 5883 priescientizeque

2171 5902 2360 5953 divina:
2383 5907 2433 5952 rt.
2461 5895 2704 5952 effectum
2733 5897 3022 5967 amplificet
3051 5909 3104 5953 et
3130 5899 3397 5957 affectum.
3432 5922 3450 5955 ο
3484 5903 3606 5960 ιιωρ
3631 5920 3765 5962 ver-
