4012 6474
223 406 337 466 κει

223 520 304 578 ba
333 528 414 574 tua
442 523 588 582 sunt,
633 515 726 571 ubi
753 523 805 570 te
829 510 1100 567 confiteris
1127 507 1432 564 consentire
1456 505 1673 570 dicenti,
1707 503 1826 575 qui-

225 612 455 675 busdam
487 618 596 665 non
645 608 928 679 haptizatis
964 605 1043 660 sic
1081 601 1404 674 temporarie
1431 599 1684 654 collatum
1706 611 1826 652 esse

226 703 563 778 paradisum,
590 709 649 756 ut
665 699 898 770 supersit
920 696 1024 750 illis
1055 697 1107 749 in
1133 692 1524 749 resurrectione
1549 689 1826 760 praemium

227 797 384 870 regni
426 795 717 860 cmlorum,
752 802 940 848 contra
977 787 1296 844 sententiam
1331 784 1700 856 principalem,
1727 795 1827 852 qua

229 889 591 948 constitutum
620 897 723 951 est,
753 901 858 940 non
885 884 1204 937 intraturum
1234 881 1284 933 in
1313 877 1445 932 illud
1471 891 1714 947 regnum,
1738 874 1828 944 qui

228 997 343 1038 non
365 989 591 1035 renatus
632 976 790 1032 fuerit
817 990 884 1031 ex
913 989 1050 1045 aqua
1089 983 1144 1027 et
1187 969 1388 1040 Spiritu
1418 977 1624 1023 sancto.
1651 967 1824 1034 Quam

230 1073 561 1130 sententiam
587 1068 936 1142 principalem
977 1067 1170 1120 timens
1209 1061 1413 1117 violare
1437 1059 1702 1130 Pelagius,
1730 1072 1831 1113 nec

231 1165 359 1220 illos
385 1163 507 1218 sine
538 1161 811 1232 Baptismo
836 1160 889 1214 in
923 1171 1145 1226 regnum
1175 1154 1437 1210 calorum
1477 1149 1706 1206 credidit
1744 1149 1830 1205 in-

233 1264 504 1320 traturos,
550 1266 686 1324 quos
715 1267 819 1305 non
848 1248 1074 1305 credidit
1104 1262 1261 1302 reos:
1285 1255 1340 1300 tu
1382 1253 1559 1300 autem
1587 1252 1642 1298 et
1665 1241 1830 1312 origi-

233 1345 378 1402 nalis
409 1343 618 1414 peccati
664 1356 788 1396 reos
831 1338 1079 1410 parvulos
1119 1335 1421 1403 confiteris,
1451 1343 1508 1391 et
1532 1341 1710 1388 tamen
1736 1345 1831 1388 eos

233 1437 356 1494 sine
379 1435 602 1490 lavacro
635 1430 1053 1504 regenerationis
1080 1427 1334 1494 absolvis,
1363 1435 1418 1482 et
1442 1426 1495 1480 in
1525 1422 1829 1495 paradisum

236 1528 435 1595 mittis,
463 1536 523 1583 et
547 1533 732 1598 postea
753 1524 914 1580 etiam
942 1536 1163 1594 regnum
1191 1518 1452 1576 caelorum
1483 1517 1688 1573 intrare
1719 1531 1833 1588 per-

238 1622 431 1678 mittis.

316 1709 549 1768 CAPUT
588 1707 731 1766 XIV.
781 1738 855 1750 —
877 1707 969 1762 20.
998 1705 1125 1762 Haec
1149 1713 1308 1776 atque
1331 1699 1660 1773 huiusmodi,
1689 1700 1734 1755 si
1777 1708 1834 1756 et

241 1803 346 1858 alia
375 1799 608 1857 forsitan
648 1799 702 1854 in
739 1797 844 1854 tuis
879 1797 1029 1852 libris
1058 1795 1310 1850 attentior
1348 1801 1404 1849 et
1439 1790 1662 1846 otiosior
1686 1789 1835 1846 invo-

243 1896 362 1952 nire
398 1893 666 1965 potueris,
693 1891 812 1947 sine
841 1891 945 1945 ulla
970 1889 1226 1944 dilatione
1246 1886 1358 1957 iam
1389 1885 1618 1956 corrige,
1651 1883 1696 1938 si
1721 1881 1835 1937 ani-

243 2004 390 2045 mum
416 1986 744 2041 catholicum
761 1985 924 2056 geris,
952 1983 1005 2038 id
1031 1991 1133 2049 est,
1162 1981 1207 2036 si
1234 1979 1495 2035 veraciter
1518 1978 1836 2050 pradocutus

245 2097 325 2146 es,
360 2081 572 2146 dicens,
609 2097 630 2131 ι
658 2077 802 2150 quod
833 2077 927 2132 tibi
968 2074 1069 2148 ipsi
1093 2073 1345 2130 credulus
1366 2086 1471 2127 non
1493 2071 1590 2137 sis,
1617 2085 1679 2124 ea
1708 2084 1835 2140 pro-

245 2176 362 2232 bari
383 2190 546 2246 posse
565 2189 685 2245 quae
710 2172 942 2234 dixeris;
969 2179 1024 2225 et
1042 2167 1184 2239 quod
1209 2182 1422 2237 semper
1440 2165 1656 2222 studeas
1673 2162 1837 2219 etiam

246 2269 521 2340 propriam
548 2265 869 2340 sententiam
898 2276 1003 2317 non
1033 2260 1191 2324 tueri,
1221 2259 1264 2312 si
1297 2253 1662 2327 improbabitis
1689 2253 1840 2308 dete-

247 2339 442 2432 gatur;
469 2367 528 2413 et
547 2357 616 2412 sit
642 2356 735 2410 tibi
745 2339 927 2420 °cordi,
967 2353 1189 2426 preprio
1210 2351 1408 2423 iudicio
1436 2349 1706 2414 damnato,
1727 2361 1840 2403 me-

250 2455 383 2509 liora
412 2451 584 2521 magis
609 2459 664 2505 et
694 2464 813 2520 qua:
838 2456 965 2502 sunt
989 2446 1195 2515 veriora
1221 2443 1438 2499 sectari.
1475 2463 1493 2495 ι
1529 2442 1686 2496 Modo
1715 2455 1839 2511 pro-

251 2545 338 2611 ba,
367 2541 714 2606 charissime,
752 2552 859 2593 non
904 2546 956 2592 te
1003 2535 1261 2590 fallaciter
1304 2535 1402 2588 ista
1433 2533 1654 2599 dixisse,
1685 2542 1744 2586 ut
1770 2529 1840 2586 de

253 2645 341 2690 tua
369 2632 553 2687 indole
581 2646 688 2685 non
725 2629 896 2684 solum
939 2627 1234 2698 ingeniosa,
1258 2640 1443 2680 verum
1471 2623 1629 2678 etiam
1662 2630 1836 2690 cauta,

251 2726 356 2796 pia,
385 2724 650 2789 modesta,
672 2720 900 2791 gaudeat
920 2717 1181 2774 catholica
1204 2715 1465 2781 Ecclesia,
1490 2729 1596 2768 non
1619 2712 1688 2767 de
1707 2727 1838 2767 con-

253 2816 483 2871 tentiosa
511 2811 800 2884 pertinacia
827 2809 1075 2864 haeretica
1097 2805 1413 2862 exardescat
1436 2803 1664 2859 insania.
1689 2800 1842 2857 Nunc

251 2918 336 2965 est
365 2916 426 2964 ut
449 2905 720 2971 ostendas,
742 2913 938 2976 quanta
965 2909 1085 2974 post
1111 2899 1227 2956 haue
1257 2901 1392 2954 bona
1415 2897 1578 2953 verba
1601 2911 1721 2968 qua:
1751 2904 1840 2949 tua

251 3001 704 3067 commemoravi,
728 2997 1033 3054 sinceritate
1063 2994 1294 3066 pectoris
1312 2992 1532 3058 dixeris,
1548 2989 1689 3061 quod
1712 3003 1841 3044 con-

254 3097 406 3151 tinuo
431 3093 703 3164 subiecisti
728 3110 743 3147 :
773 3110 792 3146 c
823 3089 957 3147 Nam
979 3098 1036 3145 ut
1059 3096 1160 3156 est,
1188 3105 1208 3140 ι
1243 3085 1437 3158 inquis,
1468 3102 1487 3136 ‹
1516 3083 1702 3154 optimi
1725 3095 1845 3152 pro-

255 3187 422 3258 positi
446 3184 806 3254 laudandique
830 3181 1068 3249 consilii,
1099 3179 1252 3234 facile
1271 3176 1339 3232 ad
1357 3177 1564 3232 veriora
1593 3173 1843 3229 transdu-

252 3281 339 3346 ci;
371 3281 448 3335 ita
478 3277 705 3348 improbi
749 3273 1111 3342 obstinatique
1152 3269 1340 3340 iudicii
1385 3278 1489 3334 est,
1515 3266 1658 3322 nolle
1686 3263 1844 3321 citius

251 3372 320 3426 ad
346 3369 618 3426 tramitem
644 3366 866 3422 rationis
890 3363 1087 3421 inﬂecti
1128 3381 1146 3416 ι
1191 3361 1402 3434 (Supra
1440 3359 1529 3413 lib.
1552 3357 1608 3424 2,
1640 3373 1695 3410 η.
1725 3353 1839 3429 22).

255 3463 391 3518 Esto
439 3461 596 3530 igitur
637 3458 823 3530 optimi
866 3455 1124 3528 propositi
1151 3452 1506 3522 laudandique
1532 3449 1764 3514 consilii,
1791 3455 1847 3502 et

253 3555 423 3611 facile
455 3552 520 3607 ad
549 3553 755 3608 veriora
784 3549 1132 3605 transducere
1157 3563 1172 3599 :
1198 3561 1296 3600 nec
1321 3545 1395 3598 sis
1425 3541 1649 3613 improbi
1678 3539 1847 3594 obsti-

155 3641 160 3644 ’
252 3648 484 3714 natique
503 3643 712 3713 iudicii,
737 3651 793 3696 ut
821 3641 956 3714 nolis
977 3640 1133 3695 citius
1149 3638 1215 3704 ad
1238 3636 1504 3691 tramitem
1526 3633 1745 3689 rationis
1766 3633 1847 3686 in-

254 3738 429 3794 ﬂecti.
455 3735 509 3791 Si
535 3736 676 3790 enim
709 3733 825 3788 hate
855 3732 1151 3787 liberaliter
1192 3729 1434 3784 elocutus
1471 3741 1552 3791 es,
1584 3725 1630 3779 si
1657 3739 1762 3778 non
1791 3722 1844 3778 in

254 3829 419 3886 labiis
451 3829 546 3881 ista
574 3825 819 3890 sonuisti,
853 3823 946 3880 sed
978 3824 1120 3877 intus
1157 3829 1212 3875 et
1249 3818 1578 3891 germanitas
1603 3815 1656 3870 in
1683 3813 1846 3870 corde

253 3919 479 3977 sensisti
500 3936 515 3980 ;
538 3918 591 3972 in
624 3929 725 3971 tua:
755 3913 1102 3971 correctionis
1134 3919 1280 3966 tardo
1311 3911 1452 3965 bono
1477 3909 1639 3965 etiam
1668 3921 1847 3961 moras

253 4011 448 4067 odisti.
480 4009 668 4064 Parum
708 4008 904 4078 quippe
927 4005 1041 4073 tibi
1089 4003 1187 4057 fuit
1214 3989 1412 4068 dicere,
1442 4018 1461 4052 ι
1494 3997 1726 4068 improbi
1752 3995 1849 4053 ob-

252 4103 554 4174 stiuatique
576 4116 694 4157 esse
715 4098 919 4170 iudicii,
950 4098 1092 4152 nolle
1125 4095 1190 4149 ad
1220 4095 1486 4150 tramitem
1510 4091 1736 4147 rationis
1758 4091 1844 4145 in-

254 4197 441 4260 ﬂecti,
474 4214 491 4246 ι
528 4195 627 4249 nisi
673 4192 898 4248 adderes
929 4209 949 4242 ι
976 4188 1165 4244 citius:
1195 4205 1216 4239 ι
1266 4197 1325 4240 ιιι
1367 4185 1491 4239 hinc
1536 4183 1848 4240 ostenderes

255 4303 429 4360 quam
453 4287 523 4341 sit
541 4283 919 4347 exsecrandus,
940 4280 1029 4352 qui
1050 4280 1247 4334 bonum
1267 4276 1366 4332 hoc
1389 4291 1656 4346 nunquam
1687 4273 1848 4341 facit;

255 4379 693 4456 quandoquidem
737 4376 828 4448 qui
867 4373 1069 4430 tardius
1112 4371 1258 4440 facit,
1291 4378 1435 4424 tanta
1483 4368 1574 4422 tibi
1611 4364 1851 4422 videatur

256 4473 551 4531 severitate
569 4467 881 4540 culpandus,
912 4474 968 4520 ut
997 4464 1188 4520 merito
1210 4460 1436 4531 improbi
1460 4458 1645 4530 iudicii
1675 4456 1848 4513 obsti-

258 4565 486 4634 natique
511 4561 736 4616 dicatur.
775 4555 912 4612 Audi
949 4569 1080 4625 ergo
1124 4562 1176 4608 te
1219 4552 1412 4621 ipsum,
1447 4558 1607 4620 tuque
1636 4546 1853 4619 potissi-

259 4671 417 4714 mum
444 4661 497 4709 et
515 4651 746 4708 maxime
764 4645 959 4717 eloquii
988 4645 1063 4701 tui
1093 4641 1350 4698 fructibus
1379 4641 1589 4705 utere‘,
1621 4648 1675 4694 ιιι
1695 4638 1852 4693 citius

166 4813 169 4815 _
259 4760 316 4805 te
345 4745 423 4803 ad
455 4743 676 4800 rationis
715 4739 982 4796 tramitem
1029 4734 1296 4806 gravitate
1339 4733 1534 4788 mentis
1586 4730 1849 4798 inﬂectas,

163 4839 173 4912 '_
261 4853 436 4912 quam
461 4843 514 4891 te
546 4833 670 4889 inde
697 4831 872 4886 minus
898 4826 1108 4886 erudite
1150 4839 1445 4896 parumque
1484 4821 1726 4878 consulte
1767 4821 1852 4877 lu-

262 4931 427 5015 bricp
448 4927 618 5015 agitis
638 4934 930 5015 averteras.

336 4985 436 5056 2|.
482 4997 645 5053 Nimis
688 4995 900 5064 longum
939 4999 1022 5047 est
1045 5031 1061 5060 ,
1101 4987 1277 5045 omnia
1301 5001 1420 5058 qua:
1449 4986 1502 5040 in
1534 4985 1636 5040 tuis
1663 4985 1813 5040 libris
1834 5027 1849 5053 ,

169 5084 171 5086 ’
264 5095 350 5150 vel
375 5091 552 5162 potius
573 5089 626 5143 in
656 5095 708 5142 te
738 5086 854 5156 ipso
876 5084 998 5138 volo
1018 5078 1290 5136 emendari
1308 5120 1323 5145 ,
1351 5085 1675 5149 pertractare
1696 5087 1856 5149 atque

267 5187 544 5242 discutere
567 5223 584 5249 ,
606 5189 661 5234 et
685 5177 874 5233 saltem
895 5175 1108 5230 brevem
1137 5169 1229 5226 tibi
1258 5169 1324 5225 de
1349 5169 1567 5240 singulis
1587 5169 1857 5239 corrigen-

268 5277 357 5332 dis
393 5273 617 5330 reddere
644 5270 924 5325 rationem.
952 5264 1063 5320 Nec
1088 5263 1208 5320 ideo
1233 5271 1408 5318 tamen
1438 5271 1490 5316 te
1513 5269 1820 5316 contemnas
1838 5302 1854 5330 ,
1931 5274 1934 5279 '

269 5380 333 5428 ut
379 5365 656 5424 arbitreris
699 5361 966 5433 ingenium
1005 5366 1060 5414 et
1095 5358 1360 5428 eloquium
1388 5365 1533 5410 tuum
1565 5355 1712 5426 parvi
1739 5369 1858 5411 esse

274 5460 640 5536 pendendum.
682 5453 792 5511 Nec
830 5461 1132 5509 sanctarum
1159 5449 1520 5519 Sripturarum
1547 5446 1856 5502 memoriam

345 5582 364 5613 ι
399 5578 623 5642 Belgicus
642 5572 815 5642 θρόει.
842 5579 888 5621 s.
914 5566 1126 5642 A_mandi_.
1149 5566 1335 5630 arisque
1688 5572 1859 5642 ςι

278 5627 416 5694 atina
434 5627 632 5692 ἐιῧαηὶε
655 5633 888 5698 fructibus
906 5638 1078 5698 θέλετε.⁸
1091 5627 1430 5698 Tarnacensis,
1470 5633 1658 5688 tuaeque
1676 5627 1863 5698 mussi.

435 5690 490 5753 et
509 5690 739 5751 maxime
757 5692 1030 5762 elocutionis
1050 5690 1284 5762 Ῑηέειξδυδ
1317 5696 1459 5762 ἀεῖσ-
1503 5691 1864 5762 Αίὲίκλυίδδίωῳ

282 5751 452 5816 noster
465 5751 828 5824 hermanensis,
853 5761 1005 5824 tuque
1357 5759 1403 5803 et
1427 5751 1637 5824 {namime'
1657 5763 1765 5814 qua:
1797 5751 1864 5801 to-

283 5836 422 5942 ιωυέυιιῗ
441 5834 609 5884 utere;
632 5815 1091 5879 omissoffructibus.
1117 5817 1340 5866 Mendose
1358 5850 1372 5878 ,
1395 5816 1485 5865 nisi
1510 5815 1662 5877 legas,
1686 5826 1793 5878 qua:
1812 5825 1864 5865 ea

412 5905 483 5942 us.

362 5897 483 5942 utus.

558 5949 786 6019 SANCT.
819 5945 1096 6008 AUGUST.
1125 5941 1209 6010 Χ.

1587 391 1790 448 LIBER
1827 377 2145 448 TERTIUS.

3415 395 3522 454 522

1934 502 1988 556 in
2037 511 2088 556 te
2132 517 2348 572 parvam
2378 519 2497 560 esse
2522 505 2744 577 cognovi
2777 523 2790 562 :
2822 506 2918 564 sed
2946 507 3176 565 eruditio
3200 509 3374 564 minor
3397 521 3477 566 est
3503 552 3518 578 ,

1932 611 2088 667 quam
2120 603 2277 650 tantae
2303 596 2465 652 indoli
2487 597 2760 669 laborique
2781 600 3120 670 congruebat.
3146 599 3328 672 Itaque
3350 611 3402 657 te
3423 618 3521 658 nec

1932 691 2160 761 amplius
2187 706 2345 760 quam
2373 683 2582 762 oportet
2611 693 2703 748 tibi
2736 694 3014 749 tribuendo
3042 710 3329 751 vanescere
3357 696 3476 751 volo
3504 738 3520 762 ,

1934 797 2035 837 nec
2083 797 2266 837 rursus
2314 792 2363 838 te
2407 782 2706 852 abjiciendo
2751 799 2814 839 ac
2855 785 3186 856 deSperando
3213 785 3518 857 frigescere.

1933 872 2148 928 Utinam
2191 883 2274 928 tua
2305 874 2501 944 scripta
2535 883 2710 929 tecum
2753 875 2930 946 legere
2975 893 3218 946 possem,
3266 888 3320 935 et
3358 881 3521 936 collo-
3569 921 3580 946 ς

1935 965 2146 1038 qucndo
2172 966 2367 1036 potius,
2394 943 2555 1038 quam
2583 943 2887 1035 scribendo,
2915 943 3031 1040 qum
3057 969 3164 1025 sint
3190 971 3520 1026 emendanda
3563 943 3578 993 ⁸

1935 1069 2309 1114 monstrarem.
2354 1058 2583 1114 Facilius
2620 1058 2724 1115 hoc
2754 1061 3020 1130 negotium
3053 1074 3393 1132 perageretur
3422 1079 3520 1118 no-

1937 1162 2044 1206 stra
2064 1151 2217 1206 inter
2246 1165 2345 1206 nos
2374 1152 2820 1207 sermocinatione
2839 1193 2853 1215 ,
2884 1167 3040 1223 quam
3069 1153 3261 1209 litteris
3291 1173 3303 1208 :
3331 1171 3448 1225 qnte
3479 1155 3524 1210 si

1937 1241 2218 1296 scribenda
2260 1250 2440 1307 esset,
2492 1243 2673 1298 multis
2718 1243 3072 1300 voluminibus
3109 1243 3385 1314 indigeret.
3417 1245 3522 1300 Ve-

1937 1344 2234 1389 rumtamen
2275 1335 2375 1388 ista
2421 1335 2702 1406 capitalia,
2751 1351 2869 1406 qua:
2913 1346 3062 1392 certo
3103 1338 3265 1392 etiam
3305 1354 3527 1394 numero

1936 1425 2390 1496 comprehendere
2428 1425 2600 1494 volui,
2644 1428 2904 1498 instanter
2927 1427 3192 1484 admoneo
3213 1469 3230 1496 ,
3257 1443 3326 1484 ne
3353 1431 3525 1484 corri-

1938 1532 2062 1588 gere
2091 1518 2326 1582 differas,
2355 1527 2410 1573 et
2431 1533 2494 1573 ea
2527 1534 2744 1589 prorsus
2769 1535 2798 1573 a
2827 1518 2929 1574 fide
2953 1529 3007 1574 ct
3031 1519 3411 1591 praedicatione
3439 1530 3526 1575 tua

1939 1609 2102 1666 facias
2148 1610 2321 1666 aliena
2353 1629 2368 1666 :
2398 1619 2457 1665 ut
2482 1621 2675 1681 quanta
2710 1611 2802 1666 tibi
2831 1610 3054 1667 facultas
3079 1622 3163 1669 est
3188 1612 3525 1684 disputandi,

1940 1715 2159 1755 munere
2205 1700 2298 1756 Dei
2338 1700 2504 1755 utaris
2531 1702 2729 1756 utiliter
2756 1701 2822 1755 ad
2853 1703 3253 1759 {edificationem
3278 1743 3294 1770 ,
3329 1720 3432 1759 non
3459 1704 3526 1759 ad

1939 1791 2354 1847 destructionem
2385 1805 2529 1846 sana:
2557 1791 2890 1862 salubrisque
2911 1792 3186 1848 doctrina}.

2012 1880 2237 1938 CAPUT
2286 1881 2400 1937 XV.
2444 1911 2516 1922 —
2556 1881 2645 1938 22.
2676 1881 2810 1938 Sunt
2833 1894 3011 1939 autem
3041 1884 3138 1939 ista
3159 1925 3175 1952 ,
3206 1885 3274 1941 de
3301 1886 3494 1956 quibus
3514 1929 3529 1954 ,

1943 1982 2003 2030 ut
2046 1976 2232 2046 potui,
2277 1975 2386 2044 iam
2436 1975 2660 2030 disserui
2704 1992 2722 2032 :
2771 1975 2863 2030 sed
2900 1975 3215 2034 breviterea
3244 1980 3533 2050 repetendo

1944 2081 2272 2137 percurram.
2305 2065 2480 2122 Unum
2508 2075 2609 2132 est,
2645 2085 2664 2119 ι
2699 2066 2850 2136 Quod
2870 2067 3103 2123 animam
3130 2083 3236 2124 non
3257 2085 3322 2125 ex
3343 2069 3531 2136 nihilo,

1943 2159 2038 2214 sed
2067 2157 2134 2213 de
2159 2173 2219 2214 se
2249 2159 2364 2230 ipso
2394 2161 2557 2214 Deum
2589 2160 2775 2215 fecisse
2811 2179 2830 2212 ι
2861 2160 3065 2215 dixisti.
3095 2161 3332 2218 Alterum
3354 2204 3369 2231 ,
3401 2163 3534 2221 «Per

1944 2249 2210 2304 infinitum
2258 2259 2502 2322 tempus,
2553 2261 2710 2322 atque
2757 2253 2827 2306 ita
2873 2268 3084 2324 semper
3129 2254 3292 2310 Deum
3331 2257 3536 2312 animas

1944 2341 2105 2410 dare,
2137 2343 2274 2396 sicut
2295 2357 2506 2412 semper
2526 2353 2609 2398 est
2638 2343 2751 2413 ipse
2779 2344 2867 2414 qui
2887 2343 2998 2400 dat.
3034 2363 3054 2397 ι
3081 2344 3342 2414 Tertium,
3372 2350 3534 2404 «Ani-

1943 2453 2086 2493 mam
2128 2439 2374 2492 meritum
2413 2438 2630 2508 aliquod
2663 2438 2955 2508 perdidisse
2985 2455 3081 2509 per
3109 2455 3359 2508 carnem,
3392 2442 3535 2512 quod

1946 2528 2188 2584 habuerit
2232 2539 2358 2584 ante
2404 2545 2638 2586 carnem.
2697 2548 2717 2582 ι
2769 2531 3065 2599 Quartum,
3113 2550 3132 2584 ‹
3166 2529 3410 2588 Animam
3442 2551 3536 2604 per

1945 2635 2161 2676 carnem
2203 2635 2454 2691 reparare
2495 2621 2857 2676 habitudinem
2890 2622 3116 2692 priscam
3137 2665 3153 2691 ,
3184 2635 3238 2680 et
3265 2640 3358 2696 per
3385 2642 3535 2682 eam-

1947 2711 2068 2768 dem
2099 2727 2313 2766 carnem
2340 2714 2575 2780 renasci,
2599 2729 2694 2785 per
2718 2729 2875 2785 quam
2897 2725 3167 2770 meruerat
3191 2717 3475 2788 inquinari.
3512 2739 3530 2771 ι

1949 2803 2200 2871 Quintum
2219 2845 2235 2872 ,
2264 2824 2282 2857 ι
2315 2805 2466 2874 Quod
2492 2806 2669 2860 anima
2696 2807 2947 2862 meruerit
2973 2822 3094 2864 esse
3123 2811 3388 2878 peccatrix
3415 2822 3540 2868 ante

1952 2906 2427 2968 onn'peccatum.
2456 2915 2477 2950 ι
2499 2899 2740 2964 Sextum,
2763 2916 2782 2949 ‹
2814 2898 3046 2955 infantes
3061 2910 3342 2971 antequam
3364 2902 3540 2975 bapti-

1947 2997 2136 3043 zentur
2160 2999 2381 3078 ,.morte
2409 2999 2716 3060 praeventas
2735 3030 2750 3056 ,
2786 2992 3066 3061 pervenire
3095 3008 3253 3063 posse
3278 2995 3343 3051 ad
3373 2998 3539 3069 origi-

1949 3080 2151 3136 nalium
2183 3081 2562 3152 indulgentiam
2595 3092 2955 3152 peccatorum.
2983 3104 3002 3137 ›
3027 3084 3344 3156 Septimum,
3370 3089 3542 3158 «Quos

1950 3171 2206 3226 Dominus
2251 3173 2648 3247 prmdestinavit
2691 3175 2758 3230 ad
2802 3177 3160 3246 Baptismum,
3194 3181 3525 3251 praedestina.

1951 3262 2239 3334 tioni~eius
2282 3264 2414 3334 eripi
2457 3279 2649 3334 posse,
2677 3275 2731 3320 et
2757 3276 2881 3322 ante
2905 3268 3120 3340 defungi
3145 3312 3160 3336 ,
3193 3287 3350 3342 quam
3378 3274 3433 3328 in
3459 3276 3541 3331 eis

1951 3352 2110 3409 fuerit
2155 3353 2296 3425 quod
2338 3354 2687 3424 Omnipotens
2734 3357 3131 3426 praedestinavit
3181 3361 3476 3433 impletum.
3515 3385 3536 3419 ι

1950 3446 2206 3501 Octavum
2230 3487 2246 3513 ,
2283 3465 2303 3498 ι
2340 3448 2414 3502 De
2434 3446 2724 3502 infantibus
2743 3451 2830 3519 qui
2854 3452 3162 3522 priusquam
3192 3465 3542 3514 renascantur

1951 3541 2005 3596 in
2051 3541 2305 3610 Christo,
2360 3541 2758 3612 praeveniuntur
2803 3543 3055 3610 occiduo,
3099 3548 3352 3617 scriptum
3382 3564 3540 3619 esse,

1953 3631 2150 3704 Raptus
2197 3641 2268 3687 est
2315 3648 2379 3686 ne
2417 3633 2615 3686 malitia
2642 3643 2855 3688 mutaret
2884 3635 3190 3690 intellectum
3216 3639 3354 3694 illius
3381 3657 3400 3695 :
3434 3661 3454 3693 ι
3488 3651 3544 3698 ει

1951 3734 2174 3780 εωιετεει
2215 3740 2336 3795 qua:
2382 3724 2434 3778 in
2482 3740 2601 3780 eam
2647 3727 2964 3781 sententiam
3011 3727 3064 3782 in
3093 3728 3377 3800 Sapientia:
3405 3732 3545 3789 libro

1953 3814 2218 3884 leguntur.
2269 3813 2511 3883 Nonum,
2563 3834 2582 3867 ι
2618 3816 2837 3887 Aliquas
2889 3819 3193 3876 mansiones
3243 3837 3364 3879 esse
3392 3835 3544 3882 extra

1952 3922 2175 3977 regnum
2203 3908 2326 3972 Dei,
2356 3924 2539 3963 earum
2568 3924 2701 3980 quas
2731 3909 2985 3966 Dominus
3009 3927 3130 3969 esse
3149 3914 3281 3969 dixit
3307 3916 3359 3970 in
3381 3917 3544 3975 domo
3573 3895 3578 3904 ’

1953 3998 2126 4054 Patris
2155 3999 2257 4054 sui.
2295 4019 2315 4052 ι
2343 3999 2616 4054 Decimum
2643 4010 2726 4055 est
2747 4041 2764 4069 ,
2803 4019 2821 4052 ι
2857 4002 3186 4060 Sacrificium
3217 4005 3545 4066 Christiano-

1953 4108 2072 4147 rum
2115 4107 2214 4162 pro
2239 4093 2317 4148 eis
2343 4095 2431 4163 qui
2459 4109 2564 4147 non
2596 4093 2844 4164 baptizati
2874 4095 2942 4150 de
2965 4112 3189 4168 corpore
3214 4097 3443 4155 exierint
3467 4102 3546 4155 of-

1955 4185 2251 4240 ferendum.
2300 4203 2320 4236 ι
2373 4184 2752 4252 Undecimnm,
2790 4206 2809 4239 ι
2844 4187 3065 4258 Aliquos
3094 4206 3278 4246 eorum
3306 4195 3395 4262 qui
3424 4195 3545 4252 sine

1955 4279 2225 4351 Baptismo
2270 4276 2466 4332 Christi
2507 4294 2574 4332 ex
2616 4278 2715 4334 hac
2744 4281 2851 4334 vita
2880 4281 3255 4350 emigraverint
3283 4323 3297 4349 ,
3330 4285 3542 4342 interim

1956 4384 2061 4423 non
2102 4370 2180 4423 ire
2210 4368 2262 4422 in
2297 4383 2516 4437 regnum
2536 4409 2551 4435 ,
2583 4368 2678 4423 sed
2707 4370 2758 4423 in
2789 4370 3089 4440 paradisum
3121 4388 3135 4436 ;
3165 4380 3350 4442 postea
3377 4393 3534 4444 vero,

1957 4463 2010 4517 in
2040 4460 2430 4517 resurrectione
2457 4470 2806 4527 mortuorum,
2839 4460 2998 4516 etiam
3024 4462 3092 4517 ad
3114 4463 3261 4534 regni
3283 4466 3543 4524 caelorum

1955 4552 2336 4610 beatitudinem
2366 4552 2662 4622 pervenire.
2693 4571 2713 4604 ι

2026 4645 2117 4699 25.
2172 4643 2297 4700 Haec
2339 4621 2550 4699 interim
2581 4643 2824 4700 undecim
2854 4645 3078 4702 multum
3104 4621 3390 4720 aperteiwe
3417 4665 3544 4721 per.

1958 4753 2111 4796 versa
2131 4779 2146 4805 ,
2178 4747 2232 4793 et
2262 4736 2384 4791 fidei
2405 4737 2677 4792 catholica:
2699 4737 2921 4792 adversa
2941 4778 2956 4803 ,
2981 4741 3242 4810 nunciam
3266 4742 3396 4797 nihil
3416 4759 3547 4800 cun-

1958 4832 2120 4889 cteris
2164 4830 2458 4899 exstirpare
2504 4839 2661 4898 atque
2691 4829 2920 4899 abiicere
2943 4830 3012 4885 ab
3035 4830 3214 4887 animo
3233 4874 3248 4901 ,
3280 4849 3309 4886 a
3340 4837 3504 4892 verbo
3526 4878 3544 4905 ,

1959 4925 2027 4980 ab
2060 4924 2182 4979 stilo
2223 4931 2347 4989 tuo;
2376 4921 2420 4975 si
2447 4923 2524 4977 vis
2555 4931 2612 4976 ut
2640 4931 2708 4988 te,
2730 4937 2838 4978 non
2866 4923 3037 4978 solum
3063 4923 3128 4980 ad
3155 4925 3341 4982 altaria
3373 4938 3546 4987 trans-

1959 5015 2066 5071 isse
2093 5013 2351 5068 catholica
2372 5053 2387 5080 ,
2444 5012 2536 5068 sed
2564 5029 2688 5068 vere
2713 5013 3030 5070 catholicum
3057 5030 3176 5072 esse
3194 5018 3540 5087 gaudeamus.

1959 5109 2091 5165 Nam
2135 5106 2251 5162 [me
2292 5108 2336 5160 si
2384 5106 2722 5176 pertinaciter
2767 5107 2972 5178 singula
3019 5107 3413 5179 defendantur,
3467 5122 3545 5169 tot

1961 5199 2195 5256 hmreses
2238 5197 2409 5253 facere
2456 5207 2715 5268 possunt,
2747 5207 2878 5269 quot
2902 5198 3180 5269 opiniones
3208 5217 3328 5260 esse
3353 5183 3610 5279 nume-ﬁ.

1963 5300 2166 5347 rantur.
2211 5289 2468 5357 Quocirca
2506 5287 2784 5344 considera
2811 5331 2825 5354 ,
2853 5305 3012 5360 quam
3039 5291 3109 5346 sit
3137 5291 3458 5348 horrendum
3489 5305 3545 5350 ut

1963 5399 2151 5440 omnes
2194 5383 2301 5438 sint
2350 5383 2401 5436 in
2443 5397 2548 5437 uno
2589 5382 2838 5450 homine,
2865 5399 2986 5454 qua
3012 5383 3338 5440 damnabiles
3366 5399 3548 5446 essent

1965 5478 2020 5533 in
2060 5477 2281 5548 singulis
2310 5476 2548 5548 singulae.
2579 5475 2684 5532 Sed
2727 5477 2770 5532 si
2801 5485 2855 5531 tu
2895 5493 2991 5549 pro
3029 5478 3108 5533 eis
3148 5478 3289 5532 nulla
3317 5491 3544 5537 conten-

1967 5569 2108 5626 tione
2151 5569 2466 5641 pugnaveris
2491 5611 2504 5635 ,
2555 5567 2661 5623 imo
2706 5583 2830 5624 vero
2877 5583 2968 5624 eas
3009 5567 3251 5624 ﬁdelibus
3295 5571 3468 5626 verbis
3494 5583 3550 5628 et

1967 5663 2155 5718 litteris
2202 5661 2624 5732 expugnaveris;
2679 5660 2990 5715 laudabilior
3038 5661 3145 5716 eris
3192 5677 3383 5717 censor
3412 5664 3465 5720 in
3496 5674 3549 5720 te

1968 5757 2137 5826 ipsum
2157 5796 2173 5822 ,
2202 5771 2358 5826 quam
2385 5756 2428 5809 si
2458 5754 2746 5825 quemlibet
2775 5753 2934 5807 alium
2965 5762 3108 5808 recta
3139 5755 3343 5810 ratione
3369 5771 3550 5826 repreo

1971 5845 2228 5907 henderes
2257 5863 2272 5913 ;
2320 5855 2374 5901 ct
2419 5846 2706 5901 mirabilior
2731 5859 2914 5898 eorum
2945 5843 3254 5900 emendator
3273 5888 3287 5913 ,
3315 5862 3472 5919 quam
3501 5847 3548 5904 si

2874 5935 3271 6030 (Βίας-θερί.)
