4012 6474
502 345 611 407 ηδ
1427 338 1515 394 DE
1554 335 1764 392 ANllliA
1808 335 1897 390 ET
1934 334 2095 399 Ε]υὸ
2124 335 2431 407 ORIGINE,
2472 338 2533 395 S.
2572 339 2940 397 AUGUSTlNl
3672 345 3789 419 δῖε

501 471 774 528 numquam
798 454 887 517 illa
914 453 1193 515 sensisses.
1217 450 1370 514 Adsit
1389 449 1645 513 Dominus
1674 460 1776 507 tua:
1804 450 2004 516 menti,
2037 458 2091 506 et
2196 453 2471 513 credulum
2492 495 2530 523 ,.
2554 454 2863 525 probari-ea
2891 473 3008 528 qua:
3031 457 3228 515 dixeris
3256 473 3448 533 posse;
3477 476 3541 518 ac
3564 461 3791 529 studere

503 563 706 609 tantam
734 549 942 621 spiritui
970 556 1059 605 tuo
1087 546 1276 617 spiritu
1302 560 1398 605 suo
1418 543 1724 601 facilitatem
1755 543 2085 613 humilitatis,
2197 558 2247 603 te
2278 563 2489 619 semper
2530 548 2689 603 etiam
2732 551 2998 621 propriam
3041 555 3357 611 sententiam
3389 571 3493 611 non
3536 556 3706 625 tueri,
3737 560 3789 617 si

500 646 676 702 lucem
704 641 941 699 veritatis
967 681 981 706 ,
1010 637 1343 699 dulcedinem
1372 635 1645 693 charitatis
1663 677 1680 707 ,
1708 651 1890 707 pacem
1921 636 2090 706 pieta-
2190 640 2556 713 improbabilis
2602 641 2908 714 delegatur,
2956 660 3023 701 eo
3051 646 3192 718 quod
3222 647 3291 702 sit
3322 648 3415 707 tibi
3440 647 3628 718 cordi,
3658 656 3789 722 pro-

500 739 570 797 tis
607 735 883 801 infundat,
925 741 985 790 ut
1012 732 1180 787 victor
1206 730 1280 789 tui
1310 729 1472 785 animi
1498 744 1622 785 esse
1650 729 1803 785 malis
1832 729 1885 783 in
1911 728 2085 797 veris,
2194 735 2310 811 prio
2348 735 2598 795 damnato
2624 734 2825 807 judicio
2843 778 2860 809 ,
2889 738 3109 794 meliora
3136 741 3308 813 magis
3335 751 3388 796 et
3415 758 3532 817 quas
3558 744 3668 799 sint
3692 760 3785 801 ve-

499 845 659 904 quam
696 824 983 896 cujuslibet
1011 820 1422 885 contradicentis
1448 822 1500 876 in
1531 819 1695 875 falsis.
1728 819 1881 910 Absit
1902 828 2090 910 autem
2192 828 2334 884 riora
2358 829 2572 887 sectari.
2602 846 2622 887 ι
2653 828 2755 885 iste
2780 831 2975 905 quippe
3003 833 3211 891 animus
3232 833 3392 890 etiam
3416 835 3470 890 in
3500 836 3659 895 dictis
3684 855 3787 910 per

498 930 560 977 ut
607 930 659 977 te
706 917 1017 984 arbitreris,
1058 915 1173 973 haec
1202 912 1497 985 opinando.
1526 926 1556 975 a
1585 910 1689 966 ﬁde
1714 909 1975 967 callwlica
2002 924 2090 967 ι’θ-
2188 919 2543 995 ignorantiam
2567 935 2672 981 nou
2693 922 2971 979 catholicis
2993 966 3006 993 ,
3030 926 3143 999 ipsa
3168 936 3251 982 est
3275 929 3623 988 correctionis
3640 909 3786 1002 pras-

495 1012 769 1077 cessisse.
792 1009 1035 1082 quamvis
1064 1023 1128 1064 ea
1159 1007 1280 1065 ﬁdei
1306 1007 1412 1065 sint
1439 1005 1659 1067 adversa
1689 1004 1966 1065 catholica!
1992 1021 2006 1071 ;
2040 1003 2088 1060 si
2191 1011 2532 1079 meditatione
2566 1026 2629 1071 ac
2672 1014 3055 1087 prmparatione
3098 1018 3406 1075 catholicus.
3449 1019 3552 1077 Sed
3584 1021 3687 1079 iste
3715 1025 3786 1081 sit

496 1118 680 1163 coram
727 1102 868 1168 Deo,
911 1098 1063 1170 cujus
1103 1099 1157 1154 in
1198 1098 1396 1155 nullius
1441 1094 1601 1159 corde
1642 1095 1831 1150 oculus
1856 1095 2083 1162 fallitur,
2192 1104 2386 1167 mgdus
2406 1104 2566 1183 hujus
2606 1105 2912 1177 voluminis,
2955 1108 3042 1169 ubi
3080 1112 3381 1184 requiescat
3402 1114 3677 1187 paululum
3705 1117 3787 1175 le-

500 1196 762 1253 veraciter
793 1201 845 1255 te
870 1192 1075 1253 dixisse
1103 1190 1325 1261 respicis
1355 1190 1373 1220 ί
1392 1230 1413 1257 ,
1450 1206 1469 1240 ι
1508 1202 1613 1243 non
1645 1198 1697 1243 te
1723 1188 1815 1243 tibi
1840 1187 1938 1263 ipsi
1967 1201 2087 1245 esse
2190 1205 2310 1261 αοιι
2326 1240 2344 1273 ,
2393 1206 2452 1259 ιιι
2488 1196 2558 1261 ad
2595 1214 2657 1259 ea
2686 1216 2804 1271 qua;
2830 1210 3159 1278 sequuntur.
3185 1206 3549 1277 ejusjm‘emjo
3575 1209 3646 1271 ab
3675 1209 3785 1273 alia

446 1353 453 1380 ᾖ
562 1313 587 1346 ³
617 1309 895 1363 sichabent
917 1307 1138 1371 quisque
1160 1312 1265 1355 uss.
1292 1299 1381 1361 alii
1401 1314 1513 1357 arm
1534 1301 1707 1365 editis,
1730 1298 1993 1365 resipiscis.
2192 1298 2480 1351 renovetur
2503 1290 2743 1353 exordio.

1458 1482 1929 1600 LIBER
2022 1478 2817 1608 QUARTUS.

1651 1649 1743 1704 AD
1783 1643 2201 1709 VlNCENTlUM
2242 1643 2607 1707 VlC-TOREM.

557 1751 765 1819 meum
782 1747 1136 1819 suasionem
1158 1763 1296 1803 suam
1306 1750 1382 1819 ,ἀφ
1402 1743 1882 1819 emancasse
1914 1740 2773 1819 percussisses;nossetis
2786 1746 2963 1819 .‘jictori
2985 1745 3304 1819 ςιριροηειςειι,
3333 1756 3384 1802 ει
3405 1763 3467 1819 se.
3483 1753 3543 1819 ab
3567 1764 3648 1813 eo.
3668 1755 3785 1819 quia

495 1810 616 1863 nihil
651 1812 765 1861 hinc
794 1809 998 1876 delinire
1017 1823 1164 1861 ausus
1187 1819 1281 1876 est,
1304 1810 1479 1876 injuria
1500 1807 1759 1876 pecoribus
1772 1803 2062 1876 cornparari.
2098 1803 2282 1852 Deinde
2304 1816 2426 1852 vero
2445 1804 2572 1876 quod
2606 1806 2945 1876 incunctanter
2960 1808 3136 1876 _dixit,_
3156 1803 3376 1876 animum,
3397 1803 3620 1876 spiritum

495 1886 595 1943 son
615 1886 806 1943 ωηκιεν
824 1873 924 1943 hoc
943 1878 1135 1943 mare
1158 1869 1306 1924 erm
1325 1869 1555 1943 redargui
1576 1869 2629 1943 a,ViP¥9F¢r.3¢&m5‘{a'_1199£9939?!“,.292?9
2649 1878 2757 1943 Ψ
2780 1874 2837 1943 ει
2852 1871 3077 1943 “alii”!!!
3094 1869 3157 1922 ab
3174 1875 3279 1943 im.
3292 1877 3344 1925 in
3362 1869 3660 1943 meum
3679 1869 3783 1933 ἀδελ

741 1925 959 1987 statuere
978 1942 1202 2004 conetur.
1226 1925 1637 2004 Quem_relellens
1663 1929 1979 2004 Augustinﬁ.
2002 1925 2323 2004 nggeﬁqlﬂl}
2343 1939 2406 2004 εδ
2415 1925 2692 2004 “diligent-er
2712 1925 2943 2004 exulissit,
2968 1933 3164 2004 quibus
3179 1925 3405 2004 prebare‘
3427 1925 3518 1988 ille
3534 1925 3784 2004 nitebatur

497 2009 780 2065 corpoream
804 2008 916 2045 esse
938 1997 1142 2065 animam
1155 2011 1175 2065 Δε
1201 1987 1414 2065 ostendit
1435 1993 1733 2065 haneipsam
2160 1987 2321 2038 vocari
2340 1989 2393 2037 in
2410 1987 2685 2051 Scriptum,
2708 1987 3127 2054 quamvis'rérera
3150 1987 3244 2048 ista
3277 2000 3476 2050 nomine

497 2011 579 2046 eor
613 2011 780 2047 oream
804 2011 916 2045 esse
938 2011 1175 2048 anlmam:
1201 2011 1414 2047 OSLenuu.
1436 2011 1558 2042 nunc
1580 2011 1733 2054 Ipsam
1749 2011 1971 2052 Spll‘lluul
1996 2011 2121 2036 CI.qu

495 2011 653 2122 IpsEas
670 2060 863 2120 mima,
886 2069 984 2121 quo
1002 2058 1340 2109 ratiocinamur
1361 2063 1415 2108 et
1433 2053 1777 2117 intelligimus,
1792 2054 2121 2112 mmmpetur.

1803 2153 2444 2213 «μω-ηοω»

537 1405 3785 1441 ww

571 2265 797 2323 CAPUT
822 2263 1110 2321 PRIMUM.
1138 2292 1208 2305 --
1234 2263 1288 2319 l.
1313 2259 1513 2333 Accipe
1536 2273 1678 2316 nunc
1700 2257 1807 2329 jam
1835 2255 1995 2312 etiam
2021 2250 2091 2308 de

497 2373 587 2414 me
627 2358 744 2428 ipso
785 2371 902 2427 qua:
948 2354 1044 2411 tibi
1071 2355 1249 2411 dicere
1278 2353 1435 2424 cupio
1457 2395 1474 2421 ,
1501 2352 1547 2407 si
1575 2351 1775 2423 possim
1798 2390 1816 2418 ,
1842 2346 1948 2402 hoc
1973 2351 2086 2413 est,

497 2451 545 2506 si
570 2449 660 2505 ille
683 2447 961 2504 donaverit
977 2489 994 2513 ,
1016 2447 1070 2502 in
1096 2446 1251 2517 cujus
1277 2460 1437 2501 manu
1460 2451 1586 2499 sunt
1610 2449 1665 2499 et
1688 2456 1787 2497 nos
1807 2446 1863 2496 et
1883 2451 2090 2495 sermo-

497 2557 594 2597 nes
639 2540 826 2596 nostri.
864 2537 1273 2611 Reprehendisti
1312 2537 1454 2593 enim
1483 2551 1573 2592 me
1598 2535 1683 2591 bis
1706 2546 1965 2599 numero,
1994 2544 2092 2586 ex-

498 2634 737 2704 primens
774 2632 932 2688 etiam
960 2646 1138 2687 meum
1169 2645 1367 2686 nomen
1395 2646 1409 2684 :
1440 2638 1495 2684 et
1517 2643 1639 2684 cum
1664 2635 1719 2683 te
1745 2627 1799 2680 in
1830 2622 2091 2696 principio

497 2725 621 2782 libri
665 2725 740 2781 tui
786 2725 1065 2796 imperitia:
1114 2732 1217 2779 tuae
1254 2723 1543 2779 admodum
1590 2721 1863 2778 conscium
1911 2727 1966 2774 et
1992 2718 2090 2774 do-

499 2818 684 2875 ctrina:
721 2816 1040 2872 adminiculo
1076 2816 1418 2882 destitutum,
1460 2829 1547 2870 me
1574 2829 1703 2869 vero
1728 2812 1819 2868 ubi
1846 2811 2091 2867 nomina-

498 2910 606 2975 sti,
659 2908 1026 2965 doctissimum
1080 2923 1144 2962 ac
1195 2905 1578 2977 peritissimum
1626 2903 1825 2959 dixeris
1850 2889 2088 2969 ;‘men

500 3002 692 3073 quibus
738 3001 793 3056 in
837 3000 999 3056 rebus
1035 2999 1131 3055 tibi
1160 2999 1304 3055 visus
1328 3013 1388 3055 es
1414 3012 1573 3055 nosse
1596 2996 1737 3069 quod
1761 3010 1861 3069 ego
1885 2995 1969 3051 vel
1993 3009 2089 3050 ne-

498 3093 640 3148 scire
680 3106 768 3147 me
812 3090 1017 3160 fateor,
1062 3091 1181 3160 vel,
1220 3090 1462 3162 quamvis
1488 3088 1721 3145 nesciam
1745 3129 1761 3155 ,
1791 3087 2062 3160 scireprze

501 3198 656 3241 sumo
678 3224 697 3251 ,
726 3183 971 3240 libertate
1012 3198 1115 3253 qua
1146 3182 1494 3255 oportebat‘,
1526 3196 1637 3238 non
1674 3189 1877 3238 tantum
1902 3194 2086 3237 senem

495 3275 741 3347 juvenis,
770 3283 825 3332 et
847 3275 1155 3347 episcopum
1180 3275 1347 3332 laicus
1372 3317 1388 3344 ,
1420 3288 1606 3331 verum
1631 3273 1794 3330 etiam
1812 3272 2086 3328 hominem

499 3376 595 3423 tuo
627 3366 829 3439 judicio
874 3365 1244 3424 doctissimum
1272 3375 1328 3424 et
1357 3366 1738 3441 peritissimum
1783 3380 1892 3422 non
1929 3365 2085 3421 dubi-

492 3460 623 3515 tasti
647 3459 1066 3530 reprehendere.
1095 3457 1211 3531 Ego
1235 3467 1413 3515 autem
1442 3467 1496 3514 et
1521 3474 1609 3514 me
1635 3456 1997 3514 doctissimum
2023 3470 2088 3513 ac

495 3549 876 3620 peritissimum
903 3551 1084 3606 nescio
1103 3592 1118 3618 ,
1147 3550 1255 3606 imo
1273 3564 1400 3605 vero
1420 3564 1507 3605 me
1525 3564 1632 3605 non
1652 3563 1773 3606 esse
1789 3548 2088 3606 certissime

496 3639 613 3694 scio
638 3656 654 3707 ;
683 3649 739 3695 et
765 3640 881 3695 ﬁeri
905 3654 1065 3710 posse
1085 3655 1191 3694 non
1219 3640 1430 3710 ambigo
1454 3648 1511 3695 ut
1533 3639 1733 3711 aliquid
1756 3640 2007 3711 imperito
2030 3650 2088 3698 et

496 3727 718 3784 indocto
735 3729 964 3800 cuipiam
990 3729 1128 3785 scire
1145 3730 1451 3801 contingat,
1482 3729 1625 3803 quod
1644 3730 1836 3802 aliquis
1853 3731 2040 3789 doctus
2061 3734 2084 3766 ⁸

496 3831 553 3879 et
578 3821 782 3893 peritus
802 3821 1009 3893 ignorat
1030 3840 1047 3875 :
1078 3830 1133 3878 et
1158 3822 1213 3877 in
1241 3821 1342 3878 hoc
1361 3830 1414 3878 te
1439 3822 1595 3892 plane
1616 3822 1776 3878 laudo
1794 3865 1811 3892 ,
1832 3823 1974 3895 quod
1994 3839 2084 3880 ve-

494 3914 738 3981 ritatem,
776 3915 877 3970 etsi
915 3927 1020 3969 non
1046 3928 1205 3985 quam
1228 3912 1253 3946 ⁸
1277 3913 1563 3987 percepisti
1579 3956 1594 3981 ,
1628 3922 1774 3971 certe
1798 3928 1957 3984 quam
1982 3930 2083 3987 pu-

496 4005 658 4074 tasti,
696 4004 902 4062 homini
942 4004 1260 4077 praetulisti;
1304 4005 1425 4061 ideo
1458 4004 1672 4077 quidem
1692 4015 1931 4077 temere,
1960 4007 2084 4079 quia

495 4099 812 4158 existimasti
840 4098 980 4155 scire
996 4107 1051 4155 te
1074 4098 1217 4170 quod
1240 4096 1452 4165 nescis;
1481 4098 1575 4155 sed
1590 4098 1715 4156 ideo
1730 4098 1900 4156 libere
1915 4140 1931 4167 ,
1960 4100 2083 4172 quia

492 4205 780 4265 personam
809 4204 917 4247 non
935 4190 1200 4248 reveritus
1217 4231 1234 4259 ,
1265 4189 1473 4263 elegisti
1494 4192 1707 4269 aperire
1730 4190 1872 4262 quod
1890 4192 2078 4249 sentis.

493 4282 651 4342 Unde
672 4292 726 4341 te
752 4282 1049 4356 intelligere
1072 4289 1323 4354 oportet,
1353 4290 1553 4355 quanto
1576 4298 1698 4341 esse
1712 4283 1872 4341 nobis
1889 4283 2084 4342 debeat

492 4388 623 4433 cura
666 4373 870 4446 major,
916 4373 1212 4430 dominicas
1245 4387 1373 4429 oves
1395 4387 1652 4431 revocare
1675 4373 1744 4430 ab
1766 4374 2077 4444 erroribus;

492 4467 542 4525 si
578 4475 635 4524 et
654 4466 845 4523 ovibus
869 4472 1024 4537 turpe
1045 4473 1130 4522 est
1147 4507 1163 4533 ,
1185 4464 1313 4521 vitia
1338 4473 1614 4537 pastorum
1637 4505 1653 4532 ,
1676 4463 1726 4521 si
1751 4480 1853 4537 qua
1882 4481 2080 4539 cogno-

491 4561 671 4618 verint
690 4599 709 4627 ,
747 4558 950 4615 eisdem
992 4558 1260 4614 occultare
1297 4558 1618 4630 pastoribus.
1644 4557 1691 4614 Ο
1713 4558 1761 4615 si
1788 4559 1876 4615 illa
1897 4574 2081 4630 repre-

494 4651 762 4709 henderes
798 4664 916 4707 mea
935 4691 952 4718 ,
979 4665 1102 4723 qua:
1123 4650 1267 4722 justa
1291 4650 1709 4722 reprehensione
1733 4660 1859 4708 sunt
1880 4652 2074 4725 digna!

490 4742 678 4815 Neque
702 4742 849 4801 enim
866 4758 1063 4816 negare
1086 4742 1258 4800 debeo
1274 4785 1291 4814 ,
1317 4743 1454 4801 sicut
1476 4745 1531 4800 in
1549 4745 1680 4817 ipsis
1706 4747 1945 4803 moribus
1964 4787 1982 4815 ,
2005 4747 2079 4804 ita

493 4836 662 4895 multa
688 4850 809 4893 esse
825 4835 882 4892 in
906 4843 1017 4892 tam
1039 4834 1227 4893 multis
1241 4836 1510 4907 opusculis
1533 4837 1666 4893 meis
1686 4879 1703 4906 ,
1728 4853 1848 4909 qua:
1872 4839 2080 4910 possint

495 4935 644 4985 recto
676 4926 908 5000 judicio,
955 4936 1010 4984 et
1032 4926 1180 4983 nulla
1210 4928 1509 4985 temeritate
1535 4928 1755 4999 culpari.
1784 4929 1863 4986 Ex
1888 4930 2077 5001 quibus

491 5019 543 5078 si
588 5019 762 5092 aliqua
798 5020 915 5091 ipse
959 5020 1415 5092 reprehenderes,
1457 5021 1564 5077 illic
1609 5030 1664 5078 et
1700 5023 1795 5079 tibi
1833 5023 2074 5082 fortassis

489 5110 830 5169 ostenderem
852 5152 871 5180 ,
894 5113 1103 5183 qualem
1130 5122 1184 5170 te
1209 5127 1327 5170 esse
1344 5155 1361 5181 ,
1383 5114 1436 5169 in
1458 5113 1648 5186 quibus
1667 5129 1773 5170 non
1794 5130 2074 5188 perperam

486 5204 901 5280 reprehenderis
921 5247 939 5276 ,
968 5205 1200 5274 vellem;
1226 5222 1403 5279 neque
1427 5207 1501 5283 (α)
1525 5209 1620 5266 tibi
1639 5209 1840 5281 juniori
1868 5210 2038 5282 major
2053 5253 2070 5281 ,

490 5309 546 5358 et
569 5300 883 5373 praepositus
908 5300 1140 5370 subdito,
1160 5302 1504 5359 correctionis
1525 5305 1846 5376 exemplum,
1874 5313 2072 5378 quanto

452 5386 453 5389 “
487 5391 774 5463 humilius,
818 5399 967 5448 tanto
1008 5391 1269 5448 salubrius
1309 5393 1639 5453 exhiberem.
1683 5396 1787 5455 Sed
1812 5414 1874 5454 ea
1901 5398 1955 5455 in
1981 5412 2071 5458 me

482 5481 923 5561 reprehendisti,
976 5499 1096 5556 quas
1138 5499 1249 5542 non
1295 5488 1567 5561 corrigere
1610 5488 1882 5549 humilitas
1902 5535 1919 5563 ,
1971 5493 2067 5550 sed

548 5626 570 5702 ξ
604 5624 793 5702 elisam
814 5634 944 5702 Mss».
964 5640 1063 5692 σιω
1082 5640 1177 5702 φη
1194 5630 1459 5702 metu:

532 5689 568 5758 ’ξ
1614 5693 1800 5751 doctus.

546 5750 568 5824 ξ
598 5750 743 5824 mliti,
1062 5750 1388 5807 Emendant'ur
1429 5771 1493 5808 ex
1527 5750 1880 5824 manuscriptis.

484 5809 615 5937 “(gn
630 5812 781 5927 ῧρῆει
804 5809 1068 5877 legendum
1082 5824 1273 5881 censet,
1297 5831 1481 5885 ηιεφιε.
1498 5822 1609 5873 Vide
1632 5809 2060 5891 Memmiorum,

2192 2252 2386 2322 partim
2410 2251 2566 2310 fateri
2586 2295 2604 2325 ,
2631 2257 2825 2349 partim
2840 2257 3133 2317 dedendae
3154 2264 3354 2349 vetitas
3371 2266 3533 2336 cogit.

2259 2345 2492 2402 CAPUT
2530 2346 2596 2403 ll.
2636 2376 2711 2391 -
2747 2348 2803 2405 Ι.
2833 2350 2963 2409 Hac
2996 2363 3176 2411 autem
3216 2345 3342 2412 sunt
3373 2376 3388 2412 :
3414 2372 3599 2427 unum,
3631 2362 3786 2432 quod

2191 2436 2263 2493 de
2299 2438 2505 2509 origine
2546 2440 2844 2498 animarum
2872 2483 2889 2511 ,
2932 2459 3056 2516 quas
3101 2456 3221 2518 post
3250 2449 3473 2520 primum
3496 2452 3786 2512 hominem

2193 2528 2331 2585 data:
2350 2539 2498 2597 sunt,
2530 2532 2610 2588 vel
2629 2532 2824 2589 dantur
2848 2534 3173 2606 hominibus,
3200 2555 3308 2595 non
3338 2554 3454 2596 sum
3477 2556 3644 2599 ausus
3678 2546 3787 2602 ali-

2188 2621 2319 2692 quid
2343 2623 2567 2680 delinire
2589 2667 2605 2693 ,
2631 2626 2752 2696 quia
2783 2625 2953 2683 fateor
2976 2644 3064 2685 me
3090 2632 3331 2697 nescire:
3360 2634 3606 2702 alterum,
3634 2638 3785 2708 quod

2193 2713 2426 2768 animam
2461 2714 2603 2771 scire
2640 2732 2728 2772 me
2770 2717 2882 2773 dixi
2918 2720 3164 2791 spiritum
3206 2737 3362 2786 esse.
3410 2738 3519 2779 non
3556 2740 3781 2798 corpus.

2193 2802 2301 2859 Sed
2328 2806 2382 2859 in
2412 2804 2515 2861 hoc
2550 2805 2723 2862 altero
2760 2809 2868 2864 duo
2913 2813 3303 2882 reprehendisti
3344 2833 3358 2868 :
3387 2832 3547 2873 unum
3570 2859 3585 2884 ,
3630 2819 3782 2889 quod

2194 2910 2304 2952 non
2329 2911 2449 2952 eam
2475 2898 2752 2954 crederem
2775 2915 2972 2972 corpus
2998 2918 3148 2971 esse;
3174 2907 3399 2962 ahenum
3418 2944 3435 2976 ,
3479 2910 3621 2980 quod
3656 2925 3783 2968 eam

2188 2988 2440 3059 spiritum
2467 2990 2763 3048 crederem.
2790 2992 2911 3050 ‘l’lbi
2938 2999 3083 3051 enim
3109 2998 3326 3055 videtur
3345 3008 3401 3055 et
3435 3015 3632 3073 corpus
3656 3018 3786 3061 esse

2192 3082 2427 3137 animam
2447 3124 2462 3151 ,
2488 3092 2544 3139 et
2575 3098 2684 3142 non
2718 3099 2840 3142 esse
2864 3088 3129 3167 spiritum.
3159 3092 3296 3146 Audi
3320 3093 3484 3164 igitur
3508 3098 3785 3167 purgatio-

2189 3185 2316 3228 nem
2344 3188 2522 3230 meam
2560 3182 2750 3232 contra
2795 3164 3271 3249 reprehensionem
3297 3192 3462 3251 tuam,
3504 3164 3561 3242 et
3585 3164 3651 3243 ex
3678 3188 3785 3247 hac

2188 3265 2477 3321 occasione
2525 3281 2628 3337 qua
2682 3282 2771 3324 me
2799 3268 2892 3325 tibi
2921 3284 3122 3344 purgo,
3160 3274 3215 3328 in
3255 3283 3307 3331 te
3338 3277 3457 3347 ipso
3482 3274 3631 3336 disce
3652 3294 3784 3352 ipse

2162 3358 2408 3427 purges.
2437 3356 2637 3414 Recole
2660 3359 2824 3415 verba
2851 3360 2972 3418 libri
3000 3364 3111 3431 tui,
3150 3366 3242 3421 ubi
3274 3382 3364 3423 me
3399 3370 3643 3439 primitus
3683 3387 3785 3430 no-

2190 3446 2429 3504 minasti.
2463 3467 2485 3503 ‹
2520 3448 2664 3519 Seio,
2695 3469 2717 3504 ι
2756 3453 2965 3525 inquis,
2998 3474 3020 3509 ι
3052 3456 3336 3530 plerosque
3369 3469 3425 3517 et
3458 3462 3611 3520 facile
3634 3467 3783 3537 peri-

2186 3540 2429 3597 tissimos
2439 3540 2606 3608 viros,
2619 3542 2906 3614 insuperet
2923 3549 3195 3606 consultos
3224 3552 3457 3609 tenuisse
3480 3555 3781 3626 silentium,

2190 3639 2283 3687 aut
2306 3631 2440 3687 nihil
2465 3634 2771 3704 expressum
2785 3636 3047 3707 elocutos,
3068 3654 3193 3697 cum
3208 3641 3571 3702 definitionem
3594 3647 3783 3720 dispu-

2189 3724 2479 3783 tationibus
2518 3727 2633 3784 suis
2669 3728 2919 3785 inchoata
2968 3735 3301 3802 expositione
3354 3738 3779 3811 subtraherent;

2187 3817 2346 3874 sicuti
2386 3833 2560 3890 nuper
2586 3820 2607 3854 ⁸
2632 3820 2771 3890 apud
2795 3829 2849 3879 te
2877 3825 3158 3896 Augustini
3193 3826 3483 3886 doctissimi
3511 3831 3613 3888 viri
3639 3849 3782 3904 pras-

2187 3909 2456 3983 dieatique
2498 3913 2734 3986 episcopi
2779 3918 3225 3989 comprehensum
3261 3922 3452 3981 litteris
3487 3925 3729 3984 lectitavi
3761 3947 3777 3984 :

2181 4004 2483 4061 modestius
2507 4006 2743 4078 quidem,
2781 4017 2844 4066 ut
2875 4026 3019 4082 reor,
3058 4027 3123 4070 ac
3159 4017 3512 4075 verecundius
3550 4019 3782 4091 hujusce

2186 4098 2267 4154 rei
2293 4112 2487 4157 arcana
2512 4099 2791 4171 rimantes,
2836 4102 2975 4160 intra
3016 4119 3079 4162 se
3112 4106 3258 4178 ipsos
3287 4116 3541 4168 tractatus
3563 4112 3649 4168 sui
3672 4113 3779 4171 de-

2182 4203 2406 4247 vorasse
2426 4190 2706 4263 judicium,
2728 4207 2905 4267 neque
2926 4210 2987 4254 se
3006 4212 3167 4270 posse
3193 4215 3266 4257 ex
3294 4200 3422 4259 hine
3446 4203 3648 4275 aliquid
3674 4205 3777 4262 de-

2183 4284 2475 4341 terminare
2500 4284 2792 4356 professos.
2820 4287 2925 4345 Sed
2955 4289 3107 4359 mihi,
3136 4293 3318 4363 crede,
3346 4294 3480 4351 satis
3500 4310 3779 4368 superque

2182 4377 2396 4435 videtur
2419 4378 2709 4436 absurdum
2737 4390 2897 4453 atque
2922 4382 3272 4456 incongruum
3290 4388 3506 4457 rationi,
3523 4398 3583 4445 ut
3608 4388 3777 4448 homo

2182 4471 2299 4543 ipse
2321 4486 2512 4542 expers
2531 4472 2614 4529 sui
2635 4473 2726 4541 sit,
2752 4481 2846 4530 aut
2884 4475 2929 4532 is
2963 4477 3054 4548 qui
3068 4493 3250 4534 rerum
3271 4480 3510 4537 omnium
3534 4482 3779 4540 creditur

2183 4561 2406 4633 adeptus
2452 4578 2574 4621 esse
2613 4566 2889 4635 notitiam,
2937 4568 3038 4639 sibi
3084 4570 3185 4641 ipsi
3230 4570 3489 4629 habeatur
3532 4575 3772 4646 igneus.

2180 4655 2322 4723 Quid
2360 4664 2539 4713 autem
2580 4657 2756 4716 diﬂ'ert
2783 4659 2945 4718 homo
2969 4677 2998 4718 a
3027 4666 3275 4735 pecore‘,
3304 4666 3353 4724 si
3379 4669 3551 4725 nescit
3582 4668 3652 4726 de
3673 4684 3776 4727 sua

2181 4746 2436 4819 qualitate
2484 4758 2778 4824 natumque
2818 4753 3115 4831 disquirere
3161 4766 3323 4829 atque
3364 4758 3665 4828 disserere;
3712 4773 3776 4820 ut

2180 4838 2373 4896 merito
2397 4839 2457 4896 in‘
2488 4840 2641 4897 illum
2668 4847 2950 4902 conveniat
2988 4848 3130 4918 quod
3167 4850 3426 4921 scriptum
3451 4858 3567 4920 est,
3596 4851 3774 4910 House

2181 4948 2298 4988 cum
2322 4941 2450 4990 esset
2472 4940 2528 4991 in
2554 4936 2764 5007 honore,
2794 4955 2896 4994 non
2931 4940 3217 5008 intellexti;
3244 4944 3554 5001 assimilatas
3578 4954 3654 5001 est
3669 4946 3769 5017 ju-

2180 5028 2360 5084 mentis
2385 5068 2399 5094 ,
2447 5037 2495 5083 et
2527 5040 2848 5101 comparatus
2876 5041 2947 5088 est
2976 5034 3048 5092 eis
3079 5032 3252 5111 (Psal.
3282 5052 3466 5105 xum,
3492 5037 3604 5109 l3).
3629 5036 3769 5094 Nam

2178 5130 2300 5181 cum
2329 5118 2470 5176 Deus
2489 5119 2661 5177 bonus
2687 5121 2819 5179 nihil
2844 5139 2953 5181 non
2979 5125 3189 5182 ratione
3213 5127 3531 5195 condiderit,
3561 5129 3770 5201 ipsum-

2176 5224 2281 5283 que
2305 5210 2572 5271 hominem
2602 5214 2798 5275 animal
2823 5218 3104 5289 rationale,
3136 5219 3432 5279 intellectus
3454 5237 3711 5294 capacem
3748 5267 3765 5291 ,

2176 5302 2399 5363 rationis
2442 5315 2766 5379 compotem,
2812 5323 3080 5382 sensuque
3127 5313 3387 5383 vivacem,
3436 5315 3529 5387 qui
3580 5317 3766 5377 omnia

2173 5395 2396 5459 rationis
2432 5400 2678 5470 expertia
2714 5401 2965 5472 prudenti
2995 5405 3330 5467 ordinatione
3368 5407 3655 5467 distribuat
3693 5409 3717 5443 ⁸
3746 5451 3763 5479 ,

2136 5582 2141 5585 ’
2234 5555 2258 5638 ξ

2233 5619 2258 5651 ³
2287 5625 2417 5677 Mss,
2439 5618 2605 5694 nimi
2626 5618 2764 5672 homo
2783 5618 2987 5687 pecore;
3009 5633 3063 5675 et
3081 5618 3291 5677 sici-fre
3308 5634 3590 5681 mur
3606 5627 3739 5681 suis

2166 5694 2225 5734 sa
2244 5692 2617 5747 praepositione,
2638 5696 2687 5733 α.

2175 5746 2467 5823 ,μῖέφςέἓ
2484 5752 2596 5823 “ﬁt:
2869 5748 3069 5823 ’⁸οεὶξῖηέεὲ
3090 5750 3418 5823 επρεήεξιιίαρ
3438 5755 3765 5823 NW

2166 5807 2469 5923 arng
2778 5810 2996 5863 Nonnulli
3021 5807 3765 5877 Iss.,iprudantiis'ordw
