4012 6510
283 423 387 488 ns
561 354 762 406 *ηε-ζέει
815 355 843 415 2.’
860 364 887 413 ,ζ
909 397 974 421 γ

281 541 674 618 proci-caverit;
719 541 845 615 quid
889 550 996 599 tam
1035 541 1472 599 ineonvenienter
1495 542 1598 599 diei
1644 553 1859 615 potest,

281 654 430 708 quam
460 646 520 692 ut
548 653 672 692 eum
707 638 818 692 sola
843 639 922 692 sui
954 641 1168 692 notione
1207 633 1500 691 fraudarit?
1532 635 1746 693 Etcum
1774 651 1862 692 sa-

277 730 472 802 pientia
511 729 721 796 mundi,
757 746 874 800 quae
908 744 1028 786 sese
1063 743 1228 801 usque
1266 729 1331 784 ad
1367 731 1477 786 veri
1507 732 1861 801 cognitionem

277 838 600 894 supervacua
619 823 834 895 quidem
856 824 1259 894 investigatione
1278 823 1562 893 protendit,
1586 825 1705 894 quia
1725 824 1861 880 scire

277 916 455 986 nequit
481 931 578 986 per
603 931 762 987 quem
789 915 916 971 licet
942 931 1060 986 qure
1086 923 1208 970 sunt
1233 931 1358 971 vera
1384 917 1654 986 cognosci,
1685 913 1860 986 aliqua

277 1019 451 1063 tamen
496 1007 671 1063 vicina
695 1048 710 1071 ,
761 1005 870 1061 imo
910 1005 1085 1061 aliinia
1123 1006 1332 1062 νει-ἰαιιί
1369 1005 1655 1062 tentaverit
1700 1015 1862 1076 super

273 1099 462 1153 annuae
490 1107 682 1152 natura
719 1097 1026 1169 dispicere:
1056 1109 1214 1167 quam
1257 1093 1516 1153 indecens
1557 1108 1716 1168 atque
1759 1109 1861 1168 pu-

271 1191 503 1248 dendum
534 1201 640 1258 est,
680 1191 986 1261 religiosum
1025 1203 1343 1260 quemquam
1377 1190 1447 1246 de
1483 1191 1587 1246 hoc
1625 1191 1742 1262 ipso
1770 1198 1860 1246 aut

272 1283 398 1340 nihil
428 1299 640 1354 sapere,
671 1291 761 1338 aut
786 1282 997 1353 penitus
1025 1281 1124 1338 sibi
1151 1283 1491 1340 interdixisse
1518 1298 1587 1340 ne
1611 1284 1798 1356 sapiat.
1830 1293 1851 1337 ι

336 1375 390 1434 3.
421 1375 529 1432 ista
570 1384 657 1432 tua
693 1384 890 1432 nostra:
919 1373 1230 1446 ignorantiae
1256 1375 1606 1431 disertissima
1630 1384 1684 1432 et
1710 1374 1859 1432 lucu-

273 1469 568 1528 lentissima
596 1469 895 1540 castigatio,
925 1469 1100 1524 omnia
1122 1481 1240 1540 qute
1261 1469 1326 1523 ad
1352 1476 1596 1524 naturam
1626 1469 1857 1526 hominis

273 1563 560 1636 pertinent,
601 1562 679 1619 sic
717 1569 769 1617 te
799 1564 936 1616 scire
961 1560 1254 1632 compellit,
1286 1567 1344 1615 ut
1372 1560 1416 1616 si
1442 1575 1628 1617 eorum
1656 1557 1855 1634 aliquid

267 1656 620 1728 ignoraveris,
648 1671 752 1710 non
778 1670 918 1720 meo,
952 1653 1045 1710 sed
1068 1663 1157 1709 tuo
1176 1653 1377 1724 judicio
1399 1655 1680 1725 pecoribus
1703 1670 1856 1711 com-

270 1747 488 1819 pareris.
516 1741 774 1813 Quamvis
811 1745 955 1800 enim
993 1759 1091 1800 nos
1119 1743 1420 1815 insignitius
1450 1745 1470 1779 ί
1496 1746 1728 1802 videaris
1775 1753 1856 1803 at-

271 1839 493 1911 tingere,
527 1852 596 1894 eo
622 1833 764 1909 quod
792 1837 1004 1902 dixisti,
1054 1833 1224 1891 Homo
1253 1851 1367 1891 cum
1393 1847 1520 1893 esset
1542 1839 1598 1893 in
1623 1840 1816 1894 honore
1837 1882 1851 1908 ,

269 1945 363 1985 non
403 1927 676 1995 intellexit,
709 1925 832 2000 quia
859 1929 910 1984 in
939 1942 1044 2000 quo
1069 1935 1126 1983 tu
1151 1943 1257 1984 non
1297 1943 1356 1986 es
1379 1970 1394 1993 ,
1439 1929 1643 1986 honore
1670 1941 1857 1989 sumus

269 2019 519 2080 Ecclesia:
550 2037 563 2076 :
599 2029 777 2077 tamen
805 2021 965 2077 etiam
998 2029 1051 2076 tu
1082 2020 1134 2076 in
1165 2035 1230 2077 eo
1260 2035 1317 2077 es
1361 2019 1566 2078 honore
1606 2030 1812 2080 natura;
1835 2065 1851 2091 ,

267 2125 318 2172 ut
342 2115 632 2188 pecoribus
659 2115 978 2186 prmieraris,
1006 2115 1200 2186 quibus
1227 2115 1517 2170 secundum
1542 2123 1688 2170 tuum
1717 2116 1854 2185 judi-

267 2213 400 2266 cium
426 2209 823 2282 comparandus
846 2222 926 2276 es,
969 2208 1015 2263 si
1045 2207 1243 2281 aliquid
1283 2223 1468 2264 eorum
1512 2223 1633 2280 qua:
1660 2207 1727 2264 ad
1753 2224 1853 2264 na-

267 2309 435 2362 turam
469 2311 615 2359 tuam
643 2310 848 2359 constat
877 2301 1164 2372 pertinere,
1179 2299 1694 2372 nesciveris.Neque
1709 2301 1852 2357 enim

266 2395 656 2470 eosaspersisti
694 2393 796 2452 hac
840 2395 1263 2466 reprehensione
1309 2395 1714 2461 tantummodo,
1762 2396 1852 2466 qui

263 2490 360 2546 hoc
388 2489 640 2546 nesciunt
667 2485 809 2560 quod
833 2503 932 2560 ego
956 2487 1169 2556 nescio,
1203 2488 1303 2542 hoc
1328 2494 1431 2555 est,
1459 2486 1705 2542 humana:
1733 2487 1851 2542 ani-

263 2599 360 2639 mae
385 2581 651 2653 originem
681 2579 859 2653 (quam
886 2580 1099 2652 quidem
1125 2595 1230 2633 non
1251 2577 1462 2650 penitus
1492 2579 1711 2644 nescio;
1741 2579 1852 2636 scio

262 2675 398 2730 enim
421 2673 595 2728 Deum
623 2667 834 2728 ﬂavisse
859 2671 910 2726 in
939 2672 1126 2726 faciem
1155 2671 1312 2740 primi
1344 2669 1597 2735 hominis,
1622 2667 1850 2727 factum-

262 2781 361 2837 que
403 2779 528 2820 esse
575 2763 849 2818 hominem
899 2763 952 2817 in
990 2761 1222 2817 animam
1259 2761 1435 2816 vivam
1476 2761 1624 2834 (Gen.
1659 2775 1720 2826 ιι,
1755 2761 1847 2834 7):

261 2855 398 2928 quod
445 2864 628 2911 tamen
664 2852 766 2909 nisi
803 2854 1084 2924 legissem,
1137 2863 1236 2922 per
1265 2865 1368 2907 .me
1397 2851 1518 2922 ipse
1560 2853 1699 2909 scire
1739 2863 1850 2908 non

255 2950 526 3020 possem);
571 2946 667 3002 sed
694 2945 895 3014 dixisti,
932 2941 1067 3015 Quid
1097 2956 1265 3000 autem
1309 2943 1480 3013 differt
1508 2947 1658 3001 homo
1690 2963 1723 3000 a
1761 2961 1852 3018 pe-

261 3055 405 3108 core,
441 3040 488 3095 si
534 3037 694 3094 nescit
737 3037 800 3093 de
835 3053 930 3092 sua
967 3037 1208 3109 qualitate
1249 3046 1529 3108 naturaque
1576 3038 1852 3109 disquirere

261 3146 403 3205 atque
452 3132 746 3189 disserere?
786 3130 939 3199 Quod
979 3131 1213 3186 sensisse
1249 3131 1321 3185 ita
1347 3130 1568 3200 videris,
1599 3139 1849 3202 tanquam

259 3226 324 3283 de
372 3227 625 3282 universa
673 3236 768 3278 sua
820 3221 1074 3294 qualitate
1117 3230 1276 3292 atque
1327 3230 1515 3276 natura
1561 3221 1642 3278 sic
1687 3220 1849 3278 homo

258 3317 558 3389 disquirere
599 3323 758 3386 atque
799 3312 1066 3369 disserere
1093 3311 1306 3381 debeat,
1339 3321 1399 3367 ut
1437 3311 1568 3367 nihil
1600 3327 1722 3368 eum
1766 3313 1848 3369 sui

257 3412 434 3468 lateat.
461 3409 623 3479 Quod
649 3409 694 3464 si
725 3409 796 3464 ita
825 3417 927 3474 est,
956 3409 1065 3478 jam
1094 3415 1145 3463 te
1173 3407 1454 3478 pecoribus
1483 3407 1805 3478 comparabo
1828 3449 1844 3478 ,

257 3507 299 3561 si
326 3505 455 3562 mihi
480 3517 589 3560 non
613 3501 954 3574 restionderis
975 3509 1183 3556 tuorum
1210 3513 1490 3557 numerum
1513 3501 1842 3571 capillorum.

256 3596 311 3655 Si
338 3607 518 3656 autem
550 3606 1034 3670 quantumcumque
1064 3594 1406 3666 proﬁciamus
1453 3594 1506 3648 in
1555 3593 1653 3649 hac
1695 3593 1805 3648 vita
1828 3635 1842 3659 ,

257 3689 427 3762 aliqua
468 3703 571 3745 nos
608 3687 675 3743 ad
720 3696 962 3742 naturam
1007 3694 1245 3741 nostram
1288 3685 1603 3756 pertinentia
1636 3686 1844 3742 nescire
1883 3759 1890 3766 ο

260 3779 534 3848 concedis,
565 3793 747 3849 qumro
777 3778 828 3833 id
859 3787 1116 3848 quantum
1152 3788 1518 3848 quatenusque
1546 3777 1840 3843 concedas;

251 3885 321 3928 ne
349 3873 488 3927 forte
514 3879 568 3926 et
599 3869 700 3925 hoc
727 3868 808 3924 ibi
826 3870 915 3934 sit,
946 3867 1089 3939 quod
1116 3868 1310 3922 animae
1336 3877 1532 3923 nostra:
1562 3883 1668 3923 non
1695 3869 1843 3924 omni

245 3961 410 4021 modo
439 3962 641 4018 scimus
685 3959 942 4032 originem
988 3978 1003 4015 :
1047 3959 1289 4030 quamvis
1322 3959 1464 4031 quod
1500 3959 1566 4015 ad
1612 3960 1843 4017 salutem

248 4053 484 4126 pertinet
510 4053 654 4120 iidei,
686 4052 936 4108 divinitus
963 4049 1197 4106 animam
1235 4050 1413 4106 datam
1435 4093 1451 4119 ,
1483 4065 1710 4123 eamque
1734 4063 1842 4106 non

249 4148 364 4220 eius
387 4148 544 4220 cujus
573 4147 712 4202 Deus
746 4153 830 4202 est
870 4155 990 4200 esse
1029 4152 1254 4211 naturae,
1287 4142 1508 4200 remotis
1532 4141 1843 4214 ambagibus

243 4240 577 4299 noverimus.
619 4238 702 4294 An
748 4232 885 4293 forte
913 4236 1170 4292 hactenus
1216 4243 1369 4306 putas
1403 4244 1644 4290 naturam
1689 4249 1840 4291 suam

241 4333 439 4406 cuique
469 4330 834 4398 nesciendam,
865 4337 1128 4404 quatenus
1151 4344 1269 4385 eam
1307 4337 1366 4383 tu
1394 4329 1602 4394 nescis;
1653 4325 1838 4383 hacte-

245 4441 452 4498 nusque
479 4425 775 4488 sciendam,
797 4433 1059 4494 quatenus
1087 4435 1205 4476 eam
1231 4429 1285 4474 tu
1311 4420 1452 4476 scire
1477 4420 1719 4493 potueris
1744 4437 1760 4476 :
1782 4428 1842 4477 ut

247 4521 295 4575 si
328 4519 492 4590 paulo
532 4515 760 4586 amplius
805 4527 858 4572 te
898 4514 1018 4586 quis
1059 4514 1347 4581 nescierit,
1393 4529 1516 4569 eum
1556 4513 1839 4584 pecoribus

243 4623 548 4682 compares,
578 4607 720 4679 quod
750 4608 1006 4664 scientius
1032 4606 1125 4661 illo
1150 4622 1273 4662 esse
1299 4605 1552 4676 potuisti;
1582 4613 1744 4677 atque
1763 4606 1836 4661 ita

241 4702 293 4757 si
317 4703 434 4772 quis
458 4714 582 4756 eam
606 4700 768 4771 paulo
797 4700 916 4769 plus
934 4707 989 4753 te
1008 4697 1208 4763 scierit,
1235 4696 1424 4752 eadem
1447 4697 1650 4768 justltia
1673 4705 1727 4752 te
1745 4697 1838 4754 ille

240 4793 531 4868 pecoribus
561 4791 928 4862 comparabit?
966 4790 1060 4845 Dic
1087 4804 1215 4860 ergo
1237 4799 1503 4861 quatenus
1536 4789 1691 4845 nobis
1733 4801 1833 4844 ns.

231 4894 415 4942 turam
467 4892 708 4940 nostram
765 4882 971 4938 nescire
1008 4882 1273 4937 concedas
1302 4922 1317 4949 ,
1369 4887 1428 4935 ut
1477 4895 1506 4934 a
1549 4880 1836 4952 pecoribus

239 4979 386 5035 salva
418 4979 498 5035 sit
534 4984 714 5032 nostra
763 4974 1012 5030 distantia
1064 4993 1080 5031 :
1119 4986 1173 5033 et
1218 4973 1494 5030 considera
1540 4982 1720 5030 tamen
1765 4989 1834 5031 ne

231 5071 363 5142 plus
387 5083 418 5125 s
446 5067 739 5140 pecoribus
771 5067 968 5134 distet,
1009 5067 1098 5136 qui
1138 5066 1254 5135 ejus
1298 5065 1497 5136 aliquid
1538 5065 1746 5122 nescire
1773 5079 1834 5124 se

235 5162 360 5228 scit,
401 5175 564 5233 quam
599 5159 690 5232 qui
729 5173 787 5215 se
836 5165 984 5230 putat
1029 5157 1169 5212 scire
1209 5157 1351 5228 quod
1392 5159 1581 5213 nescit.
1632 5157 1832 5214 Natura

235 5266 388 5313 certe
430 5261 540 5312 tota
586 5253 822 5309 hominis
859 5263 942 5309 est
987 5252 1240 5324 spiritus,
1291 5251 1466 5306 anima
1503 5259 1558 5307 et
1585 5263 1782 5323 corpus
1809 5270 1829 5309 τ

235 5349 482 5422 quisquis
507 5362 638 5419 ergo
667 5361 695 5402 a
723 5355 913 5402 natura
938 5346 1168 5401 humana
1189 5359 1384 5416 corpus
1409 5345 1643 5401 alienare
1670 5345 1785 5401 vult
1810 5387 1826 5413 ,

233 5441 455 5514 desipit.
485 5439 678 5497 Iiedici
701 5446 884 5495 tamen
913 5437 1001 5510 qui
1029 5438 1365 5508 appellantur
1400 5437 1705 5503 auatomici,
1732 5449 1832 5508 per

229 5536 504 5600 membra,
530 5542 628 5604 per
651 5545 837 5597 venas,
877 5520 977 5600 per
1018 5541 1235 5596 nervos,
1283 5543 1378 5599 per
1413 5542 1555 5594 ossa,
1597 5543 1694 5598 per
1717 5541 1832 5584 me-

223 5629 410 5684 dullas
437 5669 451 5693 ,
496 5639 594 5696 per
631 5624 884 5680 interim
922 5622 1125 5691 vitalia,
1176 5623 1334 5677 etiam
1384 5623 1532 5677 vivos
1582 5621 1829 5678 homines

223 5720 491 5793 quamdiu
529 5719 675 5774 inter
726 5729 916 5774 manus
956 5717 1262 5772 rimantium
1315 5717 1494 5773 vivere
1543 5724 1832 5788 potuerunt

302 5854 320 5887 ί
353 5853 493 5926 editi,
532 5852 784 5922 insignius.
824 5855 1160 5917 manuscripti,
1199 5849 1500 5910 imm:
1543 5852 1650 5916 vel,
1698 5851 1827 5908 desi-

1619 424 1819 488 LIBER
1859 421 2204 504 QUARTUS.

1969 545 2290 605 dissiciendo
2314 552 2332 584 ί
2357 553 2579 611 scrutati
2606 561 2748 624 sunt,
2780 565 2840 614 ut
2873 567 3114 618 naturam
3145 561 3386 635 corporis
3429 579 3555 623 nos-

1963 647 2087 695 sent
2113 655 2250 698 :nec
2277 652 2455 700 tamen
2480 659 2608 714 nos,
2636 649 2762 719 quia
2795 651 2896 708 ista
2924 655 3191 710 nescimus
3215 699 3230 724 ,
3270 657 3554 729 pecoribus

1965 741 2358 806 compararunt.
2379 735 2490 794 Nisi
2518 739 2655 797 forte
2675 741 2912 801 dicturus
2954 759 3013 802 es
3036 789 3052 813 ,
3116 757 3211 803 eos
3269 748 3551 819 pecoribus

1963 827 2354 896 comparandos
2373 871 2389 898 ,
2421 825 2511 902 qui
2537 833 2728 888 anima
2751 843 2998 892 naturam
3022 880 3038 907 ,
3061 853 3170 895 non
3197 841 3286 912 qui
3311 845 3552 913 corporis

1961 919 2231 974 nesciunt.
2258 918 2373 976 Non
2401 933 2530 997 ergo
2554 924 2626 979 ita
2649 925 2903 1004 prmloqui
2931 929 3380 1004 debuistiiieque
3399 935 3545 991 enim

1959 1007 2116 1079 sisti,
2149 1009 2289 1078 Quid
2317 1012 2486 1081 diﬂ'ert
2523 1015 2674 1072 homo
2697 1029 2729 1072 α
2756 1005 2954 1091 pecore,
2986 1019 3031 1076 si
3061 1023 3234 1079 nescit
3260 1024 3327 1081 de
3353 1027 3549 1083 animae

1959 1112 2075 1156 suae
2098 1102 2352 1173 qualitate
2375 1113 2533 1177 atque
2555 1115 2746 1162 natura
2777 1126 2793 1164 :
2817 1109 2910 1165 sed
2935 1111 3077 1180 sisti,
3105 1115 3150 1168 si
3180 1116 3339 1169 nescit
3360 1118 3426 1172 de
3450 1127 3546 1172 sua

1960 1191 2207 1262 qualitate
2227 1205 2510 1266 astraque
2530 1199 2813 1268 enun
2840 1207 2992 1273 atque
3015 1203 3279 1261 disserere.
3307 1207 3548 1274 Quatitss

1957 1283 2144 1354 utique
2172 1295 2352 1340 nostra
2378 1295 2435 1341 ct
2473 1299 2660 1345 natura
2701 1297 2884 1348 nostra
2923 1305 3048 1350 cum
3075 1303 3302 1368 corpore
3321 1307 3547 1372 comins

1957 1377 2134 1442 tatur,
2173 1379 2414 1447 quamvis
2452 1379 2520 1436 de
2547 1379 2630 1437 bis
2657 1383 2850 1454 quibus
2887 1393 3199 1444 constamus
3237 1391 3550 1462 singillatim

1954 1468 2179 1539 singulis
2203 1469 2512 1529 disseratur.
2553 1473 2752 1532 Verum
2793 1489 2900 1551 ego
2941 1491 3099 1552 quam
3137 1483 3302 1538 multa
3342 1487 3546 1555 possim

1955 1559 2028 1616 de
2054 1560 2285 1620 hominis
2308 1573 2494 1622 natura
2515 1569 2872 1628 scientissime
2890 1572 3182 1644 disputare,
3202 1577 3249 1631 si
3273 1578 3545 1649 explicare

1957 1652 2146 1718 velim,
2195 1655 2348 1726 plura
2391 1657 2662 1716 volumina
2697 1661 2932 1733 implebo
2973 1683 2987 1720 :
3035 1667 3204 1723 multa
3241 1681 3330 1724 me
3364 1675 3544 1727 tamen

1957 1735 2206 1812 ignorare
2232 1745 2506 1802 conﬁteor.
3507 1783 3524 1792 -

2027 1833 2256 1892 CAPUT
2293 1835 2381 1891 ill.
2414 1869 2486 1880 —
2513 1841 2568 1895 4.
2611 1838 2694 1896 Tn
2743 1847 2920 1897 autem
2974 1857 3081 1915 quo
3116 1846 3196 1902 vis
3236 1849 3546 1920 pertinere,

1953 1928 2098 1998 quod
2123 1929 2177 1983 in
2202 1929 2475 2000 superiore
2499 1931 2634 1988 libro
2657 1933 2725 1989 de
2740 1933 2870 1989 ﬂatu
2886 1935 3118 1991 hominis
3134 1937 3544 2010 disputavimus,

1953 2023 2134 2075 utrum
2154 2019 2220 2076 ad
2242 2022 2434 2077 anima:
2451 2031 2716 2092 naturam,
2737 2025 2860 2097 quia
2884 2027 2995 2097 ipsa
3024 2029 3075 2082 id
3097 2029 3204 2100 agit
3225 2031 3276 2085 in
3306 2032 3542 2099 homine;

1955 2117 2026 2165 an
2049 2109 2117 2165 ad
2145 2114 2404 2183 corporis,
2446 2117 2589 2185 quod
2635 2117 2702 2170 ab
2729 2131 2791 2172 ea
2827 2126 3075 2173 movetur
3111 2129 3169 2175 ut
3204 2120 3256 2176 id
3286 2132 3444 2193 agat;
3476 2139 3545 2180 an

1955 2201 2023 2258 ad
2053 2201 2207 2274 hujus
2223 2205 2366 2260 aeris
2384 2247 2398 2270 ,
2423 2207 2575 2278 cujus
2592 2208 2925 2280 reeiproeatu
2955 2211 3004 2266 id
3031 2221 3190 2282 agere
3207 2212 3543 2283 declaratur;

1955 2311 2023 2350 an
2051 2297 2228 2367 petitis
2255 2295 2324 2353 ad
2349 2301 2527 2354 omnia
2553 2301 2674 2368 tria,
2703 2301 2771 2358 ad
2794 2302 3027 2358 animam
3054 2305 3258 2361 scilicet
3286 2321 3407 2378 quae
3425 2321 3545 2362 con-

1952 2399 2056 2460 pus
2089 2397 2270 2445 movet
2292 2433 2308 2459 ,
2335 2399 2390 2446 et
2418 2391 2485 2445 ad
2512 2405 2707 2462 corpus
2751 2393 2897 2464 quod
2936 2402 3081 2450 motu
3126 2385 3308 2452 ﬂatum
3355 2397 3547 2470 recipit

1955 2488 2116 2551 atque
2155 2481 2352 2551 reddit,
2388 2489 2443 2538 et
2490 2484 2560 2538 ad
2605 2497 2789 2540 suram
2838 2487 2994 2542 istam
3041 2487 3275 2559 undique
3313 2491 3544 2547 circum-

1953 2570 2127 2652 fusam
2178 2585 2297 2641 quae
2345 2572 2595 2630 intrando
2635 2575 2748 2642 alit,
2799 2576 3004 2632 relevat
3041 2579 3325 2635 exeundo?
3367 2581 3433 2636 Et
3461 2589 3544 2636 ta-

1953 2677 2077 2721 men
2100 2665 2203 2721 boc
2221 2666 2487 2722 litteratus
2507 2667 2669 2724 homo
2715 2675 2874 2740 atque
2921 2670 3178 2726 facundus
3216 2675 3397 2745 utique
3445 2691 3538 2731 ne-

1953 2756 2183 2825 sciebas,
2217 2757 2432 2828 quando
2474 2758 2751 2828 credebas,
2791 2768 2846 2816 et
2880 2760 3114 2829 dicebas,
3154 2772 3211 2818 et
3248 2765 3540 2833 scribebas,

1949 2851 2010 2903 et
2034 2847 2091 2902 in
2115 2857 2382 2904 conventu
2420 2849 2772 2905 multitudinis
2821 2860 3160 2928 congregata!
3190 2854 3434 2926 legebas,
3475 2869 3544 2914 ex

1950 2932 2145 2994 natm
2196 2947 2381 2996 nostra
2433 2949 2537 2996 nos
2591 2948 2764 2996 utrem
2824 2941 3011 2998 Inﬂare
3035 2984 3050 3009 ,
3116 2953 3173 2999 et
3237 2944 3292 3000 in
3354 2955 3544 3004 natura

1953 3041 2138 3088 nostra
2167 3045 2266 3090 nos
2291 3033 2472 3089 minus
2497 3035 2631 3089 nihil
2657 3035 2856 3092 habere
2877 3038 2900 3069 '
2932 3054 2944 3090 :
2972 3049 3096 3092 cum
3135 3036 3238 3094 hoc
3275 3039 3418 3096 unde
3459 3040 3544 3096 fa-

1951 3127 2176 3193 ciamus,
2234 3125 2487 3183 facillime
2531 3139 2751 3198 posses,
2788 3142 2895 3184 non
2939 3130 3147 3186 divinas
3189 3139 3244 3187 et
3283 3132 3544 3190 humanas

1946 3220 2171 3290 paginas
2195 3219 2601 3289 perscrutando,
2623 3220 2719 3275 sed
2739 3220 2793 3275 in
2812 3228 2865 3276 te
2884 3220 3212 3278 advertendo
3236 3238 3394 3280 nosse
3417 3239 3541 3282 cum

1949 3307 2137 3366 velles.
2169 3308 2448 3378 Quomodo
2474 3309 2635 3381 igitur
2660 3310 2753 3366 tibi
2782 3311 3109 3366 committam
3141 3320 3202 3368 ut
3229 3329 3316 3370 me
3344 3315 3540 3371 doceas

1949 3399 2019 3457 de
2041 3401 2246 3472 origine
2270 3401 2591 3469 animarum,
2612 3401 2753 3473 quod
2779 3415 2868 3458 me
2898 3402 3107 3458 nescire
3131 3405 3392 3461 conﬁteor
3411 3424 3425 3473 ;
3447 3409 3539 3478 qui

1950 3493 2092 3565 quod
2128 3494 2231 3550 tuis
2259 3493 2478 3549 naribus
2505 3504 2663 3564 atque
2685 3506 2781 3549 ore
2807 3493 2925 3550 sine
2952 3495 3349 3554 intermissione
3383 3497 3535 3567 facis,

1946 3584 2093 3640 unde
2117 3585 2282 3641 facias
2309 3585 2628 3657 ignorabas?
2655 3586 2719 3641 Et
2748 3593 2967 3657 prastat
2985 3588 3242 3645 Dominus
3261 3631 3275 3654 ,
3311 3599 3372 3646 ut
3397 3605 3428 3646 a
3448 3603 3539 3650 me

1947 3681 2327 3747 commonitos,
2353 3679 2510 3735 cedas
2531 3680 2709 3750 potius
2729 3693 2889 3752 quam
2908 3681 3126 3738 resistas
3148 3682 3329 3740 tamin
3359 3697 3540 3755 prom~

1947 3781 2042 3843 ptu
2086 3772 2272 3841 positae
2309 3777 2467 3842 atque
2509 3773 2862 3841 apertissima
2903 3773 3113 3829 veritati
3155 3791 3168 3832 :
3200 3789 3301 3830 nec
3325 3775 3392 3833 de
3417 3785 3539 3834 utre

1947 3865 2182 3922 inﬂando
2205 3866 2285 3921 sic
2312 3865 2610 3936 interroges
2639 3866 2918 3938 pulmones
2944 3876 3085 3935 tuos,
3127 3873 3185 3923 ut
3223 3881 3318 3926 eos
3343 3869 3532 3928 adver-

1943 3972 2039 4015 sus
2075 3973 2162 4014 me
2203 3957 2404 4015 habere
2441 3957 2597 4014 malis
2620 3959 2853 4022 nudatos,
2881 3971 3043 4030 quam
3080 3959 3160 4014 eis
3193 3962 3538 4032 acquiescere

1945 4057 2000 4108 te
2018 4051 2352 4121 docentibus,
2373 4057 2432 4108 et
2451 4065 2769 4122 responsum
2791 4052 2888 4108 tibi
2912 4063 3121 4119 verum,
3141 4067 3250 4111 non
3267 4055 3538 4128 loquendo

1943 4155 2001 4204 et
2024 4145 2348 4213 altercando,
2369 4145 2466 4201 sed
2492 4145 2744 4216 spirando
2761 4153 2818 4201 et
2831 4146 3145 4217 respirando
3163 4147 3533 4207 reddentibus.

1940 4237 2176 4297 Proinde
2207 4238 2563 4311 ignorantiam
2598 4251 2774 4295 meam
2801 4239 2872 4295 de
2898 4239 3107 4310 origine
3133 4240 3435 4297 salinarum
3476 4249 3536 4299 te

1943 4333 2322 4405 corripientem
2348 4341 2509 4403 atque
2534 4332 2910 4402 obiurgantem,
2927 4347 3034 4387 non
3065 4334 3290 4390 moleste
3310 4333 3531 4405 ferrem,

1941 4427 2052 4483 imo
2078 4427 2297 4497 insuper
2321 4433 2375 4481 et
2401 4424 2599 4495 gratias
2622 4438 2843 4496 magnas
2873 4437 3108 4496 agerem,
3139 4425 3186 4481 si
3212 4441 3328 4480 eam
3357 4426 3487 4481 mihi
3512 4468 3528 4494 ,

1937 4535 2049 4576 non
2079 4518 2250 4575 solum
2273 4517 2421 4574 duris
2446 4526 2756 4589 percuteres
2780 4517 3055 4586 conviciis,
3083 4518 3178 4575 sed
3201 4521 3344 4575 veris
3366 4521 3531 4579 etiam

1942 4622 2221 4671 excuteres
2244 4611 2420 4668 dictis.
2452 4610 2511 4669 Si
2538 4609 2680 4668 enim
2707 4626 2796 4667 me
2821 4625 3008 4683 posses
3033 4611 3227 4669 dooere
3259 4611 3403 4684 quod
3430 4626 3530 4671 no-

1941 4707 2075 4773 scio,
2104 4721 2209 4762 non
2240 4705 2414 4763 solum
2462 4713 2516 4761 te
2551 4705 2752 4773 verbis,
2793 4703 2888 4761 sed
2925 4711 2982 4763 et
3016 4707 3210 4780 pugnis
3233 4707 3530 4766 cadauera

1937 4797 2193 4857 deberem
2221 4797 2609 4868 patientissime
2632 4797 2916 4853 sustinere.

2007 4891 2236 4949 CAPUT
2259 4891 2347 4948 ιν.
2372 4922 2446 4933 -
2465 4890 2521 4947 5.
2544 4889 2675 4946 Nam
2697 4889 2868 4948 fateor
2894 4890 3173 4947 Dilectioni
3199 4899 3324 4960 tuae,
3357 4905 3522 4964 quan.

1933 4993 2052 5041 tum
2097 4986 2287 5041 attinet
2323 4984 2388 5040 ad
2415 4984 2572 5041 istam
2599 4990 2971 5057 quaestionem,
3017 5002 3180 5041 unum
3215 4985 3285 5042 de
3319 4984 3531 5046 duobus

1935 5076 2090 5132 valde
2119 5077 2276 5147 cupio
2300 5090 2479 5143 nosse,
2511 5076 2556 5131 si
2583 5074 2787 5149 possim
2809 5117 2823 5143 ,
2851 5076 2939 5131 vel
2982 5075 3052 5132 de
3089 5077 3388 5132 animarum
3419 5077 3530 5134 ori-

1934 5170 2059 5242 gine
2085 5169 2228 5240 quod
2257 5168 2466 5240 ignoro,
2513 5168 2599 5224 vel
2645 5177 2823 5224 utrum
2864 5167 3130 5238 pertineat
3171 5170 3237 5225 ad
3277 5183 3376 5227 nos
3426 5171 3529 5226 hoc

1937 5275 2096 5318 nosse
2120 5275 2243 5317 cum
2265 5261 2352 5316 hic
2365 5259 2612 5316 vivimus.
2632 5258 2775 5329 Quid
2794 5259 2840 5317 si
2863 5259 3006 5316 enim
3027 5277 3092 5317 ex
3114 5260 3218 5318 illis
3237 5261 3398 5317 rebus
3420 5267 3528 5338 est,

1936 5353 2004 5410 de
2028 5352 2219 5426 quibus
2243 5352 2399 5408 nobis
2419 5351 2633 5420 dicitur,
2660 5351 2859 5408 Altiora
2886 5361 2936 5409 te
2963 5369 3026 5409 ne
3041 5351 3315 5423 qnmieris,
3341 5360 3391 5407 et
3414 5353 3527 5422 fors

1937 5447 2069 5501 tiara
2095 5455 2143 5502 te
2163 5463 2228 5501 ne
2249 5453 2502 5502 scrutatus
2539 5445 2733 5516 fueris;
2759 5445 2849 5501 sed
2883 5461 2996 5517 qua:
3022 5446 3260 5518 precepit
3300 5445 3388 5498 tibi
3417 5443 3527 5502 Do-

1933 5540 2126 5608 minus,
2155 5538 2249 5594 iila
2274 5539 2440 5611 cogita
2468 5555 2664 5610 semper
2693 5536 2883 5608 (Eccli.
2924 5555 2963 5606 ι,
3005 5537 3138 5609 22)?
3175 5537 3375 5592 Verum
3420 5537 3525 5598 hoc

1936 5649 2098 5691 nosse
2121 5633 2298 5704 cupio,
2329 5639 2422 5687 aut
2450 5632 2518 5687 ab
2545 5633 2660 5702 ipso
2685 5632 2799 5687 Deo
2829 5631 3030 5687 sciente
3056 5629 3197 5701 quod
3219 5637 3388 5699 creat,
3429 5639 3522 5688 aut

2000 5789 2018 5821 ι
2055 5786 2181 5850 Apud
2204 5792 2277 5838 Er.
2306 5793 2358 5838 et
2378 5791 2511 5850 Lov,
2533 5783 2820 5850 disiide
2849 5795 2867 5834 :
2890 5783 3143 5838 mendose.

1997 5850 2018 5880 '
2049 5843 2121 5924 sic
2142 5855 2248 5898 Mss-
2277 5854 2338 5924 λι.
2377 5843 2511 5924 editi;
2541 5843 2615 5924 ρξ’
2634 5845 3105 5924 ἐξεμηςιιέῐειεβρξξξιξ
3118 5851 3296 5924 eum
3330 5843 3528 5924 tum:

1935 5920 1980 5965 et
1993 5919 2217 5963 naturam
2237 5916 2448 5962 nostram
2470 5905 2518 5959 in
2536 5921 2619 5959 nos
2638 5907 2795 5958 minus
2815 5905 2937 5959 nitri!
2959 5905 3149 5960 habere.
