4012 6528
431 378 533 443 581

432 512 535 551 non
555 503 725 567 potero
755 493 824 550 ad
844 489 987 551 illam
1010 488 1163 562 (Psat
1187 501 1457 555 cxxxvut,
1485 481 1585 562 6).
1608 480 1717 540 Cur
1741 481 1887 540 enim
1910 477 2007 533 ad-

428 587 577 660 jecit,
604 602 667 642 ea:
694 602 791 651 me,
822 582 924 640 nisi
946 582 1077 657 quia
1092 596 1163 638 ex
1188 576 1250 635 se
1274 578 1392 649 ipso
1418 593 1577 654 quam
1603 571 2015 649 incomprehen-

431 678 605 740 sibilis
648 684 789 739 esset
828 675 926 731 Dei
954 673 1176 731 scientia
1204 669 1523 745 conjiciebat
1543 711 1563 740 ,
1587 663 2022 742 quandoquidem

433 783 497 829 se
535 770 708 842 ipsum
750 763 1206 839 comprehendere
1243 777 1350 818 non
1395 759 1643 817 valebat?
1696 754 2022 828 Rapiebatur

435 859 725 930 Apostolus
754 858 809 913 in
854 857 1069 913 tertium
1096 855 1293 914 etelum
1317 894 1332 920 ,
1359 861 1415 909 et
1439 850 1690 907 audiebat
1735 845 2023 905 iueﬁ'abilia

433 954 598 1010 Verba
616 994 631 1021 ,
659 968 779 1025 qua
804 966 910 1007 non
936 950 1063 1006 licet
1093 946 1301 1004 homini
1324 945 1489 1021 loqui,
1517 953 1574 1002 et
1600 951 1781 1001 utrum
1816 942 1873 997 in
1895 954 2020 995 cor-

435 1058 571 1116 pore
593 1042 697 1100 hoc
724 1042 801 1097 illi
820 1041 1122 1108 accidisset,
1139 1055 1205 1098 an
1226 1046 1373 1096 extra
1398 1051 1612 1109 corpus,
1635 1033 1842 1091 nescire
1863 1047 1922 1088 se
1941 1031 2025 1086 di-

437 1135 512 1190 cit
537 1132 615 1207 (ii
653 1132 882 1199 Comm,
910 1130 1078 1204 2-5),
1115 1146 1216 1187 nec
1254 1147 1283 1184 a
1328 1139 1379 1186 te
1416 1126 1716 1198 comparari
1742 1123 2024 1196 pecoribus

439 1223 792 1297 pertimescit.
842 1222 1061 1279 Sciebat
1111 1237 1170 1277 se
1213 1220 1427 1291 Spiritus
1466 1219 1581 1289 ejus
1625 1233 1745 1272 esse
1772 1216 1825 1269 in
1868 1214 2026 1270 tertio

440 1316 601 1383 caelo,
639 1331 762 1371 esse
806 1317 858 1369 in
901 1313 1187 1385 paradiso,
1218 1318 1273 1367 et
1298 1319 1473 1365 utrum
1526 1315 1670 1364 esset
1717 1307 1770 1361 in
1799 1319 2030 1378 corpore

443 1410 736 1466 nesciebat.
766 1407 834 1463 Et
871 1407 1052 1479 utique
1079 1405 1293 1462 tertium
1318 1403 1513 1461 coelum
1543 1411 1591 1457 et
1620 1398 1897 1472 paradisus
1918 1413 2025 1454 non

441 1510 560 1556 erat
580 1502 695 1573 ipse
714 1498 995 1569 apostolus
1006 1496 1200 1552 Paulus
1218 1512 1234 1562 ;
1258 1510 1453 1566 corpus
1475 1509 1604 1549 vero
1624 1492 1741 1563 ejus
1770 1500 1825 1547 et
1849 1491 2030 1546 anima

443 1576 613 1664 atque!
646 1591 870 1663 spiritus
926 1590 1044 1661 ejus
1094 1588 1211 1659 ipse
1254 1595 1390 1643 erat.
1453 1583 1595 1643 Ecce
1645 1582 1846 1641 sciebat
1910 1596 2028 1637 ma-

440 1700 568 1759 gna,
617 1684 723 1739 alta
773 1692 933 1753 atque
971 1682 1187 1747 divina,
1214 1694 1336 1751 qua:
1375 1678 1491 1751 ipse
1532 1692 1637 1733 non
1664 1682 1817 1741 erat;
1848 1683 1902 1730 et
1926 1673 2031 1730 hoc

444 1774 745 1842 nesciebat,
782 1772 923 1844 quod
969 1771 1038 1827 ad
1078 1778 1321 1826 naturam
1365 1769 1530 1840 ipsius
1556 1766 1873 1839 pertinebat.
1900 1763 2032 1834 Quis

446 1864 503 1921 in
533 1873 679 1919 tanta
706 1863 1035 1919 occultarum
1062 1875 1241 1916 rerum
1259 1859 1502 1924 scientia,
1535 1866 1735 1914 tantam
1761 1857 1840 1915 sui
1865 1855 2033 1927 ipsius

445 1953 801 2028 ignorantiam
840 1968 946 2010 non
984 1952 1233 2009 miretur?
1255 1952 1387 2023 Quis
1425 1961 1697 2023 postremo
1757 1948 2037 2018 crederet,

446 2046 551 2103 nisi
565 2047 655 2117 qui
673 2062 780 2103 non
790 2044 931 2100 fallit
944 2045 1046 2101 hoc
1062 2044 1266 2101 diceret
1284 2062 1296 2098 :
1312 2042 1450 2109 Quid
1477 2058 1697 2109 oremus,
1724 2041 1856 2096 sicut
1883 2056 2037 2112 apor-

448 2146 538 2206 tet,
565 2139 812 2195 nescimus
832 2139 860 2192 .7
876 2137 978 2194 Ubi
1003 2152 1123 2193 esse
1147 2146 1331 2192 nostra
1353 2134 1585 2190 maxime
1602 2133 1764 2189 debet
1782 2132 2037 2199 intentio,

446 2239 511 2288 It
525 2245 623 2287 nos
643 2231 695 2286 in
711 2245 774 2286 ea
800 2245 918 2302 quae
944 2239 1069 2285 ante
1093 2236 1218 2287 sunt
1239 2226 1589 2284 extendamus
1610 2234 1691 2281 :et
1707 2240 1814 2293 me,
1829 2225 1876 2280 si
1892 2224 1945 2279 in
1958 2224 2037 2281 eis

447 2332 569 2394 quae
592 2331 738 2377 retro
763 2330 913 2385 sunt,
935 2319 1128 2392 aliquid
1148 2320 1216 2375 de
1259 2333 1378 2375 mea
1405 2317 1611 2389 origine
1656 2317 1850 2375 oblitus
1876 2331 1994 2371 sum
2014 2356 2039 2387 ε

451 2413 738 2486 pecoribus
760 2427 1038 2484 comparas
1057 2454 1072 2479 ,
1103 2428 1224 2469 cum
1254 2411 1438 2467 audias
1462 2409 1715 2467 eumdem
1736 2410 2040 2481 apostolum

448 2503 716 2562 dicentem
731 2546 747 2571 ,
767 2503 897 2575 Quae
910 2513 1041 2560 retro
1060 2503 1263 2571 oblitus,
1289 2502 1343 2557 in
1373 2519 1432 2559 ea
1459 2517 1573 2575 qua
1590 2511 1707 2556 ante
1726 2510 1842 2559 sunt
1866 2510 2041 2556 exten-

450 2586 532 2651 tus
550 2635 567 2663 ,
594 2594 869 2651 secundum
895 2594 1220 2649 intentionem
1252 2610 1433 2666 sequor
1454 2592 1524 2647 ad
1562 2593 1786 2665 palmam
1808 2606 2041 2664 superna

448 2688 722 2745 wmtiortis
737 2687 841 2744 Dei
854 2693 909 2743 in
926 2686 1127 2745 Christo
1150 2686 1277 2743 Iesu
1302 2686 1558 2758 (Philipp.
1597 2701 1675 2753 ιιι,
1691 2687 1778 2750 l5,
1802 2683 1892 2758 id)
1908 2684 1935 2739 ‘l

468 2784 471 2789 ’
520 2778 751 2838 CAPUT
774 2778 867 2837 lx.
889 2809 961 2822 —
985 2781 1073 2836 i3.
1103 2780 1188 2836 An
1227 2778 1365 2835 forte
1393 2779 1553 2834 etiam
1594 2775 1698 2833 hoc
1737 2776 1860 2849 quia
1887 2772 2036 2846 dixi,

459 2870 605 2941 Quid
622 2887 844 2941 oremus,
868 2872 999 2928 sicut
1022 2879 1242 2942 oportet,
1265 2871 1555 2935 nescimus;
1594 2867 1925 2924 irridendum
1952 2884 2039 2923 me

450 2960 764 3031 arbitraris,
811 2948 891 3018 et.
914 2962 1310 3018 irrationalibus
1381 2961 1610 3018 similem
1680 2959 2040 3015 animantibus

450 3051 698 3124 iudicas?
722 3052 794 3110 Et
834 3053 971 3110 forte
995 3052 1345 3110 tolerabilius.
1375 3051 1509 3110 Cum
1538 3052 1681 3109 enim
1702 3059 1851 3107 recto
1876 3066 2039 3107 sano-

454 3158 562 3214 que
581 3143 782 3214 judicio
824 3143 1001 3201 futura
1028 3152 1211 3201 nostra
1242 3143 1527 3217 praeteritis
1569 3140 1918 3214 praeferamus
1939 3183 1956 3210 ,
1984 3151 2047 3199 et

454 3234 630 3291 oratio
672 3236 827 3292 nobis
863 3251 973 3293 non
1011 3244 1231 3308 propter
1260 3234 1400 3308 quod
1429 3234 1625 3291 fuimus
1649 3275 1666 3304 ,
1694 3233 1791 3291 sed
1821 3242 2041 3307 propter

454 3324 598 3395 quod
626 3324 826 3383 erimus
852 3327 923 3383 sit
964 3326 1267 3383 necessaria
1291 3366 1307 3393 ,
1337 3324 1509 3382 multo
1536 3333 1620 3381 est
1646 3324 1829 3399 utique
1867 3324 2040 3381 mole-

452 3415 590 3471 stius
637 3418 847 3474 nescire
896 3417 1026 3489 quid
1076 3430 1335 3485 oremus,
1379 3431 1541 3489 quam
1585 3415 2037 3489 quemadmodum

453 3509 626 3565 exorti
654 3508 926 3566 hmimus.
963 3509 1073 3566 Sed
1098 3509 1277 3566 veniat
1319 3509 1415 3566 tibi
1443 3510 1499 3565 iu
1532 3518 1768 3567 mentem
1805 3509 1896 3565 ubi
1939 3509 2042 3566 hoc

450 3596 668 3671 legeris,
693 3600 780 3656 vel
802 3600 1084 3671 relegendo
1106 3602 1282 3658 recole
1311 3618 1326 3654 :
1348 3610 1403 3657 et
1422 3601 1530 3658 uoii
1551 3604 1607 3657 iu
1622 3618 1710 3659 me
1728 3600 1884 3672 hujus
1910 3616 2042 3658 con-

451 3691 581 3749 vicii
599 3691 833 3763 lapidem
856 3691 1079 3763 jacere;
1109 3708 1179 3748 ne
1196 3692 1266 3748 ad
1290 3707 1451 3764 quem
1472 3707 1579 3748 non
1607 3693 1712 3762 vis,
1737 3691 2039 3766 perveniat.

451 3782 553 3839 ille
571 3784 686 3854 ipse
704 3783 901 3855 quippe
923 3783 1114 3840 doctor
1125 3783 1241 3842 Gen
1252 3786 1382 3841 tium
1401 3784 1690 3857 Apostolus
1715 3784 1870 3853 dixit,
1901 3784 2043 3856 Quid

452 3875 589 3931 enim
609 3887 827 3943 uentus,
853 3874 987 3931 sicut
1023 3884 1222 3948 oportet
1244 3917 1261 3945 ,
1287 3876 1556 3931 nescimus.
1585 3874 1741 3947 Quod
1776 3892 1884 3933 non
1918 3886 2041 3934 tan-

451 3974 568 4023 tum
614 3966 781 4024 verbo
834 3965 1018 4023 docuit
1038 4008 1055 4035 ,
1104 3964 1203 4024 sed
1244 3979 1344 4024 suo
1384 3982 1598 4040 quoque
1652 3965 2044 4028 demonstravit

453 4057 725 4129 exemplo.
747 4056 883 4114 Nam
903 4066 1090 4115 contra
1119 4057 1405 4116 utilitatem
1440 4066 1496 4116 et
1522 4058 1710 4116 salutis
1731 4074 1842 4116 sua:
1862 4060 2041 4133 perfe-

451 4148 688 4205 ctionem
714 4150 959 4206 nesciens
986 4150 1179 4207 orabat
1195 4160 1255 4207 ut
1273 4150 1576 4210 discederet
1598 4151 1666 4208 ab
1686 4167 1755 4209 eo
1781 4151 2033 4210 stimulus

455 4239 658 4308 carnis,
690 4254 847 4312 quem
873 4240 977 4298 sibi
994 4242 1178 4299 datum
1210 4243 1380 4312 dixit,
1412 4259 1480 4301 ne
1500 4245 1865 4317 magnitudine
1887 4261 2044 4304 reve-

452 4320 717 4380 lationnm
761 4340 976 4382 suarum
1015 4329 1378 4387 extolleretur.
1407 4326 1478 4385 Et
1520 4329 1642 4400 quia
1671 4329 1825 4388 illum
1852 4331 2042 4389 Domi-

452 4428 560 4472 nus
604 4415 876 4489 (ﬁngebat,
926 4434 1034 4476 non
1081 4419 1211 4478 nscit
1268 4421 1411 4494 quod
1469 4423 1780 4495 iguorauter
1828 4425 2047 4496 petebat

450 4504 533 4579 (il
550 4507 670 4564 Cor.
699 4525 798 4577 xu,
828 4509 977 4584 7-9).
1006 4512 1113 4569 Sed
1138 4522 1318 4571 tamen
1337 4515 1429 4572 ubi
1466 4516 1574 4583 ait,
1605 4516 1746 4585 Quid
1765 4518 1899 4574 enim
1921 4534 2040 4576 ore-

450 4613 586 4665 mus,
614 4601 744 4656 sicut
772 4611 987 4673 oportet,
1014 4605 1303 4672 nescimus;
1326 4622 1449 4667 mox
1477 4607 1720 4680 adjuntit
1747 4652 1763 4680 ,
1799 4610 1908 4668 Sed
1931 4613 2043 4684 ipse

454 4687 687 4761 Spiritu
703 4693 996 4761 interpellat
1019 4711 1113 4767 pro
1132 4696 1275 4752 nobis
1296 4700 1562 4772 gemitibus
1589 4703 2039 4762 inenarrabilibus.

457 4777 571 4847 Qui
588 4791 757 4838 autem
782 4791 1043 4839 scrutatur
1076 4786 1232 4843 corda
1254 4831 1269 4856 ,
1299 4791 1393 4845 scit
1422 4792 1549 4862 quid
1573 4791 1802 4864 Spiritus
1841 4797 2037 4869 sapiat,

887 4876 1050 4933 Deum
1070 4880 1357 4953 interpth
1383 4902 1477 4957 pro
1500 4889 1687 4945 sanctis
1712 4889 1895 4963 (Rom.
1919 4905 2038 4963 Vm,

450 4963 544 5059 ξοδ.
575 4964 670 5059 η)
690 4983 706 5034 ;
728 4967 781 5023 id
802 4962 905 5037 est,
934 4971 1273 5044 interpellare
1290 4987 1502 5036 sanctos
1546 4979 1692 5040 facit.
1726 4962 1830 5041 ille
1856 4986 2041 5059 utique

451 5054 700 5149 Spiritus,
729 5073 889 5131 quem
920 5060 1059 5119 Deus
1076 5064 1215 5121 misit
1235 5067 1289 5121 in
1308 5070 1464 5125 corda
1489 5082 1684 5146 nostra,
1710 5054 2037 5149 clamantem,

453 5147 615 5238 sua,
648 5148 811 5207 Pater
831 5152 1030 5225 (Galat.
1049 5172 1124 5226 tv,
1149 5155 1206 5230 ϐ)
1230 5176 1245 5227 ;
1272 5168 1327 5217 et
1350 5161 1403 5217 in
1425 5178 1525 5234 quo
1549 5165 1851 5237 clamamus,
1871 5147 2041 5238 Abba,

447 5234 654 5347 dantes!
676 5243 828 5301 Rom.
862 5263 958 5347 un
975 5289 1010 5347 ,_
1027 5248 1127 5347 1ιό)
1159 5268 1176 5307 :
1206 5261 1492 5347 utrumque
1536 5260 1679 5317 enim
1708 5234 1945 5332 dictum,
1977 5234 2034 5322 et

451 5338 729 5424 accepisse
776 5351 876 5394 nos
918 5338 1177 5411 Spiritum
1222 5344 1523 5403 clamantem
1544 5390 1560 5416 ,
1614 5350 1755 5408 Abba
1774 5394 1793 5424 ,
1840 5353 2037 5423 Pater;

450 5431 511 5480 et
609 5441 708 5520 quo
722 5428 1022 5520 dammas,
1040 5432 1201 5503 Abba,
1222 5434 1417 5507 Pater;
1440 5448 1499 5495 ut
1522 5423 1878 5513 exponeretur
1896 5462 2036 5520 quo-

447 5514 612 5604 nudo
627 5515 764 5574 dixit
783 5520 1089 5579 clamarem
1103 5566 1118 5591 ,
1146 5525 1250 5582 hoc
1273 5537 1374 5594 est,
1402 5529 1634 5588 clamare
1660 5514 1957 5604 iacientem,
1979 5547 2037 5595 ut

446 5603 573 5677 ipso
586 5605 815 5667 faciente
830 5613 1145 5670 clamamus.
1166 5616 1362 5674 Doceat
1378 5633 1506 5691 ergo
1526 5630 1581 5678 et
1598 5622 1701 5679 hoc
1720 5641 1807 5682 me
1822 5629 2035 5698 quando

444 5698 699 5772 volttetit,
717 5703 764 5762 si
784 5702 889 5765 hoc
905 5706 1037 5764 mihi
1056 5708 1308 5781 expedire
1328 5714 1499 5781 uouit,
1513 5716 1751 5772 utsciam
1780 5720 1922 5777 unde
1947 5736 2035 5779 see

443 5791 1207 5875 cumme
1230 5804 1442 5867 dum.
1464 5802 1910 5878 Senumme
1931 5819 2033 5879 do-

1296 372 1386 429 DE
1422 368 1634 427 ANIMA
1673 365 1763 424 ET
1799 359 1969 427 ωυε
1996 356 2309 434 ωειιιι,
2338 357 2407 424 Β»
2440 354 2812 420 AUGUSTINI

2090 5911 2174 5943 Ὺ

2123 483 2243 533 eeat
2254 472 2504 546 Spiritus,
2518 473 2611 547 qui
2627 470 2987 537 altitudinem‘
3004 469 3101 531 Dei
3119 465 3716 538 mutummutum

2122 565 2215 643 qui
2228 565 2473 638 spiritum
2498 565 2695 633 nescit,
2713 563 2856 623 unde
2877 572 2996 623 uter
3020 561 3259 621 inﬂatur.
3281 561 3437 623 Absit
3460 568 3719 637 tsmeuut

2124 674 2229 731 ego
2248 659 2372 717 hinc
2391 666 2446 719 te
2470 659 2751 733 pecoribus
2773 673 3098 728 comparem.
3123 656 3247 716 Non
3268 657 3420 716 enim
3442 655 3718 729 insuauia

2126 767 2234 809 non
2260 761 2494 824 poteras,
2522 751 2620 810 sed
2645 752 2775 824 quia
2798 766 2902 807 non
2930 749 3261 818 advertens,
3288 749 3593 809 nesciebas.

2198 840 2423 900 CAPUT
2474 841 2545 900 Χ.
2588 872 2664 887 --
2692 842 2782 900 14.
2822 841 3022 899 Verum
3068 849 3128 899 tu
3177 840 3425 910 (atauo,
3469 840 3722 913 quamvis

2127 935 2321 993 altiora
2342 936 2455 992 sint
2478 976 2497 1006 ,
2521 952 2641 1007 Quae
2675 935 2743 993 de
2767 936 3066 993 animarum
3088 933 3297 1006 origine
3326 932 3677 1007 requiruntur
3693 968 3717 1003 ,

2128 1042 2288 1097 quam
2321 1035 2403 1081 est
2430 1026 2572 1082 unde
2599 1026 2846 1082 ducimus
2874 1034 2933 1083 et
2972 1024 3253 1083 reddimus
3292 1024 3507 1090 (latim;
3535 1034 3722 1081 tamen

2128 1120 2314 1178 eadem
2343 1121 2531 1178 altiora
2555 1120 2624 1178 de
2653 1119 2945 1191 Scripturis
2971 1118 3170 1176 sanctis
3209 1126 3265 1177 te
3305 1116 3561 1176 didicisse
3582 1132 3722 1174 con-

2130 1212 2273 1279 ﬁdis,
2292 1214 2361 1270 de
2388 1215 2582 1285 quibus
2606 1230 2702 1286 per
2728 1213 2890 1271 ﬁdem
2916 1212 3198 1271 didicimus
3221 1253 3241 1277 ,
3265 1227 3390 1285 quas
3409 1211 3559 1269 nulla
3585 1226 3725 1285 pos.

2132 1306 2292 1365 seut'
2322 1304 2559 1363 humana
2583 1304 2795 1377 ingenia
2835 1303 3121 1375 vestigare.
3149 1302 3282 1361 Nam
3327 1303 3488 1376 longe
3532 1303 3725 1374 utique

2130 1395 2470 1469 praestantius
2495 1402 2601 1463 est,
2627 1410 2789 1452 nosse
2815 1404 3239 1451 resurrecturam
3262 1408 3481 1449 carnem
3504 1408 3572 1450 ac
3599 1393 3723 1451 sine

2133 1488 2239 1545 line
2262 1487 2543 1557 victuram,
2564 1502 2727 1559 quam
2746 1484 3004 1558 quidquid
3030 1486 3087 1542 in
3108 1501 3173 1543 ea
3198 1486 3392 1543 medici
3420 1486 3723 1543 scrutando

2134 1581 2341 1639 discere
2371 1588 2681 1653 potuerunt,
2715 1578 2859 1652 quod
2888 1578 3035 1635 nullo
3059 1593 3229 1635 sensu
3257 1578 3437 1637 anima
3464 1577 3727 1650 percipit.

2135 1691 2259 1732 cum
2303 1676 2588 1746 praesentia
2628 1688 2726 1731 sua
2767 1680 2981 1747 vegetet
3022 1682 3214 1731 uincta
3254 1688 3377 1743 qtae
3422 1671 3639 1733 nescit:
3666 1678 3731 1733 et

2136 1766 2297 1837 longe
2319 1777 2399 1823 est
2414 1766 2627 1834 melius,
2642 1779 2803 1822 nosse
2821 1764 3080 1831 animam,
3095 1780 3216 1835 quae
3231 1764 3288 1821 in
3307 1764 3520 1819 Christo
3534 1769 3732 1825 renata

2138 1869 2192 1917 et
2221 1867 2473 1917 renovata
2494 1858 2679 1925 fuerit,
2701 1858 2755 1914 iu
2772 1865 3033 1914 aeternum
3057 1856 3273 1913 beatam
3288 1855 3542 1920 futuram,
3561 1868 3730 1925 quam

2139 1950 2395 2025 quidquid
2434 1949 2501 2007 de
2528 1950 2677 2007 illius
2701 1950 2954 2007 memoria
2987 1988 3007 2016 ,
3032 1948 3383 2020 intelligentia
3407 1988 3427 2017 ,
3447 1946 3733 2009 voluntate

2140 2043 2430 2099 nescimus.
2478 2042 2603 2097 Haec
2646 2050 2827 2099 autem
2865 2055 2987 2113 quae
3012 2038 3125 2098 dixi
3162 2039 3533 2111 praestantiora
3563 2046 3733 2109 atque

2139 2132 2384 2201 meliora,
2427 2132 2575 2188 nullo
2621 2131 2782 2189 modo
2822 2145 2985 2190 nosse
3028 2131 3357 2197 valeremus,
3385 2129 3491 2187 nisi
3531 2127 3736 2187 divinis

2142 2224 2486 2283 crederemus
2509 2225 2755 2296 eloquiis.
2782 2224 2877 2283 His
2914 2238 3044 2296 ergo
3072 2221 3304 2296 eloquiis
3326 2221 3495 2281 ﬁdere
3532 2229 3586 2279 te
3612 2218 3735 2277 ﬁer-

2142 2318 2300 2375 tussis
2330 2318 2625 2385 existimas,
2645 2332 2717 2377 ne
2738 2316 2807 2374 de
2833 2317 3039 2389 origine
3065 2316 3369 2375 animarum
3407 2314 3732 2374 sententiam

2142 2412 2416 2469 deﬁnitam
2443 2413 2681 2484 proferre
2725 2413 3019 2471 cuncteris.
3045 2412 3285 2468 Primum
3311 2410 3360 2468 si
3404 2409 3474 2467 ita
3499 2417 3647 2465 esset
3682 2407 3739 2476 ³,

2144 2520 2250 2560 non
2274 2505 2377 2577 ipsi
2396 2504 2644 2563 humana:
2682 2513 2887 2563 natura:
2910 2504 3148 2563 tribuere
3175 2503 3429 2569 debuisti,
3455 2501 3741 2573 ειηοὰωῆ

2144 2594 2306 2653 homo
2333 2595 2400 2654 de
2425 2610 2523 2653 sua
2546 2595 2801 2669 qualitate
2826 2604 2987 2669 atque
3013 2604 3207 2653 natura
3243 2593 3542 2666 disquirere
3566 2601 3745 2663 atqth

2143 2688 2430 2757 disserere,
2449 2687 2549 2747 sed
2575 2688 2677 2747 Dei
2703 2688 2934 2749 muneri.
2962 2688 3153 2745 Dixisti
3180 2687 3324 2745 enim
3347 2728 3371 2755 .
3397 2686 3535 2753 oud
3555 2683 3744 2757 ἀέσαι

2144 2782 2293 2838 homo
2330 2800 2364 2841 α
2400 2799 2575 2855 pecore
2601 2824 2625 2851 ,
2669 2783 2715 2840 si
2775 2783 2870 2840 hoc
2928 2783 3087 2839 nescit
3128 2781 3155 2840 2
3205 2780 3346 2851 Quid
3391 2780 3549 2852 igitur
3593 2794 3741 2849 opus.

2144 2883 2226 2931 est
2280 2874 2478 2946 aliquid
2530 2875 2755 2945 legere,
2801 2882 2865 2931 ut
2907 2873 3018 2933 hoc
3064 2874 3337 2940 sciamus,
3395 2873 3441 2930 si
3491 2886 3563 2930 eo
3610 2871 3741 2943 ipso

2143 2981 2248 3039 quo
2293 2981 2324 3021 a
2375 2980 2569 3038 pecore
2595 2966 2885 3033 distamus,
2930 2965 3043 3038 jam
3087 2966 3191 3023 hoc
3232 2965 3373 3023 scire
3419 2962 3734 3023 debemus?

2144 3055 2293 3113 Sicut
2314 3059 2457 3115 enim
2485 3057 2619 3114 nihil
2637 3057 2771 3115 mihi
2792 3057 2928 3131 legis
2951 3066 3015 3115 ut
3033 3058 3321 3117 ntevivere
3347 3056 3542 3122 sciam,
3564 3054 3741 3113 habet

2144 3150 2287 3209 enim
2319 3158 2510 3207 natura
2549 3165 2675 3209 mea
2696 3160 2755 3207 ut
2779 3149 2882 3207 hoc
2915 3149 3129 3207 nescire
3159 3164 3263 3205 non
3301 3147 3504 3219 pessius
3534 3164 3553 3201 :
3581 3147 3657 3203 ita
3684 3146 3733 3202 si

2144 3252 2204 3300 et
2224 3244 2353 3301 illud
2379 3244 2518 3301 scire
2557 3252 2762 3301 naturae
2789 3251 2895 3309 est,
2922 3258 3019 3300 cur
3038 3243 3168 3303 mihi
3196 3243 3264 3301 de
3293 3243 3395 3299 hac
3423 3258 3484 3301 re
3514 3240 3734 3313 profers

2149 3338 2343 3410 quibus
2376 3337 2592 3398 credam
2612 3339 2941 3397 testimonia
2975 3338 3415 3410 Scriptorum?
3463 3337 3745 3409 Numquid

2145 3430 2245 3487 soli
2273 3430 2474 3488 distant
2496 3447 2527 3489 a
2556 3446 2753 3503 pecore
2778 3432 2875 3502 qui
2891 3432 3226 3503 caelestum?
3251 3431 3441 3491 Nonne
3466 3432 3543 3489 ita
3561 3431 3747 3491 creati-

2145 3538 2352 3591 sumus,
2403 3531 2469 3580 ut
2515 3523 2779 3581 distemus
2815 3540 2849 3581 a
2887 3525 3195 3597 pecoribus,
3239 3535 3298 3583 et
3337 3532 3620 3595 antequam
3661 3523 3747 3580 ad
3846 3578 3855 3584 .

2145 3615 2351 3689 aliquas
2376 3615 2585 3673 litteras
2624 3616 2904 3688 pervenire
2929 3616 3233 3687 possituus?
3260 3615 3405 3685 Quid
3428 3624 3515 3673 est
3534 3629 3739 3687 quaeso-

2144 3703 2289 3777 quod
2327 3712 2533 3763 tantum
2557 3714 2763 3763 natura
2803 3717 3003 3765 nostra:
3027 3721 3265 3778 arrogas,
3297 3716 3363 3765 ut
3395 3707 3747 3779 eoipsoquo

2144 3797 2310 3857 distat
2332 3816 2363 3857 a
2381 3815 2599 3873 pecore,
2613 3801 2727 3872 jam
2740 3802 2885 3860 norit
2903 3802 2973 3859 de
2994 3802 3743 3876 aciehostium-mli“

2147 3906 2269 3948 rere
2308 3900 2471 3966 atque
2504 3891 2800 3960 disserere;
2839 3905 2899 3953 et
2920 3909 3108 3954 rursus
3138 3909 3265 3952 an
3312 3895 3392 3953 sic
3413 3893 3553 3953 iacis
3574 3895 3747 3966 hab

2144 3983 2465 4056 cognitionis
2484 3994 2777 4058 expertem,
2803 3986 2975 4045 uthac
2988 3987 3455 4049 scirem
3478 3996 3755 4060 Iule“,

2144 4076 2249 4133 nisi
2274 4077 2470 4134 divinis
2493 4079 2718 4139 testibus
2732 4079 2917 4137 credat
2932 4080 2963 4135 ι

2216 4167 2443 4229 CAPUT
2469 4171 2563 4228 XI.
2591 4203 2662 4216 -—-
2690 4174 2780 4232 15.
2824 4172 3027 4231 Deinde
3051 4181 3107 4231 et
3129 4174 3192 4233 in.
3220 4172 3574 4233 manus.
3595 4172 3745 4231 Nas-

2145 4262 2326 4319 divina
2351 4264 2682 4334 testimonia,
2705 4280 2827 4337 quae
2850 4264 2918 4323 ad
2942 4266 3099 4323 istam
3137 4266 3490 4338 metient-
3514 4263 3743 4321 δεινος

2145 4347 2270 4404 dam
2298 4348 2504 4407 referre
2528 4350 2769 4421 voluisti,
2797 4367 2906 4409 non
2926 4349 2981 4408 id
2999 4352 3273 4423 aperiunt.
3298 4350 3462 4411 Aliud
3485 4360 3574 4413 est
3588 4349 3745 4423 qui

2145 4440 2238 4497 illa
2274 4441 2644 4501 demonstrant
2668 4486 2684 4511 ,
2733 4446 2852 4502 sine
2880 4460 2993 4517 quo
3026 4460 3159 4503 vere
3181 4462 3289 4505 non
3314 4459 3609 4517 possm
3642 4446 3747 4515 Ρῖα

2144 4526 2326 4582 vivere
2347 4569 2362 4595 ,
2412 4528 2557 4601 quod
2607 4529 2813 4589 scilicet
2865 4531 3171 4589 animarum:
3204 4542 3513 4591 nostrarum
3561 4531 3745 4591 Datin

2145 4617 2441 4678 habeamus
2494 4622 2739 4680 datorem
2764 4665 2783 4694 ,
2831 4632 3155 4693 creatorem,
3205 4623 3579 4685 formatorem.
3624 4621 3741 4683 Sed

2145 4713 2418 4785 quomodo
2459 4714 2512 4770 id
2561 4713 2719 4773 iaciat
2742 4758 2761 4786 ,
2791 4724 2970 4775 utrum
3015 4732 3189 4774 novas
3207 4731 3305 4775 eas
3327 4715 3545 4785 ﬂando,
3571 4730 3640 4771 an
3663 4714 3749 4773 de

2146 4805 2457 4877 parentibus
2482 4807 2765 4876 trahendo,
2795 4823 2906 4865 non
2932 4810 3261 4881 exprimunt,
3278 4810 3384 4869 nisi
3410 4808 3481 4867 de
3507 4808 3603 4867 illa
3625 4822 3747 4869 Ill

2146 4915 2306 4971 quam
2334 4901 2506 4972 primo
2533 4902 2732 4959 homini
2752 4902 2918 4960 dedit.
2944 4901 3089 4975 Lege
3104 4904 3387 4976 diligenter
3410 4902 3559 4975 quod
3577 4902 3731 4961 scri-

2146 4994 2230 5067 psi
2259 4994 2327 5050 ad
2353 4994 2575 5053 fratrem
2617 5005 2867 5054 nostrum
2908 4997 3008 5054 Dei
3036 5014 3253 5057 servum
3297 4997 3563 5055 Rcuatum
3594 4995 3764 5067 (Si;

2146 5102 2264 5159 pra,
2292 5086 2380 5142 lib.
2410 5088 2466 5155 1,
2496 5105 2550 5145 n.
2573 5088 2641 5144 i7
2660 5089 2811 5161 sqq.)
2840 5108 2854 5145 :
2880 5088 2953 5146 ibi
2975 5089 3121 5147 enirn
3142 5090 3273 5161 quia
3295 5087 3599 5155 idostcndi,
3622 5101 3741 5146 non

2144 5177 2244 5235 fuit
2267 5193 2487 5237 necesse
2507 5189 2559 5236 et
2584 5179 2673 5237 hic
2698 5180 2953 5239 scribere.
2990 5180 3167 5238 Veiies
3188 5188 3367 5238 autem
3390 5196 3481 5238 me
3504 5179 3749 5239 delinire.

2142 5274 2288 5347 quod
2317 5274 2432 5347 ipse
2455 5274 2688 5335 deﬁnisti
2702 5317 2720 5343 ,
2741 5285 2799 5333 ut
2825 5276 2880 5332 in
2901 5275 3035 5334 tales
3058 5276 3333 5348 angustias
3350 5273 3735 5346 contrudem,

2143 5366 2201 5423 in
2226 5367 2408 5441 quales
2430 5368 2545 5440 ipse
2575 5378 2860 5427 contrusus
2880 5408 2905 5437 ,
2923 5367 3188 5429 adversus
3222 5367 3545 5426 mtholicstn
3572 5365 3745 5425 (idem

2145 5468 2301 5518 totet
2328 5468 2473 5519 tanta
2499 5461 2926 5530 locutuses,ut
2967 5460 3410 5522 ea‘siﬁdeiiter
3444 5457 3745 5532 atquein-

2207 5579 2228 5673 ζ
2261 5575 2895 5673 Edim.“

2140 5646 3742 5819 mmmam

2205 5827 2975 5891 ~wnmmt-s..u.
