4012 6480
209 475 424 533 utiliter
466 473 682 530 recolas
727 481 886 544 atque
931 467 1242 526 consideres
1265 510 1280 538 ,
1335 467 1518 524 videas
1569 466 1810 538 profecto

209 581 494 644 quantum.
517 569 616 626 tibi
645 565 959 640 profuisset,
999 567 1044 620 si
1071 565 1264 622 scisses
1307 563 1513 620 nescire
1543 561 1686 632 quod
1717 573 1814 615 ne-

211 663 368 729 scis;
397 674 452 718 et
489 663 749 734 quantum
779 657 868 714 tibi
899 655 1104 730 prosit,
1131 657 1175 712 si
1207 655 1292 712 vel
1327 671 1468 712 nunc
1496 655 1652 711 scias.
1681 651 1816 710 Nam

165 731 180 754 δ
209 755 260 812 si
287 731 644 825 intelligentia
672 751 762 808 tibi
784 751 958 820 placet
983 751 1036 806 in
1063 759 1250 806 natura
1277 745 1530 816 hominis,
1555 747 1810 820 quoniam

209 863 414 904 revera
461 847 508 902 si
542 861 662 902 eam
709 859 814 900 non
845 841 1099 910 haberet,
1129 843 1281 910 nihil,
1315 851 1568 914 quantum
1609 839 1674 896 ad
1705 841 1819 896 ani-

211 956 348 995 mas
383 937 642 1010 pertinet,
663 954 694 994 a
725 937 1008 1009 pecoribus
1029 937 1352 992 distaremus
1377 955 1391 1002 ;
1419 935 1658 1008 intellige
1685 935 1818 1006 quid

209 1048 334 1088 non
361 1031 650 1104 intelligas,
683 1047 752 1086 ne
801 1037 970 1086 totum
1001 1045 1108 1086 non
1151 1029 1455 1102 intelligas;
1488 1035 1544 1084 et
1567 1027 1675 1084 noli
1717 1029 1816 1084 de-

207 1127 436 1195 spicere
457 1126 752 1194 hominem,
782 1125 870 1198 qtti
895 1135 952 1180 ut
979 1125 1242 1182 veraciter
1265 1123 1524 1196 intelligat
1545 1121 1688 1196 quod
1713 1139 1818 1178 non

207 1217 516 1290 intelligit,
573 1211 676 1274 hoc
736 1229 797 1274 se
841 1234 948 1273 non
1001 1217 1296 1289 intelligere
1349 1215 1610 1286 intelligit.
1669 1213 1818 1272 Unde

206 1321 406 1368 autem
435 1307 634 1366 dictum
662 1311 730 1368 sit
759 1309 812 1366 in
859 1325 1013 1366 sacro
1053 1311 1264 1366 Psalmo
1287 1353 1302 1378 ,
1333 1309 1498 1364 Homo
1529 1311 1582 1365 in
1631 1309 1817 1364 honore

207 1419 346 1456 cum
393 1412 540 1468 esset,
595 1419 696 1458 non
745 1401 1021 1468 intellexit;
1061 1413 1384 1472 comparatus
1430 1411 1502 1457 est
1555 1401 1816 1472 pecoribus

205 1493 516 1560 insensatis,
545 1503 592 1548 et
619 1491 797 1548 similis
827 1493 992 1568 factus
1018 1501 1090 1549 est
1129 1493 1230 1548 illis
1258 1491 1426 1568 (Psal.
1453 1511 1636 1562 xLVtu,
1671 1493 1770 1566 15)
1797 1511 1814 1562 ;

209 1586 368 1656 lege,
399 1595 456 1640 et
485 1585 738 1658 intellige,
765 1583 937 1642 uthoc
963 1587 1310 1658 opprobrium
1339 1587 1614 1642 humiliter
1641 1587 1816 1660 potius

209 1677 344 1748 ipse
371 1693 564 1734 caveas
591 1720 606 1746 ,
637 1694 798 1750 quam
844 1679 1074 1750 superbe
1125 1679 1276 1735 alteri
1323 1681 1562 1752 objicias.
1611 1679 1687 1736 De
1735 1681 1818 1738 bis

207 1772 368 1826 enim
391 1769 590 1826 dictant
622 1781 704 1826 est
735 1814 746 1834 ,
782 1771 870 1842 qtti
926 1771 1080 1826 istam
1129 1774 1288 1828 vitam
1349 1773 1516 1830 solam
1563 1773 1820 1844 deputant

207 1865 386 1920 vitam
411 1909 428 1936 ,
457 1865 744 1921 secundum
795 1881 1008 1922 carnem
1041 1867 1306 1930 viventes,
1338 1875 1392 1922 ct
1421 1879 1540 1938 post
1589 1877 1814 1922 mortem

209 1959 360 2014 nihil
393 1969 690 2032 sperantes,
727 1959 886 2016 veluti
927 1975 1116 2030 pecora
1149 1979 1162 2016 :
1191 1977 1295 2016 non
1323 1961 1388 2016 de
1413 1959 1493 2014 his
1530 1961 1616 2032 qui
1647 1977 1818 2031 neque

207 2063 426 2122 negant
471 2067 531 2108 se
577 2051 714 2108 scire
751 2051 892 2124 quod
943 2053 1138 2120 sciunt,
1161 2063 1214 2108 et
1263 2053 1583 2108 conﬁtentur
1640 2069 1698 2108 se
1725 2067 1818 2108 ne-

209 2145 364 2200 scire
393 2145 538 2216 quod
565 2147 824 2212 nesciunt,
855 2155 910 2202 et
937 2148 1110 2216 potius
1135 2147 1434 2218 intelligunt
1455 2143 1816 2202 inﬁrmitatem

211 2251 380 2292 suam
403 2279 420 2302 ,
454 2253 608 2308 quam
639 2235 706 2292 de
731 2253 825 2292 sua
853 2235 1045 2294 virtute
1071 2237 1366 2294 conﬁdunt.

289 2329 390 2384 16.
437 2327 552 2384 Νοιι
579 2330 759 2400 itaque
784 2329 1062 2400 displiceat
1089 2329 1486 2402 praesumptioni
1534 2339 1636 2386 tua:
1669 2331 1818 2402 juve-

212 2419 318 2476 nili
344 2423 362 2452 ¹
391 2437 546 2477 meus
573 2419 754 2476 senilis
777 2421 940 2478 timor
963 2465 978 2490 ,
1004 2423 1096 2478 ﬁli.
1130 2421 1246 2496 Ego
1269 2425 1412 2478 enim
1439 2465 1454 2492 ,
1483 2425 1526 2478 si
1553 2423 1654 2478 hoc
1676 2423 1816 2496 quod

213 2509 286 2569 de
319 2514 626 2568 animarum
649 2513 852 2584 origine
882 2515 1192 2584 qua-rimus,
1225 2531 1322 2570 nec
1349 2515 1477 2580 Deo,
1509 2531 1608 2570 nec
1635 2515 1816 2586 aliquo

213 2601 492 2676 Spirituali
547 2603 762 2660 homine
805 2603 1064 2672 docente,
1111 2605 1250 2662 scire
1283 2615 1507 2677 potuero
1531 2649 1547 2675 ,
1579 2609 1814 2678 paratior

211 2709 344 2750 sum
389 2693 680 2750 defendere
705 2737 722 2762 ,
764 2711 920 2768 quam
965 2705 1114 2752 recte
1154 2698 1314 2752 etiam
1361 2697 1464 2752 hoc
1489 2697 1650 2766 Deus,
1681 2699 1818 2754 sicut

211 2785 330 2842 alia
359 2786 548 2852 multa,
573 2801 671 2842 nos
701 2787 838 2842 scire
877 2787 1108 2844 noluerit
1131 2829 1147 2854 ,
1175 2803 1332 2860 quam
1383 2799 1584 2846 temere
1613 2791 1814 2858 dicere,

211 2879 372 2952 quod
407 2887 504 2936 aut
525 2879 596 2936 ita
625 2881 694 2936 sit
713 2881 1088 2948 obscurum,ut
1115 2883 1217 2938 hoc
1240 2901 1344 2939 non
1373 2883 1548 2940 solum
1601 2885 1666 2940 ad
1687 2885 1818 2942 alio-

213 2991 348 3030 rum
377 2973 782 3048 intelligentiam
813 2977 1108 3048 perducere
1135 2995 1422 3050 nequeam,
1453 2979 1550 3035 sed
1579 2997 1678 3036 nec
1705 2982 1819 3050 ipse

217 3069 574 3140 intelligam;
605 3081 698 3125 aut
741 3079 886 3126 certe
933 3076 1093 3127 etiam
1137 3071 1418 3128 haereticos
1446 3073 1698 3144 adjuvet,
1727 3076 1818 3144 qui

215 3175 516 3233 propterea
559 3163 882 3232 persuadere
906 3175 1168 3220 conantur
1193 3165 1261 3221 ab
1290 3165 1434 3222 omni
1479 3181 1617 3220 noxa
1659 3179 1819 3236 puras

213 3271 350 3312 esse
383 3255 594 3312 animas
617 3255 994 3328 parvulorum,
1029 3275 1098 3314 ne
1121 3259 1326 3316 scilicet
1367 3259 1552 3316 eadem
1599 3275 1734 3314 noxa
1767 3259 1820 3315 in

213 3357 506 3428 auctorem
549 3349 716 3404 Deum
757 3359 995 3406 recurrat
1038 3361 1092 3406 et
1135 3351 1358 3418 redeat,
1403 3351 1544 3424 quod
1583 3351 1822 3408 insontes

213 3443 462 3510 animas,
485 3441 676 3514 quibus
699 3459 804 3500 nec
829 3443 1098 3500 lavacrum
1128 3445 1546 3514 regenerationis
1593 3443 1820 3500 subven-

219 3517 412 3590 turum
467 3549 586 3590 esse
624 3533 928 3606 prmscivit,
968 3535 1144 3590 dando
1170 3535 1318 3590 carni
1347 3535 1626 3606 peccatrici
1653 3577 1669 3604 ,
1702 3549 1822 3591 esse

215 3627 558 3699 compulerit
583 3630 934 3700 peccatrices,
962 3629 1108 3686 nulla
1137 3629 1474 3700 Baptismatis
1501 3631 1666 3702 gratia
1697 3629 1824 3686 sub-

214 3729 482 3784 ventum,
529 3735 634 3790 qua
683 3719 974 3776 liberentur
1025 3737 1054 3776 a
1105 3721 1446 3778 damnatione
1491 3730 1744 3794 perpetua
1803 3741 1820 3778 ε

218 3813 668 3888 quandoquidem
695 3813 1112 3870 innumerabiles
1143 3815 1336 3870 animae
1363 3813 1620 3870 infantum
1665 3823 1820 3870 ante-

217 3921 392 3976 quam
415 3903 770 3978 baptizentur,
797 3905 864 3962 de
893 3907 1206 3976 corporibus
1234 3915 1448 3962 exeunt.
1475 3907 1628 3972 Absit
1651 3907 1816 3978 enim,

219 4007 286 4053 ut
339 3995 452 4052 hoc
507 3999 688 4054 volens
739 3997 966 4066 diluere,
1015 3999 1186 4054 dicam
1232 4015 1352 4070 qua:
1405 4000 1518 4072 ipse
1567 3999 1746 4054 dixisti
1807 4019 1820 4056 :

226 4109 248 4144 ι
287 4087 456 4157 Quod
479 4089 654 4146 anima
673 4105 769 4161 per
788 4105 1004 4145 carnem
1032 4091 1288 4146 meruerit
1315 4091 1596 4162 inquinari,
1627 4101 1680 4146 et
1701 4107 1824 4148 esse

225 4181 510 4256 peccatrix
535 4224 550 4250 ,
579 4183 782 4236 nullum
813 4179 1016 4238 habens
1043 4193 1166 4238 ante
1199 4193 1474 4256 peccatum
1501 4226 1514 4246 ,
1543 4200 1650 4254 quo
1680 4193 1826 4242 recte

225 4271 282 4330 id
309 4273 578 4328 meruisse
602 4271 810 4328 dicatur
842 4293 855 4330 :
895 4293 914 4326 ι
940 4283 994 4330 et
1016 4293 1034 4326 ι
1061 4275 1202 4346 quod
1225 4277 1382 4330 etiam
1409 4277 1522 4330 sine
1549 4273 1825 4346 Baptismo

225 4367 524 4440 oﬁginalia
579 4379 798 4440 peccata
847 4369 1121 4426 solvantur
1165 4389 1177 4424 :
1216 4390 1238 4424 ι
1271 4379 1328 4426 et
1359 4390 1378 4423 ι
1413 4371 1555 4442 quod
1601 4389 1826 4444 regnum

223 4477 458 4532 quoque
495 4459 758 4516 cmlorum
803 4478 908 4516 non
937 4461 1215 4534 baptizatis
1257 4465 1310 4518 in
1339 4463 1444 4520 ﬁne
1474 4463 1758 4520 tribuatur.
1799 4485 1820 4520 ι

224 4549 368 4608 Haec
407 4563 566 4624 atque
595 4551 899 4622 hujusmodi
929 4569 1132 4610 venena
1159 4553 1278 4610 ﬁdei
1321 4557 1422 4611 nisi
1451 4555 1632 4614 dicere
1671 4557 1828 4614 time-

225 4661 356 4704 rem
381 4685 398 4708 ,
447 4643 672 4700 fortasse
701 4641 770 4700 de
799 4645 897 4700 hac
927 4663 996 4724 re
1026 4645 1248 4704 deﬁnire
1281 4649 1478 4720 aliquid
1519 4667 1622 4706 non
1671 4651 1828 4708 time-

225 4753 378 4794 rem.
405 4737 618 4808 Qnanto
646 4737 836 4794 melius
865 4739 1023 4810 igitur
1062 4757 1168 4794 non
1212 4745 1498 4812 separatim
1533 4743 1602 4800 de
1651 4745 1828 4802 anima

231 4831 462 4900 disputo
487 4841 541 4886 et
569 4831 778 4885 afﬁrmo
807 4829 946 4902 quod
973 4833 1184 4899 nescio;
1215 4833 1310 4889 sed
1332 4835 1472 4905 quod
1495 4837 1830 4906 apertissime

225 4923 562 4993 Apostolunt
589 4923 746 4979 video
769 4923 1038 4992 docuisse,
1067 4927 1380 4996 simpliciter
1405 4938 1579 4984 teneo.
1607 4930 1688 4986 Ex
1721 4947 1828 4989 uno

229 5016 466 5072 homine
515 5029 712 5070 σακε
749 5015 996 5072 boutlnes
1023 5018 1102 5074 ire
1119 5020 1170 5072 in
1207 5021 1704 5078 condemnationem
1743 5023 1834 5094 qui

180 5143 196 5228 l
225 5119 539 5168 nascuntur
555 5125 624 5166 ex
659 5109 832 5168 Adam
861 5108 1036 5184 (Rom.
1067 5125 1122 5180 v,
1147 5111 1244 5182 18)
1270 5155 1284 5180 ,
1317 5113 1418 5170 nisi
1443 5114 1514 5168 ita
1543 5131 1830 5172 renascan-

229 5214 334 5228 ι--.-
365 5204 416 5228 ζ..
445 5203 666 5228 ρει-ε-.-
725 5203 878 5228 ΔΑ..ιέ
911 5203 1132 5228 ι.-.ι.-.ι.
1172 5213 1228 5228 --ι
1269 5215 1616 5228 -Α-----..ι..-
1684 5215 1802 5228 -_.-

229 5214 334 5260 tur
365 5204 418 5256 in
445 5203 697 5270 Christo,
725 5203 880 5258 sicuti
911 5203 1136 5258 instituit
1172 5213 1234 5259 ut
1269 5215 1649 5272 renascantur,
1679 5215 1834 5264 unto-

183 5303 188 5306 '
227 5311 406 5370 quam
431 5295 984 5368 corporemoriantur,
1003 5311 1136 5368 quos
1165 5295 1560 5368 praedestinavit
1593 5299 1660 5358 ad
1675 5309 1836 5356 teter-

1577 343 1780 398 LIBER
1816 342 2162 414 QUARTUS.

3393 363 3518 442 est

1924 481 2141 540 propter
2167 473 2423 544 originale
2449 490 2743 548 peccaram.
2772 477 2896 536 [late
2909 490 2991 538 est
3015 482 3066 538 in
3095 481 3180 538 illa
3203 487 3500 556 quaestione

1923 557 2164 620 deﬁnitio
2193 583 2332 636 mea,
2361 575 2417 624 ut
2437 571 2640 626 occulta
2669 559 2831 642 optira
2855 571 2952 630 Dei
2981 571 3212 632 habeant
3240 585 3394 634 suum
3418 589 3503 634 εσυ

1923 665 2150 725 cretum,
2180 659 2324 716 salva
2355 657 2459 718 ﬁde
2487 679 2624 719 mea.

1993 749 2220 808 CAPUT
2255 749 2368 808 Ill.
2403 785 2472 796 --
2501 753 2586 810 l7.
2621 757 2769 816 Nunc
2799 759 2928 832 jam,
2958 769 3212 832 quantum
3245 761 3502 820 Dominus

1924 843 2124 902 donare
2163 847 2442 920 dignatur,
2475 847 2634 908 etiam
2671 853 2736 908 ad
2783 851 2912 910 illud
2942 851 3111 913 debeo
3151 859 3500 928 respondere,

1923 937 2012 994 ubi
2053 937 2118 994 de
2148 941 2322 996 anima
2353 941 2606 1014 loquens,
2637 961 2816 1001 meum
2845 963 3038 1003 nomen
3080 949 3279 1006 iterasti
3301 992 3316 1014 ,
3345 959 3504 1021 atque

1923 1033 2100 1090 dixisti
2133 1053 2148 1092 :
2196 1057 2214 1090 ι
2249 1036 2366 1092 Non
2405 1039 2578 1108 enim,
2623 1041 2763 1096 sicut
2787 1043 3110 1114 Augustinus
3151 1045 3506 1116 peritissimus

1923 1131 2206 1202 episcopus
2249 1133 2542 1204 proﬁtetur,
2575 1137 2946 1208 incorpoream
2975 1151 3029 1195 et
3070 1141 3312 1198 eamdem
3351 1145 3508 1214 Spiri-

1925 1233 2034 1278 tum
2075 1241 2194 1280 csse
2237 1225 2608 1296 permittimus.
2643 1249 2661 1282 ι
2695 1229 2849 1286 Prius
2887 1233 3065 1302 itaque
3108 1241 3284 1290 utrum
3331 1235 3506 1288 anima

1923 1316 2257 1388 incorporea,
2303 1321 2439 1374 sicut
2482 1335 2580 1390 ego
2623 1321 2752 1388 dixi,
2801 1338 2868 1378 an
2913 1339 3191 1394 corporea,
3243 1325 3377 1381 sicut
3429 1337 3502 1394 tu,

1923 1409 2274 1464 existimanda
2323 1409 2426 1476 sit,
2471 1411 2822 1484 disputemus.
2879 1413 3081 1470 Deinde
3125 1423 3301 1472 utrum
3345 1418 3508 1472 etiam

1923 1487 2038 1570 ipsa
2081 1501 2370 1558 secundum
2404 1503 2703 1576 Scripturas
2751 1517 2963 1562 nostras
3005 1508 3212 1565 dicatur
3253 1509 3506 1579 spiritus;

1923 1595 2164 1660 quamvis
2195 1593 2352 1648 etiam
2385 1597 2598 1665 proprie
2631 1597 2849 1666 spiritus
2875 1607 3228 1670 nuncupetur,
3255 1615 3362 1654 non
3391 1599 3510 1653 uni-

1921 1697 2096 1748 versa,
2143 1683 2238 1738 sed
2283 1683 2480 1755 aliquid
2526 1683 2659 1755 ejus.
2715 1687 2793 1741 Ac
2835 1687 3066 1758 primum
3110 1689 3250 1744 scire
3288 1689 3504 1757 vellem,

1921 1792 2115 1847 corpus
2141 1779 2264 1848 quid
2304 1794 2422 1836 esse
2451 1779 2692 1835 deﬁnias.
2743 1779 2800 1838 Si
2839 1783 2980 1836 enim
3021 1798 3128 1838 non
3171 1791 3254 1838 est
3289 1799 3506 1854 corpus,

1923 1867 2022 1922 nisi
2055 1867 2195 1940 quod
2223 1871 2476 1926 membris
2504 1873 2804 1927 carnalibus
2831 1884 3072 1938 constat;
3103 1889 3202 1929 nec
3231 1881 3368 1929 terra
3406 1875 3510 1930 erit

1921 1973 2136 2032 corpus,
2169 1975 2268 2014 nec
2299 1961 2513 2028 coelum,
2543 1977 2642 2017 nec
2667 1961 2818 2034 lapis,
2852 1979 2952 2018 nec
2979 1979 3114 2034 aqua
3135 2007 3150 2032 ,
3181 1979 3282 2020 nec
3308 1963 3505 2032 sidera,

1921 2071 2022 2108 nec
2046 2055 2089 2110 si
2119 2053 2244 2122 quid
2273 2053 2574 2124 hujusnmdi
2603 2063 2704 2110 est.
2736 2055 2790 2108 Si
2821 2063 2995 2109 autem
3023 2069 3215 2126 corpus
3243 2065 3324 2110 est
3349 2057 3506 2126 quid-

1921 2145 2048 2216 quid
2076 2147 2366 2216 majoribus
2396 2155 2447 2201 et
2475 2147 2768 2202 minoribus
2801 2149 2912 2202 suis
2949 2147 3188 2218 partibus
3228 2149 3427 2218 majora
3455 2157 3508 2202 et

1920 2239 2124 2292 minora
2155 2239 2324 2308 spatia
2353 2239 2592 2294 locorum
2623 2239 2984 2294 obtinentibus
3008 2247 3249 2306 constat;
3282 2253 3506 2310 corpora

1921 2341 2044 2384 sunt
2083 2331 2240 2385 etiam
2271 2331 2372 2384 ista
2409 2347 2528 2402 quae
2561 2331 2978 2387 commemoravi
3008 2351 3018 2386 :
3049 2345 3244 2402 corpus
3284 2339 3368 2387 est
3391 2347 3504 2400 aer,

1921 2435 2118 2490 corpus
2142 2429 2226 2478 est
2253 2421 2344 2476 lux
2369 2421 2466 2476 ista
2495 2423 2737 2490 visibilis,
2767 2433 2822 2478 et
2847 2423 3024 2480 omnia
3054 2423 3192 2478 sicut
3217 2423 3344 2478 dicit
3367 2425 3510 2493 Apo-

1921 2513 2120 2580 stolus,
2149 2529 2364 2584 corpora
2392 2513 2646 2582 cazlestia,
2679 2523 2724 2568 et
2765 2531 2984 2585 corpora
3019 2515 3274 2570 terrestria
3304 2511 3362 2586 (l
3387 2513 3504 2570 Cor.

1921 2621 2020 2670 xv,
2051 2605 2172 2677 40).

1995 2699 2082 2752 ‘18.
2123 2695 2230 2754 Sed
2257 2705 2432 2754 utrum
2463 2697 2664 2769 aliquid
2691 2699 2797 2754 tale
2821 2701 2892 2754 sit
2921 2699 3120 2768 anima,
3151 2700 3508 2772 scrupulosis-

1923 2789 2056 2846 sime
2082 2807 2142 2844 ac
2177 2791 2522 2846 subtilissime
2547 2791 2822 2862 qumritur.
2861 2791 3236 2850 Verumtamen
3266 2803 3340 2860 tu,
3369 2793 3510 2851 unde

1925 2885 2018 2940 tibi
2053 2885 2284 2939 maxime
2309 2886 2564 2956 gratulor,
2595 2885 2759 2940 Deum
2793 2903 2986 2958 corpus
3021 2903 3126 2943 non
3163 2903 3280 2944 esse
3314 2889 3511 2944 conﬁr-

1923 2993 2058 3030 mas.
2090 2975 2192 3032 Sed
2231 2993 2317 3032 me
2351 2993 2536 3032 rursus
2575 2979 2856 3034 sollicitum
2885 2977 3034 3046 facis,
3077 2981 3166 3036 ubi
3193 2981 3324 3038 dicis
3353 3001 3366 3036 :
3403 3001 3421 3035 ι
3451 2983 3510 3038 Si

1925 3069 2098 3122 anima
2137 3081 2283 3126 caret
2313 3087 2560 3142 corpore,
2594 3083 2652 3128 ut
2678 3075 2766 3142 sit,
2796 3075 2932 3129 sicut
2971 3073 3286 3144 quibusdam
3315 3075 3506 3148 placet,

1924 3177 2089 3215 cassa:
2132 3163 2424 3230 inanitatis,
2453 3167 2612 3220 acria:
2651 3165 2919 3236 futilisque
2949 3167 3260 3224 substantiae
3288 3171 3325 3222 ί.
3367 3189 3383 3222 ι
3417 3169 3509 3224 llis

1925 3253 2068 3308 enim
2113 3253 2215 3308 tuis
2260 3255 2435 3310 verbis
2465 3255 2659 3312 videris
2703 3259 2960 3326 credere,
2993 3275 3152 3316 omne
3193 3259 3334 3332 quod
3365 3269 3512 3316 caret

1924 3362 2168 3418 corpore,
2195 3349 2366 3404 inanis
2395 3365 2514 3405 esse
2539 3351 2868 3408 substantiae.
2901 3353 3052 3420 Quod
3077 3353 3122 3407 si
3151 3354 3218 3408 ita
3248 3363 3350 3422 est,
3378 3369 3512 3424 quo.

1925 3439 2086 3494 modo
2119 3439 2282 3494 Deum
2321 3441 2485 3498 audes
2513 3441 2690 3498 dicere
2725 3459 2906 3498 carere
2937 3459 3190 3516 corpore,
3223 3461 3322 3500 nec
3353 3445 3508 3500 times

1925 3543 1996 3586 ne
2035 3541 2287 3600 sequatur
2333 3531 2504 3587 inanis
2542 3549 2664 3587 eum
2703 3547 2822 3588 esse
2853 3533 3206 3589 substantim?
3249 3533 3418 3590 Porro
3463 3535 3513 3590 si

1925 3627 1982 3676 et
2024 3637 2249 3692 corpore
2295 3633 2444 3680 caret
2473 3625 2642 3690 Deus,
2673 3623 2816 3696 quod
2861 3626 2970 3696 jam
3001 3627 3276 3681 confessus
3321 3643 3412 3692 es;
3461 3635 3516 3682 et

1925 3729 2050 3770 eum
2081 3715 2252 3770 inanis
2279 3733 2400 3772 esse
2425 3717 2756 3782 substantim,
2789 3719 2924 3772 absit
2951 3727 3008 3774 ut
3031 3719 3178 3774 dicas
3205 3737 3216 3774 :
3251 3737 3355 3774 non
3385 3737 3514 3790 ergo

1928 3805 2103 3862 inanis
2147 3809 2458 3866 substantia:
2501 3818 2602 3878 est,
2660 3811 2914 3882 quidquid
2965 3827 3188 3884 corpore
3234 3821 3399 3868 caret.
3449 3815 3516 3868 Et

1929 3897 2050 3956 ideo
2093 3901 2181 3972 qui
2227 3903 2596 3974 incorpoream
2641 3903 2770 3957 dicit
2811 3919 2930 3958 esse
2977 3905 3230 3970 animam,
3279 3919 3384 3962 non
3431 3915 3518 3960 est

1929 4009 2261 4065 consequens
2289 4005 2344 4050 ut
2369 4012 2484 4051 eam
2514 3997 2643 4052 velit
2669 3997 2836 4052 videri
2867 3997 3040 4052 inanis
3081 3995 3354 4070 rutilisque
3383 3999 3514 4054 sub-

1930 4083 2138 4140 stantia:
2167 4104 2180 4140 :
2213 4087 2336 4156 quia
2375 4095 2428 4141 et
2461 4085 2659 4156 Deum,
2689 4087 2778 4158 qui
2823 4105 2928 4144 non
2961 4097 3044 4144 est
3091 4089 3248 4146 inane
3291 4089 3516 4160 aliquid,

1931 4177 2090 4233 simul
2119 4179 2491 4250 incorporeum
2536 4181 2837 4236 conﬁtetur.
2869 4181 3006 4238 Vide
3051 4193 3227 4237 autem
3259 4193 3516 4253 quantum

1929 4269 2143 4324 intersit
2175 4269 2312 4325 inter
2341 4269 2396 4324 id
2428 4271 2568 4341 quod
2597 4271 2716 4326 dico
2739 4313 2751 4336 ,
2787 4279 2840 4326 et
2869 4271 3010 4342 quod
3041 4279 3097 4326 tu
3127 4289 3214 4327 me
3242 4273 3517 4330 existimas

1931 4359 2128 4416 dicere.
2159 4359 2271 4433 Ego
2297 4363 2439 4416 enim
2463 4379 2564 4418 nec
2586 4365 2746 4418 aeria:
2772 4365 3082 4419 substantize
3107 4366 3336 4420 animam
3357 4365 3516 4434 dico;

1931 4451 2166 4524 alioquin
2210 4467 2403 4524 corpus
2443 4469 2566 4512 esse
2611 4455 2894 4510 conﬁteor.
2947 4457 3054 4510 Aer
3081 4457 3276 4528 quippe
3324 4471 3522 4532 corpus

1931 4555 2036 4612 est,
2065 4543 2358 4600 secundum
2383 4559 2572 4602 omnes
2595 4547 2684 4618 qui
2709 4546 2776 4602 de
2801 4547 3115 4618 corporibus
3144 4563 3263 4604 cum
3293 4549 3520 4620 loquun-

1935 4645 2043 4704 tur,
2093 4637 2218 4708 quid
2269 4637 2553 4708 loquantur
2601 4637 2795 4694 sciunt.
2851 4637 2932 4694 'l‘u
2978 4647 3156 4694 autem
3203 4649 3419 4712 prepter
3465 4639 3522 4696 id

1935 4729 2078 4806 quod
2124 4733 2494 4802 incorpoream
2537 4731 2648 4787 dixi
2695 4731 2949 4800 animam,
2991 4749 3096 4788 non
3141 4733 3314 4788 solum
3353 4749 3522 4792 cassae

1937 4827 2229 4894 inanitatis,
2261 4825 2356 4882 sed
2384 4825 2454 4882 ob
2479 4825 2582 4882 hoc
2606 4825 2806 4880 aeriam
2837 4841 2924 4882 me
2953 4827 3150 4898 putasti
3177 4843 3296 4884 eam
3325 4827 3524 4884 dixisse

1937 4917 2288 4974 substantiam
2321 4935 2334 4972 :
2367 4933 2487 4973 cum
2517 4927 2570 4974 et
2609 4933 2804 4990 corpus
2832 4933 2949 4976 eam
2988 4934 3096 4974 non
3124 4935 3242 4976 esse
3267 4921 3522 4992 dixerim,

1938 5013 2082 5082 quod
2112 5019 2192 5066 est
2219 5025 2350 5078 aer;
2383 5019 2437 5066 et
2464 5009 2604 5082 quod
2634 5027 2758 5066 aere
2787 5011 3054 5082 impletur,
3084 5011 3242 5070 inane
3268 5029 3390 5072 esse
3413 5031 3524 5072 non

1940 5103 2130 5174 possit.
2177 5099 2328 5170 Quod
2360 5117 2458 5156 nec
2501 5111 2648 5158 utres
2679 5103 2754 5157 tui
2795 5111 2848 5159 te
2885 5103 3177 5162 admonere
3215 5115 3522 5177 potuerunt.

1940 5193 2080 5264 Quid
2106 5195 2246 5250 enim
2283 5193 2428 5251 aliud
2471 5195 2523 5252 in
2555 5211 2680 5262 eos,
2713 5199 2816 5254 nisi
2853 5215 2945 5254 aer
2965 5242 2980 5268 ,
3009 5199 3224 5272 quando
3253 5201 3522 5268 inﬂantur,

1943 5287 2216 5342 aretatur?
2242 5285 2342 5354 Qui
2374 5303 2540 5360 usque
2567 5289 2702 5344 adeo
2731 5291 2918 5348 inanes
2943 5307 3052 5348 non
3081 5305 3224 5360 sunt,
3259 5303 3316 5349 ut
3340 5295 3526 5354 eadem

1946 5379 2272 5450 plenitudine
2300 5379 2461 5436 etiam
2510 5381 2744 5452 pondera
2793 5383 3066 5440 suﬁ'erant.
3115 5385 3268 5454 Quod
3306 5387 3352 5440 si
3391 5385 3530 5442 forte

1947 5472 2092 5526 aliud
2135 5473 2230 5528 tibi
2255 5473 2467 5530 videtur
2509 5489 2632 5531 esse
2672 5475 2866 5546 ﬂatus,
2903 5477 3048 5532 aliud
3093 5492 3226 5544 aer;
3273 5493 3392 5532 cum
3437 5493 3533 5534 aer

1949 5573 2126 5620 motus
2151 5563 2266 5636 ipse
2290 5565 2360 5622 sit
2400 5565 2558 5624 ﬁatus
2576 5608 2594 5636 ,
2622 5567 2762 5640 quod
2791 5579 2846 5625 et
2882 5569 3094 5626 ﬂabello
3122 5569 3320 5640 agitato
3349 5569 3532 5626 doceri

1951 5665 2126 5728 potest
2157 5676 2172 5713 :
2202 5667 2347 5716 certe
2375 5675 2502 5716 vasa
2539 5661 2788 5732 quaelibet
2825 5677 3052 5716 concava
3097 5677 3216 5731 qua:
3257 5671 3414 5732 putas
3443 5663 3529 5717 in-

229 5405 374 5449 uam
403 5391 566 5444 vitam
589 5389 1122 5444 misericordissimus
1159 5391 1342 5460 gratiae
1365 5391 1582 5462 largitor
1609 5393 1736 5464 :qui
1757 5401 1840 5448 est

227 5492 298 5540 et
323 5479 432 5536 illis
445 5493 576 5552 quos
595 5479 988 5552 praedestinavit
1001 5479 1070 5536 ad
1085 5487 1334 5536 rotet-nam
1351 5481 1844 5554 mortem,justissi-

231 5573 928 5644 msuppliciirelribuwr
941 5589 958 5640 ;
973 5588 1080 5628 non
1099 5573 1269 5628 solum
1281 5583 1500 5644 prepter
1511 5575 1596 5630 illa
1615 5591 1734 5646 qua:
1745 5591 1844 5632 vo-

233 5665 428 5726 lentes
441 5665 724 5738 adjiciunt,
737 5681 922 5724 verum
946 5665 1110 5724 etiam
1127 5667 1176 5724 si
1185 5661 1413 5726 infantes
1427 5665 1560 5726 nihil
1573 5667 1842 5742 adjiciam,

311 5805 340 5843 ι
371 5811 874 5868 nam,
881 5799 1118 5870 1m
2019 5809 2036 5840 ι
2069 5813 2176 5858 uss.
2199 5843 2214 5870 ,
2255 5805 2390 5860 aeria
2423 5805 2666 5874 {utilisque
2703 5801 2808 5870 (vel
2841 5805 3140 5872 subtilisque)
3182 5807 3470 5866 substantia.
