4012 6474
230 403 346 460 537

230 518 526 588 imaginem
555 517 672 583 Dei,
704 524 955 588 tanquam
989 515 1078 570 illa
1108 516 1352 587 contigua
1382 517 1630 589 corpori,
1663 524 1718 571 et
1745 515 1831 572 ille

230 610 310 664 sit
340 609 488 673 Deo;
532 623 600 664 ac
635 608 716 664 sic
740 607 807 664 ad
847 608 1131 678 imaginem
1161 607 1255 663 Dei
1283 608 1444 664 homo
1472 609 1561 664 ille
1590 609 1828 674 intimus,

231 717 350 756 non
379 701 478 755 iste
517 701 744 755 interior
771 699 1131 755 reformetur‘l
1175 698 1280 755 Sed
1322 699 1516 755 frustra
1545 699 1646 754 hoc
1673 697 1828 753 dicis.

226 791 375 848 Nam
404 793 448 846 si
479 801 536 847 et
563 792 652 847 ille
678 792 896 846 intimus
923 792 992 846 ita
1018 799 1101 846 est
1129 806 1224 860 per
1241 791 1434 846 animae
1458 792 1636 846 omnia
1665 805 1834 846 mem-

225 883 338 938 bra
371 883 636 948 diﬂ‘usus,
681 893 738 938 ut
785 883 872 936 illa
925 898 1019 952 per
1058 883 1332 952 corporis;
1379 884 1488 953 jam
1517 884 1678 938 etiam
1719 882 1832 952 ipse

229 992 345 1047 per
371 978 604 1032 animam
636 977 777 1046 cepit
818 976 1102 1047 imaginem
1128 977 1368 1046 corporis
1387 1018 1400 1040 ,
1429 977 1566 1031 sicut
1594 976 1680 1030 illa
1708 990 1829 1030 eum

224 1071 414 1127 forma
462 1072 756 1126 formavit:
788 1088 851 1126 ac
891 1087 986 1142 per
1028 1071 1128 1126 hoc
1175 1087 1280 1126 non
1327 1071 1485 1125 habet
1530 1070 1616 1125 ubi
1659 1070 1833 1139 capiat

224 1163 529 1234 imaginem
562 1163 686 1225 Dei,
719 1172 967 1218 manente
996 1164 1050 1217 in
1077 1177 1136 1218 se
1166 1163 1264 1218 ista
1297 1164 1524 1234 imagine
1553 1164 1828 1234 corporis;

223 1258 346 1311 nisi
376 1256 822 1326 quemadmodum
869 1272 1138 1320 nummus,
1171 1267 1227 1310 ut
1251 1256 1388 1322 dixi,
1420 1257 1575 1312 aliter
1597 1271 1660 1311 ex
1692 1255 1830 1311 infe-

223 1349 421 1410 riore,
452 1349 605 1402 aliter
633 1363 698 1403 ex
728 1358 876 1418 parte
911 1348 1188 1417 superiore
1219 1349 1494 1403 formetur.
1540 1348 1618 1402 Ad
1651 1348 1750 1401 ista
1779 1355 1830 1402 te

222 1438 474 1493 absurda
503 1438 715 1508 quando
757 1439 825 1494 de
854 1440 1028 1492 anima
1058 1437 1294 1508 cogitas,
1325 1439 1552 1494 carnalis
1579 1439 1829 1509 cogitatio

223 1546 569 1601 corporum,
613 1533 744 1586 velis
788 1533 1025 1597 nolisve,
1056 1531 1350 1600 compellit.
1398 1531 1502 1586 Sed
1553 1531 1729 1594 Deus,
1773 1539 1831 1586 ut

223 1623 403 1676 etiam
457 1623 565 1692 ipse
611 1623 905 1678 rectissime
951 1621 1254 1689 confiteris,
1301 1638 1406 1676 non
1455 1631 1538 1677 est
1584 1637 1825 1693 corpus:

223 1713 513 1783 quomodo
553 1714 711 1782 igitur
751 1713 926 1783 capiat
966 1713 1080 1784 ejus
1121 1714 1402 1784 imaginem
1443 1714 1677 1784 corpus?
1717 1712 1826 1770 0b-

223 1819 398 1858 secro
431 1815 515 1867 te,
558 1805 751 1868 frater,
785 1815 840 1858 ut
887 1822 992 1858 non
1039 1805 1393 1861 conforrueris
1439 1806 1562 1860 huic
1603 1807 1824 1871 saeculo,

223 1896 336 1950 sed
380 1895 689 1950 reformeris
720 1898 769 1950 in
799 1897 1032 1952 novitate
1058 1898 1251 1951 mentis
1283 1907 1386 1951 ture
1419 1897 1591 1969 (fiam.
1622 1913 1714 1962 xu,
1742 1896 1823 1967 2),

224 2003 342 2043 nec
387 1989 564 2058 sapias
611 1989 902 2044 secundum
951 2006 1203 2056 carnem,
1253 1991 1504 2061 quoniam
1553 2006 1700 2046 mors
1742 2000 1828 2047 est

223 2076 354 2148 (Id.
386 2095 476 2132 vm
497 2121 510 2141 ,
543 2079 620 2148 6).

303 2166 538 2224 CAPUT
577 2169 691 2223 XV.
725 2201 794 2209 —
829 2171 918 2226 21.
954 2170 1056 2227 Sed
1094 2171 1288 2242 inquis,
1325 2191 1344 2225 ι
1381 2172 1435 2226 Si
1467 2173 1642 2228 anima
1678 2182 1824 2229 caret

231 2273 500 2330 corpore,
531 2261 657 2331 quid
686 2271 770 2315 est
802 2262 940 2332 quod
981 2265 1120 2333 apud
1166 2264 1364 2319 inferos
1403 2266 1552 2320 dives
1600 2267 1688 2320 ille
1731 2282 1824 2321 co-

223 2353 450 2422 gnoscit
469 2353 491 2405 ?
513 2355 690 2419 Certe,
716 2373 734 2405 ι
757 2355 951 2424 inquis,
973 2375 991 2408 ι
1015 2366 1234 2412 noverat
1250 2358 1359 2427 jam
1383 2359 1663 2424 Lazarum,
1693 2361 1823 2415 non‘

225 2455 467 2499 noverat
489 2445 755 2500 Abraham
788 2446 936 2518 (Luc.
967 2464 1078 2514 va,
1110 2449 1302 2520 Ill-51)
1337 2467 1349 2502 :
1377 2449 1516 2504 unde
1561 2451 1633 2504 illi
1683 2461 1827 2504 tanto

225 2547 364 2590 ante
388 2547 626 2607 tempore
650 2537 884 2593 defuncti
911 2541 1136 2593 Abraha:
1163 2542 1411 2611 provenit
1436 2541 1672 2612 agnitio?
1705 2541 1826 2596 Haec

226 2627 464 2695 dicens,
505 2631 549 2683 si
588 2630 910 2700 agnitionem
944 2630 1173 2686 hominis
1221 2633 1507 2702 provenire
1537 2649 1639 2686 non
1673 2642 1827 2701 putas

223 2723 355 2775 sine
375 2722 616 2790 corporis
639 2721 846 2788 forma;
875 2732 931 2778 ut
960 2723 1170 2779 noveris
1201 2737 1249 2779 te
1277 2725 1470 2796 ipsum,
1499 2725 1658 2780 credo
1685 2726 1826 2794 quod

222 2814 457 2869 assidue
482 2816 753 2886 speculum
780 2817 1031 2882 attendis,
1067 2833 1134 2873 ne
1161 2819 1206 2873 si
1234 2817 1400 2873 fueris
1419 2819 1613 2872 oblitus
1637 2819 1824 2873 faciem

226 2918 411 2974 tuam,
447 2925 548 2963 non
575 2918 627 2964 te
656 2911 830 2979 possis
856 2925 1164 2980 agnoscere.
1192 2909 1340 2980 Rogo
1373 2919 1444 2974 te,
1472 2925 1631 2981 quem
1661 2911 1828 2981 magis

223 2997 518 3052 hominum
548 3000 691 3053 novit
722 3000 882 3055 homo
911 3016 1070 3071 quam
1097 3016 1155 3056 se
1185 3003 1378 3071 ipsum,
1405 3015 1458 3056 et
1479 3001 1631 3071 cujus
1651 3002 1826 3056 minus

223 3100 419 3159 potest
447 3090 630 3146 faciem
659 3090 840 3148 videre
881 3109 1040 3164 quam
1072 3094 1262 3148 suam?
1288 3095 1418 3162 Quis
1447 3103 1621 3148 autem
1655 3104 1829 3165 potest

222 3195 566 3252 cognoscere
617 3183 783 3238 Deum
809 3225 825 3250 ,
876 3201 1030 3255 quem
1084 3195 1139 3240 tu
1180 3201 1391 3256 quoque
1453 3187 1825 3256 incorporeum

223 3286 360 3327 esse
399 3287 507 3327 non
534 3272 781 3341 dubitas;
810 3275 854 3330 si
885 3287 1082 3344 praeter
1121 3278 1362 3346 corporis
1392 3276 1638 3343 formam,
1688 3279 1828 3334 sicut

223 3371 397 3433 putas
417 3405 434 3430 ,
462 3381 565 3420 non
608 3376 782 3437 potest
807 3369 1041 3438 cognitio
1069 3370 1370 3440 provenire,
1413 3369 1463 3425 id
1495 3380 1596 3435 est,
1629 3372 1674 3425 si
1704 3386 1826 3426 cor-

230 3469 375 3526 pora
404 3468 629 3528 possunt
674 3459 786 3514 sola
817 3461 1106 3531 cognosci?
1130 3461 1261 3529 Quis
1301 3472 1476 3517 autem
1504 3463 1828 3519 christianus

224 3547 299 3602 de
330 3557 444 3602 tam
474 3551 678 3621 magnis
707 3551 1145 3624 difficillimisque
1189 3556 1349 3610 rebus
1378 3555 1675 3626 disputans,
1706 3559 1826 3613 ani-

227 3654 386 3693 mum
445 3640 496 3694 in
538 3642 697 3698 verba
725 3643 905 3699 divina
953 3654 1060 3699 tam
1105 3646 1437 3717 negligenter
1480 3648 1738 3716 intendat,
1769 3658 1829 3705 ut

225 3729 406 3797 dicat,
457 3752 475 3785 ι
512 3733 566 3788 Si
600 3735 911 3806 incorporea
951 3747 1034 3792 est
1059 3739 1257 3805 anima,
1292 3754 1512 3794 necesse
1539 3750 1622 3794 est
1649 3753 1830 3798 careat

228 3826 410 3882 forma
428 3827 482 3880 2»
513 3828 718 3884 Oblitus
746 3845 824 3894 es,
849 3840 900 3885 te
923 3829 1146 3885 formam
1165 3831 1354 3902 legisse
1369 3831 1625 3887 doctrina:
1651 3833 1826 3902 (Rom.

226 3935 310 3983 v1,
343 3920 482 3990 I7)?
509 3920 648 3991 Ergo
681 3937 935 3991 corporea
967 3930 1049 3976 est
1078 3921 1248 3976 forma
1289 3923 1566 3978 doctrinae.
1621 3923 1828 3981 Oblitus

227 4028 294 4068 es
339 4014 597 4084 scriptum
625 4030 744 4070 esse
770 4015 836 4071 de
862 4015 1081 4071 Christo
1128 4016 1275 4082 Jesu,
1321 4027 1607 4088 antequam
1651 4018 1830 4074 homi-

231 4121 362 4160 nem
380 4105 569 4160 fuisset
587 4106 822 4172 indutus,
842 4106 983 4176 quod
1003 4107 1054 4162 in
1071 4107 1239 4162 forma
1260 4107 1350 4162 Dei
1364 4108 1513 4177 erat(
1524 4107 1751 4180 Philipp.
1769 4125 1825 4174 u,

230 4197 331 4268 6)?
357 4196 640 4265 Quomodo
668 4214 794 4269 ergo
821 4199 952 4255 dicis
970 4241 986 4266 ,
1025 4218 1044 4251 ι
1090 4201 1146 4255 Si
1183 4200 1493 4270 incorporea
1520 4211 1603 4255 est
1629 4203 1825 4270 anima,

229 4304 463 4344 necesse
486 4298 570 4344 est
597 4299 776 4344 careat
800 4290 997 4358 fortun;
1037 4308 1057 4344 ι
1083 4307 1203 4346 cum
1234 4291 1420 4346 audias
1457 4291 1679 4346 formam
1713 4293 1825 4360 Dei,

227 4396 396 4453 quem
447 4397 552 4435 non
583 4396 704 4436 esse
733 4396 1048 4452 corporeum
1075 4384 1376 4448 confiteris;
1405 4391 1459 4438 et
1496 4383 1566 4437 ita
1595 4383 1828 4453 loqueris

228 4483 494 4542 tanquam
536 4472 705 4528 forma
736 4473 837 4529 nisi
876 4475 929 4529 in
958 4475 1270 4546 corporibus
1299 4488 1418 4530 esse
1450 4489 1553 4528 non
1582 4475 1783 4544 possit?

306 4566 399 4620 22.
447 4567 589 4622 Dicis
635 4569 820 4634 etiam,
855 4586 876 4620 ι
919 4569 1144 4625 Cessare
1183 4568 1295 4624 illic
1337 4570 1573 4635 nomina,
1607 4569 1694 4624 ubi
1721 4584 1828 4625 non

225 4659 581 4729 distinguitur
603 4659 770 4714 forma
795 4679 814 4726 ;
838 4669 894 4716 et
917 4661 1049 4716 nihil
1089 4661 1195 4716 illic
1224 4676 1385 4732 agere
1413 4661 1826 4732 appellationem

225 4751 552 4818 nominum,
596 4750 685 4805 ubi
730 4751 874 4806 nulla
919 4762 1002 4808 est
1046 4751 1342 4823 designatio
1390 4769 1760 4824 personarum.
1802 4771 1822 4805 ι

227 4843 376 4898 Hinc
419 4843 607 4899 volens
631 4844 860 4915 probare
900 4844 1128 4900 Abrahaa
1162 4844 1396 4900 animam
1440 4843 1604 4901 fuisse
1632 4861 1826 4916 corpo-

225 4950 407 4999 ream,
436 4935 561 5006 quia
591 4934 695 4990 dici
716 4936 909 5007 potuit,
949 4935 1102 4992 Pater
1126 4937 1404 4992 Abraham.
1425 4937 1541 4992 Jam
1573 4938 1825 5006 diximus,

222 5029 399 5082 etiam
427 5029 515 5082 ubi
557 5044 754 5100 corpus
781 5030 984 5086 nullum
1013 5040 1114 5096 est,
1144 5046 1264 5087 esse
1294 5033 1540 5086 formam.
1571 5031 1625 5088 Si
1650 5042 1826 5088 autem

222 5119 646 5188 appellationem
689 5124 963 5178 nominum
989 5122 1120 5178 nihil
1163 5131 1318 5194 putas
1358 5139 1546 5195 agere,
1591 5123 1680 5178 ubi
1722 5140 1826 5180 non

223 5218 362 5264 sunt
413 5225 674 5282 corpora;
731 5229 952 5269 numera
1007 5215 1104 5268 ista
1163 5216 1415 5280 nomina,
1475 5231 1656 5286 quazso
1727 5225 1828 5272 te:

229 5303 466 5359 Fructus
518 5315 689 5359 autent
725 5307 932 5377 spiritus
984 5316 1055 5361 est
1100 5307 1355 5373 charitas,
1397 5307 1658 5378 gaudium,
1704 5324 1825 5376 pax,

223 5398 629 5467 longanimitas,
671 5399 980 5470 benignitas,
1021 5398 1247 5466 bonitas,
1277 5399 1422 5466 ﬁdes,
1465 5397 1817 5466 mansuetudo,

222 5491 543 5544 continentia
567 5489 764 5563 (Galat.
795 5507 846 5556 v,
877 5490 968 5556 22,
999 5489 1101 5562 23)
1131 5506 1144 5546 :
1179 5499 1233 5546 et
1266 5490 1352 5544 dic
1381 5489 1509 5544 mihi
1537 5500 1712 5544 utrum
1745 5504 1830 5545 res

223 5587 379 5655 ipsas
402 5603 510 5642 non
553 5601 834 5658 agnoscas,
879 5601 1104 5657 quarum
1150 5586 1251 5640 ista
1293 5593 1417 5640 sunt
1458 5585 1712 5650 nomina,
1741 5583 1827 5639 vel

220 5681 316 5738 sic
384 5695 685 5752 agnoscas,
762 5690 821 5734 ut
899 5680 1073 5750 aliqua
1144 5680 1463 5734 lineamenta
1540 5694 1826 5748 corporum

221 5771 438 5826 videas.
472 5774 634 5839 Ecce,
659 5780 714 5826 ut
743 5772 844 5826 alia
874 5781 1096 5836 taceam,
1129 5771 1214 5825 dic
1244 5771 1374 5825 mihi
1404 5786 1560 5842 quam
1586 5773 1826 5840 ﬁguram,

300 5886 321 5920 ⁸
356 5884 592 5940 Partimda
608 5899 798 5954 negans
816 5887 960 5940 abest
980 5899 1008 5939 a
1031 5885 1314 5958 quibusdam
1329 5892 1437 5939 Uss.

1589 397 1789 456 LIBER
1826 396 2168 464 QUARTUS.

1943 529 2063 585 quae
2090 514 2361 580 membra,
2405 529 2562 586 quem
2605 515 2839 573 colorem
2881 512 3327 574 cbaritasbabeat
3358 533 3373 585 ;
3401 532 3524 590 qua

1941 617 2108 673 certe,
2148 607 2194 662 si
2237 608 2351 677 ipse
2380 607 2553 662 inanis
2576 623 2684 664 non
2712 623 2793 676 es,
2823 609 2981 664 inane
3006 609 3202 680 aliquid
3235 610 3326 665 tibi
3353 609 3521 666 videri

1942 714 2047 753 non
2074 708 2268 768 potest.
2317 717 2337 750 ι
2372 699 2538 770 Cujus
2579 701 2830 755 auxilium
2861 701 3197 773 imploratum
3224 709 3327 768 εει,
3367 719 3388 754 ι
3433 701 3522 756 ἰη-

1940 791 2079 861 quis,
2116 811 2134 844 ι
2173 806 2462 862 corporeus
2501 793 2682 864 utique
2712 794 2854 849 visus
2891 804 2972 850 est
2997 805 3154 866 atque
3179 795 3454 851 formatus.
3490 812 3511 848 ι

1940 883 2172 938 Audiant
2199 893 2248 939 te
2280 884 2544 951 homines,
2577 895 2630 941 et
2661 887 2750 940 Dei
2779 903 2936 942 nemo
2963 889 3212 959 imploret
3239 890 3516 958 auxilium,

1939 974 2060 1046 quia
2086 992 2244 1031 nemo
2269 992 2390 1031 eum
2418 985 2591 1046 potest
2618 975 2799 1032 videre
2826 993 3164 1048 corporeum.

2009 1067 2234 1123 CAPUT
2268 1067 2405 1122 XVI.
2433 1099 2506 1109 —
2533 1068 2623 1124 25.
2655 1087 2676 1122 ι
2711 1070 2966 1140 Denique,
3006 1090 3024 1124 ι
3064 1072 3256 1142 inquis,
3290 1091 3310 1124 ι
3349 1087 3522 1130 mem-

1937 1159 2033 1214 bra
2056 1160 2164 1215 illic
2188 1161 2377 1215 anima:
2401 1160 2793 1227 describuntur,
2825 1171 2881 1216 ut
2899 1179 3024 1217 vere
3051 1164 3120 1218 sit
3145 1179 3376 1231 corpus:
3407 1184 3425 1218 ι
3465 1173 3523 1222 et

1937 1250 2038 1314 vis,
2073 1268 2093 1302 ι
2127 1266 2221 1320 ρει·
2247 1254 2457 1307 οειιΙυιη
2487 1262 2654 1307 totum
2686 1263 2841 1323 caput
2871 1255 3108 1324 intelligi,
3147 1273 3166 1307 ι
3195 1255 3314 1324 quia
3343 1255 3519 1312 dictus

1939 1352 2020 1398 est
2045 1343 2251 1398 levasse
2278 1345 2462 1398 oculos
2511 1359 2671 1409 suos;
2723 1364 2741 1396 ι
2777 1361 2872 1416 per
2910 1346 3142 1416 linguam
3188 1345 3386 1412 fauces,
3425 1362 3523 1418 per

1937 1433 2157 1504 digitum
2199 1451 2438 1503 manum,
2476 1455 2496 1488 ›
2537 1436 2659 1506 quia
2690 1436 2892 1490 dictum
2928 1447 3026 1499 est,
3068 1437 3214 1491 Mitte
3241 1437 3516 1502 Lazarum,

1938 1535 1988 1577 ut
2018 1526 2266 1598 intinguat
2292 1537 2566 1580 extremum
2591 1529 2734 1599 digiti
2754 1531 2832 1582 sui
2859 1529 2911 1581 in
2946 1546 3150 1598 aquam,
3185 1539 3231 1583 et
3258 1531 3522 1602 refrigeret

1937 1619 2159 1690 linguam
2186 1637 2365 1674 meam.
2393 1621 2591 1675 Tamen
2624 1637 2690 1676 ne
2713 1637 2806 1690 per
2833 1623 3192 1676 membrorum
3215 1625 3428 1678 nomina
3449 1623 3520 1680 de

1941 1711 2046 1764 Deo
2069 1711 2160 1764 tibi
2200 1727 2459 1780 corporeo
2491 1713 2894 1781 prtescribatur,
2922 1713 3054 1766 dicis
3088 1731 3106 1764 ι
3142 1729 3235 1782 per
3275 1714 3388 1768 hare
3432 1713 3522 1768 in-

1935 1814 2218 1869 corporeas
2270 1802 2642 1872 intelligendas
2685 1818 2804 1857 esse
2849 1807 3112 1858 virtutes:
3149 1821 3170 1855 ›
3205 1805 3326 1874 quia
3350 1805 3516 1860 Deum

1936 1894 2229 1948 rectissime
2251 1895 2489 1949 defendis
2517 1911 2620 1950 non
2651 1911 2771 1950 esse
2805 1910 3146 1964 corporeum.
3179 1895 3312 1962 Quid
3356 1897 3517 1966 igitur

1935 1999 2111 2039 causa!
2137 1997 2240 2051 est,
2271 2002 2366 2040 cur
2408 1988 2625 2041 nomina
2658 1987 2753 2040 ista
2786 1987 3146 2041 membrorum
3189 1986 3242 2040 in
3274 1987 3382 2043 Deo
3426 1987 3520 2042 tibi

1934 2093 2129 2147 corpus
2160 2095 2262 2132 non
2297 2078 2510 2143 faciant,
2544 2079 2595 2133 in
2622 2080 2797 2133 anima
2827 2078 3059 2132 faciant?
3085 2081 3164 2132 An
3198 2095 3324 2134 vero
3350 2095 3520 2149 quan-

1933 2169 2004 2224 do
2046 2169 2114 2225 de
2156 2181 2400 2224 creatura
2461 2169 2576 2224 haec
2618 2171 2907 2233 dicuntur,
2957 2169 3171 2240 proprie
3211 2170 3519 2240 accipienda

1933 2275 2090 2329 sunt;
2145 2263 2359 2334 quando
2411 2274 2584 2317 autem
2637 2263 2704 2317 de
2758 2261 3031 2326 Creatore,
3090 2261 3295 2331 tropice
3351 2271 3513 2333 atque

1937 2357 2232 2411 translate?
2278 2357 2486 2410 Pennas
2518 2356 2695 2425 itaque
2743 2369 3028 2425 corporeas
3071 2353 3292 2409 daturus
3318 2368 3377 2409 es
3420 2369 3520 2410 no-

1934 2451 2034 2515 bis,
2059 2451 2308 2520 quoniam
2339 2465 2440 2502 non
2468 2448 2708 2514 Creator,
2729 2447 2820 2502 sed
2849 2455 3112 2511 creatura,
3143 2445 3194 2500 id
3215 2455 3317 2510 est,
3351 2445 3511 2502 homo

1933 2543 2080 2607 dicit,
2108 2542 2167 2595 Si
2197 2556 2515 2611 orsumpsero
2543 2556 2734 2610 pennas
2764 2556 2899 2592 meas
2923 2539 3052 2592 sicut
3082 2538 3312 2591 columba
3335 2536 3510 2609 (Psal.

1933 2649 2190 2697 cxxxvtu,
2223 2633 2299 2702 9).
2329 2632 2495 2686 Porro
2521 2640 2722 2696 autem,
2753 2631 2796 2684 si
2825 2638 3105 2700 propterea
3152 2629 3382 2700 linguam
3415 2629 3516 2684 ha-

1932 2726 2094 2781 bebat
2116 2725 2264 2780 dives
2307 2725 2394 2780 ille
2430 2739 2742 2794 corpoream
2779 2723 3026 2793 quoniam
3054 2722 3204 2788 dixit,
3236 2722 3520 2794 Refrigeret

1934 2825 2158 2893 linguam
2185 2838 2346 2875 meam
2377 2838 2396 2876 :
2428 2821 2479 2874 in
2526 2820 2681 2875 nobis
2730 2834 2940 2889 quoque
2959 2818 3132 2872 adhuc
3158 2817 3209 2872 in
3237 2833 3397 2872 carne
3439 2817 3520 2872 vi-

1934 2917 2201 2980 ventibus,
2245 2929 2434 2969 manus
2479 2913 2642 2968 habet
2685 2913 2796 2983 ipsa
2843 2912 3017 2982 lingua
3044 2925 3346 2981 corporeas,
3395 2911 3516 2981 quia

1933 3011 2188 3079 scriptum
2219 3017 2321 3074 est,
2355 3006 2499 3060 Mors
2523 3015 2587 3072 νει
2625 3007 2725 3058 vita
2749 3005 2802 3058 in
2832 3004 3062 3058 manibus
3110 3004 3297 3072 lingua
3333 3002 3514 3074 (Prov.

1933 3117 2080 3163 xvut,
2108 3099 2220 3170 21).
2255 3099 2390 3153 Ριιιο
2417 3099 2576 3152 etiam
2605 3112 2709 3151 non
2742 3096 2833 3150 tibi
2864 3095 3054 3159 videri,
3083 3095 3165 3148 vel
3213 3109 3334 3149 esse
3363 3108 3517 3148 crea-

1934 3194 2167 3259 luram‘,
2210 3192 2295 3246 vel
2338 3206 2532 3259 corpus
2559 3205 2680 3244 esse
2716 3198 2990 3259 peccatum
3017 3203 3151 3241 :cur
3189 3201 3318 3258 ergo
3357 3187 3520 3242 habet

1933 3283 2164 3337 faciem?
2190 3283 2270 3336 Au
2302 3297 2408 3335 non
2430 3280 2581 3334 audis
2623 3282 2677 3334 in
2708 3279 2940 3343 Psalmo,
2967 3277 3088 3332 Non
3111 3287 3186 3332 est
3211 3294 3314 3348 pax
3327 3276 3521 3332 ossibus

1933 3378 2077 3442 meis,
2105 3393 2137 3428 a
2161 3375 2292 3447 facie
2316 3383 2632 3445 peccatorum
2659 3388 2878 3426 meorum
2901 3371 3073 3442 (Paul.
3102 3385 3306 3435 xxxv",
3336 3369 3391 3440 ι)
3411 3372 3436 3422 ?

2001 3467 2092 3521 2ιι.
2124 3465 2276 3532 Quod
2319 3479 2448 3520 vero
2477 3481 2496 3515 ι
2532 3463 2679 3517 illum
2711 3461 2940 3516 Abrahae
2970 3459 3143 3514 sinum
3175 3478 3194 3512 ι
3244 3458 3520 3514 existimas

1939 3577 1958 3610 ‹
1987 3573 2106 3614 esse
2126 3573 2465 3628 corporeum,
2499 3565 2553 3611 et
2581 3570 2676 3626 per
2697 3556 2868 3623 ipsum
2901 3573 2920 3608 ι
2941 3555 3137 3609 asseris
3159 3571 3179 3605 ι
3204 3562 3370 3608 totum
3400 3568 3521 3608 cor-

1932 3667 2033 3722 pus
2061 3653 2175 3720 ejus
2205 3650 2456 3719 agnosci,
2503 3667 2522 3700 ι
2557 3663 2748 3703 vereor
2771 3663 2839 3702 ne
2876 3649 2928 3700 in
2959 3664 3016 3702 re
3047 3655 3188 3701 tanta
3212 3646 3522 3716 ioculariter

1932 3751 2092 3812 atque
2138 3740 2440 3805 irridenter,
2471 3756 2576 3794 non
2604 3740 2744 3794 serio
2772 3739 3109 3809 graviterque
3146 3753 3304 3808 agere
3331 3737 3520 3793 creda-

1933 3835 2027 3889 ris.
2053 3834 2230 3904 Neque
2252 3833 2394 3888 enim
2425 3847 2593 3902 usque
2617 3831 2752 3886 adeo
2781 3830 3074 3901 desiperes,
3106 3839 3162 3884 ut
3182 3831 3521 3886 arbitrareris

1934 3943 2251 3998 corporeum
2301 3927 2458 3981 unius
2507 3925 2740 3981 hominis
2785 3925 2959 3979 sinum
3011 3924 3151 3981 ferre
3187 3932 3264 3978 tot
3294 3925 3519 3991 animas,

1933 4019 2059 4089 imo,
2091 4027 2148 4072 ut
2170 4017 2460 4073 secundum
2490 4025 2543 4072 te
2571 4017 2776 4086 loquar,
2816 4033 2834 4066 ‹
2870 4014 3009 4070 ferre
3034 4022 3112 4069 tot
3137 4029 3362 4086 corpora
3386 4013 3524 4070 bene

1936 4112 2268 4175 meritorum,
2301 4118 2431 4180 quot
2459 4109 2583 4163 illuc
2628 4109 2816 4177 Angeli
2859 4110 2996 4162 sicut
3037 4106 3296 4162 Lazarum
3343 4107 3522 4178 perfe-

1936 4210 2078 4256 runt.
2116 4221 2134 4253 ›
2167 4201 2276 4256 Nisi
2307 4201 2545 4269 Opinaris
2574 4200 2799 4254 fortasse
2824 4199 2967 4252 illam
3000 4214 3158 4252 unam
3175 4200 3405 4252 animam
3436 4212 3526 4254 so-

1934 4294 2062 4358 lam,
2093 4294 2158 4348 ad
2186 4293 2431 4348 eumdem
2471 4293 2642 4346 sinum
2683 4293 2961 4361 pervenire
2991 4291 3272 4347 meruisse.
3317 4292 3371 4346 Si
3412 4307 3521 4347 non

1931 4388 2150 4459 jocaris,
2200 4396 2254 4442 et
2279 4403 2462 4442 errare
2495 4387 2769 4457 pueriliter
2814 4401 2918 4440 non
2945 4385 3057 4451 vis,
3089 4385 3261 4439 sinum
3291 4383 3522 4440 Abralta:

1935 4482 2190 4552 intellige,
2225 4491 2482 4536 remotam
2513 4479 2694 4534 sedcm
2722 4478 2914 4548 quietis
2935 4488 3094 4548 atque
3124 4485 3407 4540 secretam,
3433 4475 3523 4532 ubi

1935 4583 2019 4629 est
2042 4575 2330 4628 Abraham.
2360 4573 2429 4628 Et
2467 4573 2587 4628 ideo
2616 4573 2844 4627 Abralttc
2866 4570 3064 4626 dictum
3095 4569 3241 4644 (Luc.
3278 4585 3388 4636 xvr,
3422 4569 3522 4626 I9-

1935 4665 2062 4738 51),
2124 4683 2230 4720 non
2275 4664 2416 4736 quod
2467 4665 2630 4735 ipsius
2679 4673 2877 4719 tantum
2921 4663 3023 4728 sit,
3084 4661 3182 4717 sed
3225 4662 3365 4732 quod
3409 4661 3529 4732 ipse

1936 4769 2087 4829 pater
2124 4759 2406 4813 multarum
2437 4759 2674 4827 gentium
2703 4757 2772 4810 sit
2799 4756 2998 4826 positus
3021 4753 3171 4826 (Gen.
3200 4771 3328 4820 xvu,
3357 4755 3411 4820 4,
3438 4756 3518 4827 5),

1935 4851 2124 4920 quibus
2143 4859 2226 4904 est
2246 4850 2311 4904 ad
2341 4849 2654 4904 imitandum
2684 4847 2804 4903 (ἱδεί
2829 4847 3148 4918 principatu'
3172 4847 3474 4918 propositus
3505 4865 3520 4902 :

1936 4940 2072 4995 sicut
2101 4941 2265 4994 Deum
2292 4938 2582 5006 Abraham,
2613 4949 2666 4993 et
2694 4939 2858 4993 Deum
2882 4935 3048 5004 Isaac,
3077 4946 3132 4992 et
3148 4937 3314 4992 Deum
3335 4936 3520 5004 Jacoh,

1935 5044 1994 5086 se
2024 5031 2160 5085 Deus
2189 5029 2366 5085 vocari
2401 5031 2567 5086 voluit
2590 5029 2780 5104 (Exod.
2805 5045 2882 5094 ιιι,
2906 5027 2985 5102 6),
3024 5043 3147 5085 cum
3185 5027 3254 5084 sit
3280 5029 3524 5084 innume-

1935 5125 2180 5180 rabilium
2210 5121 2368 5178 Deus.

2005 5216 2231 5271 CAPUT
2271 5215 2434 5270 XVII.
2458 5245 2528 5257 -
2557 5216 2652 5272 25.
2683 5215 2867 5286 Neque
2897 5231 2984 5271 me
3009 5215 3123 5272 haec
3153 5215 3223 5270 ita
3259 5214 3524 5270 disserere

1936 5311 2235 5377 existimes,
2261 5321 2508 5382 tanquam
2542 5326 2728 5382 negem
2769 5310 2883 5365 ﬁeri
2912 5325 3070 5381 posse
3094 5319 3153 5365 ut
3177 5309 3350 5363 anima
3377 5319 3526 5360 mor-

1937 5402 2010 5456 tui
2036 5402 2172 5456 sicut
2195 5401 2533 5466 dormientis,
2561 5401 2612 5455 in
2641 5401 2994 5456 similitudine
3020 5400 3261 5470 corporis
3281 5397 3361 5452 sui
3392 5411 3522 5451 sen-

1937 5497 2050 5562 tiat,
2084 5510 2178 5551 seu
2207 5496 2364 5561 bona,
2395 5511 2486 5550 seu
2517 5496 2676 5550 mala.
2708 5495 2839 5549 Nam
2883 5503 2938 5550 et
2964 5495 3017 5548 in
3063 5490 3265 5547 somnis
3307 5486 3521 5559 quando

1936 5591 2109 5660 aliqua
2141 5589 2271 5644 dura
2311 5598 2365 5644 et
2409 5590 2628 5644 molesta
2673 5588 3023 5660 perpetimur,
3073 5597 3173 5638 nos
3213 5582 3393 5651 utique
3431 5595 3524 5635 su—

1933 5701 2089 5750 mus;
2132 5694 2188 5739 et
2246 5684 2347 5738 uisi
2390 5683 2758 5753 evigilantibus
2814 5679 2970 5735 nobis
3024 5677 3114 5732 illa
3158 5683 3518 5750 praetereant,
3574 5678 3577 5680 ’

2002 5825 2015 5853 ⁸
2053 5830 2230 5885 omnes
2254 5823 2400 5885 nostri
2419 5830 2551 5881 .\tss.,
2577 5823 2626 5872 in
2649 5825 2888 5885 Crantore.
3205 5875 3218 5885 .
3256 5876 3284 5885 Α

2000 5887 2019 5916 ³
2054 5883 2189 5945 Editi,
2213 5884 2547 5946 principatum.
2572 5883 2869 5945 castigantur
2895 5891 2958 5930 ex
2983 5883 3334 5948 manuscripts.
