4012 6526
436 539 625 600 poenas
661 523 1008 599 gravhsimas,
1025 521 1329 594 pendimus.
1360 518 1472 575 Sed
1498 529 1730 587 corpora
1756 532 1878 574 esse
1901 532 2021 575 cre-

434 621 586 689 dere,
627 618 820 690 quibus
857 615 957 672 hac
987 621 1144 683 atque
1173 611 1294 668 illac
1321 610 1475 682 quasi
1501 609 1724 665 terimur
1747 617 1803 664 et
1830 608 2023 664 volita-

435 728 558 771 mus
584 709 894 777 insomnis,
926 705 1184 772 hominis,
1202 713 1284 762 est
1322 704 1410 774 qui
1441 718 1627 773 parum
1652 703 1930 772 vigilanter
1957 701 2026 758 de

439 805 600 860 rebus
627 801 822 858 talibus
847 799 1130 870 cogitavit:
1151 797 1223 854 de
1249 797 1337 852 bis
1353 797 1550 867 qtu'ppe
1567 795 1804 850 visorum
1832 794 2025 864 imagio

437 897 620 962 nibus,
641 893 872 949 maxime
910 892 1089 948 anima
1128 891 1383 962 probatur
1423 904 1532 944 non
1560 902 1682 944 esse
1708 901 1967 958 corporea
2000 901 2020 943 :

437 990 536 1044 nisi
560 988 693 1043 velis
722 996 778 1043 et
799 987 894 1042 illa
919 1001 1147 1057 corpora
1167 985 1368 1050 dicere,
1391 998 1514 1054 quae
1549 992 1743 1052 prater
1761 996 1863 1038 nos
1879 982 2029 1052 ipsos

438 1093 548 1141 tam
566 1082 731 1138 multa
758 1081 999 1138 videmus
1028 1081 1081 1135 in
1106 1079 1332 1143 somnis,
1358 1077 1578 1142 calum,
1609 1085 1828 1141 terram,
1851 1090 2019 1142 mare,

434 1177 625 1242 solem,
659 1175 868 1241 lunam,
905 1174 1108 1240 stellas,
1131 1172 1344 1237 ﬂuvios,
1375 1180 1605 1235 montes,
1637 1169 1878 1237 arbores,
1909 1168 2028 1224 ani-

435 1268 616 1324 malia.
645 1267 768 1322 liae
792 1267 879 1336 qui
901 1281 1126 1335 corpora
1158 1280 1280 1320 esse
1303 1263 1494 1328 credit,
1523 1262 1902 1318 incredibiliter
1925 1261 2027 1316 de-

435 1360 560 1429 sipit
576 1377 588 1411 :
607 1367 732 1414 sunt
754 1367 932 1413 tamen
947 1356 1263 1426 corporibus
1279 1355 1499 1410 omnino
1515 1354 1804 1408 simillima.
1819 1353 1897 1408 Ex
1921 1353 2023 1407 hoc

429 1465 630 1522 genere
657 1461 782 1504 stmt
800 1449 984 1512 etiam,
1001 1462 1120 1518 quae
1135 1446 1262 1500 alia‘
1279 1445 1630 1515 signiﬁcantia
1641 1445 1894 1499 divinitus
1911 1443 2008 1498 de-

445 1547 834 1606 monstrantur,
863 1540 977 1594 sive
996 1539 1047 1593 in
1064 1538 1287 1606 somnis,
1310 1539 1426 1593 sive
1453 1539 1508 1594 in
1527 1537 1692 1593 ectasi
1710 1552 1860 1606 εφη
1883 1535 2024 1590 unde

437 1633 585 1698 ﬁant,
617 1634 670 1688 id
696 1641 799 1700 est,
824 1648 1072 1704 qua-nam
1105 1633 1174 1689 sit
1213 1634 1354 1688 velut
1378 1633 1626 1688 materies
1660 1646 1867 1696 eorum,
1904 1629 2024 1699 quis

435 1728 687 1797 indagare
708 1734 886 1797 potest
907 1736 998 1781 aut
1026 1725 1244 1782 dicere?
1272 1726 1462 1781 Procul
1489 1725 1650 1779 dubio
1676 1732 1852 1779 tamen
1874 1722 2024 1791 spiri-

438 1819 600 1874 tualis
616 1827 723 1884 est,
747 1833 850 1873 non
875 1817 1192 1887 corporalis.
1223 1817 1460 1888 Namque
1477 1815 1778 1886 hujusmodi
1814 1815 2024 1884 species

439 1911 590 1967 velut
610 1925 924 1980 corporum,
958 1925 1065 1966 non
1103 1920 1284 1965 tamen
1321 1924 1572 1979 corpora,
1617 1916 1674 1962 et
1700 1907 2021 1977 vigilantium

437 2004 759 2074 cogitatione
782 2002 1106 2069 formatur,
1125 2012 1179 2056 et
1205 2002 1560 2072 profunditate
1591 1999 1862 2055 memoria:
1893 2015 2022 2053 con-

438 2094 695 2160 tinentur;
727 2102 784 2150 et
809 2110 878 2150 ex
914 2094 1032 2160 ejus
1070 2093 1418 2148 abditissimis
1435 2092 1660 2158 sinibus,
1695 2091 1876 2146 nescio
1919 2105 2030 2160 quo

438 2184 670 2239 mirabili
709 2194 764 2239 et
808 2183 1064 2240 ineilabili
1106 2183 1290 2250 modo,
1343 2199 1466 2239 cum
1505 2182 1850 2238 recordamur
1897 2198 2026 2252 pro-

438 2274 626 2340 dcunt,
661 2284 716 2329 et
742 2275 894 2344 quasi
930 2285 1054 2329 ante
1073 2274 1256 2330 oculos
1284 2274 1488 2344 prolata
1532 2281 1838 2328 versantur.
1886 2272 2022 2328 Tam

439 2367 636 2422 multas
661 2365 820 2436 igitur
856 2373 912 2421 et
940 2374 1048 2421 tam
1084 2380 1307 2436 magnas
1337 2380 1620 2436 corporum
1659 2364 1949 2434 imagines,
1975 2363 2026 2418 si

448 2457 626 2512 anima
674 2471 869 2526 corpus
901 2465 1064 2521 esset,
1107 2471 1300 2526 capere
1344 2455 1628 2526 cogitando
1653 2456 1736 2511 vel
1766 2453 2023 2510 memoria

449 2546 776 2603 continendo
795 2548 816 2578 ²
842 2563 952 2602 non
977 2556 1176 2618 posset.
1206 2547 1509 2604 Secundum
1537 2557 1681 2603 tuam
1707 2547 1904 2618 quippe
1930 2546 2025 2603 de-

445 2639 766 2708 ﬁnitionem,
825 2657 846 2694 t
897 2655 1160 2710 corporea
1203 2641 1498 2697 substantia
1554 2656 1652 2696 sua
1691 2655 1888 2710 corpus
1926 2640 2028 2696 hoc

438 2730 674 2786 exterius
703 2746 813 2786 non
833 2729 1066 2786 excedit.
1102 2749 1124 2783 ι
1155 2729 1269 2798 Qua
1310 2731 1470 2802 igitur
1495 2730 1879 2800 magnitudine,
1909 2746 2032 2800 quae

439 2822 582 2876 nulla
613 2822 689 2877 illi
725 2831 832 2889 est,
871 2823 1132 2893 imqines
1158 2830 1268 2878 tam
1309 2837 1620 2893 magnorum
1662 2837 1948 2892 corporum
1974 2830 2034 2877 et

438 2916 729 2985 spatiorum
743 2923 902 2986 atque
914 2916 1190 2986 regionum
1207 2916 1373 2986 capit?
1385 2915 1520 2983 Quid
1535 2930 1664 2985 ergo
1685 2915 1898 2981 mirum,
1916 2915 1961 2970 si
1975 2923 2030 2972 et

440 3008 553 3077 ipsa
573 3007 672 3066 sibi
691 3008 744 3064 in
767 3008 849 3062 sui
874 3007 1114 3077 corporis
1129 3007 1474 3062 similitudine
1491 3015 1734 3077 apparet,
1747 3016 1801 3062 et
1815 3008 2032 3077 quando

442 3098 554 3151 sine
569 3111 796 3168 corpore
815 3097 1072 3168 apparet?
1088 3097 1266 3167 Neque
1281 3098 1424 3154 enim
1441 3113 1562 3153 cum
1577 3114 1676 3154 suo
1688 3112 1917 3168 corpore
1929 3098 2030 3154 sibi

443 3195 662 3258 apparet
699 3188 756 3243 in
798 3188 1030 3256 somnis,
1060 3199 1114 3244 et
1143 3198 1318 3244 tamen
1347 3190 1400 3244 in
1429 3204 1493 3245 ea
1528 3190 1642 3259 ipsa
1683 3189 2032 3247 similitudine

441 3281 682 3352 corporis
707 3282 810 3349 sui,
827 3283 977 3353 quasi
1007 3298 1103 3354 per
1118 3283 1236 3338 loca
1257 3283 1436 3352 ignota
1458 3290 1515 3338 et
1541 3292 1665 3338 uota
1689 3282 1962 3349 discurrit,
1977 3290 2034 3338 ct

441 3373 561 3428 laeta
585 3376 750 3431 sentit
775 3375 939 3430 multa
960 3379 1043 3430 vel
1065 3376 1256 3431 tristia.
1273 3375 1380 3432 Sed
1401 3385 1529 3446 puto
1553 3376 1694 3448 quod
1725 3392 1827 3432 nec
1859 3386 1912 3431 tu
1942 3392 2033 3432 au-

442 3466 574 3541 deas
590 3468 790 3533 dicere,
811 3468 1032 3540 ﬁguram
1049 3469 1190 3523 illam
1206 3469 1449 3538 corporis
1467 3481 1626 3538 atque
1644 3469 2027 3536 mero-brorum,

442 3577 602 3631 quam
619 3561 720 3617 sibi
739 3557 937 3617 habere
947 3562 1154 3617 videtur
1171 3562 1223 3616 in
1237 3563 1460 3627 somnis,
1473 3577 1663 3618 verum
1674 3577 1870 3632 corpus
1886 3577 2028 3617 esse.

440 3651 581 3709 Nam
604 3655 708 3709 isto
735 3652 902 3709 modo
927 3655 1034 3710 erit
1058 3669 1218 3709 verus
1259 3669 1438 3720 mons,
1471 3668 1634 3722 quem
1680 3653 1782 3708 sibi
1825 3652 2034 3708 videtur

443 3744 774 3811 ascendere;
796 3754 854 3800 et
879 3759 1138 3815 corporea
1165 3744 1378 3810 domus,
1418 3759 1576 3814 quam
1597 3744 1700 3800 sibi
1719 3743 1928 3798 videtur
1954 3743 2036 3800 in-

442 3843 622 3901 trare;
654 3843 710 3892 et
731 3836 892 3890 arbor
915 3851 1041 3892 vera
1067 3837 1372 3906 lignumque
1396 3851 1582 3890 verum
1597 3851 1790 3906 corpus
1810 3835 2028 3901 habens,

443 3928 544 3984 sub
570 3943 679 3999 qua
703 3928 805 3984 sibi
841 3928 1050 3983 videtur
1074 3929 1294 3998 jacere;
1321 3936 1375 3983 et
1402 3942 1537 3998 aqua
1570 3944 1717 3994 vera,
1745 3944 1904 3999 quam
1932 3928 2038 3984 sibi

445 4021 656 4080 videtur
681 4022 924 4088 haurire;
950 4029 1010 4078 et
1037 4021 1214 4077 omnia
1247 4021 1300 4076 in
1326 4020 1521 4091 quibus
1542 4021 1692 4091 quasi
1721 4019 2036 4090 corporibus

445 4127 706 4183 versatur,
748 4129 974 4185 corpora
1021 4123 1178 4170 ertmt
1205 4115 1250 4171 si
1300 4123 1356 4170 et
1397 4115 1511 4185 ipsa
1537 4130 1732 4186 corpus
1772 4125 1879 4181 est,
1915 4131 2036 4186 quae

445 4206 608 4264 simili
635 4207 864 4278 imagine
891 4207 1028 4263 inter
1047 4215 1240 4263 cuncta
1266 4207 1356 4262 illa
1381 4215 1644 4262 versatur.

520 4298 745 4355 CAPUT
783 4297 968 4354 XVIII.
1009 4298 1199 4356 —26.
1241 4299 1320 4355 De
1365 4299 1682 4370 conscriptis
1727 4299 2030 4356 visionibus

450 4398 745 4463 martyrum
792 4390 1075 4447 dicendum
1134 4391 1226 4447 tibi
1278 4398 1363 4446 est
1407 4391 1642 4464 aliquid;
1683 4391 1933 4462 quoniam
1977 4399 2038 4446 tu

446 4482 605 4538 etiam
639 4482 764 4541 inde
788 4482 1150 4540 testimonium
1195 4483 1559 4538 adhibendum
1579 4485 1792 4554 putasti.
1821 4483 2025 4555 Nempe

447 4586 633 4633 sancta
655 4577 922 4646 Perpetua
945 4576 1058 4632 visa
1095 4576 1199 4632 sibi
1216 4583 1300 4631 est
1324 4577 1382 4631 in
1407 4577 1628 4644 somnis,
1662 4593 1784 4631 cum
1802 4576 2037 4647 quodam

448 4671 709 4743 Egyptio
732 4671 790 4725 in
819 4670 990 4726 virum
1031 4683 1292 4724 conversa
1328 4668 1548 4724 luctari.
1577 4668 1708 4736 Quis
1735 4677 1909 4722 autem
1931 4667 2035 4722 du-

447 4765 601 4830 bitet,
634 4765 686 4818 in
713 4763 806 4818 illa
821 4762 1172 4818 similitudine
1194 4762 1438 4832 corporis
1461 4763 1696 4817 animam
1710 4762 1830 4832 ejus
1845 4761 2031 4832 fuisse,

451 4871 562 4910 non
584 4869 800 4924 corpus,
822 4854 967 4924 quod
987 4855 1169 4925 utique
1189 4855 1245 4908 iu
1261 4870 1358 4910 suo
1380 4847 1612 4910 femineo
1629 4871 1761 4912 sexu
1785 4872 2028 4924 manens,

449 4948 642 5020 sopitis
668 4947 914 5004 sensibus
931 4946 1143 5016 iacebat
1162 4947 1214 5002 in
1243 4947 1444 5012 stratis,
1466 4948 1678 5018 quando
1711 4950 1888 5004 anima
1914 4950 2035 5019 ejus

448 5041 512 5100 in
546 5041 638 5098 illa
664 5040 837 5096 virilis
870 5040 1116 5110 corporis
1153 5039 1502 5096 similitudine
1533 5041 1868 5097 luctabatur?
1893 5042 2034 5110 Quid

448 5134 536 5192 hic
565 5133 733 5192 dicis?
773 5149 1031 5189 verumne
1068 5140 1186 5188 erat
1226 5147 1421 5203 corpus
1451 5133 1538 5187 illa
1573 5134 1673 5188 viri
1715 5135 2028 5212 similitudo,

449 5242 520 5282 an
547 5242 652 5282 non
691 5232 814 5281 erat
830 5239 1067 5296 corpus,
1093 5225 1339 5295 quamvis
1377 5224 1600 5280 haberet
1628 5225 2028 5281 similitudinem

449 5317 735 5390 corporis?
777 5317 932 5388 Elige
969 5316 1099 5388 quid
1122 5316 1277 5372 velis.
1306 5316 1362 5372 Si
1404 5332 1599 5387 corpus
1639 5328 1774 5386 erat,
1806 5333 1902 5374 cur
1923 5333 2033 5374 non

449 5411 698 5468 servabat
736 5409 940 5482 vaginae
965 5425 1080 5466 sua
1120 5409 1385 5466 formam?
1421 5410 1602 5480 Neque
1626 5412 1770 5465 enim
1814 5411 1870 5465 in
1891 5411 2030 5468 illius

449 5503 660 5564 femina
674 5519 840 5562 carne
851 5502 1025 5558 virilia
1038 5501 1586 5574 repereratgenitalia,
1606 5502 1746 5556 unde
1763 5503 1830 5555 ita
1851 5513 2034 5571 posset

451 5613 572 5656 sese
606 5598 957 5666 coarctando,
1001 5605 1077 5665 et,
1108 5605 1167 5652 ut
1201 5605 1254 5651 tu
1284 5596 1518 5666 loqueris
1544 5637 1562 5657 ,
1598 5612 1619 5646 ι
1654 5594 1884 5665 gelando
1920 5596 2032 5652 for-

449 5691 607 5766 mari.
645 5709 671 5746 ι
709 5689 935 5758 Deinde,
973 5689 1200 5746 obsecro
1223 5695 1298 5756 te,
1344 5703 1468 5746 eum
1496 5702 1694 5760 corpus
1715 5686 2033 5747 dormienda

513 5824 534 5860 ί
557 5821 726 5873 Plures
746 5829 874 5884 Nam,
889 5819 1070 5884 aliqua,

515 5886 540 5922 ⁸
567 5886 641 5938 Sic
1001 5883 1143 5949 Mlti,
1159 5883 1422 5938 rerum.

1294 409 1386 465 DE
1426 407 1636 464 ANIMA
1679 407 1768 462 ET
1808 405 1973 464 EIUS
2008 405 2308 470 OﬂleE,
2348 405 2409 463 S.
2449 405 2813 465 AUGUSTINI

3604 405 3720 466 540

2135 516 2312 572 adhuc
2336 522 2558 586 vlveret,
2597 519 2810 590 quando
2831 518 2951 590 ejus
2971 521 3150 576 anima
3186 519 3506 590 luctabatur,
3535 522 3594 577 in
3615 535 3720 578 suo

2132 610 2320 679 vagina
2348 619 2488 674 erat,
2523 611 2704 682 utique
2722 612 2972 666 omnibus
2998 612 3258 668 membris
3285 613 3512 669 viventis
3539 614 3721 669 inelu-

2131 715 2212 769 sa,
2238 711 2294 757 et
2321 701 2376 757 in
2414 702 2533 772 ejus
2551 717 2780 774 corpore
2815 717 2967 759 suam
3013 703 3264 771 formam,
3311 705 3383 760 de
3405 718 3514 775 quo
3532 704 3713 761 fuerat

2130 793 2380 862 formata,
2408 794 2656 850 servabat
2681 812 2695 850 :
2723 794 2958 850 nondum
2986 795 3186 866 quippe
3218 804 3367 850 artus
3403 796 3544 861 illos,
3572 796 3719 852 sicut

2131 883 2270 940 litin
2297 895 2495 952 morte,
2535 885 2856 956 reliquerat;
2883 885 3120 942 nondum
3151 886 3392 942 membra
3433 900 3500 942 ex
3540 899 3722 942 mem—

2128 975 2241 1034 bris
2263 975 2492 1033 formata
2515 991 2584 1034 ex
2607 979 2958 1035 iurantibus
2984 987 3210 1050 cogente
3231 980 3284 1034 vi
3310 980 3501 1034 mortis
3525 987 3719 1034 extra-

2127 1079 2318 1127 xerat:
2351 1070 2492 1127 unde
2528 1072 2688 1142 igitur
2711 1080 2829 1129 erat
2870 1072 3028 1128 virile
3053 1073 3245 1128 animae
3280 1087 3496 1144 corpus,
3526 1072 3584 1127 in
3604 1086 3718 1143 quo

2128 1162 2232 1218 sibi
2256 1163 2445 1218 luctari
2474 1179 2600 1221 cum
2633 1151 2946 1221 adversario
2972 1165 3292 1220 videbatur?
3312 1163 3368 1221 Si
3396 1175 3578 1220 autem
3602 1178 3718 1220 non

2129 1265 2245 1310 erat
2271 1271 2486 1326 corpus,
2519 1265 2575 1312 et
2601 1266 2783 1313 tamen
2798 1267 2916 1313 erat
2939 1257 3140 1328 aliquid
3166 1258 3342 1312 simile
3363 1258 3627 1327 corporis,
3659 1258 3718 1312 in

2129 1361 2239 1416 quo
2279 1361 2410 1403 sane
2451 1363 2616 1403 verus
2655 1349 2808 1404 labor
2849 1358 2941 1403 aut
2987 1365 3114 1403 vera
3167 1349 3347 1403 laetitia
3385 1348 3716 1412 sentiretur;

2124 1439 2308 1507 jamne
2337 1439 2545 1496 tandem
2580 1440 2752 1505 vides,
2782 1441 3229 1513 quemadmodum
3265 1441 3384 1496 ﬁeri
3434 1441 3606 1512 possit
3656 1449 3722 1495 ut

2129 1531 2200 1586 sit
2218 1531 2268 1588 in
2290 1532 2466 1587 anima
2492 1533 2792 1589 similitudo
2807 1533 3051 1605 quaedam
3081 1534 3342 1605 corporis,
3373 1547 3477 1590 nee
3498 1534 3615 1604 ipsa
3645 1532 3724 1587 sit

2128 1623 2362 1690 corpus?

2197 1713 2285 1768 27.
2316 1713 2452 1782 Quid
2477 1716 2522 1770 si
2549 1715 2656 1771 tale
2685 1715 2882 1786 aliquid
2911 1716 3051 1787 apud
3080 1715 3280 1771 inferos
3306 1716 3530 1788 geritur,
3561 1723 3622 1772 et
3647 1715 3704 1772 in

2129 1803 2209 1858 eis
2237 1820 2314 1872 se,
2345 1823 2452 1861 non
2477 1809 2812 1878 corporibus,
2843 1809 2940 1863 sed
2961 1823 3248 1880 corporum
3277 1809 3726 1866 similitudinibus

2129 1897 2321 1952 animae
2349 1903 2683 1969 agnoscunt?
2709 1901 2842 1956 Cum
2872 1903 3018 1957 enim
3052 1904 3222 1958 tristia
3248 1905 3496 1973 patimur,
3529 1917 3721 1974 quam-

2129 1990 2211 2044 vis
2240 1990 2292 2044 in
2322 1993 2549 2060 soutnis,
2580 1995 2681 2048 etsi
2707 1996 3070 2050 membrorum
3113 2011 3498 2067 eorporeorum
3524 1999 3596 2052 sit
3626 1998 3722 2054 illa

2129 2081 2438 2149 similitudo,
2467 2099 2573 2138 non
2600 2087 2837 2141 membra
2858 2103 3113 2158 corporea
3134 2105 3148 2154 ;
3168 2105 3276 2144 non
3302 2100 3384 2145 est
3405 2102 3584 2145 tamen
3602 2103 3722 2162 pue-

2132 2188 2213 2224 ηαξ
2235 2173 2547 2241 similitudo,
2576 2176 2667 2231 sed
2695 2192 2851 2247 pinna
2880 2195 2892 2232 :
2921 2178 3002 2233 sic
3024 2180 3184 2234 etiam
3211 2180 3298 2234 ubi
3326 2181 3442 2235 lima
3472 2181 3719 2236 sentiun-

2133 2271 2238 2318 tur.
2272 2264 2374 2319 Sed
2400 2268 2650 2335 quoniam
2680 2279 2860 2324 salicta
2885 2271 3146 2340 Perpetua
3175 2271 3408 2326 nondum
3435 2282 3551 2327 erat
3573 2288 3726 2328 mor-

2133 2364 2221 2412 tua
2240 2399 2258 2424 ,
2289 2374 2394 2412 non
2422 2359 2500 2414 vis
2529 2360 2655 2417 hinc
2682 2363 2773 2417 tibi
2805 2363 3027 2419 fortasse
3056 2365 3329 2435 prtescribi
3355 2382 3370 2420 τ
3398 2379 3518 2421 eum
3563 2365 3732 2421 valde

2133 2447 2199 2502 ad
2242 2464 2354 2502 rem
2387 2451 2650 2518 pertineat
2672 2493 2687 2518 ,
2717 2453 2871 2523 cujus
2898 2469 3018 2509 esse
3045 2463 3252 2510 natura!
3279 2456 3556 2511 existimes
3593 2455 3730 2512 illas

2133 2539 2510 2598 similitudines
2547 2559 2828 2615 corporum
2864 2562 2996 2618 quas
3025 2548 3284 2604 habemus
3307 2547 3359 2604 in
3397 2549 3633 2615 somnis;
3666 2555 3726 2604 et

2135 2639 2244 2686 tota
2273 2633 2370 2688 ista
2397 2649 2559 2690 causa
2587 2636 2736 2693 ﬁnita
2759 2639 2850 2706 sit,
2880 2639 2926 2694 si
2950 2654 3046 2696 eas
3073 2648 3127 2696 et
3154 2641 3357 2697 similes
3377 2641 3722 2712 corporibus,

2134 2733 2189 2782 et
2213 2743 2317 2781 non
2346 2743 2467 2785 esse
2493 2745 2716 2800 carpam
2743 2732 3033 2790 conﬁteris.
3065 2733 3730 2790 Verurmamen-Dinocra-

2135 2826 2217 2874 tes
2261 2819 2427 2876 frater
2457 2821 2576 2892 ejus
2615 2832 2854 2879 mortuus
2897 2833 3016 2880 erat
3060 2842 3078 2880 :
3123 2824 3267 2882 hunc
3293 2825 3423 2882 vidit
3463 2841 3588 2883 curn
3630 2827 3728 2883 illo

2133 2911 2352 2968 vulnere
2391 2915 2535 2984 quod
2572 2915 2722 2971 vivus
2766 2916 2990 2985 habuit,
3031 2925 3092 2973 et
3125 2919 3270 2974 unde
3314 2928 3398 2975 est
3435 2920 3730 2990 perductus

2135 3003 2203 3058 ad
2263 3015 2513 3061 mortem.
2567 3006 2662 3062 Ubi
2711 3018 2794 3063 est
2842 3009 2984 3079 quod
3034 3011 3196 3066 tantis
3243 3012 3522 3067 conatibus
3573 3012 3731 3068 labo—

2135 3097 2268 3152 rasti
2296 3138 2314 3164 ,
2375 3113 2498 3153 cum
2565 3112 2752 3170 ageres
2814 3100 2883 3156 de
2942 3102 3258 3171 pmisione
3314 3104 3685 3159 membrorum
3710 3146 3729 3172 ,

2137 3209 2205 3248 ne
2261 3195 2421 3249 simul
2481 3196 2690 3250 concidi
2736 3196 2914 3266 anima
2969 3199 3284 3267 putaretur?
3334 3197 3474 3254 Ecce
3533 3199 3734 3256 vulnus

2138 3295 2254 3340 erat
2289 3287 2342 3340 in
2370 3287 2548 3341 animo
2581 3288 2898 3354 Dinocratis,
2939 3291 3082 3360 quod
3115 3306 3234 3346 eam
3271 3292 3324 3347 vi
3357 3305 3474 3360 sua,
3515 3293 3734 3364 quando

2138 3388 2254 3434 erat
2298 3380 2354 3433 in
2393 3380 2507 3448 ejus
2538 3395 2796 3451 corpore,
2835 3383 3064 3437 exclusit
3104 3397 3402 3454 ecorpore.
3446 3382 3736 3452 Quomodo

2139 3485 2268 3540 ergo
2293 3471 2588 3525 secundum
2633 3481 2780 3527 tuam
2818 3474 3155 3544 opinionem,
3205 3489 3230 3527 α
3250 3475 3461 3546 quando
3487 3475 3733 3531 membra

2139 3565 2380 3632 corporis
2411 3565 2788 3633 praecidantur,
2821 3567 2888 3622 ab
2912 3568 3018 3624 ictu
3044 3582 3103 3624 se
3127 3568 3408 3637 subtrahit,
3433 3579 3490 3626 et
3515 3569 3567 3625 in
3597 3571 3736 3626 alias

2140 3665 2318 3724 partes
2345 3655 2624 3710 densanda
2653 3671 2710 3711 se
2737 3658 2936 3729 colligit
2959 3701 2974 3726 ,
3007 3675 3073 3714 ne
3099 3660 3276 3731 aliqua
3301 3675 3426 3732 pars
3452 3661 3570 3732 ejus
3607 3661 3728 3716 vul-

2139 3763 2269 3803 nere
2296 3750 2539 3820 corporis
2576 3759 2907 3822 amputetur,
2953 3772 2972 3806 ι
3007 3754 3214 3808 etiamsi
3257 3754 3548 3812 dormienti
3569 3765 3737 3827 atque

2142 3843 2399 3897 nescienti
2453 3842 2811 3899 membrorum
2859 3845 3059 3916 aliquid
3107 3847 3462 3916 praecidatur?
3501 3847 3736 3904 Tantam

2140 3933 2335 4003 quippe
2361 3934 2439 3989 illi
2469 3935 2700 3990 tribuisti
2729 3937 3052 4007 vigilantiam
3075 3979 3090 4001 ,
3120 3947 3178 3992 ut
3219 3939 3378 3994 etiam
3406 3939 3534 3996 visis
3567 3954 3739 3996 occu-

2143 4033 2263 4096 pata
2287 4027 2642 4092 somniorum,
2669 4028 2712 4083 si
2741 4029 2891 4099 plaga
2919 4029 3136 4085 irruerit
3162 4031 3446 4100 ignoranti,
3475 4045 3579 4100 qua
3600 4045 3740 4087 caro

2141 4117 2380 4186 feriatur,
2408 4133 2466 4174 se
2495 4119 2583 4175 illa
2619 4120 2964 4190 providenter
3000 4121 3388 4192 perniciterque
3413 4123 3734 4190 subducat,

2139 4227 2209 4268 ne
2237 4213 2404 4283 possit
2443 4212 2591 4269 feriri
2621 4224 2786 4284 atque
2817 4214 3035 4280 vexari,
3071 4214 3186 4270 sive
3225 4215 3436 4270 concidi
3461 4231 3476 4269 :
3508 4228 3609 4270 nec
3643 4222 3737 4271 at—

2141 4305 2336 4370 tendis,
2361 4305 2522 4361 homo
2547 4307 2809 4377 prudens,
2840 4307 2979 4378 quod
3006 4306 3057 4361 si
3084 4321 3146 4362 se
3169 4307 3344 4362 anima
3375 4307 3500 4364 inde
3526 4307 3738 4363 subdu-

2140 4405 2304 4462 ceret,
2334 4412 2434 4452 nec
2458 4398 2546 4452 illa
2575 4399 2853 4468 percussio
2879 4399 3186 4454 sentiretur.
3225 4398 3337 4456 Sed
3376 4398 3554 4454 inveni
3584 4399 3740 4471 quod

2141 4490 2398 4559 potueris,
2429 4491 2558 4560 quid
2582 4491 2710 4546 inde
2736 4492 3080 4561 respondeas,
3107 4491 3377 4562 quomodo
3405 4493 3580 4547 anima
3606 4507 3736 4562 par-

2142 4591 2222 4637 tes
2244 4597 2369 4637 suas
2388 4583 2618 4652 abripiat
2642 4584 2682 4650 ⁸,
2711 4592 2766 4639 et
2790 4584 3043 4639 recondat
3069 4586 3351 4652 introrsus,
3384 4599 3454 4641 ne
3479 4585 3566 4641 ubi
3590 4600 3738 4656 prae-

2139 4675 2332 4730 ciditur
2359 4691 2460 4730 seu
2483 4677 2776 4745 percutitur
2800 4677 3040 4747 corporis
3065 4679 3389 4744 mem-brum,
3422 4686 3740 4747 amputetur

2139 4777 2194 4824 et
2223 4769 2334 4839 ipsa
2361 4778 2523 4839 atque
2544 4779 2780 4825 vexetur.
2813 4770 3156 4827 Dinocratcm
3181 4771 3364 4841 aspice
3384 4813 3400 4840 ,
3432 4781 3487 4826 et
3514 4769 3602 4826 dic
3631 4785 3738 4827 cur

2139 4859 2255 4930 ejus
2281 4860 2462 4915 anima
2492 4875 2596 4916 non
2626 4874 2688 4918 se
2713 4862 3037 4917 subtraxerit
3077 4863 3146 4918 ab
3188 4877 3255 4919 eo
3295 4863 3540 4935 corporis
3574 4861 3734 4930 loco,

2145 4950 2236 5021 qui
2279 4949 2563 5006 mortifero
2598 4953 2818 5009 vulnere
2855 4953 3192 5022 vastabatur,
3236 4970 3304 5009 ne
3343 4954 3396 5009 in
3443 4954 3533 5010 illa
3577 4954 3740 5010 fieret

2139 5040 2280 5112 quod
2309 5041 2362 5095 in
2392 5040 2508 5112 ejus
2543 5040 2684 5097 facie
2705 5043 2872 5097 etiarn
2895 5052 3014 5113 post
3037 5053 3265 5100 mortem
3293 5043 3462 5116 ipsius
3486 5047 3736 5115 corporis

2139 5143 2442 5202 appareret.
2471 5134 2560 5188 An-
2579 5133 2722 5190 forte
2737 5137 2898 5192 etiam
2924 5137 2946 5170 ³
2977 5136 3072 5191 tibi
3092 5137 3285 5208 placet,
3310 5146 3368 5192 ut
3395 5137 3524 5192 istas
3552 5139 3736 5207 potius

2139 5223 2517 5280 similitudines
2537 5240 2821 5295 corporum
2846 5240 3002 5295 quam
3024 5241 3250 5296 corpora
3269 5241 3388 5283 esse
3411 5228 3731 5296 credamus;

2140 5324 2199 5370 ut
2226 5316 2494 5386 quomodo
2519 5327 2742 5388 apparet
2767 5317 2920 5388 quasi
2946 5317 3159 5385 vulnus,
3187 5317 3329 5389 quod
3357 5333 3467 5374 non
3493 5325 3578 5376 est
3601 5320 3731 5375 vul-

2140 5423 2262 5472 nus.
2291 5409 2364 5463 ita
2389 5410 2530 5480 quod
2561 5425 2672 5465 non-
2697 5419 2782 5465 est
2802 5423 3015 5480 θοι-μη,
3046 5411 3196 5482 quasi
3221 5427 3415 5482 corpus
3437 5413 3738 5483 appareat?

2140 5501 2276 5556 Nam
2313 5504 2362 5558 si
2385 5503 2567 5558 animo
2600 5503 2868 5560 vulnerari
2906 5513 3084 5574 potest
3107 5505 3176 5560 ab
3212 5505 3291 5560 eis
3326 5506 3417 5576 qui
3441 5505 3733 5561 vulnerant

2141 5610 2335 5665 corpus
2354 5635 2372 5661 ,
2402 5594 2602 5664 nihilne
2632 5593 2976 5651 metuendum
3003 5606 3116 5664 est,
3145 5613 3216 5654 ne
3241 5599 3412 5669 possit
3447 5597 3617 5654 occidi
3653 5597 3734 5655 ab

2139 5691 2220 5747 eis
2243 5689 2336 5762 qui
2367 5690 2617 5746 occidunt
2648 5689 2882 5762 corpus?
2910 5690 3064 5760 Quod
3105 5691 3364 5752 Dominus
3385 5690 3736 5766 apertissime

2203 5829 2221 5860 ί
2255 5825 2386 5890 Apud
2407 5830 2539 5885 Dom,

2207 5893 2228 5923 ι
2255 5887 2420 5938 Plures
2441 5895 2566 5951 Mss,
2594 5887 2948 5953 annuntiat.
