4012 6478
187 356 308 413 541

193 469 339 525 ﬁeri
388 485 494 526 non
543 485 706 540 posse
747 477 971 526 testatur
1000 467 1213 539 (Matth.
1255 483 1325 535 ι,
1368 464 1485 537 9.8).
1527 465 1596 520 Et
1635 473 1811 519 tamen

191 561 404 619 mima
434 561 736 618 Dinocratis
775 559 912 616 mori
941 576 1046 614 non
1077 559 1278 630 potuit,
1313 557 1454 613 unde
1482 572 1674 626 corpus
1699 555 1815 626 ejus

187 665 294 715 εει
329 667 602 711 mortuum
628 673 643 710 :
671 665 730 711 et
755 655 904 726 quasi
934 654 1209 708 vulnerata
1234 651 1346 706 visa
1383 660 1492 717 est,
1525 650 1664 704 sicut
1692 663 1814 704 coro

185 739 317 818 plus
354 748 522 802 fuerat
553 748 908 813 vulneratum,
931 745 1180 816 quoniam
1206 757 1400 814 corpus
1427 757 1532 797 non
1557 750 1692 808 erat,
1720 737 1815 794 sed

191 837 460 896 habebat
485 840 537 892 in
567 835 918 892 similitudine
945 838 1187 906 corporis
1216 835 1374 892 etiam
1415 832 1816 889 similitudinem

195 931 469 986 vulneris
494 949 512 985 :
548 945 711 1000 porro
738 938 914 984 autem
963 929 1016 983 in
1045 929 1064 961 ⁸
1113 943 1217 981 non
1257 940 1384 980 vero
1421 938 1645 994 corpore
1692 937 1814 977 vera

194 1023 446 1080 miseria
487 1023 578 1077 fuit
619 1023 846 1088 animae,
897 1038 1015 1093 qua:
1061 1020 1462 1092 significabatur
1503 1017 1817 1073 adumbrato

193 1115 473 1185 corporis
495 1115 747 1182 vulnere,
789 1114 857 1171 de
899 1129 1002 1186 qua
1029 1115 1232 1170 sororis
1261 1122 1458 1169 sanctae
1487 1111 1816 1167 orationibus

195 1209 427 1262 meruit
450 1208 682 1263 liberari.

278 1300 389 1354 28.
422 1299 538 1354 .lam
579 1298 706 1353 illud
736 1300 891 1370 quale
917 1309 1028 1366 est,
1059 1298 1241 1355 dicere
1277 1299 1418 1370 quod
1453 1316 1473 1350 ‹
1503 1299 1678 1352 anima
1709 1295 1817 1352 for-

197 1405 372 1445 mam
402 1391 476 1445 de
499 1406 721 1461 corpore
747 1404 827 1445 atri
847 1392 1003 1461 ipiat,
1036 1404 1087 1446 et
1115 1407 1234 1446 cum
1267 1391 1594 1446 incremento
1623 1404 1816 1459 corpo-

197 1485 290 1538 ris
321 1485 674 1553 protendatur
699 1493 753 1539 et
773 1493 1011 1548 crescat;
1044 1501 1062 1536 ι
1098 1492 1150 1537 et
1175 1497 1280 1538 non
1306 1482 1581 1537 attendere
1606 1485 1626 1514 ²
1658 1498 1815 1552 quam

199 1585 570 1630 Inoustruosa
599 1576 787 1630 evadat
823 1577 1000 1631 anima
1035 1575 1243 1645 juvenis
1275 1576 1386 1629 sive
1414 1576 1588 1640 senis,
1620 1575 1664 1629 si
1702 1573 1828 1643 ejus

199 1666 506 1721 brachium
534 1666 854 1736 prurcidatur
881 1667 1114 1720 infantis.
1151 1685 1170 1719 t
1199 1665 1476 1721 Conlrahit
1503 1666 1643 1719 enim
1673 1680 1752 1731 se,
1790 1683 1809 1717 ι

203 1766 273 1811 σε
317 1758 495 1821 dicis;
531 1775 556 1810 ι
580 1757 772 1811 animat
812 1773 1030 1825 manus,
1063 1773 1131 1811 ne
1160 1758 1270 1827 ipsa
1298 1757 1456 1811 etiam
1489 1771 1608 1810 cum
1655 1771 1816 1810 manu

202 1849 470 1917 corporis
493 1857 814 1918 amputetur,
838 1859 892 1904 et
913 1850 962 1903 in
981 1849 1114 1903 alias
1135 1863 1192 1903 se
1214 1860 1391 1918 partes
1412 1848 1650 1918 corporis
1679 1848 1814 1902 den-

203 1939 404 1994 sendo
425 1939 713 1994 concludit.
746 1959 768 1992 ι
797 1943 874 1995 lic
902 1955 996 2010 per
1024 1943 1121 1994 hoc
1147 1940 1274 1994 illud
1306 1941 1494 1993 animae
1518 1938 1810 2007 brachium,

204 2047 390 2102 quam
427 2033 590 2086 breve
617 2033 858 2104 corporis
884 2032 977 2086 fuit
1008 2032 1150 2088 unde
1175 2041 1387 2102 ceperat
1419 2031 1673 2096 formam,
1707 2040 1814 2086 tam

205 2121 390 2177 laeve
416 2123 717 2178 servabitur
755 2123 1077 2193 ubicumque
1117 2132 1390 2189 servetur;
1437 2123 1558 2192 quia
1590 2123 1816 2192 perdidit

206 2211 488 2278 ham,
527 2214 679 2284 cujus
716 2214 1046 2268 incremento
1088 2224 1268 2286 posset
1309 2215 1508 2284 pariter
1545 2229 1810 2270 crescere.

207 2305 354 2361 Exit
380 2322 514 2376 ergo
534 2307 709 2361 animo
735 2307 948 2377 juvenis
976 2313 1068 2360 aut
1093 2307 1235 2362 senis
1254 2347 1267 2371 ,
1304 2307 1390 2376 qui
1421 2322 1632 2361 manum
1651 2349 1664 2373 ,
1691 2322 1816 2362 cum

206 2407 371 2453 esset
410 2414 640 2468 pomis,
687 2400 896 2467 amisit,
943 2401 1142 2455 habens
1173 2400 1384 2471 quidem
1429 2401 1561 2455 duas
1589 2415 1810 2468 manus,

208 2491 352 2560 quia
375 2505 485 2546 una
521 2493 787 2562 refugiens
815 2507 920 2547 non
973 2502 1053 2548 est
1093 2503 1360 2564 amputata
1399 2509 1521 2551 cum
1551 2509 1808 2564 corpore,

208 2581 314 2637 sed
343 2583 564 2638 alteram
590 2584 884 2652 juv'enilem
910 2585 991 2640 vel
1013 2586 1256 2652 senilem,
1281 2587 1502 2640 alteram
1529 2601 1656 2641 vero
1677 2587 1814 2642 sicut

216 2676 470 2744 primum
490 2673 680 2738 luerat,
711 2675 1026 2731 infantilem.
1049 2676 1208 2731 Tales
1227 2678 1450 2744 animas,
1479 2678 1637 2733 crede
1660 2678 1809 2746 mihi,

207 2781 332 2824 non
353 2767 520 2820 forma
538 2767 778 2836 corporis
800 2765 942 2832 facit,
966 2767 1062 2823 sed
1080 2768 1280 2822 erroris
1299 2767 1608 2822 deformitas
1635 2767 1806 2838 lingit.

206 2856 340 2915 Non
369 2857 502 2914 mihi
534 2857 732 2911 videris
767 2858 835 2913 ab
863 2859 966 2912 isto
991 2874 1178 2914 errore
1204 2873 1361 2929 posse
1383 2860 1527 2926 erui,
1569 2860 1670 2913 nisi
1703 2860 1813 2914 Deo

207 2949 508 3019 ﬂium
526 2949 810 3021 diligenter
828 2951 1252 3007 consideraveris
1274 2953 1384 3006 visa
1413 2953 1808 3018 somniantium,

211 3050 272 3097 et
301 3040 437 3096 inde
476 3043 790 3113 cognoveris
815 3057 934 3098 esse
973 3043 1230 3114 quasdam
1259 3059 1380 3114 quae
1407 3059 1512 3098 non
1554 3044 1663 3098 sint
1689 3059 1810 3098 cor-

211 3145 388 3202 pora,
417 3131 513 3187 sed
557 3133 932 3189 similitudines
972 3148 1280 3205 corporum.
1310 3134 1562 3204 Quamvis
1590 3136 1733 3190 enim
1759 3145 1813 3190 et

211 3238 278 3278 ea
305 3238 434 3294 qva
459 3224 650 3279 similia
687 3225 1008 3295 corporibus
1031 3227 1352 3297 cogitamus,
1396 3242 1462 3282 ex
1508 3243 1574 3282 eo
1615 3241 1811 3298 genere

210 3316 370 3371 sint:
405 3324 588 3372 tam
625 3316 768 3386 mind
796 3317 864 3372 ad
893 3326 1136 3373 mortuos
1163 3321 1381 3384 attinet,
1413 3321 1587 3390 aptior
1625 3319 1806 3388 conje-

209 3416 370 3462 ω
394 3407 468 3464 de
506 3408 900 3464 dormientibus
935 3409 1164 3465 ducitur.
1212 3411 1395 3481 Neque
1433 3411 1574 3466 enim
1617 3411 1810 3465 frustra

211 3511 349 3562 eos,
376 3497 470 3568 qui
509 3500 707 3554 mortui
747 3509 870 3555 sunt
898 3501 1130 3572 appellat
1167 3513 1349 3557 sancta
1381 3502 1652 3572 Scriptura
1682 3503 1809 3557 dor-

209 3592 449 3647 mientes
478 3591 524 3663 (I
548 3591 726 3648 Thus.
755 3609 830 3660 tv,
861 3593 952 3667 η)
974 3637 989 3659 ,
1019 3595 1118 3650 nisi
1161 3595 1281 3665 quia
1309 3605 1390 3651 est
1419 3595 1810 3665 quodammodo

209 3684 650 3754 uulsa-guinem
693 3685 824 3740 lethi
864 3682 1035 3756 sopor
1068 3684 1286 3760 (Virgil.
1312 3728 1328 3754 ,
1367 3685 1582 3742 Λῖηθὶά.
1624 3689 1712 3743 lib.
1743 3689 1806 3757 6,

209 3793 348 3832 ws.
373 3777 528 3846 379).

280 3868 518 3926 CAPUT
544 3868 690 3926 XIX.
713 3899 787 3914 --
807 3871 900 3927 29.
933 3871 1168 3928 Proinde
1201 3873 1245 3928 si
1285 3873 1458 3928 anima
1487 3887 1681 3945 corpus
1719 3887 1808 3928 es-

209 3971 342 4033 set,
363 3971 422 4018 et
443 3976 701 4033 corporea
733 3973 878 4020 esset
907 3965 1070 4036 figura
1099 3966 1150 4019 in
1180 3981 1283 4037 qua
1310 3981 1370 4022 se
1419 3967 1564 4022 videt
1599 3967 1652 4021 in
1705 3982 1796 4022 so-

209 4054 612 4126 mniseomlod
632 4055 702 4112 de
720 4070 947 4126 certiore
971 4057 1087 4127 ejus
1103 4056 1290 4113 fuisset
1314 4073 1599 4129 expressa;
1634 4059 1809 4114 nullus

211 4145 496 4202 hominum
522 4146 770 4202 membro
789 4148 1032 4218 corporis
1057 4157 1352 4218 amputato,
1381 4149 1518 4203 sicut
1545 4163 1611 4204 eo
1636 4159 1805 4218 caret,

214 4239 292 4294 ita
316 4239 438 4294 lin
462 4238 562 4296 ιιι
595 4253 666 4294 se
684 4237 894 4295 videret
919 4239 972 4294 in
1001 4241 1240 4308 semis,
1269 4240 1364 4296 sed
1392 4241 1567 4310 potius
1595 4256 1808 4311 semper

214 4331 512 4401 integrum,
539 4345 610 4387 eo
635 4331 778 4402 quod
805 4332 1004 4388 animm
1024 4333 1190 4404 ipsius
1215 4333 1348 4388 nihil
1377 4333 1540 4389 fuerit
1560 4344 1805 4403 amputa-

211 4430 352 4478 tum.
389 4419 526 4478 Cum
566 4437 695 4478 vero
727 4424 1014 4494 aliquando
1055 4439 1118 4480 se
1150 4425 1383 4496 integros
1416 4425 1662 4490 videant,
1704 4426 1806 4480 ali-

211 4513 430 4584 quando
455 4522 633 4568 autem
674 4514 813 4570 sicut
839 4527 998 4583 sunt,
1029 4531 1095 4572 ex
1121 4533 1452 4588 quacumque
1479 4523 1629 4586 parte
1661 4526 1808 4572 trun-

213 4615 400 4670 catas;
423 4605 556 4676 quid
578 4605 728 4662 aliud
750 4607 854 4663 ista
876 4621 969 4662 res
987 4609 1144 4664 docet
1163 4650 1178 4675 ,
1228 4610 1328 4665 nisi
1357 4611 1590 4665 animam
1611 4653 1625 4678 ,
1669 4612 1806 4668 sicut

219 4699 442 4753 aliarum
469 4714 653 4755 rerum
675 4715 810 4770 quas
833 4701 1003 4757 sensit
1030 4702 1088 4756 in
1114 4703 1337 4770 somnis,
1363 4703 1434 4757 ita
1464 4713 1518 4758 et
1543 4719 1803 4774 corporis,

217 4788 382 4845 modo
398 4789 500 4856 sic,
523 4790 693 4846 modo
706 4793 810 4859 sic,
829 4807 938 4847 non
960 4793 1260 4860 veritatem,
1286 4794 1382 4849 sed
1402 4795 1805 4852 similitudinem

207 4882 440 4952 gerere?
474 4881 742 4939 Gaudium
777 4900 910 4941 vero
941 4885 1062 4956 ejus
1093 4885 1208 4942 sive
1238 4886 1450 4942 tristitia
1471 4929 1484 4953 ,
1523 4888 1806 4944 delectatio

217 4974 298 5029 vel
325 4973 550 5030 olensio
567 5017 585 5042 ,
615 4975 732 5032 sive
752 4976 824 5031 sit
847 4977 902 5032 in
925 4978 1265 5048 corporibus,
1298 4979 1411 5035 sive
1438 4980 1490 5034 in
1516 4995 1806 5050 corporum

216 5066 674 5136 similitudinibus,
691 5083 824 5124 vera
847 5079 948 5126 est.
973 5069 1053 5126 Tu
1080 5071 1198 5143 ipse
1222 5087 1398 5128 nonne
1424 5072 1622 5138 dixisti,
1647 5088 1802 5128 vere-

217 5175 318 5228 que
332 5158 536 5228 dixisti,
572 5178 598 5213 o
616 5161 883 5220 Alimenta
905 5171 968 5220 et
980 5165 1297 5222 vestimenta
1318 5182 1424 5222 non
1445 5182 1564 5222 esse
1586 5168 1797 5234 animae,

216 5252 310 5306 sed
335 5254 548 5323 corpori
579 5257 926 5313 lacuaria?
949 5276 972 5311 ι
999 5260 1114 5315 Cur
1137 5275 1264 5330 ergo
1294 5277 1446 5332 aquae
1475 5261 1672 5316 stillam
1702 5263 1802 5318 de-

215 5342 466 5399 sideravit
481 5345 628 5415 apud
645 5345 847 5403 inim
867 5348 1054 5404 dives?
1077 5350 1188 5407 Cur
1205 5351 1420 5408 Samuel
1443 5363 1659 5408 sanctus
1682 5361 1805 5426 post

215 5445 444 5494 ortum
462 5479 482 5506 ,
508 5448 570 5494 ut
603 5440 725 5511 ipse
755 5455 968 5513 quoque
994 5446 1450 5512 commemorati,
1476 5446 1638 5501 solito
1663 5446 1690 5478 ⁸
1717 5447 1799 5503 in-

213 5527 470 5590 dumento
491 5533 720 5594 vestitus
748 5535 992 5606 apparuit
1017 5535 1070 5609 (ι
1095 5535 1222 5610 Reg.
1258 5554 1449 5609 uvrn,
1480 5538 1613 5612 ην
1639 5540 1804 5597 Num-

257 5696 1743 5815 :Eﬁgtgwtbmgewetmm

265 5823 864 5888 ’Μυκηωεόα

1574 350 1774 408 LIBER
1811 348 2160 420 QUARTUS.

3392 367 3504 428 ω

1923 465 2047 537 quid
2079 467 2162 520 ille
2192 469 2370 524 ruinas
2395 471 2584 526 animae
2603 513 2620 541 ,
2650 472 2786 529 sicut
2811 475 3006 542 carnis,
3023 490 3118 550 per
3138 477 3379 537 humoris
3409 483 3504 538 ali-

1922 565 2158 611 mentum
2190 560 2407 616 rellcere
2443 564 2726 631 cupiebat?
2759 566 3022 639 Numquid
3051 569 3150 626 iste
3175 570 3242 628 de
3277 587 3504 645 corpore

1921 650 2144 704 vestitus
2172 653 2416 706 exierat?
2442 653 2548 712 Sed
2585 656 2636 712 in
2668 657 2758 712 illo
2795 675 2918 715 vera
2947 670 3065 718 erat
3091 663 3368 736 molestia,
3392 682 3502 740 qua

1922 742 2256 797 cruciabatur
2299 747 2502 812 anima;
2549 763 2655 804 non
2695 758 2874 807 tamen
2911 768 3095 809 verum
3141 770 3372 832 corpus,
3413 759 3502 818 cui

1923 843 2184 903 quaereret
2220 836 2488 893 alimenta.
2519 839 2585 893 Et
2611 839 2708 896 iste
2731 842 2807 897 sic
2836 846 3008 914 potuit
3044 861 3304 918 apparere
3335 851 3501 908 vesti-

1923 932 2028 990 tus,
2059 936 2116 981 ut
2152 943 2255 982 non
2287 945 2480 1001 corpus
2506 942 2690 1002 esset,
2719 934 2814 989 sed
2841 937 3234 995 similitudinem
3263 943 3506 1014 corporis

1924 1020 2144 1076 haberet
2182 1030 2234 1075 et
2261 1023 2436 1077 anima
2481 1033 2535 1079 et
2575 1021 2806 1081 habitus.
2838 1025 3021 1100 Neque
3046 1032 3188 1086 enim
3227 1047 3286 1088 se
3325 1034 3506 1093 anima

1922 1114 2059 1170 sicut
2088 1116 2138 1169 in
2165 1118 2399 1173 membra
2427 1121 2689 1192 corporis,
2723 1121 2794 1177 ita
2823 1132 2878 1178 et
2907 1125 2959 1178 in
2985 1126 3305 1186 vestimch
3328 1129 3503 1202 porri-

1921 1208 1994 1278 git
2015 1217 2068 1262 et
2092 1219 2348 1279 coarctat,
2378 1222 2436 1265 ut
2461 1214 2621 1268 etiam
2648 1213 2770 1269 inde
2792 1214 3071 1275 formetur.

1992 1299 2078 1354 50.
2111 1301 2236 1355 Post
2264 1311 2490 1358 mortem
2531 1321 2658 1360 vero
2695 1322 2856 1377 quam
2899 1307 3006 1364 vim
3037 1309 3354 1382 cognitionis
3381 1326 3505 1368 cor-

1922 1392 2256 1462 ruptibilibus
2302 1408 2604 1452 exoneralze
2648 1400 2963 1468 corporibus
2985 1388 3201 1460 -anim:e
3243 1404 3514 1474 accipiant

1921 1484 2078 1541 etiam
2109 1502 2211 1540 non
2243 1486 2428 1552 bonae;
2464 1497 2520 1542 ut
2547 1489 2628 1543 vel
2655 1491 2855 1560 pariter
2884 1492 3085 1559 malas,
3111 1494 3197 1550 vel
3223 1496 3388 1552 etiam
3409 1495 3508 1551 bo-

1924 1591 2018 1629 nas
2040 1577 2248 1632 valeant
2268 1579 2605 1636 interioribus
2629 1584 2872 1639 sensibus
2893 1585 3084 1644 intueri
3110 1597 3164 1645 et
3188 1603 3508 1660 agnoscere,

1923 1668 2034 1721 sive
2068 1668 2119 1722 in
2147 1668 2275 1738 ipsis
2303 1685 2406 1724 non
2435 1675 2772 1743 corporibus,
2805 1677 2898 1731 sed
2927 1677 3360 1738 similitudinibus
3386 1695 3508 1738 cor-

1923 1773 2130 1827 porum,
2163 1761 2274 1814 sive
2305 1763 2356 1815 in
2389 1761 2540 1818 bonis
2569 1775 2660 1818 aut
2688 1767 2841 1822 malis
2871 1768 3241 1828 all‘ectionibus
3269 1772 3510 1843 mentis,

1922 1848 1975 1902 in
2004 1851 2196 1920 quibus
2238 1853 2380 1906 nulla
2409 1865 2532 1910 sunt
2564 1859 2714 1928 quasi
2746 1859 3066 1916 lineamenta
3103 1863 3511 1934 membrorum.

1921 1943 2038 2012 quis
2067 1945 2238 1999 valeat
2268 1945 2556 2018 indagare?
2583 1949 2736 2006 Unde
2761 1962 2843 2008 est
2872 1961 2926 2009 et
2955 1955 3108 2022 illud,
3135 1957 3278 2028 quod
3300 1967 3512 2028 patrem

1922 2033 2186 2088 Abraham
2214 2035 2362 2092 dives
2389 2039 2507 2106 ille,
2538 2057 2658 2096 cum
2688 2043 2742 2097 in
2771 2047 3050 2104 tormentis
3077 2057 3238 2117 esset,
3268 2050 3513 2124 θειωνιι.

1920 2124 2003 2179 cui
2035 2125 2199 2195 figura
2225 2131 2463 2200 corporis
2493 2133 2606 2203 ejus
2636 2152 2738 2190 non
2765 2147 2880 2193 erat
2906 2148 3050 2205 nota,
3081 2142 3234 2214 cujus
3260 2145 3514 2215 Corporis

1919 2218 2316 2278 similitudinem
2338 2227 2580 2296 quamvis
2602 2229 2916 2300 incorporea
2945 2233 2959 2263 '
2990 2233 3158 2304 potuit
3180 2235 3359 2290 anima
3379 2236 3508 2294 reti-

1919 2325 2064 2364 nere.
2097 2311 2225 2378 Quis
2246 2326 2419 2370 autem
2452 2328 2596 2374 recte
2613 2320 2846 2386 dicat,se
2867 2322 3097 2394 aliquem
3114 2325 3384 2384 hominem
3407 2342 3512 2384 ωε

1917 2406 2193 2476 gnovisse,
2222 2407 2322 2462 nisi
2355 2409 2406 2463 in
2437 2421 2691 2479 quantum
2717 2416 2888 2484 potuit
2921 2417 3040 2486 ejus
3066 2419 3230 2476 vitam
3257 2421 3505 2480 voltum-

1919 2507 2132 2571 temque
2169 2516 2519 2572 cognoscere,
2565 2521 2684 2578 quae
2709 2509 2886 2580 utique
2904 2511 3076 2568 moles
3096 2526 3204 2567 non
3225 2513 3384 2569 habet
3416 2515 3504 2570 vel

1917 2595 2160 2650 colores?
2189 2596 2280 2652 Sic
2309 2598 2450 2652 enim
2480 2607 2534 2654 et
2561 2614 2659 2656 nos
2688 2601 2832 2672 ipsos
2870 2603 3066 2659 certius
3093 2620 3256 2676 quam
3277 2615 3510 2664 exteros

1916 2685 2192 2751 novimus,
2233 2687 2356 2758 quia
2395 2689 2549 2743 nobis
2589 2691 2913 2748 conscientia
2949 2700 3134 2752 nostra
3162 2704 3290 2751 nota
3329 2705 3412 2752 est
3448 2705 3512 2756 et

1917 2779 2195 2834 voluntas:
2229 2795 2386 2852 quam
2414 2782 2569 2852 plane
2596 2782 2866 2850 videmus,
2907 2794 2963 2841 et
2999 2787 3058 2842 in
3081 2802 3144 2842 ea
3184 2796 3364 2846 tamen
3399 2789 3501 2844 ali-

1917 2887 2073 2943 quam
2115 2875 2353 2943 corporis
2379 2874 2776 2933 similitudinem
2817 2894 2924 2934 non
2956 2879 3220 2939 videmus.
3262 2881 3412 2938 lianc
3446 2883 3510 2942 in

1917 2965 2022 3019 alio
2051 2967 2295 3035 qiuimvis
2322 2980 2582 3037 praesente
2602 2985 2706 3024 non
2729 2971 3018 3038 cernimus,
3040 2973 3205 3029 etiam
3225 2974 3375 3045 cujus
3405 2975 3502 3031 ab—

1915 3057 2083 3112 sentis
2101 3055 2286 3112 faciem
2310 3059 2574 3126 novimus,
2594 3061 2900 3129 recolimus,
2922 3063 3238 3134 cogitamus.
3253 3065 3504 3124 Nostram

1915 3165 2043 3205 vero
2073 3151 2257 3204 faciem
2303 3167 2369 3208 eo
2398 3153 2556 3208 modo
2585 3169 2774 3220 nosse,
2819 3156 3094 3224 recolere,
3121 3159 3356 3228 cogitare
3395 3174 3506 3218 non

1915 3258 2222 3314 possumus,
2245 3254 2297 3300 et
2321 3257 2496 3302 tamen
2523 3262 2620 3303 nos
2641 3248 2786 3318 ipsos
2804 3249 2958 3306 nobis
2978 3252 3144 3321 magis
3170 3268 3330 3323 quam
3352 3253 3507 3311 Nam

1914 3340 2182 3408 cognitum
2215 3340 2508 3396 verissime
2528 3340 2754 3397 dicimus
2778 3359 2791 3395 :
2823 3343 2895 3398 ita
2922 3344 3130 3402 clarum
3171 3355 3287 3413 est,
3314 3347 3504 3405 ubisit

1915 3431 2089 3500 potior
2115 3431 2343 3488 hominis
2369 3434 2650 3504 veriurque
2677 3435 2882 3490 notitia.

1985 3521 2210 3579 CAPUT
2249 3524 2368 3581 XX.
2397 3556 2468 3566 —
2493 3528 2580 3584 51.
2613 3528 2746 3584 Cum
2775 3544 2904 3599 ergo
2926 3529 3069 3587 aliud
3097 3530 3172 3586 sit
3192 3529 3252 3588 in
3283 3531 3506 3602 opirna,

1913 3629 2020 3685 quo
2061 3631 2284 3686 corpora
2326 3633 2453 3673 vera
2481 3619 2744 3676 sentimus
2765 3662 2784 3687 ,
2819 3621 2970 3690 quod
3009 3622 3234 3680 facimus
3268 3624 3511 3694 (litium

1914 3707 2158 3762 sensibus
2183 3711 2452 3781 corporis;
2485 3712 2628 3768 aliud
2652 3729 2760 3783 quo
2780 3722 2972 3784 praeter
2995 3717 3140 3786 ipsos
3162 3716 3354 3772 similia
3378 3731 3508 3772 cor-

1915 3799 2138 3868 poribus
2169 3817 2277 3856 non
2302 3818 2527 3873 corpora
2554 3805 2853 3871 cernimus,
2886 3806 2974 3863 ubi
3013 3816 3070 3864 et
3095 3823 3196 3864 nos
3221 3808 3374 3879 ipsos
3392 3823 3512 3865 non

1913 3892 2070 3948 aliter
2097 3910 2254 3966 quam
2286 3896 2490 3952 similes
2513 3899 2826 3970 corporibus
2851 3909 3204 3967 coaluerunt;
3229 3900 3377 3958 aliud.
3395 3919 3512 3972 quo

1913 4001 2012 4041 nec
2038 4002 2262 4060 corpora
2292 4005 2392 4046 nec
2411 3989 2788 4048 similitudines
2807 4007 3118 4064 corporum.
3144 3995 3288 4052 sicut
3304 3995 3466 4051 lilium
3482 4037 3508 4060 ,

1912 4093 2094 4150 spem,
2140 4079 2487 4148 charitatem,
2521 4083 2639 4138 sine
2664 4084 2790 4142 ullis
2824 4085 3095 4142 coloribus
3119 4096 3176 4142 et
3203 4086 3502 4142 lusorium

1911 4184 2201 4242 eorumque
2249 4174 2716 4244 similitudinibus,
2762 4177 2960 4232 certius
3009 4191 3142 4234 sane
3190 4178 3506 4247 ﬁrmiuuple

1912 4265 2269 4334 conspicimus
2289 4283 2302 4331 ;
2319 4267 2406 4320 ubi
2430 4267 2598 4337 magis
2617 4283 2736 4324 esse
2759 4277 2815 4324 et
2841 4269 3068 4338 quodam
3090 4269 3252 4325 modo
3276 4269 3502 4325 faenilia-

1912 4355 2023 4408 rius
2064 4353 2302 4411 habitare
2331 4356 2620 4426 debemus,
2661 4359 2752 4414 ubi
2791 4359 3043 4414 renovari
3077 4359 3136 4414 in
3171 4360 3498 4430 agnitionem

1912 4445 2007 4501 Dei
2035 4445 2324 4502 secundum
2355 4447 2642 4518 imaginem
2671 4450 2788 4518 ejus
2813 4449 2902 4520 qui
2931 4452 3132 4506 creavit
3155 4449 3290 4506 nos?
3314 4466 3500 4507 nonne

1912 4537 1964 4590 in
1993 4535 2095 4591 boc
2118 4537 2260 4609 quod
2293 4539 2446 4596 tertio
2478 4539 2595 4595 loco
2631 4540 2823 4611 posui?
2850 4541 2927 4596 lbi
2969 4541 3110 4597 enim
3139 4549 3286 4598 certe
3323 4557 3499 4612 neque

1913 4628 2076 4683 ullum
2103 4646 2288 4686 sexum
2309 4673 2324 4700 ,
2363 4646 2536 4703 neque
2564 4633 2726 4689 ullam
2762 4648 2931 4690 sexus
2967 4633 3374 4694 similitudinem
3400 4650 3503 4706 3e-

1913 4737 2099 4777 rimus.
2237 4791 2242 4796 ἦ

1982 4813 2070 4871 39..
2099 4814 2230 4871 Nam
2252 4816 2338 4872 illa
2360 4819 2669 4875 masculina:
2691 4821 2773 4877 vel
2797 4819 3067 4878 feminina:
3086 4823 3283 4880 animo
3300 4823 3494 4896 forma,

1909 4906 2166 4962 membris
2195 4908 2436 4964 virilibus
2475 4911 2929 4984 muliebribusque
2968 4913 3257 4982 ditium,
3300 4917 3352 4972 si
3392 4932 3508 4972 non

1909 4999 2149 5069 corporis
2188 5000 2506 5069 similitudo,
2555 5003 2652 5059 sed
2690 5020 2890 5076 corpus
2923 5016 3041 5076 est,
3081 5008 3226 5065 velis
3247 5009 3394 5067 nolis
3417 5017 3500 5066 est

1910 5092 2211 5160 masculus,
2253 5094 2386 5149 velis
2424 5097 2564 5154 nolis
2611 5108 2694 5154 est
2733 5098 2964 5168 femina,
3015 5117 3374 5174 qmumqm
3409 5111 3496 5159 ad

1911 5183 2177 5239 masculus
2202 5193 2424 5256 apparet
2449 5197 2541 5242 aut
2580 5189 2800 5246 femina.
2830 5191 2939 5249 Sed
2968 5201 3147 5250 tamen
3187 5194 3232 5250 si
3250 5196 3276 5228 ⁸
3299 5210 3496 5251 secu-

1911 5275 2036 5331 dum
2070 5286 2210 5332 tuam
2241 5279 2547 5350 opinionem
2581 5289 2636 5344 et
2659 5297 2852 5354 corpus
2887 5293 2970 5341 est
2998 5287 3212 5354 animo,
3239 5295 3296 5342 et
3319 5287 3506 5340 vivum

1910 5383 2102 5439 corpus
2125 5381 2226 5437 est,
2247 5382 2298 5427 et
2317 5373 2474 5430 habet
2493 5390 2756 5432 mammas
2769 5378 3167 5448 prottunidaset
3190 5377 3496 5448 propendu-

1912 5463 2010 5533 las,
2043 5474 2096 5521 et
2123 5482 2229 5522 non
2255 5465 2413 5524 habet
2441 5469 2686 5538 barbam,
2708 5478 2767 5528 et
2787 5471 2956 5532 habet
2977 5471 3186 5529 vulvam
3209 5479 3272 5529 et
3284 5471 3471 5543 genita

1907 5649 2099 5763 ’.ἔξω
2121 5656 2219 5699 Am.
2251 5655 2324 5700 Er.
2372 5657 2425 5704 et
2456 5649 2622 5715 plures
2652 5651 2982 5716 manusu‘lptl.
3019 5656 3082 5703 At
3106 5656 3244 5714 nov.
3274 5647 3500 5718 harpe-

1974 5749 2110 5825 ;"iiic
2131 5775 2366 5837 addimus,
2403 5775 2478 5836 si,
2504 5789 2571 5827 ex
2600 5775 2975 5840 meum:
3017 5782 3074 5844 et
3109 5773 3245 5837 tum
3274 5774 3497 5834 rw

1908 5853 2033 5921 mus,
2057 5851 2238 5904 egone;
2259 5852 2367 5904 pro,
2397 5852 2588 5905 ergata.
