4012 6476
539 349 642 438 sis

541 494 609 548 lia
637 507 754 564 quae
784 493 977 548 habent
1005 492 1215 550 femina:
1242 497 1482 566 corporis
1506 498 1741 552 membra
1762 539 1778 563 ,
1811 507 1864 553 et
1896 513 2003 552 non
2029 505 2112 551 est

537 585 731 642 femina
759 604 774 641 :
803 601 970 656 egone
995 602 1099 642 non
1127 587 1301 644 dicam
1331 605 1455 646 vera
1484 593 1836 658 constantius,
1865 591 1932 646 Et
1958 592 2116 646 habet

535 678 770 741 oculum,
801 686 855 732 et
881 677 1040 733 habet
1069 680 1322 750 linguam,
1349 691 1402 736 et
1429 683 1586 737 habet
1608 684 1852 754 digitum,
1883 693 1937 738 et
1963 683 2120 738 habet

535 779 728 824 caetera
753 769 942 823 similia
972 773 1214 841 corporis
1240 770 1498 840 membra,
1528 786 1583 831 et
1617 776 1729 831 haec
1762 786 1867 831 tota
1893 786 1975 831 est
2000 792 2120 833 cor-

533 860 680 928 poris
701 858 1010 930 similitudo,
1040 879 1144 918 non
1172 880 1365 935 corpus
1390 885 1403 921 :
1435 882 1554 922 cum
1585 869 1682 923 hoc
1709 868 1848 938 quod
1873 885 1972 939 ego
1997 868 2118 923 dico

531 950 719 1019 probet
742 952 881 1028 apud
909 968 967 1007 se
995 955 1240 1026 quisque,
1272 973 1392 1012 cum
1419 973 1646 1028 corpora
1675 960 1991 1027 imaginatur
2017 959 2116 1013 ab-

531 1042 759 1095 sentium
782 1059 796 1108 ;
817 1027 1018 1112 'probet
1041 1057 1220 1114 certe,
1253 1063 1372 1103 cum
1403 1048 1595 1118 figuras
1635 1058 1690 1104 et
1728 1066 1877 1104 suam
1905 1060 1958 1106 et
1987 1050 2120 1106 alias

529 1146 746 1188 suorum
771 1137 955 1190 reenlit
975 1140 1302 1193 somniorum
1329 1159 1343 1194 :
1376 1157 1403 1194 a
1427 1149 1479 1196 te
1499 1152 1672 1196 autem
1699 1143 1855 1211 hujus
1871 1143 2116 1210 monstri,
2176 1166 2181 1171 κ

531 1223 619 1280 ubi
646 1234 701 1280 et
725 1242 907 1297 verum
937 1237 1037 1292 est,
1070 1240 1123 1285 et
1153 1231 1330 1285 vivum
1357 1241 1460 1298 est,
1491 1242 1544 1288 et
1571 1233 1858 1288 femineum
1889 1243 1973 1290 est
1997 1249 2119 1290 cor-

529 1324 648 1384 pus,
677 1329 729 1373 et
759 1319 1017 1376 femineus
1043 1307 1149 1376 non
1177 1334 1258 1379 est
1286 1340 1466 1392 sexus,
1505 1327 1708 1381 nullum
1736 1327 1788 1382 in
1817 1337 2002 1383 natura
2023 1343 2113 1383 re-

529 1424 645 1464 rum
677 1412 978 1482 proferatur
999 1418 1339 1487 exemplum?

543 1507 548 1512 ’
599 1501 687 1558 33.
722 1504 870 1571 Quod
911 1507 1053 1561 enim
1086 1508 1152 1562 de
1198 1510 1444 1579 phoenice
1492 1512 1758 1584 loqueris,
1791 1513 1856 1568 ad
1899 1529 2010 1569 rem
2048 1513 2114 1571 de

527 1607 628 1662 qua
678 1597 850 1664 agitur
903 1600 1121 1655 omnino
1179 1618 1286 1657 non
1343 1605 1589 1673 pertinet.
1647 1606 2112 1664 Resurreclionem

525 1685 722 1756 quippe
752 1687 837 1742 illa
868 1692 1133 1760 significat
1157 1710 1441 1765 corporum
1464 1738 1480 1763 ,
1527 1715 1632 1753 non
1663 1716 1848 1756 sexum
1888 1702 2116 1758 destruit

525 1771 821 1833 animarum
849 1798 862 1834 :
893 1782 937 1834 si
969 1793 1145 1840 tamen
1169 1827 1183 1850 ,
1216 1797 1273 1840 ut
1299 1788 1553 1856 creditur,
1596 1790 1663 1845 de
1700 1806 1796 1845 sua
1827 1803 1997 1849 morte
2022 1809 2111 1849 re-

524 1871 779 1926 nascitur.
810 1873 914 1928 Sed
958 1856 1189 1932 arbitror
1226 1880 1364 1948 quod
1399 1888 1548 1935 tuum
1590 1898 1894 1940 sermonem
1926 1901 2110 1953 parum

526 1965 795 2030 putaveris
825 1964 940 2022 fore
970 1969 1322 2038 plausibilem,
1357 1974 1402 2026 si
1430 1990 1534 2028 non
1567 1975 1729 2029 multa
1771 1975 1838 2031 de
1869 1976 2112 2046 phoenice

523 2069 675 2110 more
701 2056 1118 2116 adolescentium
1152 2063 1499 2120 declamares.
1531 2067 1793 2138 Numquid
1821 2071 1962 2124 enim
1989 2083 2113 2126 sunt

522 2145 576 2200 in
603 2147 717 2216 ejus
746 2165 971 2220 corpore
999 2155 1250 2223 genitalia
1284 2159 1574 2215 masculina
1612 2170 1664 2215 et
1697 2178 1802 2216 non
1845 2171 1928 2218 est
1990 2180 2110 2218 ma-

524 2239 725 2305 sculus,
756 2243 838 2297 vel
869 2242 1119 2300 feminina
1145 2257 1199 2302 et
1228 2265 1332 2303 non
1353 2261 1433 2305 est
1463 2252 1691 2306 femina?
1721 2253 1799 2308 Tu
1821 2265 1996 2311 autem
2023 2268 2110 2312 at-

524 2333 679 2388 tende
703 2335 828 2403 quid
857 2336 1024 2403 dicas,
1053 2339 1177 2408 quid
1200 2351 1461 2408 astruere,
1492 2345 1616 2414 quid
1650 2346 1975 2414 persuadere
2011 2363 2106 2403 co-

521 2423 685 2478 neris.
740 2426 985 2480 Animam
1030 2429 1161 2485 dicis
1206 2448 1300 2500 per
1349 2446 1536 2489 cuncta
1582 2439 1819 2492 membra
1864 2439 2109 2496 diffusam

520 2499 744 2581 gelando
770 2517 1016 2587 riguisse,
1047 2531 1100 2577 et
1125 2539 1154 2574 a
1182 2499 1380 2579 vertice
1409 2542 1576 2597 usque
1611 2528 1676 2582 ad
1722 2529 1826 2584 ima
1853 2532 2069 2601 vestigia
2089 2574 2104 2597 ,

518 2619 547 2656 a
574 2605 824 2661 medullis
861 2610 1058 2666 intimis
1096 2628 1262 2683 usque
1290 2615 1353 2668 ad
1386 2617 1722 2686 superficiem
1750 2621 1909 2688 cutis,
1943 2631 2104 2677 t0tam

523 2697 684 2752 totius
709 2703 978 2770 accepisse
1002 2707 1244 2776 corporis
1276 2706 1498 2782 formam
1525 2729 1538 2763 :
1568 2726 1632 2765 ac
1657 2727 1750 2780 per
1777 2712 1879 2767 hoc
1903 2715 2107 2784 accepit

523 2785 574 2839 in
602 2785 832 2846 femineo
858 2807 1082 2863 Corpore
1115 2797 1367 2867 quidquid
1395 2799 1591 2856 habent
1635 2802 1986 2859 femineorum
2016 2806 2100 2860 vi-

516 2893 726 2936 scerum
751 2882 978 2952 femime,
1008 2897 1061 2941 et
1087 2905 1269 2959 verum
1295 2900 1377 2945 est
1403 2891 1506 2948 hoc
1527 2907 1742 2964 Corpus,
1763 2905 1816 2950 et
1843 2897 1956 2952 hare
1977 2913 2101 2953 vera

514 2981 637 3024 sunt
667 2976 925 3044 membra,
954 2986 1007 3032 et
1029 2988 1204 3033 tamen
1229 2996 1332 3035 non
1361 2991 1444 3037 est
1473 2983 1686 3039 femina.
1716 2986 1844 3053 Cur,
1871 2987 2096 3044 obsecro

517 3072 601 3130 te,
649 3070 701 3121 in
732 3083 859 3123 vero
887 3080 939 3124 et
967 3071 1091 3126 vivo
1117 3088 1338 3146 corpore
1378 3079 1552 3131 omnia
1582 3089 1703 3134 sunt
1745 3082 1983 3137 membra
2016 3084 2095 3139 fe-

513 3155 684 3209 minea
706 3199 720 3224 ,
763 3167 817 3214 et
853 3176 957 3215 non
994 3172 1082 3241 est
1122 3162 1359 3221 femina?
1402 3168 1454 3222 in
1484 3185 1611 3224 vero
1639 3179 1694 3226 et
1729 3173 1849 3227 vivo
1875 3190 2100 3244 corpore

511 3246 748 3302 membra
776 3262 898 3306 sunt
926 3234 1100 3308 omnia
1127 3258 1432 3325 masculina,
1465 3269 1521 3315 et
1547 3276 1650 3316 non
1684 3271 1768 3317 est
1795 3267 2098 3321 masculus?

511 3337 639 3404 Quis
666 3339 761 3394 ista
792 3344 1039 3411 credere,
1069 3346 1264 3414 dicere,
1299 3349 1493 3406 docere
1521 3357 1843 3420 praesumat?
1868 3357 1947 3410 An
1975 3360 2095 3428 quia

509 3444 613 3483 non
639 3444 893 3500 generant
928 3435 1154 3491 animm?
1191 3438 1331 3509 Ergo
1369 3457 1472 3497 nec
1510 3443 1638 3498 muli
1680 3453 1734 3499 et
1774 3446 1930 3500 mulre
1975 3458 2099 3504 sunt

509 3524 726 3577 masculi
747 3535 800 3579 et
823 3518 1054 3582 feminte.
1085 3530 1167 3584 An
1195 3531 1316 3600 quia
1349 3549 1448 3588 nec
1467 3535 1826 3591 concumbere
1848 3548 2096 3607 poterunt

506 3611 622 3666 sine
647 3616 856 3668 carneis
883 3619 1197 3687 corporibus
1221 3622 1452 3677 animze?
1493 3624 1598 3680 Sed
1651 3628 1752 3682 hoc
1779 3629 2016 3686 aufertur
2043 3643 2096 3689 et

2100 3707 2109 3720 ο
2198 3701 2220 3712 ⁸
2520 3701 2525 3702 ⁷
2585 3701 2776 3723 ”⁷“““”””ο“
2820 3701 2888 3710 “¹”“
2919 3703 2930 3713 ⁸
2979 3701 3140 3729 Ὶ““¹¹¹⁸
3166 3701 3237 3719 σι*
3253 3701 3334 3722 υυΙ
3350 3701 3564 3738 μυῘῢδΙΙΙ
3607 3701 3794 3733 ιιιδνιβ

507 3701 590 3755 his
610 3704 697 3772 qui
720 3717 1024 3762 castrantur
1047 3726 1061 3763 :
1086 3719 1141 3765 et
1163 3720 1338 3766 tamen
1361 3728 1481 3768 cum
1503 3715 1583 3771 eis
1602 3717 1866 3774 adimatur
1887 3732 1940 3776 et
1960 3739 2106 3797 opus.
2198 3734 2438 3805 credere,
2464 3741 2608 3809 prius
2630 3743 2720 3798 tibi
2741 3745 3100 3808 definiendum
3128 3765 3210 3810 est
3230 3759 3354 3828 quid
3381 3762 3449 3816 sit
3471 3778 3697 3835 corpus;
3722 3784 3800 3827 ne

507 3800 758 3835 nlmnlnc
806 3812 910 3835 nnn
943 3799 1194 3835 mlimlmp
1217 3817 1374 3835 curua
1421 3805 1582 3835 “an...
1614 3811 2088 3835 Α..-..ι-.1----...μ---
2202 3824 2223 3835 -
2543 3834 2550 3835 ,

506 3800 562 3846 et
581 3804 780 3863 motus,
806 3812 910 3851 non
943 3799 1194 3855 adimitur
1217 3817 1394 3870 sexus,
1421 3805 1584 3878 figura
1612 3811 2094 3882 quantulacumque

506 3886 917 3943 masculinorum
945 3903 1194 3949 manente
1234 3898 1617 3956 membrorum.
1647 3901 1818 3959 Nemo
1858 3902 2097 3978 unquam

504 3978 797 4034 masculum
848 3984 1059 4054 negavit
1101 3988 1426 4045 eunuchum.
1475 3992 1611 4060 Quid
1661 3998 1802 4068 quod
1849 4001 1988 4070 apud
2040 3991 2100 4059 te~

501 4069 693 4124 animm
721 4072 879 4128 etiam
907 4079 1272 4134 cunuchorum
1312 4091 1476 4140 testes
1514 4086 1748 4159 integros
1779 4089 2003 4160 habent,
2036 4103 2090 4150 et

501 4160 543 4213 si
585 4162 828 4233 cuiquam
859 4169 1106 4236 genitalia
1151 4187 1369 4242 prorsus
1416 4187 1523 4233 tota
1573 4183 1842 4250 tollantur,
1887 4195 1991 4241 tota
2032 4189 2084 4242 in

500 4252 615 4322 ejus
642 4257 848 4324 anima,
880 4263 1174 4319 secundum
1211 4269 1514 4337 opinionem
1547 4282 1722 4342 tuam,
1771 4287 1825 4332 et
1867 4283 2085 4334 omnino

501 4344 702 4418 integra
736 4345 1154 4419 permanebunt?
1180 4358 1334 4414 Novit
1360 4363 1501 4417 enim
1529 4379 1588 4420 se
1616 4369 1961 4436 subtrahere,
1981 4365 2095 4444 sic-pl

459 4467 469 4474 -
505 4446 563 4492 ut
599 4440 764 4508 dicis,
800 4460 921 4500 cum
967 4463 1028 4502 ea
1071 4466 1194 4520 pars
1236 4456 1413 4512 carnis
1454 4461 1677 4530 emperit
1714 4466 1984 4531 exsecari;
2018 4476 2075 4522 ut

499 4545 559 4585 ea
590 4531 758 4590 forma
793 4537 924 4607 qua:
968 4541 1093 4596 inde
1135 4556 1342 4616 sumpta
1389 4560 1504 4617 est,
1549 4555 1762 4622 quando
1788 4557 1911 4612 illud
1945 4561 2084 4617 unde

500 4634 707 4694 sumpta
748 4638 833 4683 est
859 4643 1187 4702 amputatur,
1226 4653 1328 4694 non
1362 4652 1575 4710 pereat;
1608 4647 1700 4701 sed
1727 4651 1968 4717 quamvis
1999 4652 2049 4706 in

500 4714 612 4769 fusa
643 4721 921 4790 gelavcrit,
947 4734 1092 4782 motu
1121 4736 1292 4784 tamen
1320 4733 1604 4790 celerrimo
1632 4739 1884 4808 rapiatur,
1913 4751 1968 4798 et
1995 4744 2081 4798 in-

497 4809 663 4862 terius
691 4813 1035 4883 recondatur,
1077 4827 1136 4872 ut
1163 4820 1304 4876 salva
1353 4833 1631 4882 servetur:
1661 4838 1714 4884 et
1758 4839 1933 4886 tamen
1972 4850 2078 4891 non

495 4899 564 4953 sit
590 4904 855 4960 masculus
884 4908 1021 4976 apud
1051 4909 1280 4979 inferos,
1324 4919 1737 4976 masculinorum
1769 4925 2082 4993 genitalium

493 4991 929 5054 secum'afl'erens
958 5003 973 5033 ¹
1008 5012 1174 5060 totum
1197 5049 1211 5072 ,
1243 5009 1332 5078 qui
1364 5025 1484 5065 cum
1514 5013 1600 5068 illa
1640 5015 1690 5071 in
1717 5032 1942 5090 corpore
1972 5040 2077 5080 non

493 5082 750 5156 haberet,
779 5095 1044 5150 masculus
1074 5097 1172 5152 fuit
1214 5111 1434 5171 propter
1459 5119 1642 5162 eorum
1672 5111 1842 5166 solum
1874 5114 2074 5172 locum.

492 5172 645 5231 Falsa
675 5175 795 5235 sunt
821 5182 952 5249 huic,
983 5186 1057 5243 fili
1084 5208 1096 5243 :
1122 5190 1165 5244 si
1195 5207 1298 5248 non
1325 5194 1405 5249 vis
1434 5205 1489 5250 ut
1511 5197 1578 5251 sit
1605 5199 1656 5254 in
1682 5203 1857 5260 anima
1882 5221 2072 5276 sexus;

492 5284 595 5324 non
628 5272 696 5326 sit
723 5283 774 5328 et
803 5291 1016 5346 corpus.
2074 5361 2078 5370 ,

559 5365 783 5422 CAPUT
815 5370 1144 5434 XXl.—-34.
1172 5377 1288 5434 Non
1309 5382 1484 5438 omnis
1513 5384 1804 5443 similitudo
1826 5395 2075 5464 corporis

488 5472 681 5527 corpus
712 5472 813 5518 cst.
849 5465 1047 5535 Dormi,
1074 5479 1128 5524 et
1158 5471 1360 5529 videbis
1385 5493 1398 5528 :
1432 5476 1524 5532 sed
1555 5494 1675 5534 cum
1707 5482 2069 5554 evigilaveris,

488 5550 769 5621 vigilanter
797 5556 1040 5614 discerne
1067 5562 1206 5632 quod
1238 5565 1449 5622 videris.
1489 5569 1542 5623 ln
1574 5575 1776 5627 somnis
1803 5577 1944 5630 enim
1979 5579 2071 5635 tibi

487 5644 633 5700 velut
673 5642 962 5720 corporeus
1005 5657 1286 5725 apparebis
1321 5677 1334 5712 :
1379 5677 1550 5732 neque
1581 5665 1629 5718 id
1663 5683 1855 5740 corpus
1889 5679 2067 5742 tuum,

549 5776 732 5845 {F.diti,
755 5771 994 5845 auferens.
1035 5794 1091 5837 At
1121 5800 1292 5840 omnes

489 5839 640 5893 Verbo
661 5839 950 5898 menstratur
960 5839 1275 5903 contrarietas
1290 5839 1348 5904 in.
1359 5839 1500 5908 dictis
1522 5839 1672 5924 ips'i'ds

1424 381 1512 437 DE
1549 381 1762 438 ANIMA
1803 337 2093 440 ET'EJUS
2129 339 2432 452 ORICINE,
2471 385 2528 442 S.
2571 387 2941 447 AUGUSTINI

1334 5805 1484 5873 prope
1523 5803 1645 5870 (uss,
1684 5801 1886 5873 ageretis
1921 5819 2060 5872 :quo
2115 5841 2118 5844 ο

3700 405 3820 466 5“

2231 499 2323 553 sed
2351 501 2526 556 anima
2557 511 2665 571 tua,
2691 521 2788 560 nec
2813 523 2996 562 verum
3028 523 3238 582 corpus,
3268 513 3362 570 sed
3389 516 3681 575 similitudo
3695 537 3821 577 cor-

2229 592 2375 660 poris
2394 593 2514 647 erit.
2537 594 2741 666 lucebit
2764 600 2908 654 enim
2929 615 3123 672 corpus
3150 613 3322 674 tuum,
3342 608 3635 667 ambulabit
3660 613 3778 683 ipsa
3799 633 3815 671 :

2227 684 2405 740 silebit
2429 687 2602 759 lingua
2631 693 2870 762 corporis
2903 697 2998 762 tui,
3031 697 3277 768 loquetur
3304 701 3429 758 illa:
3461 704 3627 760 clausi
3655 718 3820 764 erunt

2228 779 2365 832 oculi
2399 781 2494 847 tui,
2524 782 2722 839 videbit
2748 787 2833 840 illa
2861 805 2874 841 :
2903 799 2954 843 et
2985 791 3183 870 utique,
3207 793 3437 850 viventia
3459 797 3713 868 jacebunt
3739 812 3819 858 tut

2226 875 2468 942 corporis
2497 879 2736 933 membra
2759 923 2775 943 ,
2806 899 2909 937 non
2949 895 3175 942 mortua.
3208 891 3284 945 Ac
3326 907 3422 961 per
3451 893 3551 950 hoc
3578 897 3820 960 nondum

2225 973 2459 1020 extracta
2503 978 2585 1024 est
2611 971 2756 1026 velut
2793 973 2861 1029 de
2901 978 3087 1047 vagina
3127 994 3242 1045 sua,
3281 982 3451 1052 gelata
3487 985 3576 1040 ila
3603 986 3776 1044 forma
3800 1030 3819 1058 ,

2225 1055 2362 1110 sicut
2389 1069 2542 1127 putas
2563 1101 2578 1126 ,
2620 1064 2811 1119 animae
2855 1075 2993 1134 tuae,
3039 1080 3094 1124 et
3125 1071 3176 1125 in
3216 1087 3278 1128 ea
3311 1083 3486 1130 tamen
3519 1087 3627 1132 tota
3655 1089 3820 1151 atque

2224 1147 2427 1220 integra
2450 1157 2686 1212 cernitur
2702 1159 2993 1217 similitudo
3020 1167 3198 1222 carnis
3231 1176 3354 1224 tuae.
3391 1171 3466 1226 Ex
3493 1171 3593 1228 hoc
3616 1190 3819 1246 genere

2223 1242 2624 1302 similitudinum
2671 1255 3060 1324 corporalium,
3102 1274 3222 1328 quae
3259 1276 3364 1316 non
3408 1277 3629 1332 corpora
3676 1267 3819 1324 sicut

2223 1347 2449 1406 corpora
2479 1330 2772 1408 apparent,
2823 1355 2947 1400 sunt
2987 1348 3168 1404 omnia
3216 1367 3334 1420 qua:
3369 1330 3581 1410 sanctos
3623 1355 3818 1413 Libros

2223 1425 2407 1496 legens
2437 1431 2488 1484 in
2521 1433 2842 1502 propheticis
2871 1439 3030 1493 etiam
3064 1442 3359 1500 visionibus
3379 1464 3480 1501 non
3514 1449 3769 1522 intelligis
3797 1469 3814 1509 :

2221 1520 2412 1589 quibus
2439 1523 2808 1594 signiﬁcantur
2833 1547 2893 1586 ea
2921 1548 3040 1603 quae
3067 1548 3328 1605 geruntur
3357 1541 3408 1596 in
3440 1520 3810 1616 temporibus,

2221 1612 2304 1665 vel
2324 1618 2594 1685 prmsenti,
2617 1618 2703 1672 vel
2729 1625 3021 1690 prmterito,
3046 1628 3126 1682 vel
3150 1627 3348 1686 futuro.
3381 1612 3610 1690 Falleris
3631 1612 3815 1694 autem

2220 1703 2273 1757 in
2317 1707 2427 1774 eis,
2460 1724 2564 1762 non
2593 1712 2717 1780 quia
2744 1725 2870 1769 sunt
2906 1719 3019 1787 ipsa
3063 1719 3269 1776 fallacia
3293 1766 3308 1790 ,
3341 1726 3434 1780 sed
3459 1731 3582 1797 quia
3615 1746 3724 1785 non
3752 1747 3815 1789 ea

2219 1793 2356 1850 sicut
2396 1800 2703 1869 accipienda
2751 1815 2877 1860 sunt
2917 1807 3136 1878 accipis.
3190 1811 3290 1867 Ubi
3337 1817 3478 1870 enim
3520 1818 3648 1873 visze
3690 1830 3817 1878 sunt

2217 1891 2408 1947 animae
2439 1906 2726 1968 martyrum
2751 1902 2932 1973 (Apoc.
2961 1921 3032 1969 vr,
3061 1906 3150 1977 9),
3182 1907 3234 1964 in
3264 1911 3450 1966 eadem
3485 1914 3818 1974 revelatione

2217 1983 2362 2038 visus
2380 1996 2458 2039 est
2481 1997 2534 2041 et
2548 2005 2716 2060 agnus
2743 1996 2893 2063 quasi
2911 1998 3140 2064 occisus,
3165 2001 3366 2058 habens
3385 2019 3583 2060 cornua
3603 2017 3818 2077 septem

2218 2073 2328 2143 (Id.
2359 2093 2408 2140 v,
2434 2077 2521 2149 6):
2554 2081 2621 2135 ibi
2650 2085 2805 2152 equi,
2838 2087 3046 2158 aliaque
3071 2093 3318 2147 animalia
3341 2137 3356 2160 ,
3399 2097 3535 2152 sicut
3561 2073 3808 2170 oportuit

2216 2168 2434 2239 figurata
2458 2191 2470 2225 :
2503 2175 2570 2228 ibi
2602 2187 2873 2246 postremo
2897 2191 2952 2236 et
2978 2184 3146 2240 stellae
3173 2187 3503 2252 ceciderunt.
3529 2201 3584 2246 et
3601 2168 3816 2250 caelum

2214 2262 2446 2330 plicitum
2473 2267 2486 2298 ¹
2527 2277 2610 2322 est
2648 2279 2704 2323 ut
2732 2271 2868 2327 liber
2897 2272 3007 2345 (Id.
3039 2293 3088 2330 vl
3115 2287 3161 2331 et
3192 2280 3303 2348 ix);
3333 2297 3431 2336 nec
3462 2293 3647 2339 tamen
3680 2295 3814 2342 tunc

2213 2354 2441 2409 concidit
2469 2359 2717 2414 mundus.
2745 2360 2846 2418 Ista
2880 2365 3057 2436 itaque
3085 2371 3263 2424 omnia
3290 2386 3334 2426 ει
3365 2375 3633 2442 sapienter
3665 2377 3818 2434 accio

2213 2445 2406 2514 pimus,
2430 2453 2672 2518 quamvis
2690 2454 2930 2512 dicamus
2950 2459 3063 2514 visa
3084 2462 3317 2529 veracia,
3346 2479 3446 2519 non
3474 2473 3650 2524 tamen
3676 2483 3814 2525 vera

2211 2537 2438 2594 dicimus
2466 2558 2710 2613 corpora.
2751 2594 2753 2597 .
2809 2591 2814 2598 .

2283 2632 2372 2687 35.
2413 2634 2725 2694 Prolixioris
2753 2649 2932 2698 autem
2958 2646 3222 2702 sermonis
3249 2657 3350 2716 est,
3377 2649 3446 2706 de
3475 2649 3578 2707 isto
3604 2667 3812 2725 genere

2209 2722 2616 2782 similitudinum
2648 2735 3005 2802 corporalium
3034 2738 3438 2810 diligentissima
3478 2722 3806 2819 disputatio,

2209 2821 2386 2870 utrum
2429 2825 2484 2872 et
2522 2821 2741 2892 Angeli,
2786 2840 2880 2880 seu
2909 2828 3067 2897 boni,
3099 2847 3193 2887 seu
3222 2836 3344 2890 mali
3369 2838 3446 2893 sic
3471 2851 3803 2912 appareant,

2207 2905 2420 2974 quando
2447 2911 2626 2978 specie
2651 2913 2955 2985 hominum,
3001 2923 3082 2977 vel
3110 2927 3468 2993 quorumlibet
3505 2946 3799 3004 corporum

2207 3009 2461 3066 apparent
2481 3017 2495 3066 ;
2519 3017 2586 3056 an
2611 3003 2845 3063 habeant
2869 3011 3042 3081 aliqua
3073 3030 3197 3070 vera
3219 3034 3466 3089 corpora,
3495 3034 3549 3078 et
3575 3003 3626 3078 in
3655 3027 3808 3096 ipso-

2206 3105 2322 3144 rum
2356 3095 2528 3162 potius
2555 3099 2779 3156 veritate
2805 3103 3120 3164 videantur:
3147 3126 3213 3165 an
3241 3129 3369 3168 vero
3391 3115 3448 3171 in
3476 3117 3682 3175 somnis
3711 3121 3803 3178 vel

2204 3181 2256 3236 in
2285 3187 2475 3241 ecsmsi
2495 3228 2510 3252 ,
2541 3188 2594 3244 in
2619 3189 2735 3246 istis
2761 3207 3068 3263 cernantur,
3100 3217 3205 3258 non
3230 3208 3574 3277 corporibus,
3598 3213 3692 3266 sed
3721 3215 3803 3268 si-

2205 3275 2594 3338 militudinibus
2647 3299 2930 3356 corporum
2962 3307 2978 3356 ;
3015 3275 3387 3364 vigilantibus
3436 3275 3612 3358 autem
3667 3319 3800 3363 vera

2205 3371 2507 3438 cernenda,
2549 3383 2602 3428 et
2645 3376 2688 3430 si
2728 3393 2859 3448 opus
2889 3391 3008 3450 est,
3054 3387 3216 3441 etiam
3258 3394 3518 3462 tangenda
3549 3395 3802 3467 ingerant

2201 3471 2449 3529 corpora.
2498 3463 2602 3520 Sed
2644 3467 2742 3524 ista
2785 3471 2838 3526 in
2886 3473 2990 3530 hoc
3033 3476 3169 3534 libro
3213 3483 3529 3554 requirenda
3570 3463 3629 3544 et
3664 3506 3801 3561 per-

2130 3602 2139 3617 ,
2200 3554 2473 3609 tractanda
2513 3572 2633 3612 esse
2679 3577 2782 3616 non
2821 3564 3071 3641 arbitror.
3120 3570 3273 3629 Nunc
3296 3575 3363 3630 de
3390 3579 3562 3634 anima
3599 3582 3820 3639 incor-‘

2197 3653 2362 3712 porca
2403 3647 2534 3702 satis
2577 3649 2776 3723 dictum
2820 3656 2932 3713 sit:
2979 3675 3140 3729 quam
3166 3664 3564 3738 sitcorpoream
3607 3677 3794 3733 mavis

2198 3824 2334 3883 forte
2373 3846 2493 3886 cum
2520 3834 2588 3890 de
2614 3852 2672 3892 re
2699 3837 2810 3908 ipsa
2855 3841 2994 3898 inter
3017 3861 3116 3902 nos
3141 3824 3378 3917 constet,
3422 3854 3688 3914 incassum
3721 3861 3797 3919 de

2196 3921 2411 3978 nomine
2441 3925 2765 3985 laboremus.
2797 3932 3004 4000 Quanta
3045 3947 3098 3995 te
3127 3950 3300 3998 tamen
3336 3946 3561 4003 absurda
3592 3964 3784 4010 secuta

2195 4009 2304 4064 sint
2330 4013 2434 4068 tale
2459 4030 2654 4102 corpus
2681 4021 2734 4076 in
2759 4026 2935 4080 anima
2962 4031 3310 4100 cogitantem,
3333 4039 3505 4107 qualia
3526 4053 3651 4105 sunt
3666 4061 3798 4116 qua:

2194 4099 2263 4155 ab
2282 4105 2530 4162 omnibus
2551 4097 2773 4168 eruditis
2799 4131 3022 4187 corpora
3036 4097 3435 4195 nuncupantur,
3465 4131 3515 4186 id
3538 4143 3640 4199 est,
3665 4097 3798 4206 qua:

2191 4204 2291 4261 per
2318 4193 2622 4255 disumtiam
2662 4203 3038 4277 longitudinis,
3087 4193 3429 4287 latitudinis,
3453 4193 3792 4298 altitudiiiis,

2192 4283 2436 4343 locorum
2457 4306 2720 4364 occupant
2747 4303 2937 4370 spatia,
2965 4306 3175 4364 minora
3204 4313 3500 4371 minoribus
3519 4319 3630 4372 suis
3661 4335 3797 4389 par-

2191 4374 2353 4480 tibus,
2383 4390 2438 4436 et
2464 4385 2666 4456 majora
2697 4391 3008 4466 majoribus,
3040 4410 3170 4469 puto
3188 4403 3330 4473 quod
3351 4406 3461 4476 jam
3491 4374 3794 4480 prudenter

2189 4468 2458 4529 advertas.

2261 4565 2487 4623 CAPUT
2525 4569 2882 4634 XXll.—36.
2912 4580 3100 4639 Restat
3127 4589 3414 4648 ostendere
3432 4595 3792 4664 quemadmo-

2188 4657 2346 4726 dum,
2385 4667 2629 4733 quamvis
2665 4681 2718 4725 et
2753 4677 2966 4744 proprie
2989 4677 3198 4737 dicatur
3221 4657 3472 4756 spiritus,
3519 4704 3624 4745 non
3654 4693 3787 4748 uni-

2187 4767 2339 4809 versa
2367 4758 2564 4826 anima;
2589 4761 2683 4817 sed
2709 4764 2906 4835 aliquid
2936 4769 3122 4839 ipsius,
3153 4775 3289 4830 sicut
3315 4781 3602 4849 Apostolus
3623 4785 3783 4855 dicit,

2186 4843 2257 4898 Et
2284 4846 2475 4920 integer
2499 4854 2709 4920 spiritus
2734 4868 2915 4926 vester,
2937 4872 2986 4915 et
3011 4865 3182 4920 anima
3201 4910 3215 4935 ,
3247 4878 3294 4922 et
3313 4843 3498 4944 corpus
3525 4873 3564 4945 (Ι
3589 4875 3784 4936 Thess.

2185 4953 2239 5002 ν,
2266 4939 2392 5010 23);
2422 4945 2503 4998 vel
2531 4946 2654 5002 illud
2681 4952 2848 5006 multo
2871 4959 3177 5024 expressius
3207 4963 3258 5015 in
3288 4939 3424 5020 nun}
3451 4939 3572 5035 Job,
3599 4969 3790 5027 Absol-

2184 5030 2298 5084 viin
2324 5035 2547 5090 animam
2570 5055 2734 5094 meam
2753 5042 2814 5097 ab
2835 5047 3013 5116 spiritu
3036 5067 3146 5105 mea
3171 5051 3292 5123 (Job
3317 5071 3410 5122 vu,
3439 5075 3539 5114 sec.
3561 5030 3738 5135 LXX)
3768 5083 3790 5122 :

2184 5130 2363 5180 tamen
2407 5137 2461 5182 et
2507 5131 2751 5189 universa
2789 5138 2965 5194 anima
3010 5145 3307 5213 appelletur
3352 5149 3457 5207 hoc
3510 5157 3784 5227 nomine;

2184 5219 2424 5285 quamvis
2452 5222 2620 5278 multo
2646 5227 2816 5298 magis
2837 5230 2950 5287 ha'c
2973 5237 3200 5304 qu:estio
3227 5241 3504 5298 nominum
3529 5246 3788 5307 videatur

2183 5323 2338 5378 esse,
2385 5328 2489 5368 non
2523 5329 2722 5372 rerum.
2754 5319 2886 5376 Cum
2913 5326 3054 5380 enim
3084 5339 3297 5388 constet
3333 5349 3454 5390 esse
3491 5336 3691 5410 aliquid
3722 5343 3787 5401 in

2182 5403 2374 5470 anima,
2400 5409 2540 5477 quod
2579 5414 2795 5484 proprie
2822 5416 3040 5485 spiritus
3065 5425 3368 5483 nominetur
3394 5471 3411 5496 ,
3455 5447 3562 5502 quo
3605 5447 3780 5491 exce-

2183 5503 2272 5564 pto
2318 5501 2532 5570 prOprie
2613 5521 2925 5564 nominatur
2985 5523 3041 5570 et
3107 5518 3326 5588 anima,
3397 5501 3509 5593 jam
3560 5526 3630 5582 de
3683 5545 3787 5586 re-

2181 5588 2278 5644 bus
2320 5592 2450 5662 ipsis
2492 5597 2633 5651 nulla
2680 5605 2952 5659 contentio
2991 5616 3107 5674 est;
3146 5588 3439 5681 praesertim
3483 5620 3606 5689 quia
3639 5621 3792 5682 illud

2179 5684 2338 5738 eliam
2366 5702 2464 5757 ego
2483 5688 2602 5744 dico
2625 5696 2835 5764 proprie
2860 5702 3035 5756 vocari
3063 5703 3328 5775 spiritum,
3355 5684 3580 5781 quod-et
3605 5722 3658 5770 tu
3687 5715 3790 5772 di-

2179 5777 2276 5843 cis,
2311 5777 2361 5831 id
2392 5789 2493 5846 est,
2522 5797 2629 5851 quo
2660 5787 3041 5849 ratiocinamur
3068 5803 3124 5851 et
3152 5777 3525 5874 intelligimus,
3554 5809 3790 5881 quando

2246 5872 2264 5906 ι
2287 5871 2360 5923 sic
2381 5879 2484 5925 Mss.
2510 5875 2646 5940 ndiu,
2669 5877 2916 5944 plicatam.
