4012 6486
195 415 339 475 345

193 533 286 591 ita
327 533 579 590 distincte
617 533 718 588 ista
742 532 1019 597 dicuntur,
1057 527 1501 600 quemadmodum
1532 525 1814 595 Apostolus

191 627 320 694 ait,
357 627 424 680 Et
445 629 632 698 integer
652 625 862 696 spiritus
887 632 1134 685 vester,-et
1153 622 1344 685 anima,
1367 630 1414 674 et
1429 634 1640 688 corpus.
1666 617 1816 670 Ilunc

187 728 408 774 autem
437 718 682 789 spiritum
709 717 868 773 etiam
893 725 1125 770 mentem
1152 713 1360 768 videtur
1383 711 1669 782 appellare,
1691 723 1812 763 cum

187 813 359 870 dicit
378 854 394 878 ,
426 812 596 868 lente
638 813 798 866 seruio
831 809 929 879 legi
963 807 1084 874 Dei,
1127 824 1278 862 carne
1301 817 1468 859 autem
1496 803 1592 875 legi
1619 802 1814 875 peccati

191 902 403 975 (Rom.
434 919 522 966 vn,
548 901 665 973 25).
698 901 830 970 Nam
858 901 971 970 ipsa
1002 898 1267 955 sententia
1297 907 1411 960 est,
1447 895 1512 950 Et
1539 911 1658 948 caro
1686 909 1810 947 con-

187 997 438 1065 cupiscit
461 995 697 1048 adversus
723 992 982 1063 spiritum,
1014 999 1064 1046 et
1091 990 1300 1060 spiritus
1331 987 1569 1042 adversus
1609 1000 1812 1039 carnem

190 1087 430 1159 (ﬁatut.
454 1105 504 1152 v,
534 1089 657 1152 l7):
692 1097 749 1141 ιιι
772 1086 912 1158 quod
945 1085 1015 1139 ibi
1040 1084 1189 1148 dicit,
1219 1091 1486 1146 mentem;
1519 1080 1622 1134 hoc
1651 1078 1810 1133 intel-

190 1179 419 1250 ligatur
447 1179 529 1235 hic
553 1179 796 1250 spiritum
821 1177 1003 1232 dicere
1035 1194 1048 1231 :
1097 1190 1202 1230 non
1233 1174 1370 1229 sicut
1412 1184 1464 1227 tu
1505 1171 1807 1237 existimas,

195 1288 218 1322 ι
255 1272 579 1327 universam
602 1279 833 1326 mentem
863 1269 1062 1333 vocari,
1089 1283 1208 1338 qum
1235 1273 1445 1322 constat
1469 1279 1535 1319 ex
1560 1263 1736 1317 anima
1756 1269 1811 1317 et.

189 1365 452 1434 spiritu;
483 1384 504 1418 ι
550 1364 692 1434 quod
721 1363 806 1418 ubi
838 1363 1066 1434 legeris,
1109 1361 1310 1417 nescio.
1346 1359 1574 1414 Mentem
1616 1358 1810 1429 quippe

192 1466 483 1520 nostram,
511 1456 608 1510 nisi
641 1455 897 1510 rationale
917 1463 970 1510 et
990 1453 1343 1509 intellectuale
1369 1461 1608 1506 nostrum
1629 1450 1808 1506 dicere

193 1563 328 1606 Ion
359 1549 594 1603 solemus
626 1565 640 1602 :
667 1562 730 1602 ac
768 1563 863 1618 per
906 1546 1006 1601 hoc
1035 1545 1177 1616 quod
1214 1544 1290 1598 ait
1323 1543 1460 1599 idem
1497 1542 1767 1612 apostolus
1791 1581 1806 1608 ,

192 1642 555 1698 Renovamini
570 1651 738 1696 autem
757 1641 937 1712 spiritu
956 1641 1135 1694 mentis
1159 1647 1334 1694 vestra
1353 1635 1568 1710 (Ephes.
1594 1651 1664 1700 tv,
1687 1634 1802 1705 23);

191 1735 346 1807 quid
373 1735 518 1790 aliud
547 1735 708 1798 dicit,
739 1734 859 1796 nisi.
895 1732 1241 1788 Renovamini
1271 1740 1450 1787 mente
1480 1729 1693 1784 vestra?
1718 1728 1808 1784 Sic

193 1827 361 1882 enim
389 1826 606 1895 Spiritus
633 1825 828 1880 mentis
856 1825 986 1879 nihil
1015 1833 1097 1878 est
1122 1822 1265 1877 aliud
1286 1837 1443 1894 quam
1471 1836 1642 1888 mens,
1673 1835 1808 1891 quo-

195 1918 381 1973 odo
398 1933 594 1986 corpus
614 1918 791 1973 carnis
809 1917 942 1971 nihil
967 1915 1107 1970 aliud
1131 1923 1305 1985 potest
1325 1929 1446 1970 esse
1465 1929 1623 1984 quam
1645 1926 1804 1968 caro:

196 2024 340 2066 nam
360 2017 418 2065 et
445 2007 544 2064 hoc
555 2009 811 2080 scriptum
839 2016 940 2075 est,
967 2006 1035 2060 In
1061 2006 1425 2076 exspoliatione
1444 2005 1670 2074 corporis
1688 2020 1805 2056 car—

198 2100 290 2155 nis
315 2099 538 2170 (Coloss.
565 2116 620 2166 n,
649 2100 769 2173 II);
795 2099 884 2155 uhi
905 2115 1120 2155 carnem
1142 2114 1337 2170 corpus
1355 2099 1532 2153 carnis
1550 2097 1802 2168 appellat.

200 2193 355 2250 Dicit
381 2207 513 2247 sane
532 2201 586 2247 et
604 2193 712 2247 alio
736 2193 895 2247 modo
915 2192 1162 2261 Spiritum
1191 2191 1443 2256 hominis,
1467 2206 1624 2261 quem
1653 2205 1806 2260 pror-

197 2301 306 2343 sus
334 2303 366 2341 a
393 2297 574 2342 mente
595 2285 887 2342 discernit:
921 2285 980 2340 Si
1003 2284 1135 2340 enim
1157 2300 1363 2338 orauere
1385 2284 1580 2355 lingua,
1609 2283 1800 2353 inquit,

197 2379 422 2449 spiritus
469 2395 606 2432 meus
646 2387 788 2445 orat,
831 2394 970 2433 mens
1007 2386 1174 2431 autem
1217 2394 1326 2431 mea
1373 2377 1688 2448 infructuosa
1731 2383 1804 2428 est

199 2470 252 2544 (I
273 2473 400 2528 Cor.
432 2488 506 2538 tv,
535 2471 646 2544 ﬂ).
678 2472 873 2528 Verum
899 2487 1038 2527 nunc
1065 2488 1170 2525 non
1196 2470 1263 2526 de
1290 2471 1391 2534 isto
1419 2470 1608 2540 spiritu
1633 2469 1804 2539 loqui-

201 2581 356 2631 mur,
375 2565 572 2637 quiest
595 2582 625 2620 a
647 2575 828 2622 mente
848 2566 1148 2621 distinctus.
1174 2564 1344 2620 liabet
1363 2565 1460 2619 iste
1489 2578 1640 2617 suam
1664 2577 1801 2616 eam-

204 2659 451 2730 demque
474 2658 746 2714 diI‘licilem
789 2660 1139 2730 quaestionem
1173 2673 1188 2710 :
1222 2657 1400 2712 multis
1442 2656 1584 2712 enim
1629 2654 1802 2710 modis

195 2760 373 2823 atque
415 2751 470 2806 in
495 2751 720 2806 diversis
763 2750 1239 2822 signiﬁcationibus
1277 2748 1566 2818 Scripturze
1603 2747 1800 2801 divina:

199 2842 460 2915 spiritum
500 2842 775 2896 nominant
807 2861 821 2897 :
863 2841 956 2896 sed
995 2842 1063 2897 de
1103 2857 1210 2912 quo
1244 2856 1385 2895 nunc
1422 2838 1660 2909 agimus,
1695 2851 1800 2908 quo

198 2938 621 3002 ratiocinamur,
670 2937 1042 3008 intelligimus,
1099 2937 1364 3008 Sapimus;
1411 2941 1619 2988 constat
1663 2932 1803 2987 inter

201 3044 310 3086 nos
331 3028 412 3083 sic
430 3043 552 3084 eum
571 3028 734 3085 etiam
757 3028 969 3098 pr0prie
993 3027 1238 3098 spiritum
1265 3025 1580 3095 nuncupari,
1609 3032 1669 3079 ut
1693 3038 1816 3098 non_

201 3124 276 3181 sit
305 3124 555 3178 universa
579 3123 788 3187 anima,
820 3121 914 3177 sed
944 3119 1142 3192 aliquid
1171 3119 1307 3190 ejus.
1336 3118 1540 3174 Tamen
1567 3118 1798 3172 animam

199 3220 371 3276 etiam
396 3218 642 3288 spiritum
673 3231 813 3284 esse,
837 3217 881 3272 si
911 3223 1193 3287 propterea
1217 3229 1398 3284 negas,
1421 3213 1542 3284 quia
1571 3212 1688 3281 ejus
1714 3211 1797 3265 in-

203 3310 499 3380 telligentia
545 3308 796 3364 distincte
829 3307 1026 3362 dicitur
1065 3306 1316 3377 spiritus;
1359 3304 1562 3378 poteris
1599 3319 1798 3374 negare

203 3402 518 3457 universum
547 3415 734 3456 semen
761 3399 928 3455 Jacob
943 3399 1198 3470 appellari
1225 3397 1406 3463 Israel,
1427 3397 1676 3468 quoniam
1701 3411 1796 3450 ex—

202 3504 363 3564 cepto
411 3493 578 3561 Iuda,
619 3492 780 3547 etiam
822 3491 1072 3546 distincte
1109 3491 1404 3562 appellatus
1440 3497 1524 3543 est
1554 3487 1713 3542 Israel
1744 3488 1796 3543 in

204 3587 454 3645 tribubus
470 3586 680 3652 decem,
703 3602 820 3656 quae
837 3585 888 3640 in
910 3583 1150 3640 Samaria
1177 3592 1302 3638 tunc
1324 3583 1536 3638 luerunt
1556 3580 1644 3654 (III
1666 3579 1794 3652 Reg.

202 3695 302 3748 nl,
334 3679 454 3749 28).
477 3678 581 3734 Sed
607 3677 733 3748 quid
756 3693 889 3747 opus
919 3685 1003 3732 est
1029 3675 1114 3730 hic
1139 3675 1340 3730 diutius
1367 3672 1676 3729 immorari?

273 3770 506 3828 CAPUT
563 3769 962 3827 XXlll.——-57.
1017 3769 1136 3827 .lam
1191 3785 1334 3825 nunc
1391 3768 1532 3824 unde
1588 3768 1798 3824 facilius

204 3863 576 3931 ostendamus,
611 3863 828 3919 attende
856 3879 974 3919 eam
1001 3879 1119 3934 qua:
1147 3864 1323 3918 anima
1355 3871 1458 3930 est,
1486 3863 1644 3918 etiam
1683 3863 1797 3931 spi-

205 3956 366 4012 ritum
401 3955 505 4012 dici
527 3997 544 4024 ,
581 3971 703 4011 cum
731 3955 882 4012 audis
912 3956 995 4012 vel
1026 3956 1188 4026 legis,
1229 3955 1458 4010 Domino
1497 3956 1792 4023 moriente,

204 4049 348 4122 quod
366 4051 627 4121 scriptum
647 4059 750 4115 est,
779 4049 845 4104 Et
871 4052 1116 4105 inclinato
1145 4052 1310 4122 capite
1327 4051 1535 4106 tradidit
1562 4052 1795 4121 spiritum

207 4140 385 4212 (locu.
429 4158 555 4210 xu,
587 4142 725 4212 30):
769 4143 838 4198 ita
866 4142 946 4197 vis
971 4143 1190 4215 intelligi
1216 4185 1230 4210 ,
1279 4154 1530 4215 tanquam
1573 4159 1603 4198 a
1646 4152 1797 4214 parte

207 4235 591 4306 signiﬁcaverit
631 4245 835 4303 totum,
869 4251 974 4290 non
1001 4225 1141 4308 quod
1188 4253 1249 4292 ea
1295 4253 1412 4309 qua:
1454 4237 1629 4290 anima
1678 4246 1789 4302 est,

209 4328 374 4398 possit
396 4336 453 4383 et
479 4328 700 4398 spiritus
731 4330 1044 4398 nuncupari.
1087 4330 1159 4384 At
1185 4344 1284 4398 ego
1313 4338 1370 4383 ut
1398 4329 1596 4399 possim
1629 4343 1794 4397 expe-

207 4418 366 4475 ditius
393 4420 627 4490 probare
662 4421 804 4492 quod
829 4422 984 4489 dico,
1025 4432 1077 4479 te
1114 4423 1289 4493 ipsum
1331 4433 1520 4479 testem
1561 4423 1716 4478 citius
1743 4433 1796 4478 et

207 4513 542 4570 commodius
567 4514 854 4572 adhibebo.
885 4517 973 4573 Sic
1003 4519 1145 4572 enim
1171 4517 1416 4586 spiritum
1447 4517 1708 4584 definisti,
1740 4527 1797 4572 ut

207 4621 398 4678 pecora
435 4617 728 4678 appareant
754 4625 858 4664 non
896 4610 1140 4680 spiritum
1170 4610 1395 4674 habere.
1424 4611 1517 4666 sed
1539 4611 1792 4666 animam.

207 4695 537 4754 lrrationalia
568 4701 767 4772 quippe
797 4701 918 4757 ideo
946 4701 1223 4770 dicuntur,
1258 4703 1401 4775 quod
1427 4707 1533 4759 vim
1561 4721 1664 4760 non
1698 4706 1795 4761 ha-

206 4790 364 4848 beant
402 4793 767 4865 iutelligentize
802 4804 964 4867 atque
999 4797 1238 4853 rationis.
1279 4797 1430 4854 Unde
1464 4815 1584 4854 cum
1618 4799 1794 4854 homi-

209 4899 328 4940 nem
357 4884 534 4958 ipsum
560 4887 880 4945 admonercs
913 4905 1066 4946 suam
1111 4906 1272 4948 nosse
1300 4903 1580 4959 naturam,
1611 4894 1684 4948 ita
1713 4895 1795 4949 lo-

208 4985 357 5031 cutus
396 4991 493 5033 es:
532 4997 550 5031 ι
580 4977 712 5035 Nam
752 4995 874 5035 cum
913 4981 1056 5036 Deus
1090 4981 1262 5037 bonus
1293 4982 1420 5038 nihil
1448 4999 1553 5038 non
1589 4985 1795 5042 ratione

210 5066 526 5135 condiderit,
560 5069 844 5142 ipsumque
873 5071 1144 5127 hominem
1174 5075 1374 5130 animal
1403 5077 1682 5141 rationale,
1707 5077 1792 5132 in-

211 5157 454 5214 tellectus
482 5175 732 5230 capacem
753 5203 770 5229 ,
801 5164 1026 5220 rationis
1051 5175 1352 5237 compotem
1371 5209 1385 5234 ,
1418 5183 1685 5240 sensuque
1712 5169 1794 5223 vi-

209 5261 389 5304 vacem
407 5288 427 5313 ,
454 5252 545 5322 qui
571 5251 751 5308 omnia
780 5253 1002 5310 rationis
1033 5258 1272 5328 expertia
1302 5258 1545 5329 prudenti
1575 5260 1792 5314 ordina-

211 5338 352 5396 tione
390 5341 710 5409 distribuat,
744 5347 1123 5417 procreaverit.
1152 5367 1171 5400 ι
1208 5349 1300 5404 His
1329 5352 1434 5405 tuis
1463 5351 1640 5408 verbis
1664 5352 1792 5406 satis

209 5433 510 5502 asseruisti,
559 5435 705 5507 quod
743 5439 961 5496 omnino
1003 5441 1339 5498 verissimum
1377 5453 1492 5511 est,
1522 5443 1792 5500 hominem

208 5537 326 5583 esse
349 5538 654 5601 compotem
685 5532 905 5590 rationis
929 5541 1092 5605 atque
1119 5534 1486 5608 intelligentia:
1515 5553 1787 5610 capacem,

153 5609 163 5615 ’
211 5618 350 5690 quod
394 5625 578 5694 utique
625 5640 734 5680 non
779 5638 904 5683 sunt
956 5629 1206 5684 animalia
1250 5631 1472 5686 rationis
1530 5634 1787 5702 expertia.

210 5711 357 5772 Unde
393 5725 450 5772 et
491 5719 799 5775 testimonio
823 5721 1037 5787 divino,
1078 5739 1171 5779 eos
1205 5725 1295 5796 qui
1327 5743 1430 5780 non
1463 5727 1789 5798 intelligunt,

205 5811 487 5881 pecoribus
525 5816 879 5882 comparasti,
923 5832 1030 5873 non
1056 5819 1240 5889 utique
1275 5820 1594 5876 habentibus
1633 5821 1793 5877 intel-

199 5899 399 5961 locum
429 5901 606 5977 (Psat.
632 5922 823 5979 xpvtu,
854 5907 965 5982 I5).
995 5911 1146 5981 Quod
1172 5922 1228 5970 et
1253 5913 1360 5972 alio
1386 5917 1504 5975 loco
1533 5925 1790 5992 scriptum

1584 407 1784 464 LIBER
1819 406 2163 478 QUARTUS.

3397 427 3502 490 546

1927 532 2008 579 est
2029 565 2044 590 ,
2080 525 2254 581 Nolite
2290 547 2396 585 esse
2431 533 2562 588 sicut
2599 553 2754 609 equus
2788 545 2842 592 et"
2861 540 3056 608 mulus,
3095 542 3272 613 quibus
3300 561 3400 599 non
3436 557 3510 602 est

1921 613 2204 671 intellectus
2235 617 2404 690 (Psat.
2435 638 2580 688 xm,
2614 625 2690 696 9).
2734 628 2866 694 Qua:
2893 645 3014 684 cum
3045 633 3114 686 ita
3141 634 3266 699 sint,
3293 637 3506 694 attende

1923 704 2082 760 etiam
2114 709 2304 778 quibus
2335 713 2509 768 verbis
2539 717 2783 786 spiritum
2811 720 3080 778 definieris
3118 734 3277 796 atque
3304 727 3508 785 descri-

1920 798 2126 868 pseris,
2167 815 2288 855 cum
2321 803 2465 858 illum
2514 808 2582 863 ab
2633 810 2806 865 anima
2855 813 3181 886 distinguere
3229 820 3502 879 nitereris.

1927 905 1947 940 ‹
1971 889 2096 944 Haec
2123 893 2323 962 anima,
2356 914 2374 947 ι
2411 896 2602 967 inquis,
2638 918 2658 951 ι
2683 917 2801 972 quae
2831 920 2894 958 ex
2928 905 3054 961 ﬂatu
3087 909 3180 964 Dei
3208 911 3365 967 habet
3390 915 3500 969 ori-

1918 982 2130 1052 ginem,
2181 986 2298 1042 sine
2339 1003 2500 1045 sensu
2545 995 2759 1065 proprio
2799 1008 2956 1068 atque
2998 1000 3268 1058 intellectu
3314 1007 3500 1064 intimo

1917 1091 2038 1132 esse
2077 1094 2183 1134 non
2217 1083 2404 1150 potuit,
2436 1085 2578 1156 quod
2608 1097 2690 1142 est
2719 1090 2955 1159 spiritus.
2998 1114 3017 1146 ι
3059 1095 3124 1150 Et
3152 1101 3307 1166 paulo
3334 1113 3452 1171 post
3484 1121 3497 1156 :

1925 1185 1943 1220 ι
1975 1169 2039 1224 Ει
2080 1173 2324 1241 quamvis
2353 1175 2557 1243 anima,
2586 1197 2604 1230 ι
2641 1179 2846 1251 inquis,
2881 1202 2901 1236 ‹
2927 1186 3126 1242 animet
3151 1169 3374 1258 corpus;
3419 1202 3500 1246 ta-

1916 1277 2038 1317 men
2065 1266 2204 1334 quod
2236 1269 2421 1332 sentit,
2450 1272 2591 1341 quod
2618 1275 2784 1344 sapit,
2815 1278 2955 1348 quod
2985 1281 3152 1351 viget,
3183 1284 3400 1353 spiritus
3430 1287 3501 1342 sit

1917 1369 2135 1412 necesse
2159 1367 2259 1412 est.
2285 1379 2305 1411 ι
2336 1360 2464 1416 Item
2491 1365 2648 1433 paulo
2677 1377 2796 1436 post
2821 1385 2834 1422 :
2865 1388 2884 1421 ι
2909 1371 3065 1426 Aliud
3094 1376 3216 1442 erit,
3249 1396 3267 1429 ι
3301 1377 3498 1448 inquis,

1922 1462 1942 1496 ι
1969 1447 2165 1513 anima,
2185 1459 2241 1504 et
2258 1452 2400 1507 aliud
2417 1455 2658 1524 spiritus,
2683 1460 2939 1529 sapientia
2962 1473 3015 1518 et
3033 1480 3222 1522 sensus
3238 1447 3449 1524 animm.
3474 1492 3493 1523 ι

1915 1536 2010 1594 His
2051 1541 2227 1596 verbis
2255 1545 2386 1600 satis
2433 1547 2636 1604 indicas
2665 1552 2790 1622 quid
2821 1568 2944 1611 esse
2983 1558 3226 1627 spiritum
3267 1561 3499 1620 hominis

1915 1632 2146 1700 sentias,
2181 1636 2232 1690 id
2271 1649 2380 1705 est,
2423 1643 2682 1698 rationale
2711 1655 2949 1704 nostrum
2971 1691 2986 1716 ,
3019 1667 3124 1721 quo
3151 1656 3313 1711 sentit
3340 1667 3499 1729 atque

1916 1724 2162 1796 intelligit
2199 1731 2416 1798 anima;
2449 1750 2552 1789 non
2585 1739 2723 1793 sicut
2751 1743 2980 1798 sentitur
3000 1745 3016 1775 ί
3048 1750 3291 1817 corporis
3320 1753 3497 1806 sensi-

1913 1814 2032 1882 bus,
2065 1819 2158 1873 sed
2189 1821 2328 1876 sicut
2356 1835 2437 1878 est
2467 1826 2555 1882 ille
2585 1829 2803 1885 intimus
2830 1847 3043 1902 sensus,
3071 1853 3135 1891 ex
3149 1814 3267 1908 quo
3299 1851 3380 1895 est
3399 1858 3497 1913 ap-

1915 1911 2111 1981 pellata
2143 1919 2426 1972 sententia.
2451 1913 2596 1976 Hinc
2625 1934 2800 1980 autem
2832 1929 3112 1996 pecoribus
3142 1933 3258 1987 sine
3281 1911 3497 1989 dubita-

1913 2001 2059 2058 tioue
2085 2008 2465 2076 prteponimur,
2497 2027 2564 2066 eo
2600 2015 2742 2084 quod
2773 2026 2898 2072 sunt
2929 2019 3017 2073 illa
3052 2022 3275 2078 rationis
3305 2041 3497 2098 exper-

1914 2096 2004 2151 tia.
2032 2097 2575 2178 Non‘hahentitaque
2603 2109 2844 2179 spiritum
2877 2128 3088 2181 pecora,
3124 2115 3173 2170 id
3205 2127 3302 2182 est,
3337 2096 3496 2177 intelo

1910 2188 2104 2246 lectum
2133 2203 2186 2248 et
2212 2197 2432 2252 rationis
2458 2214 2521 2254 ac
2547 2202 2827 2258 sapientiae
2853 2220 3068 2262 sensum
3092 2250 3105 2273 ,
3139 2209 3230 2263 sed
3264 2211 3496 2269 animum

1913 2290 2137 2338 tantum.
2168 2285 2300 2340 Nam
2327 2298 2382 2343 et
2407 2288 2475 2345 de
2501 2291 2608 2346 illis
2633 2293 2830 2348 dictum
2858 2306 2938 2351 est
2967 2316 2981 2351 :
3018 2297 3313 2356 Producant
3352 2321 3498 2374 aqua

1909 2377 2136 2444 repentia
2165 2379 2449 2434 animarum
2477 2383 2784 2454 viventium;
2812 2396 2896 2452 et,
2927 2388 3189 2446 Producat
3217 2403 3350 2449 terra
3379 2398 3495 2450 ani-

1910 2481 2044 2518 mam
2073 2468 2312 2523 viventem
2343 2470 2492 2543 (Gen.
2524 2491 2559 2540 ι,
2586 2475 2676 2541 20.
2705 2477 2820 2551 24).
2853 2479 2920 2535 Ut
2947 2497 3074 2553 ergo
3106 2484 3412 2554 plenissime
3434 2505 3497 2543 ac

1909 2557 2219 2628 planissime
2250 2565 2464 2619 noveris
2484 2607 2498 2632 ,
2532 2582 2650 2622 eam
2681 2586 2799 2642 quae
2829 2573 3004 2627 anima
3038 2585 3145 2640 est,
3181 2593 3329 2633 more
3357 2580 3495 2634 divi;

1907 2664 2098 2705 norum
2145 2653 2477 2724 eloquiorum
2523 2661 2683 2717 etiam
2729 2662 2971 2732 spiritum
3021 2667 3159 2734 dici,
3199 2672 3496 2739 appellatur

1909 2742 2119 2810 pecoris
2148 2745 2386 2814 spiritus.
2421 2748 2486 2802 Et
2516 2749 2694 2822 utique
2737 2768 2840 2808 non
2874 2753 3070 2810 habent
3116 2773 3306 2827 pecora
3346 2761 3495 2817 illum

1906 2833 2171 2902 spiritum,
2201 2853 2360 2906 quem
2396 2848 2478 2892 tua
2515 2841 2736 2898 Dilectio
2764 2843 3075 2902 discernens
3103 2849 3170 2903 ab
3201 2852 3376 2907 anima
3403 2854 3496 2909 de-

1905 2923 2094 2980 Ilnivit.
2128 2925 2281 2983 Unde
2311 2930 2654 2991 manifestum
2685 2946 2768 2990 est
2799 2939 2940 3007 quod
2970 2943 3204 3010 generali
3238 2945 3495 3001 vocabulo

1904 3018 2082 3072 anima
2113 3021 2324 3090 pecoris
2349 3033 2494 3079 recte
2523 3029 2694 3095 potuit
2718 3030 2796 3085 sic
2822 3033 3022 3100 vocari,
3055 3035 3193 3090 sicut
3220 3036 3412 3109 legitur
3440 3039 3494 3096 in

1905 3109 2041 3192 libro
2070 3112 2407 3172 Ecclesiaste:
2433 3136 2446 3171 :
2477 3119 2604 3185 Quis
2630 3124 2724 3178 scit
2743 3165 2760 3191 ,
2791 3125 3000 3194 spiritus
3024 3127 3250 3196 ﬁliorum
3279 3131 3495 3188 hominis

1902 3207 1950 3258 si
1973 3208 2211 3261 ascendat
2236 3211 2344 3281 ipse
2362 3229 2595 3279 sursum,
2626 3225 2674 3272 et
2701 3219 2909 3288 spiritus
2937 3224 3131 3291 pecoris
3156 3225 3200 3278 si
3223 3225 3493 3282 descendat

1904 3297 2016 3369 ipse
2044 3300 2278 3356 deorsum
2306 3305 2358 3358 in
2386 3315 2568 3360 terram
2590 3307 2786 3376 (Eccte.
2818 3327 2896 3379 III,
2920 3313 3051 3384 2i)?
3078 3315 3312 3387 Itemque
3342 3319 3392 3373 in
3414 3319 3495 3374 di-

1904 3390 2032 3446 luvii
2064 3397 2308 3450 vastitate
2351 3397 2421 3451 ita
2460 3400 2714 3468 scriptum
2753 3411 2875 3458 est:
2913 3404 2981 3458 Et
3009 3417 3206 3461 mortua
3234 3419 3306 3463 est
3331 3412 3494 3465 omnis

1902 3498 2056 3550 caro,
2103 3501 2216 3557 qua
2253 3488 2541 3542 movebatur
2566 3507 2720 3562 super
2747 3501 2953 3560 terram,
2988 3498 3262 3552 votatilium
3285 3542 3301 3567 ,
3345 3517 3494 3571 peco-

1902 3592 2036 3644 rum,
2067 3587 2114 3631 et
2134 3579 2484 3651 jumentorum
2508 3622 2523 3648 ,
2555 3593 2601 3636 et
2630 3584 2874 3653 ferarum,
2908 3597 2955 3641 et
2983 3591 3144 3644 omnis
3173 3609 3377 3664 serpens
3404 3596 3492 3667 qui

1903 3678 2128 3724 mouetur
2165 3687 2318 3740 super
2345 3681 2530 3727 terram
2557 3685 2604 3730 et
2631 3677 2793 3732 omnis
2836 3682 2984 3734 homo
3015 3721 3030 3748 ,
3061 3691 3107 3736 et
3147 3685 3316 3738 omnia
3345 3703 3488 3756 quie—

1901 3775 2113 3832 cumque
2139 3761 2320 3817 habent
2364 3765 2596 3834 spiritum
2635 3769 2750 3823 vita:
2776 3769 2926 3842 (Gen.
2960 3788 3062 3839 vn,
3094 3774 3157 3829 2i
3179 3816 3194 3842 ,
3221 3775 3335 3848 22).
3389 3778 3488 3834 Ubi

1901 3855 2124 3910 remotis
2176 3855 2426 3912 omnibus
2471 3860 2818 3918 dubitationis
2862 3865 3192 3937 ambagibus,
3241 3872 3491 3940 generale

1905 3961 2101 4003 nomen
2156 3949 2348 4002 anima:
2397 3965 2517 4006 esse
2565 3953 2943 4026 intelligimus,
2997 3962 3262 4029 spiritum.
3329 3963 3491 4036 Cujus

1901 4038 2116 4108 quidem
2153 4043 2387 4097 nominis
2419 4045 2734 4114 significatio
2767 4060 2871 4104 tam
2904 4052 3007 4108 late
3037 4064 3212 4124 patet,
3248 4065 3303 4110 ut
3329 4058 3488 4114 etiam

1902 4128 2046 4185 Deus
2091 4143 2313 4187 vocetur
2357 4136 2575 4205 spiritus
2620 4138 2797 4212 (Joau.
2827 4159 2900 4207 IV,
2929 4144 3042 4216 2t).
3093 4146 3158 4200 Et
3196 4147 3295 4203 iste
3335 4149 3491 4206 ﬂatus

1900 4221 2122 4288 aereus,
2149 4225 2393 4294 quamvis
2422 4229 2492 4282 sit
2527 4217 2839 4300 corporeus,
2868 4237 3163 4304 appellatur
3192 4239 3242 4292 iu
3275 4239 3489 4296 Psalmo

1899 4315 2118 4383 spiritus
2167 4320 2498 4388 tempestatis
2551 4321 2721 4393 (Psat.
2769 4341 2887 4392 uv,
2921 4326 3000 4398 9).
3056 4329 3390 4401 Quapropter
3434 4342 3488 4388 et

1901 4419 2054 4472 eam,
2095 4422 2215 4476 qua:
2257 4409 2432 4463 anima
2463 4421 2545 4467 est
2567 4415 2607 4479 ',
2661 4416 2820 4471 etiam
2863 4418 3106 4487 Spiritum
3157 4424 3483 4493 nuncupari,

1903 4506 2032 4568 puto
2051 4499 2193 4570 quod
2217 4499 2521 4559 admonitus
2549 4504 2653 4572 his,
2675 4522 2793 4578 quae
2816 4523 3173 4566 commemora
3185 4514 3250 4580 vi,
3277 4513 3488 4570 divina-

1902 4610 2022 4650 rum
2055 4595 2388 4650 testimoniis
2436 4599 2778 4669 paginarum,
2829 4602 2916 4656 ubi
2948 4612 3001 4658 et
3041 4605 3216 4659 anima
3247 4608 3485 4677 pecoris,

1901 4689 1986 4744 cui
2017 4704 2121 4744 non
2148 4699 2231 4745 est
2259 4689 2577 4758 intellectus,
2609 4694 2873 4762 appellata
2902 4695 3093 4767 legitur
3116 4699 3355 4768 spiritus,
3383 4717 3489 4756 non

1910 4780 2128 4852 negabis
2171 4781 2413 4837 ulterius.
2455 4782 2714 4849 Quocirca
2756 4785 2800 4840 si
2841 4796 2896 4842 et
2937 4787 3024 4842 illa
3065 4804 3182 4860 qua:
3212 4789 3281 4846 de
3310 4791 3487 4846 anima

1907 4863 2216 4944 incorporea
2261 4873 2528 4942 disputata
2579 4886 2703 4931 sunt
2745 4879 2890 4948 capis
2934 4889 2992 4935 et
3031 4881 3209 4950 sapis,
3257 4898 3360 4938 non
3411 4895 3491 4942 est

1905 4965 2046 5020 unde
2094 4965 2186 5020 tibi
2232 4966 2569 5036 displiceam,
2605 4969 2745 5039 quod
2786 4987 2903 5027 eam
2944 4987 3030 5029 me
3060 4975 3198 5030 scire
3230 4975 3346 5030 dixi
3384 4992 3488 5032 non

1901 5070 2096 5126 corpus
2135 5072 2253 5112 esse
2274 5098 2288 5123 ,
2340 5057 2433 5112 sed
2470 5059 2713 5130 spiritum
2747 5078 2761 5114 :
2790 5063 2911 5132 quia
2939 5074 2994 5118 et
3013 5079 3206 5137 corpus
3233 5083 3338 5122 non
3370 5082 3492 5124 esse

1901 5160 2258 5216 monstratur,
2294 5160 2348 5206 et
2377 5153 2613 5222 generali
2641 5157 2855 5211 nomine
2881 5158 3097 5227 spiritus
3130 5170 3488 5233 nuncupatur.

1969 5243 2198 5299 CAPUT
2227 5242 2417 5298 XXIV.
2441 5275 2512 5285 —
2539 5245 2627 5300 58.
2659 5245 3014 5314 Quamobrem
3055 5249 3097 5304 si
3141 5251 3237 5306 hos
3257 5251 3321 5305 ad
3355 5261 3404 5306 te
3429 5251 3486 5305 li-

1900 5335 2028 5392 bros
2053 5337 2291 5406 impensa
2353 5336 2636 5394 dilectione
2673 5342 3042 5411 conscriptos,
3097 5357 3318 5413 repensa
3360 5343 3492 5399 dile-

1900 5429 2078 5483 ctione
2103 5429 2268 5482 sumis
2290 5438 2340 5484 et
2354 5429 2504 5500 legis;
2523 5430 2568 5484 si
2595 5429 2646 5484 in
2669 5432 2926 5504 principio
2944 5434 3095 5504 primi
3113 5435 3185 5487 tui
3210 5435 3325 5489 libri
3339 5434 3490 5491 audis

1875 5530 1954 5576 .et
1983 5529 2036 5576 te
2056 5522 2248 5593 ipsum,
2275 5531 2328 5577 et
2353 5522 2556 5590 studes,
2589 5524 2724 5580 sicut
2753 5526 2929 5581 dixisti
2956 5527 3204 5598 :(Supra,
3230 5526 3321 5581 lib.
3353 5526 3408 5593 2,
3432 5545 3486 5584 n.

1898 5613 2014 5686 22),
2037 5623 2177 5670 tuam
2207 5617 2526 5671 sententiam
2555 5633 2660 5671 non
2682 5619 2812 5672 tueri
2838 5661 2853 5684 ,
2882 5619 2927 5672 si
2949 5619 3310 5689 improbabilis
3336 5620 3491 5677 dete-

1898 5717 2051 5781 gatur
2079 5726 2094 5761 :
2121 5707 2209 5763 illa
2237 5709 2503 5780 praecipue
2533 5710 2777 5765 undecim
2809 5726 2954 5776 cave,
2977 5711 3043 5767 de
3069 5712 3259 5782 quibus
3277 5715 3399 5800 tein
3426 5713 3492 5778 li-

1965 5867 1981 5936 ξ
2015 5867 2090 5916 sic
2113 5873 2212 5915 Am.
2239 5873 2291 5916 et
2324 5875 2428 5916 Mss.
2459 5874 2516 5917 Αι
2534 5874 2606 5936 Er.
2636 5873 2838 5936 et.t.ov.,
2866 5866 3019 5936 sentit.

1962 5933 1982 5962 ⁸
2015 5937 2142 5982 Mssa
2169 5936 2465 5992 Quapropter
2482 5937 2528 5982 et
2550 5929 2600 5979 in
2623 5927 2792 5983 auibus
2814 5927 2977 5984 annua
2997 5935 3086 5997 est.
