4012 6478
547 383 661 443 ατ

549 498 653 555 bro
665 499 941 569 superiore
968 498 1267 554 σοπηοηυὶ
1283 497 1498 567 (Supra,
1526 497 1617 551 tib.
1639 499 1690 562 ὅ,
1711 515 1802 552 nn.
1823 496 1915 561 22,
1932 495 2046 566 23).
2065 495 2144 550 Ne

554 605 584 644 ι
613 595 845 648 animans
880 593 959 647 sic
1001 591 1147 647 dicas
1169 609 1235 647 ex
1283 591 1426 658 Deo,
1477 601 1531 645 ut
1552 605 1674 645 eam
1719 605 1824 644 non
1857 591 1925 644 de
1952 591 2094 643 nulla
2122 631 2137 654 ,

547 698 656 740 nec
673 686 740 740 de
759 686 890 751 alia,
919 684 1017 740 sed
1039 684 1105 740 de
1129 698 1226 740 sua
1245 695 1427 739 natura
1445 684 1709 740 creaverit
1741 700 1754 737 :
1789 700 1810 735 ι
1828 691 1924 736 aut
1953 699 1972 733 ι
1999 681 2143 752 quod

548 774 930 845 periuﬂnitum
956 783 1200 845 tempus,
1229 784 1390 844 atque
1419 775 1490 830 ita
1511 788 1727 845 semper
1767 773 1972 827 animas
2009 773 2102 827 det
2124 813 2139 839 ,

545 865 690 919 sicut
712 878 926 934 semper
965 874 1046 920 est
1069 865 1187 934 ipse
1207 865 1299 935 qui
1327 866 1418 920 dat
1449 885 1463 918 :
1506 884 1524 916 ι
1557 874 1652 919 aut
1708 883 1730 918 ι
1763 864 1994 918 animam
2027 876 2141 919 me-

546 957 712 1013 ritum
738 957 950 1028 aliquod
974 957 1272 1028 perdidisse
1301 973 1396 1028 per
1423 972 1638 1012 carnem
1662 996 1677 1022 ,
1707 955 1848 1028 quod
1899 956 2145 1011 habuerit

546 1056 676 1102 ante
695 1061 910 1102 carnem
937 1064 950 1101 :
988 1066 1007 1100 ι
1057 1057 1150 1102 aut
1178 1065 1198 1099 ι
1229 1049 1462 1103 minuam
1514 1063 1608 1118 per
1633 1061 1851 1102 carnem
1894 1060 2143 1116 reparare

553 1135 916 1192 habitudinem
942 1138 1204 1207 priscam,
1242 1152 1440 1208 perque
1470 1138 1637 1208 ipsam
1662 1152 1879 1193 carnem
1910 1138 2138 1203 renasci,

549 1245 652 1300 per
676 1246 838 1302 quam
875 1241 1143 1286 nteruerat
1194 1231 1458 1301 inquinari
1487 1249 1502 1284 :
1538 1250 1558 1284 ι
1587 1239 1682 1286 aut
1712 1249 1733 1284 ι
1781 1230 1923 1301 quod
1963 1230 2139 1284 anima

552 1330 678 1378 ante
705 1337 862 1378 omne
883 1333 1157 1393 peccatum
1187 1325 1443 1380 meruerit
1485 1338 1605 1379 esse
1645 1323 1912 1394 peccatrix
1939 1341 1952 1377 :
1985 1342 2008 1376 ι
2051 1333 2142 1378 aut

559 1429 579 1462 ι
609 1411 833 1468 infantes
855 1414 975 1468 sine
997 1415 1400 1482 regeneratione
1435 1414 1776 1483 Baptismatis
1803 1422 2042 1469 mortuos
2075 1415 2090 1444 ¹
2119 1455 2135 1480 ,

549 1503 618 1558 ad
647 1503 1023 1575 indulgentiam
1047 1506 1326 1575 pervenire
1343 1506 1677 1576 originalium
1702 1516 2036 1575 peccatorum
2067 1523 2082 1560 :
2109 1521 2132 1558 ο

545 1604 644 1651 aut
693 1613 712 1648 ι
750 1612 883 1667 quos
925 1598 1184 1654 Dominus
1211 1598 1610 1668 praedestinavit
1655 1597 1721 1654 ad
1765 1598 2093 1668 Baptismnm
2121 1639 2138 1663 ,

551 1686 1148 1759 prmdestinationiejus
1193 1691 1325 1758 eripi
1373 1692 1392 1722 ²
1435 1705 1628 1760 posse,
1659 1699 1714 1745 et
1755 1699 1878 1745 ante
1925 1689 2141 1760 defungi

552 1792 709 1848 quam
733 1778 786 1832 in
813 1779 889 1834 eis
905 1779 1044 1850 quod
1061 1779 1406 1850 Omnipotens
1424 1780 1819 1850 praidcstinavit
1840 1782 2048 1851 impleri
2075 1800 2087 1834 :
2112 1797 2134 1834 ι

553 1877 644 1922 aut
697 1887 716 1922 ι
763 1869 830 1924 de
857 1869 940 1925 his
967 1871 1056 1941 qui
1081 1873 1390 1942 priusquam
1444 1873 1777 1942 bapttzentur
1825 1875 2098 1944 exspirant
2121 1917 2136 1942 ,

554 1957 753 2014 diuum
780 1974 900 2014 esse
917 1961 1058 2030 quod
1089 1962 1341 2034 scriptum
1369 1972 1486 2028 est,
1515 1962 1714 2034 Rapta:
1741 1974 1813 2020 est
1860 1982 1922 2021 uc
1947 1967 2142 2021 malitia

554 2055 766 2104 mutaret
792 2051 928 2108 illius
951 2051 1265 2108 intellectum
1314 2073 1336 2106 ι
1381 2054 1536 2126 (Sap.
1569 2071 1653 2124 tv,
1705 2055 1825 2128 il);
1871 2066 2030 2127 atque
2074 2058 2141 2112 ad

555 2138 697 2195 hunc
722 2156 938 2198 sensum
960 2152 1151 2199 czctera
1166 2143 1485 2216 pertinentia
1516 2164 1529 2201 :
1556 2156 1648 2201 aut
1676 2164 1695 2199 ι
1729 2163 1912 2202 earum
1937 2149 2143 2218 aliquas

554 2232 858 2288 mansiones
881 2246 1033 2290 extra
1061 2252 1282 2306 regnum
1329 2238 1426 2294 Dei
1469 2253 1625 2303 esse,
1662 2256 1793 2310 quas
1837 2241 2034 2295 multas
2089 2242 2138 2296 in

553 2319 715 2377 domo
743 2322 914 2380 Patris
937 2325 1020 2381 sui
1050 2327 1299 2382 Dominus
1329 2328 1460 2383 dixit
1484 2344 1604 2385 esse
1636 2347 1656 2381 ›
1691 2330 1870 2400 (Joan.
1899 2347 2020 2399 xiv,
2039 2330 2094 2402 2)
2129 2351 2142 2386 :

555 2425 646 2468 aut
682 2433 701 2468 ‹
733 2418 1052 2473 sacriﬁcium
1072 2419 1312 2490 corporis
1342 2430 1396 2476 et
1419 2422 1690 2492 sanguinis
1717 2423 1911 2478 Christi
1935 2438 2034 2494 pro
2063 2425 2145 2479 bis

553 2506 645 2577 qui
669 2521 772 2562 non
801 2509 1046 2580 baptizatl
1076 2510 1144 2568 de
1169 2528 1394 2585 corpore
1440 2515 1668 2570 exierint
1697 2516 2026 2573 offerendum
2057 2536 2069 2572 :
2117 2537 2139 2572 ι

554 2606 648 2652 aut
681 2617 701 2651 ι
727 2599 932 2672 aliquos
959 2618 1145 2658 eorum
1165 2604 1256 2676 qui
1277 2605 1394 2661 sine
1429 2605 1628 2662 Christi
1655 2609 1977 2678 Baptismate
2027 2625 2143 2666 mo-

557 2691 792 2759 riuntur,
826 2693 878 2748 in
906 2695 1207 2764 paradisum
1233 2697 1446 2753 interim
1483 2699 1648 2769 recipi
1675 2740 1693 2767 ,
1717 2716 1780 2756 ac
1805 2702 2144 2772 postmodum

556 2789 610 2836 et
629 2782 778 2853 regni
797 2783 1052 2842 caelorum
1075 2785 1453 2843 beatitudinem
1473 2790 1746 2860 consequi.
1774 2809 1795 2843 ι
1817 2793 1942 2848 llaec
1956 2793 2144 2862 praeci-

557 2888 665 2945 pue
683 2889 837 2943 cave,
870 2877 942 2932 lili
961 2919 978 2946 ,
1006 2893 1105 2934 nec
1123 2881 1485 2950 cognominari
1509 2881 1818 2938 Vincentius
1841 2884 2141 2956 delecteris,

559 2966 606 3020 si
635 2967 716 3022 vis
743 2983 862 3024 esse
878 2970 1046 3026 victor
1060 2973 1276 3028 erroris.
1297 2973 1408 3030 Nec
1425 2984 1480 3030 te
1493 2975 1705 3047 quando
1723 2977 1926 3048 aliquid
1948 2982 2141 3051 nescis,

559 3057 831 3116 existimes
863 3063 1002 3119 scire
1033 3081 1048 3120 :
1075 3063 1171 3119 sed
1207 3075 1264 3120 ut
1288 3068 1424 3122 scias
1447 3108 1465 3133 ,
1509 3068 1657 3128 disce
1681 3071 1916 3127 nescire.
1961 3072 2146 3144 Neque

558 3148 699 3203 enim
726 3151 919 3222 aliquid
948 3153 1002 3207 in
1031 3155 1254 3212 occultis
1279 3156 1372 3212 Dei
1395 3160 1646 3231 operibus
1679 3162 1972 3232 ignorando
1991 3204 2008 3233 ,
2046 3165 2146 3222 sed

562 3248 763 3296 temere
792 3241 1054 3314 incognita
1075 3260 1171 3315 pro
1196 3249 1420 3318 cognitis
1447 3253 1766 3321 astruendo,
1791 3263 1846 3310 et
1885 3255 2016 3310 falsa
2047 3272 2144 3327 pro

559 3327 702 3386 veris
720 3332 1034 3403 proferendo
1052 3353 1115 3396 ac
1129 3338 1482 3411 defendendo,
1498 3356 1767 3416 peccatur.
1790 3349 2146 3419 lgnorantiam

558 3465 666 3580 “$8
686 3465 852 3518 Plura
901 3475 1011 3522 In.
1029 3503 1048 3533 ,
1083 3471 1189 3524 sine
1239 3476 1613 3538 regenerationis
1672 3479 1962 3544 Baptisntate
2014 3494 2146 3534 mor-

616 3591 978 3670 tﬁguamui
1019 3602 1350 3670 Praetereunt.
1385 3599 1808 3670 .prwdestimtitmi
1843 3605 1949 3670 eius
1989 3606 2146 3670 eripi;

557 3649 858 3772 tigrim,
896 3649 1037 3718 ῥωεε·
1065 3663 1176 3708 σιω
1199 3649 1414 3725 defungi;
1455 3649 2144 3731 hei"éii"iiu63'on§ziﬁéi

572 3826 1675 3849 _.____-_.______.___._.__.-

1541 363 1935 437 'Amtourrto
1970 380 2039 436 IN
2067 378 2250 436 erus
2279 379 2744 447 snnsnounus.

2251 510 2377 548 vero
2402 511 2572 549 ineant
2594 536 2609 561 ,
2637 509 2811 552 utrum
2831 499 3027 555 animm
3053 499 3324 558 hominum
3347 517 3506 563 nova
3554 505 3685 564 fiunt
3702 548 3719 576 ,
3767 521 3844 571 an

2247 585 2317 640 de
2343 589 2644 655 parentibus
2668 590 2820 660 (quas
2845 601 3022 651 tamen
3045 608 3075 646 a
3104 605 3349 651 creatore
3376 599 3490 654 Deo
3513 615 3618 654 non
3645 601 3716 658 de

2248 678 2360 733 sius
2396 680 2691 735 substantia
2735 681 2849 737 fieri
2871 683 3117 742 dubitare
3141 687 3226 742 fas
3266 704 3375 745 non
3401 689 3550 763 est),
3593 702 3693 748 aut
3728 710 3840 754 non

2247 771 2444 827 debere
2485 773 2834 842 reprehendi,
2885 787 2978 832 aut
3003 777 3071 833 ab
3096 793 3161 834 eo
3183 779 3417 847 debere,
3448 798 3482 836 α
3507 795 3615 854 quo
3655 796 3846 856 potest

2237 865 2474 921 ducente
2489 874 2544 920 et
2565 866 2762 922 auferri
2793 886 2808 923 :
2833 877 2889 923 et
2907 868 3106 927 habere
3131 873 3182 926 in
3205 889 3262 928 se
3305 875 3513 930 animas
3546 892 3828 949 corpora!

2241 959 2623 1016 similitudines
2648 962 3025 1034 incorporeas;
3054 965 3199 1035 ipsas
3222 975 3401 1022 autem
3425 983 3533 1024 non
3554 985 3680 1027 eae
3713 987 3827 1030 oor-

2245 1065 2376 1122 pora
2405 1068 2422 1106 :
2451 1053 2668 1108 et-salva
2696 1053 3038 1111 distinctione
3055 1057 3248 1112 animae
3291 1068 3345 1115 et
3367 1061 3582 1129 spiritus
3607 1104 3624 1130 ,
3675 1065 3844 1125 etiam

2237 1144 2623 1199 .universaliter
2646 1147 2876 1202 animam
2899 1148 3144 1217 Spiritum
3171 1152 3467 1220 nuncupari
3483 1193 3498 1217 ,
3521 1161 3652 1224 puto
3693 1154 3845 1226 qud

2241 1236 2601 1304 per-suaserim
2621 1237 2877 1293 Cliaritati
2922 1249 3048 1295 tuae.
3083 1240 3140 1295 Si
3159 1251 3340 1297 autem
3382 1245 3705 1313 persuadere
3731 1263 3845 1305 non

2246 1329 2391 1398 potui
2415 1369 2432 1396 ,
2464 1340 2640 1384 utrum
2668 1338 2844 1386 tamen
2867 1347 2930 1387 ea
2959 1333 3182 1388 dixerim
3221 1349 3338 1405 qua:
3367 1338 3695 1406 persuadere
3741 1339 3847 1398 do-

2245 1418 2458 1475 buerint
2489 1422 2506 1452 ³
2530 1462 2544 1487 ,
2568 1422 2660 1492 qui
2682 1422 2859 1492 legent
2881 1425 3055 1494 potius
3077 1424 3412 1494 judicabant.
3813 1485 3816 1488 .

2315 1511 2404 1568 59.
2445 1512 2632 1582 Siqua
2680 1528 2810 1569 sane
2859 1514 2997 1582 alia,
3037 1530 3160 1585 quae
3190 1516 3414 1586 plurima
3444 1518 3500 1573 in
3541 1519 3647 1576 tuis
3690 1520 3845 1580 libris

2243 1601 2576 1658 emendanda
2603 1603 2735 1659 mihi
2764 1604 3016 1661 videntur
3034 1645 3052 1672 ,
3079 1606 3217 1662 seire
3239 1607 3471 1665 fortasse
3522 1610 3804 1670 desideras
3824 1656 3842 1683 ,

2245 1695 2429 1750 Venire
2455 1696 2552 1751 tibi
2581 1711 2684 1753 non
2715 1698 2783 1752 sit
2803 1713 3126 1765 onerosum,
3162 1715 3268 1756 non
3297 1709 3550 1773 tanquam
3577 1705 3843 1777 discipulo

2243 1786 2312 1842 ad
2337 1788 2650 1856 magistrum
2675 1829 2694 1856 ,
2724 1789 2820 1844 sed
2841 1792 3095 1860 primaevo
3115 1791 3186 1848 ad
3211 1794 3592 1864 grandaevum,
3622 1797 3750 1855 forti
3776 1802 3843 1857 ui

2246 1875 2537 1932 infirmum.
2562 1878 2677 1934 Etsi
2701 1881 2846 1936 enim
2879 1895 2987 1937 non
3017 1896 3113 1941 eos
3137 1885 3298 1941 edere
3320 1886 3551 1946 debuisti
3571 1929 3591 1955 ,
3631 1892 3843 1962 majore

2243 1978 2426 2025 tamen
2446 1980 2502 2025 et
2539 1973 2743 2027 vcriore
2761 1973 2929 2043 gloria
2949 1975 3178 2046 quisque
3204 1989 3480 2035 correctus
3501 1995 3600 2036 sua
3627 1983 3843 2040 confes-

2245 2063 2398 2118 sione
2449 2064 2854 2134 reprehenditur
2877 2107 2894 2135 ,
2937 2083 3102 2138 quam
3146 2072 3432 2141 cuiuslibet
3477 2075 3708 2130 errantis
3747 2089 3846 2132 ore

2243 2153 2512 2212 laudatur.
2541 2159 2794 2225 Quamvis
2821 2161 2876 2215 in
2898 2163 3215 2220 earumdem
3235 2166 3556 2224 recitation
3579 2169 3843 2226 librorum

2249 2247 2518 2304 auditores
2535 2259 2590 2306 et
2617 2249 2921 2308 laudatores
2943 2261 3065 2310 tuos
3087 2270 3197 2310 non
3225 2269 3415 2314 omnes
3444 2258 3543 2314 ista
3558 2275 3686 2331 quae
3709 2275 3843 2318 seua

2245 2338 2488 2395 doctrina
2512 2342 2807 2413 improbat,
2835 2346 2918 2401 vel
2943 2355 3068 2401 ante
3111 2349 3381 2416 sensisse,
3409 2351 3495 2406 vel
3535 2353 3603 2407 ad
3647 2366 3716 2409 ea
3747 2354 3846 2409 tibi

2243 2433 2585 2488 consensisse
2611 2435 2930 2492 crediderim
2963 2455 2978 2490 :
3012 2439 3107 2496 sed
3157 2441 3274 2496 acie
3321 2443 3515 2498 tuentis
3557 2443 3680 2512 ipso
3738 2452 3847 2504 tua:

2247 2527 2574 2582 recitationis
2599 2529 2803 2598 impetu
2845 2544 3113 2601 cursuque
3152 2534 3463 2602 perstricta,
3507 2536 3621 2590 haec
3644 2551 3846 2605 parum

2239 2618 2525 2676 advertere
2555 2623 2792 2690 potuisse
2815 2640 2829 2690 ;
2853 2633 2950 2680 aut
2969 2634 3119 2682 certe
3142 2627 3302 2682 etiam
3320 2628 3442 2684 illos
3451 2629 3543 2698 qui
3557 2628 3846 2687 advertere

2250 2719 2572 2781 potuerunt,
2597 2727 2705 2770 non
2729 2718 2783 2770 in
2803 2725 2860 2774 te
2883 2731 3067 2774 rerum
3085 2719 3494 2792 liquidissimam
3524 2723 3840 2791 veritatem.

2240 2805 2344 2860 sed
2364 2807 2648 2862 verborum
2669 2809 2999 2866 afﬂuentiam
3025 2821 3081 2868 et
3121 2813 3319 2884 ingenii
3343 2814 3648 2871 facultatem
3689 2816 3844 2871 iule-

2246 2895 2462 2967 lemque
2501 2899 2768 2958 laudasse.
2813 2903 3137 2974 Plerumque
3160 2906 3304 2962 enim
3333 2905 3582 2962 laudatur
3608 2908 3628 2938 ³
3649 2947 3665 2973 ,
3697 2923 3842 2978 ιπε-

2241 2989 2456 3046 dicatur
2474 3000 2530 3048 et
2555 3004 2766 3049 amatur
2790 2996 3058 3066 eloquium
3085 2997 3143 3052 in
3163 3013 3260 3068 spe
3277 2998 3529 3069 juvenis;
3556 3001 3662 3058 etsi
3701 3016 3844 3060 non-

2239 3083 2374 3140 dum
2400 3084 2594 3141 habeat
2618 3087 2976 3144 maturitatem
3003 3088 3268 3161 ﬁdemque
3291 3090 3546 3150 doctoris.
3561 3092 3846 3163 Quam

2243 3182 2332 3232 ter
2355 3184 2414 3232 ut
2433 3185 2496 3232 et
2523 3187 2579 3232 tu
2607 3187 2756 3234 recte
2797 3179 3008 3250 sapias,
3060 3189 3117 3236 ot
3152 3181 3288 3237 alios
3312 3196 3423 3237 non
3467 3185 3846 3240 tatttnmmodo

2238 3265 2516 3323 @lectare
2535 3270 2708 3338 possit
2728 3310 2744 3336 ,
2772 3285 2957 3326 verum
2977 3272 3138 3327 etiam
3150 3273 3422 3329 inditicare
3439 3314 3456 3338 ,
3487 3274 3631 3343 quod
3653 3274 3844 3344 loque-

2245 3357 2352 3422 ris;
2376 3372 2560 3414 curam
2591 3368 2643 3414 te
2665 3369 2882 3431 oportet
2907 3376 3094 3433 gerere
3115 3363 3186 3419 de
3217 3364 3556 3422 sermonibus
3583 3365 3686 3421 tuis
3703 3405 3721 3432 ,
3750 3381 3826 3422 re

2247 3448 2409 3504 motis
2429 3449 2704 3520 plausibus
2721 3452 2937 3508 alienis.

2313 3607 2333 3679 ξ
2363 3608 2437 3679 _S_ic
2457 3607 2554 3657 duo
2577 3617 2680 3679 ._\ts_s_.
2714 3615 2770 3679 Ant
2793 3607 2927 3669 editi,
2953 3605 3215 3679 debuerim.
3291 3669 3322 3679 η

2249 3669 2680 3783 ὀαίυξιωυεοῆριί,
2704 3669 2983 3735 plerumque
3000 3669 3128 3721 enim
3161 3669 3479 3734 pradicet”,
3498 3679 3682 3720 antisse
3698 3703 3714 3731 ,
3729 3669 3840 3719 ins-

3082 3851 3107 3854 ,γ
3281 3858 3326 3859 i7
3348 3851 3529 3859 (cf?
3548 3851 3745 3859 ὝκΙή

1258 4132 1326 4193 ΙΝ
1353 4135 1525 4198 OPUS
1549 4138 1820 4202 CONTRA
1847 4146 2027 4205 DUAS
2057 4150 2424 4208 EPISTOLAS
2453 4151 3007 4213 PELAGIANORUM.

628 4343 898 4449 Bonifacio
927 4346 1221 4410 Romanam
1245 4355 1537 4418 Ecclesiam
1566 4370 1688 4432 post
1711 4363 1980 4421 Zosimum
2007 4368 2358 4436 gubernante,
2382 4370 2500 4426 dum
2535 4373 2960 4444 Pelagianorum,
2981 4391 3100 4446 qua:
3125 4391 3222 4449 per
3245 4378 3451 4436 Italiam
3479 4389 3694 4437 secreto
3713 4381 3831 4438 cir-

555 4439 982 4540 cumferebantur
1007 4446 1258 4540 Epistoltc
1284 4450 1504 4508 dctectre
1533 4466 1656 4510 sunt
1682 4456 2072 4516 Catholicorum
2093 4464 2452 4534 quorumdam
2479 4439 2769 4536 vigilantia,
2798 4439 3092 4540 delatthue
3115 4439 3186 4528 ad
3213 4473 3461 4534 eludent
3495 4475 3840 4532 Bonifacinm

557 4547 766 4604 papam.
799 4535 1037 4593 Alteram
1065 4537 1324 4609 Julianus,
1358 4551 1417 4597 ut
1439 4542 1734 4614 dicebatur,
1763 4549 1985 4603 Romam
2008 4552 2264 4609 miserat:
2290 4555 2510 4612 alteram
2541 4535 2716 4614 autem
2744 4559 2928 4618 decem
2957 4535 3020 4618 et
3034 4573 3156 4620 octo
3190 4567 3342 4623 velut
3379 4569 3637 4639 episeOpi,
3683 4569 3838 4626 idem

558 4621 810 4681 nimirum
832 4625 1074 4685 Julianus
1093 4671 1110 4698 ,
1138 4640 1192 4685 et
1213 4645 1332 4688 cum
1353 4648 1418 4689 eo
1443 4634 1578 4691 forte
1603 4637 1813 4707 Florus,
1835 4640 2106 4710 Orontius,
2131 4654 2183 4699 et
2203 4647 2382 4702 czcteri
2408 4663 2475 4702 ex
2496 4647 2796 4720 Pelagianis
2819 4653 2870 4707 in
2894 4655 3160 4726 Epltesina
3181 4659 3390 4730 synodo
3407 4621 3712 4726 ntemt'irati,
3733 4662 3838 4720 aii

556 4727 660 4823 qu’e
686 4711 1117 4775 Thessalonicam
1145 4725 1411 4779 communi
1440 4727 1676 4794 nomine,
1704 4729 1773 4785 ad
1801 4731 1991 4788 Rufum
2016 4735 2256 4804 ejusdem
2282 4737 2385 4792 loci
2412 4711 2718 4810 episcopum
2741 4711 3060 4802 direxerant.
3090 4711 3380 4820 Utramque
3405 4711 3841 4823 EpistulaniBo-

557 4802 779 4916 :ifacius
801 4812 1006 4866 curavit
1031 4814 1324 4884 Augustino
1352 4819 1660 4876 mittendam
1689 4838 1784 4894 per
1804 4802 2056 4896 Alypium
2078 4823 2386 4901 episcopum
2408 4851 2421 4886 :
2443 4802 2546 4902 —qui
2570 4802 2789 4908 A-lypius
2827 4853 2891 4894 ex
2924 4839 3069 4895 Italia

557 4891 720 5000 ﬁnem
746 4915 1016 4972 reversus,
1049 4921 1153 4960 non
1180 4923 1270 4963 eas
1292 4919 1496 4967 tantum
1525 4891 1810 4985 Epistolas,
1841 4891 1935 4973 sed
1961 4891 2130 4976 etiam
2151 4891 2398 4994 excerpta
2439 4925 2505 4982 de
2535 4891 2728 4984 Juliani
2757 4931 2903 4987 libris
2923 4934 3170 5002 qumdam
3200 4936 3299 4990 sibi
3327 4952 3358 4991 a
3389 4936 3596 4992 Valerio

559 4988 744 5060 missa,
771 5005 950 5049 secum
979 5001 1285 5068 reportavit.
1315 5002 1585 5060 Adversus
1611 5018 1862 5078 excerpta
1882 5011 2074 5068 librum
2096 5013 2168 5070 de
2190 4988 2400 5086 Nuptiis
2429 5029 2484 5074 et
2509 4988 2958 5093 Concupiscentia.
2985 5028 3276 5082 secundum
3302 5029 3539 5084 condidit
3571 5031 3827 5101 Augusti-
3879 5048 3881 5050 ‘

556 5097 678 5192 nus,
701 5099 840 5188 anno
841 5087 1005 5192 ’ἔοι-ιθ
1030 5092 1164 5159 420;
1193 5107 1255 5148 ac
1279 5096 1378 5152 sub
1404 5096 1543 5152 idem
1571 5097 1712 5155 haud
1741 5101 1896 5159 dubie
1923 5113 2129 5174 tempus
2155 5095 2382 5176 qu‘atuor
2406 5110 2571 5166 libros
2611 5087 2793 5168 contra
2819 5116 2952 5170 duas
2990 5117 3257 5188 Epistolas
3281 5087 3691 5192 Pelagianorum,

555 5173 818 5282 cubravit,
841 5178 1113 5284 Bonifacio
1138 5201 1286 5256 papae
1314 5200 1678 5262 nuncupatos:
1705 5209 1838 5266 quos
1879 5173 2103 5254 sulnnde
2129 5173 2294 5258 libros
2319 5203 2372 5258 in
2401 5201 2858 5264 Retractationum
2899 5173 3052 5268 serie-
3081 5173 3694 5284 opusculis
3716 5173 3850 5277 iga

553 5271 865 5339 compositis
893 5275 1140 5344 proxime
1169 5280 1460 5352 subiunxit.

633 5360 797 5476 Iidem
821 5365 1151 5476 libripAlypio
1180 5374 1534 5476 rursuminita
1551 5376 1676 5432 liam
1697 5380 1974 5450 navigante
1995 5383 2158 5441 delati
2184 5397 2308 5446 sunt
2327 5390 2392 5446 ad
2417 5391 2746 5448 Bonifacium
2769 5412 2784 5448 :
2807 5410 2930 5451 nam
2945 5396 3014 5454 de
3033 5397 3142 5454 illis
3156 5397 3400 5456 Julianus
3425 5403 3477 5458 in
3497 5403 3634 5460 libro
3646 5407 3849 5476 primo

560 5447 747 5561 gperis
767 5451 1088 5561 imperfecti,
1115 5475 1234 5561 cap.
1263 5464 1352 5532 85,
1390 5483 1410 5518 ι
1445 5464 1592 5522 Sicut
1616 5468 1668 5523 in
1709 5469 1792 5526 his
1817 5447 1985 5540 libris,
2015 5493 2036 5527 ι
2068 5477 2258 5550 inquit,
2291 5500 2310 5534 ι
2342 5497 2476 5554 quos
2503 5447 2642 5542 nunc
2672 5447 3838 5561 per

553 5543 655 5655 Qui
677 5547 751 5655 de
766 5549 849 5605 his
873 5567 1084 5655 quoque
1111 5555 1328 5655 ibidem,
1359 5557 1494 5614 libro
1517 5563 1776 5655 secundo,
1801 5580 1921 5637 cap.
1957 5569 2075 5637 178,
2125 5543 2328 5644 scribit,
2358 5543 2376 5628 ἓ
2408 5576 2558 5647 Quod
2591 5543 2696 5635 ιειηῖ
2727 5543 3159 5655 maritimas;
3181 5543 3849 5652 .I.'Z.;I..";'"..ins's;'s;

552 5637 807 5746 Epistola,
834 5660 994 5715 quam
1019 5648 1087 5702 ad
1115 5649 1384 5707 Orientem
1411 5654 1671 5726 misimus,
1700 5659 1850 5714 vobis
1877 5660 2064 5720 fuisset
2088 5637 2378 5737 objectum,
2409 5637 2460 5725 tit
2490 5673 2542 5726 in
2570 5674 2653 5728 his
2681 5675 2850 5741 libris,
2891 5692 3027 5748 quos
3051 5637 3224 5750 nuper
3247 5681 3316 5737 ad
3343 5682 3675 5740 Bonifacium
3715 5687 3846 5746 Di-

551 5733 686 5803 sisti,
718 5739 959 5809 negando
984 5756 1015 5796 a
1039 5750 1088 5797 te
1108 5745 1416 5814 propulsare
1440 5749 1667 5804 coneris.
1703 5769 1722 5804 )
1758 5752 1909 5821 Quod
1935 5772 2061 5812 vero
2097 5759 2165 5814 ad
2205 5775 2320 5815 eam
2367 5761 2654 5831 Epistulam
2702 5733 2926 5836 attinet;
2953 5786 3070 5839 qtae
3122 5733 3339 5828 iteratam
3365 5789 3394 5828 a
3420 5775 3634 5831 Julia»
3653 5780 3842 5838 missu

551 5824 836 5903 ierebatur,
867 5834 1023 5907 cujus
1037 5837 1295 5908 Epistula:
1322 5841 1481 5897 verba
1504 5841 1616 5899 haec
1641 5844 1965 5923 Aunustinus
1993 5852 2046 5908 in
2085 5852 2224 5911 libro
2265 5824 2495 5913 secundo
2524 5857 2592 5914 de
2618 5858 2825 5932 Nuptiis
2864 5824 2918 5919 et
