4012 6478
541 367 644 427 551

544 481 843 554 rependere
885 480 1206 548 impensum.
1235 472 1370 542 Quid
1400 485 1482 528 est
1511 472 1654 527 enim
1682 471 1826 526 aliud
1861 472 2126 537 amicitia,

544 590 666 648 quae
692 590 795 629 non
836 570 1046 626 aliunde
1080 583 1236 639 quam
1265 583 1328 623 ex
1359 582 1540 622 amore
1577 581 1772 621 nomen
1807 565 2046 635 accepit,
2077 573 2132 619 et

547 682 807 739 nusquam
832 664 933 719 nisi
962 665 1014 718 in
1041 662 1253 718 Christo
1279 659 1450 716 lidelis
1476 669 1596 725 est,
1637 660 1691 713 in
1732 674 1838 729 quo
1867 657 1982 713 solo
2009 670 2133 712 esse

545 764 706 820 etiam
728 757 1050 828 sempiterna
1077 771 1142 812 ac
1167 754 1290 810 felix
1313 753 1523 824 potest?
1547 751 1699 809 Unde
1718 761 1773 806 et
1794 759 2011 820 accepta
2035 765 2133 819 per

547 869 669 910 eum
701 851 916 906 fratrem
935 891 952 914 ,
982 864 1076 920 per
1100 862 1258 918 quem
1286 855 1337 900 te
1367 844 1678 899 familiarius
1705 841 1895 907 didici,
1930 840 2134 910 majore

547 945 759 1009 fiducia,
777 957 939 999 ausus
964 957 1082 998 sum
1109 939 1307 1010 aliquid
1334 939 1400 994 ad
1427 947 1569 993 tuam
1586 936 1978 992 Beatitudinem
2005 934 2137 990 scri-

548 1036 676 1092 bere
719 1035 788 1091 de
827 1034 910 1089 his
949 1018 1142 1099 rebus,
1187 1047 1306 1101 qua:
1352 1031 1455 1085 hoc
1497 1041 1737 1100 tempore
1778 1027 2136 1099 episcOpalem

546 1141 750 1192 curam,
785 1127 830 1180 si
857 1140 959 1195 qua
991 1124 1041 1178 in
1073 1122 1227 1177 nobis
1248 1129 1350 1188 est,
1373 1121 1441 1176 ad
1468 1120 1795 1190 vigilantiam
1815 1119 1832 1150 ¹
1855 1133 1954 1190 pro
1977 1132 2138 1189 grege

545 1216 819 1273 dominico
838 1216 1050 1272 stimulo
1078 1214 1377 1270 recentiore
1403 1212 1708 1268 sollicitant.

618 1311 673 1365 2.
703 1309 836 1365 Novi
876 1310 1072 1380 quippe
1101 1307 1368 1373 haeretici,
1403 1306 1605 1360 inimici
1633 1305 1816 1376 gratia:
1857 1303 1987 1371 Dei,
2018 1319 2138 1374 qute

553 1401 714 1456 datur
741 1400 948 1470 pusillis
975 1408 1031 1456 et
1059 1398 1264 1469 magnis
1290 1413 1390 1470 per
1417 1397 1598 1452 lesum
1643 1395 1913 1452 Christum
1953 1394 2136 1449 Domi-

547 1506 675 1547 num
704 1501 974 1556 nostrum,
1005 1491 1104 1546 etsi
1129 1491 1238 1560 jam
1269 1488 1491 1544 cavendi
1525 1488 1830 1544 evidentius
1869 1488 2140 1558 apertiore

547 1583 977 1655 improbatione'
1025 1590 1422 1647 monstrantur;
1474 1596 1582 1635 non
1637 1590 1812 1635 tamen
1860 1580 2142 1650 quiescunt

547 1674 767 1744 scriptis
807 1674 921 1729 suis
963 1674 1138 1728 minus
1167 1682 1446 1727 cantorum
1478 1671 1561 1726 vel
1602 1670 1777 1725 minus
1805 1669 2138 1724 eruditorum

549 1769 712 1826 corda
744 1777 968 1822 tentare.
996 1767 1200 1834 Quibus
1222 1766 1401 1836 utique
1428 1772 1570 1819 esset
1595 1762 2047 1833 respondendum,
2073 1776 2142 1818 ne

551 1875 613 1917 se
641 1859 726 1916 vel
753 1873 880 1914 suos
911 1858 964 1912 in
992 1858 1082 1912 illo
1110 1856 1338 1913 nefando
1361 1871 1547 1912 errore
1574 1856 1878 1921 ﬁrmarent,
1905 1855 2064 1910 etiam
2096 1853 2143 1908 si

549 1966 659 2008 non
697 1959 1088 2017 metueremus,
1117 1966 1184 2005 ne
1215 1965 1534 2021 quemquam
1571 1947 1966 2004 Catholieurum
1998 1948 2140 2002 veri-

547 2041 714 2099 simili
757 2056 1008 2098 sermone
1049 2041 1382 2112 deciperent.
1413 2043 1543 2096 Cum
1576 2056 1706 2096 vero
1743 2055 1847 2096 non
1895 2040 2144 2095 desinant

552 2131 785 2188 fremere
809 2131 876 2186 ad
904 2131 1155 2186 dominici
1185 2132 1361 2202 gregis
1382 2131 1582 2197 caulas,
1608 2141 1767 2202 atque
1795 2132 1860 2185 ad
1888 2131 2142 2200 diripien-

549 2223 649 2280 das
675 2232 820 2278 tanto
850 2225 1020 2294 pretio
1051 2223 1354 2294 redetnptas
1382 2239 1530 2287 oves,
1565 2223 1743 2278 aditus
1768 2222 2143 2292 undecumque

552 2316 756 2382 rimari,
784 2317 1186 2385 communisque
1211 2316 1280 2369 sit
1306 2315 1552 2370 omnibus
1581 2315 1732 2370 nobis
1757 2315 1846 2384 qui
1870 2314 2138 2383 fungimur

558 2409 895 2480 episcOpatus
923 2407 1102 2463 ofﬁcio
1152 2407 1434 2479 (quamvis
1473 2409 1587 2478 ipse
1618 2408 1669 2461 in
1699 2423 1760 2462 ea
1788 2407 2144 2478 prmemitteas

553 2497 780 2553 celsiore
801 2495 1012 2567 fastigio
1033 2497 1052 2569 )
1073 2498 1286 2567 specula
1310 2496 1624 2565 pastoralis'
1650 2517 1663 2552 :
1693 2496 1832 2552 facio
1856 2498 1994 2568 quod
2023 2513 2144 2568 pos-

553 2604 671 2644 sum
700 2604 797 2659 pro
822 2588 927 2644 mei
953 2589 1210 2660 particula
1239 2588 1495 2655 muneris,
1523 2598 1779 2660 quantum
1809 2589 1937 2643 mihi
1967 2589 2147 2644 Domi-

553 2697 657 2738 nus
686 2681 1060 2751 adjuvantibus
1088 2681 1415 2736 orationibus
1439 2683 1541 2736 tuis
1569 2681 1771 2737 donare
1792 2681 2064 2753 dignatur,
2088 2693 2147 2738 ut

555 2772 928 2846 pestilentibus
947 2781 1003 2828 et
1029 2772 1402 2827 insidiantibus
1424 2788 1612 2827 eorum
1633 2773 1848 2843 scriptis
1872 2774 1993 2829 med
2003 2773 2145 2830 entia

555 2878 612 2924 et
639 2867 933 2924 munientia
959 2868 1156 2938 scripta
1185 2865 1543 2938 przeteudam;
1574 2867 1767 2938 quibus
1812 2867 1990 2922 rabies
2041 2883 2147 2938 qua

563 2959 800 3024 iuriunt,
831 2967 924 3014 aut
952 2959 1114 3014 etiam
1153 2958 1268 3028 ipsa
1298 2966 1535 3024 sanetur,
1565 2967 1658 3013 aut
1680 2974 1711 3012 a
1741 2958 2000 3014 laedendis
2027 2958 2147 3014 aliis

559 3053 872 3123 repellatur.

631 3145 686 3201 ὅ.
717 3145 842 3200 Haec
865 3152 1042 3199 autem
1071 3159 1191 3216 quae
1216 3142 1422 3199 duabus
1442 3141 1697 3212 Epistolis
1717 3157 1900 3198 eorum
1928 3158 2149 3213 respon-

561 3239 701 3297 deo:
726 3239 814 3294 uni
843 3239 1048 3295 scilicet
1073 3253 1231 3308 quam
1257 3237 1453 3292 dicitur
1483 3237 1708 3292 Romam
1737 3236 1948 3292 misisse
1976 3237 2147 3293 Julia-

561 3347 683 3401 nus,
702 3332 863 3387 credo
879 3341 935 3386 ut
951 3347 1044 3402 per
1061 3332 1226 3395 illam,
1245 3347 1378 3402 quos
1392 3340 1595 3401 posset,
1613 3345 1738 3385 suos
1755 3339 1845 3385 aut
1866 3331 2147 3398 inveniret,

560 3431 654 3479 aut
695 3422 922 3489 faceret,
966 3423 1120 3478 alteri
1165 3431 1343 3478 autem
1373 3439 1533 3493 quam
1565 3423 1748 3477 decem
1779 3434 1834 3477 et
1859 3432 1982 3477 octo
2007 3424 2153 3480 velut

561 3515 796 3587 episcopi
828 3517 1109 3586 partietpes
1136 3516 1249 3584 ejus
1276 3516 1498 3580 erroris,
1523 3530 1626 3568 non
1649 3514 1713 3567 ad
1736 3515 2027 3584 quoslibet,
2052 3514 2148 3570 sed

561 3607 630 3662 ad
658 3606 758 3660 loci
781 3606 948 3676 ipsius
970 3606 1280 3675 episcopum
1304 3619 1397 3657 sua
1421 3603 1712 3657 calliditate
1740 3604 2072 3665 tentandum,
2097 3614 2153 3660 et

564 3697 632 3752 ad
662 3711 785 3751 suas
817 3707 1014 3764 partes,
1043 3695 1087 3749 si
1113 3702 1294 3764 posset
1315 3693 1451 3759 ﬁeri,
1472 3693 1876 3758 traducendum,
1897 3695 2008 3748 ausi
2030 3703 2154 3750 sunt

567 3789 1000 3846 Thessaloaicam
1024 3789 1258 3842 scribere
1283 3805 1295 3840 :
1324 3787 1440 3842 haec
1469 3803 1598 3858 ergo
1629 3804 1744 3858 qua:
1772 3788 1907 3856 istis,
1935 3797 1994 3844 ut
2019 3789 2150 3858 dixi,

567 3880 772 3936 duabus
795 3880 1042 3950 Epistolis
1066 3880 1299 3946 illorum,
1331 3881 1428 3934 ista
1451 3881 1810 3949 disputatione
1832 3883 2150 3952 reSpondeo,

565 3975 634 4030 ad
681 3985 821 4029 tuam
866 3973 1196 4043 potissimum
1237 3972 1468 4044 dirigere
1495 3974 1877 4040 Sanctitatem,
1912 3990 2015 4029 non
2047 3985 2154 4031 tam

568 4065 815 4123 discenda
847 4081 1003 4135 quam
1035 4065 1418 4130 examinanda,
1461 4077 1514 4121 et
1559 4066 1645 4121 ubi
1693 4065 1912 4120 forsitan
1959 4067 2154 4137 aliquid

569 4159 920 4230 displicuerit,
942 4157 1269 4213 emendanda
1292 4158 1566 4212 constitui.
1594 4156 1849 4212 lndicavit
1868 4159 2007 4213 enim
2029 4159 2155 4214 mihi

569 4253 733 4310 frater
762 4267 931 4318 mens,
965 4251 1104 4321 quod
1133 4266 1226 4304 eas
1251 4251 1324 4306 illi
1356 4249 1486 4305 dare
1517 4252 1630 4321 ipse
1655 4251 1902 4321 dignatus
1933 4268 2012 4316 es,
2037 4268 2157 4322 qua

571 4347 624 4402 in
653 4356 770 4402 tuas
795 4359 985 4400 manus
1005 4385 1018 4409 ,
1051 4344 1152 4398 nisi
1183 4343 1586 4414 vigilantissima
1629 4346 1903 4415 diligentia
1936 4345 2156 4401 fratrum

569 4447 874 4496 nostrorum
905 4435 1132 4491 filiorum
1165 4445 1402 4500 tuorum,
1431 4435 1612 4491 venire
1642 4452 1745 4490 non
1787 4437 2011 4506 possint.
2043 4441 2158 4509 Ago

569 4542 746 4590 autem
777 4531 976 4603 gratias
1003 4531 1380 4586 sincerissime
1409 4531 1461 4584 in
1491 4546 1590 4585 nos
1615 4531 2002 4586 benevolentia:
2031 4541 2153 4598 tute,

571 4626 712 4699 quod
739 4642 830 4682 eas
854 4641 940 4681 me
968 4625 1136 4680 latere
1162 4625 1375 4680 noluisti
1407 4625 1635 4680 Litteras
1665 4625 2000 4679 inimicorum
2029 4641 2159 4696 gra-

575 4721 663 4776 tiae
690 4720 805 4786 Dei,
837 4719 888 4774 in
919 4719 1110 4789 quibus
1134 4719 1375 4788 reperisti
1407 4733 1599 4772 nomen
1629 4733 1804 4772 meum
1831 4717 2160 4774 calumniose

573 4821 734 4884 atque
757 4810 1028 4866 evidenter
1051 4826 1383 4881 expressum.
1404 4810 1510 4864 Sed
1532 4824 1689 4879 spero
1710 4809 1778 4864 de
1803 4810 2026 4864 Domino
2051 4809 2159 4865 Ibo

574 4913 779 4967 nostro,
806 4901 945 4974 quod
974 4918 1077 4956 non
1105 4902 1220 4957 sine
1247 4901 1492 4956 mercede
1519 4917 1639 4970 quae
1668 4901 1718 4954 in
1745 4900 1896 4956 caelis
1933 4888 2050 4965 est,
2085 4901 2161 4956 illi

575 5011 663 5051 me
688 4998 925 5050 lacerant
948 4994 1106 5050 dente
1133 4992 1416 5061 maledico,
1444 4994 1636 5063 quibus
1663 5009 1746 5046 me
1774 5008 1872 5064 pro
1902 4992 2158 5061 parvulis,

576 5103 645 5142 ne
674 5087 841 5141 fallaci
875 5085 1135 5140 laudatori
1175 5085 1390 5156 Pelagio
1421 5085 1608 5154 perditi
1645 5086 2032 5156 relinquantur,
2065 5084 2162 5140 sed

579 5180 756 5236 veraci
799 5177 1045 5232 salvatori
1073 5177 1286 5232 Christo
1317 5176 1574 5232 liberandi
1601 5176 1910 5244 offerantur,
1928 5192 2160 5246 oppono.

556 5293 560 5332 ί
647 5268 872 5326 CAPUT
903 5269 965 5324 ll.
989 5297 1062 5310 —
1083 5273 1137 5324 4.
1163 5267 1432 5324 lulianum
1471 5269 1731 5340 impugnat
1771 5278 2070 5323 asserentem
2098 5267 2164 5324 li-

645 5495 660 5555 t
697 5489 916 5555 Gallicam
939 5492 1250 5555 manuscripti
1272 5529 1286 5547 ,
1312 5504 1356 5555 si
1378 5490 1540 5555 quain
1567 5488 1700 5542 nobis
1734 5495 1802 5541 est
1835 5488 2100 5553 vigilantia.

644 5553 666 5584 ¹
702 5561 750 5601 In
772 5552 944 5601 iisdem
965 5559 1098 5616 Mss"
1123 5552 1439 5616 ititprobitale.

647 5616 668 5648 ³
700 5621 852 5678 Er._et
874 5620 1004 5678 t.ov.,
1029 5612 1080 5664 bi
1101 5628 1157 5664 eo
1174 5612 1486 5678 praemium;
1509 5613 1708 5666 celsiore
1739 5614 1930 5678 fastigio
1961 5613 2170 5677 specula:

582 5672 854 5747 pastoralis.
879 5672 1049 5724 Verius
1065 5672 1258 5747 antiQua
1279 5677 1433 5747 editio
1451 5687 1550 5747 sm.
1573 5686 1632 5747 et_
1643 5672 2068 5747 Mssacalitcaniac
2085 5686 2171 5728 t'a-

807 5736 859 5788 in
901 5750 959 5788 ea
1003 5736 1316 5802 praematuras
1360 5737 1560 5791 celsius
1603 5737 1794 5805 fastigio
1845 5739 2040 5806 specula
2083 5754 2172 5806 pa-

1173 357 1447 415 CON'I‘RA
1487 355 1667 412 DUAS
1702 354 2076 412 EPISTOLAS
2114 354 2670 422 PELAGIANORUM,
2711 357 2766 412 S.
2811 358 3177 416 AUGUSTINI

3709 361 3820 417 552

2237 471 2410 525 berum
2435 470 2698 525 arbitrium
2726 484 2926 542 peccato
2951 474 3077 528 Adae
3109 476 3333 546 periisse.
3372 475 3492 532 lam
3518 473 3696 546 itaque
3711 478 3821 534 Iu—

2238 562 2364 617 liani
2395 563 2809 633 respondeamus
2839 565 3107 635 Epistolas.
3138 585 3156 618 ι
3193 567 3404 636 Dicunt,
3436 587 3457 620 ι
3484 569 3673 640 inquit,
3700 590 3718 623 ι
3750 572 3828 628 illi

2237 655 2531 721 Manichaai,
2561 658 2751 728 quibus
2779 658 2936 713 modo
2963 675 3070 713 non
3096 661 3585 728 communicatnus,
3617 663 3670 718 id
3698 676 3786 719 est
3805 707 3822 728 ,

2242 749 2335 803 toti
2363 748 2449 803 isti
2474 764 2594 803 cum
2625 749 2817 820 quibus
2842 750 3185 806 dissentimus
3205 793 3220 817 ,
3252 753 3375 823 quia
3409 754 3560 823 primi
3591 754 3828 810 hominis

2241 851 2480 912 peccato,
2512 841 2563 895 id
2590 853 2703 909 est,
2736 842 2899 907 Adae,
2933 842 3156 898 liberum
3183 845 3460 900 arbitrium
3488 848 3746 918 perierit,
3779 861 3834 905 et

2240 948 2399 987 nemo
2417 933 2530 1002 jam
2552 943 2866 1003 potestatem
2891 934 3083 990 habeat
3102 935 3237 990 bene
3258 937 3493 1002 vivendi,
3518 939 3611 994 sed
3632 954 3828 995 omnes

2242 1024 2296 1080 in
2327 1035 2601 1094 peccatum
2627 1026 2804 1080 carnis
2829 1041 2939 1080 suae
2965 1029 3281 1083 necessitate
3300 1040 3575 1100 cogantur.
3612 1050 3632 1084 ι
3658 1032 3833 1086 Mant-

2243 1115 2421 1171 chaaos
2445 1116 2677 1188 appellat
2701 1116 3024 1184 Catltolicos,
3058 1134 3206 1175 more
3237 1120 3380 1176 illius
3405 1121 3671 1178 Joviniani
3693 1165 3709 1191 ,
3737 1126 3832 1196 qui

2241 1217 2366 1264 ante
2392 1224 2590 1279 paucos
2608 1225 2777 1264 annos
2799 1209 3083 1266 haereticus
3110 1228 3302 1280 novus,
3328 1215 3680 1285 virginitatem
3703 1231 3832 1272 san-

2243 1310 2344 1356 ctae
2389 1300 2566 1367 Maria:
2610 1301 2948 1370 destruebat,
2985 1312 3041 1358 et
3081 1305 3368 1375 virginitati
3410 1321 3575 1361 sacra:
3617 1308 3836 1377 nuptias

2244 1390 2480 1447 fidelium
2509 1393 2838 1464 cozequabat.
2859 1393 2972 1449 Nec
3004 1394 3076 1449 ob
3098 1395 3240 1450 aliud
3270 1396 3376 1452 hoc
3400 1397 3686 1468 objiciebat
3719 1399 3836 1455 Ca-

2247 1485 2485 1551 tholicis,
2511 1488 2614 1542 nisi
2641 1489 2763 1559 quia
2790 1503 2886 1544 eos
2924 1489 3093 1544 videri
3131 1490 3342 1546 volebat
3378 1502 3722 1550 accusatores
3745 1511 3836 1552 ve.

2243 1579 2584 1634 damnatores
2610 1595 2730 1634 esse
2756 1581 3079 1652 nuptiarum.

2316 1669 2370 1725 5.
2401 1667 2650 1723 Liberum
2690 1678 2866 1724 autem
2895 1671 3172 1727 arbitrium
3211 1671 3546 1731 defendendo
3586 1677 3835 1748 primipi-

2246 1767 2389 1826 tant,
2416 1769 2478 1814 ut
2503 1760 2570 1815 de
2599 1760 2691 1814 illo
2721 1763 2894 1831 potius
2920 1763 2986 1817 ad
3015 1763 3310 1820 faciendam
3345 1765 3639 1836 justitiam,
3669 1784 3834 1839 quam

2245 1853 2312 1908 de
2342 1854 2549 1908 Domini
2579 1854 2847 1924 adjutorio
2883 1857 3199 1926 Cuniidalur,
3226 1868 3385 1928 atque
3425 1869 3482 1914 ut
3513 1861 3565 1916 in
3595 1877 3656 1916 se
3681 1863 3835 1934 quis-

2245 1961 2370 2017 que,
2390 1960 2494 2000 non
2518 1946 2567 1999 in
2589 1946 2815 2001 Domino
2833 1948 3089 2017 glorietur
3109 1949 3149 2020 (l
3166 1948 3283 2004 Cor.
3309 1967 3346 2018 ι,
3367 1953 3480 2023 3i).
3499 1951 3629 2018 Quis
3652 1963 3834 2008 autem

2247 2046 2489 2091 nostrum
2519 2035 2697 2101 dicat,
2729 2036 2871 2107 quod
2910 2039 3064 2108 primi
3093 2037 3324 2095 hominis
3355 2051 3570 2110 peccato
3613 2043 3842 2112 perierit

2247 2129 2471 2184 liberum
2501 2130 2779 2185 arbitrium
2821 2130 2890 2186 de
2930 2132 3161 2186 humano
3185 2136 3419 2203 genere?
3443 2135 3686 2192 Libertas
3716 2139 3841 2208 qui-

2245 2220 2367 2276 dem
2413 2223 2569 2292 periit
2611 2239 2708 2293 per
2753 2233 3062 2293 peccatum,
3097 2224 3190 2278 sed
3220 2225 3308 2280 illa
3349 2242 3467 2296 qua:
3506 2226 3556 2280 in
3587 2228 3842 2296 paradiso

2249 2311 2383 2382 fuit,
2430 2313 2656 2369 habendi
2689 2315 2897 2386 plenam
2935 2331 3058 2370 cum
3113 2317 3509 2372 immortalitate
3533 2319 3841 2388 justitiam;

2248 2414 2466 2474 pr0pter
2501 2405 2643 2474 quod
2688 2415 2878 2462 natura
2923 2406 3152 2461 humana
3198 2408 3375 2462 divina
3416 2410 3616 2480 indiget
3641 2413 3841 2481 gratia,

2249 2494 2460 2552 dicente
2487 2497 2732 2565 Domino,
2764 2497 2826 2553 Si
2855 2515 2940 2553 vos
2967 2497 3135 2553 Filius
3161 2499 3464 2566 liberaverit,
3495 2512 3608 2554 tunc
3628 2519 3744 2556 uere
3772 2501 3841 2556 li-

2250 2588 2354 2642 beri
2376 2590 2514 2644 eritis
2539 2588 2720 2662 (Joan.
2751 2607 2839 2645 vni
2859 2633 2874 2658 ,
2901 2591 2990 2661 36)
3017 2611 3029 2645 :
3056 2593 3233 2662 utique
3252 2593 3404 2647 liberi
3425 2593 3490 2647 ad
3521 2596 3656 2650 bene
3671 2595 3842 2664 justeo

2249 2698 2352 2752 que
2378 2682 2682 2737 vivendum.
2707 2683 2839 2738 Nam
2871 2684 3095 2738 liberum
3123 2685 3396 2739 arbitrium
3428 2702 3596 2758 usque
3620 2687 3761 2743 adeo
3789 2689 3845 2744 in

2252 2784 2529 2844 peccatore
2559 2789 2663 2829 non
2708 2775 2894 2844 periit,
2929 2784 2986 2829 ut
3024 2790 3120 2846 per
3149 2775 3275 2829 illud
3321 2774 3575 2846 peccent,
3607 2779 3846 2835 maxime

2251 2880 2438 2919 omnes
2465 2865 2554 2934 qui
2585 2881 2705 2920 cum
2736 2865 3088 2922 delectatione
3119 2878 3341 2936 peccant
3367 2879 3419 2923 et
3445 2884 3628 2925 amore
3651 2886 3845 2940 pecca-

2252 2954 2310 3020 ti,
2339 2953 2442 3009 hoc
2467 2958 2545 3010 eis
2571 2956 2743 3025 placet
2768 2958 2908 3027 quod
2937 2973 3030 3012 eos
3061 2957 3188 3013 libet
3211 2959 3248 3011 ί.
3276 2959 3428 3015 Unde
3452 2971 3505 3015 et
3527 2963 3843 3031 Apostolus.

2251 3041 2380 3098 Cum
2403 3047 2590 3100 essetis.
2626 3047 2814 3117 inquit,
2846 3049 2974 3102 servi
3000 3051 3210 3120 peccati,
3245 3050 3386 3105 liberi
3412 3051 3578 3122 fuistis
3599 3055 3842 3126 justitia.

2253 3136 2393 3192 Ecce
2439 3138 2792 3194 ostenduntur
2839 3141 2998 3195 etiam
3043 3153 3261 3210 peccato
3304 3144 3523 3200 minime
3566 3147 3845 3215 potuisse,

2253 3230 2354 3284 nisi
2384 3230 2487 3284 alia
2520 3230 2764 3286 libertate
2788 3273 2804 3298 ,
2831 3231 3053 3287 servire.
3085 3231 3261 3287 Liberi
3292 3249 3420 3304 ergo
3444 3250 3472 3288 a
3495 3235 3705 3305 justitia
3735 3253 3846 3293 non

2253 3331 2412 3390 sunt,
2446 3323 2546 3377 nisi
2575 3323 2794 3378 arbitrio
2823 3325 3150 3380 voluntatis:
3180 3327 3332 3382 liberi
3359 3337 3534 3383 autem
3565 3345 3596 3384 a
3622 3341 3851 3401 peccato

2255 3431 2362 3471 non
2388 3417 2554 3484 fiunt,
2587 3418 2687 3472 nisi
2714 3419 2878 3489 gratia
2907 3419 3217 3475 Salvatoris.
3244 3421 3467 3492 Propter
3491 3424 3632 3494 quod
3663 3425 3848 3480 admi-

2255 3509 2438 3564 rabilis
2468 3511 2662 3566 Doctor
2694 3513 2853 3566 etiam
2882 3514 3043 3568 verba
3086 3514 3196 3583 ipsa
3233 3514 3483 3569 discrevit
3510 3535 3522 3570 :
3551 3514 3680 3571 Cum
3709 3518 3850 3572 enim

2257 3605 2386 3656 servi
2412 3604 2602 3668 essetis,
2633 3605 2821 3674 inquit,
2841 3606 3049 3674 peccati,
3075 3606 3217 3660 liberi
3236 3607 3407 3678 fuistis
3416 3609 3645 3678 justitia.
3681 3609 3852 3678 Quem

2258 3710 2376 3764 ergo
2406 3699 2628 3766 fructum
2661 3696 2903 3751 habuistis
2929 3707 3046 3752 tunc
3071 3699 3122 3751 in
3146 3698 3255 3766 his,
3287 3700 3340 3754 in
3369 3699 3544 3772 quibus
3570 3717 3705 3755 nunc
3729 3719 3853 3756 eru-

2258 3789 2494 3846 bescitis?
2516 3789 2653 3844 Nam
2681 3793 2798 3861 ﬁnis
2826 3793 3026 3846 illorum
3053 3811 3187 3848 mors
3224 3803 3296 3848 est
3320 3810 3338 3848 :
3363 3811 3495 3847 nunc
3518 3805 3689 3848 autem
3724 3796 3859 3852 libe-

2260 3883 2358 3936 rati
2385 3901 2417 3936 a
2442 3895 2663 3953 peccato,
2692 3885 2820 3938 serui
2857 3895 3023 3938 autent
3067 3886 3189 3956 facti
3222 3885 3351 3953 Deo,
3394 3886 3582 3940 habetis
3617 3886 3857 3955 fructum

2260 3985 2477 4028 vestrum
2506 3977 2558 4028 in
2585 3976 3033 4043 sanctiﬁcationem
3053 4018 3069 4043 ,
3101 3977 3253 4044 ﬁnem
3279 3993 3392 4030 vero
3419 3978 3571 4031 vitam
3598 3988 3854 4034 (sternam

2264 4068 2440 4140 (Rom.
2468 4085 2542 4133 vt,
2585 4067 2656 4121 20
2688 4066 2802 4138 2‘2).
2855 4067 3076 4123 Liberos
3103 4068 3236 4122 dixit
3254 4069 3492 4139 justitite,
3521 4085 3624 4124 non
3654 4070 3860 4124 libera-
3903 4117 3912 4124 .

2265 4169 2347 4214 tos
2369 4179 2381 4213 :
2407 4176 2437 4214 a
2465 4170 2679 4230 peccato
2702 4167 2882 4214 autem
2912 4175 3016 4214 non
3046 4161 3264 4226 liberos,
3295 4178 3362 4216 ne
3387 4162 3486 4216 sibi
3513 4162 3612 4217 hoc
3637 4164 3858 4218 tribue-

2265 4263 2415 4315 rent;
2447 4253 2539 4308 sed
2569 4252 2969 4322 vigilantissime
3002 4252 3188 4307 maluit
3212 4253 3390 4309 dicere
3417 4254 3687 4318 liberatos,
3714 4257 3863 4311 reie-

2266 4359 2392 4399 rens
2421 4346 2521 4398 hoc
2547 4343 2612 4398 ad
2645 4343 2787 4397 illam
2830 4343 3039 4397 Domini
3085 4345 3402 4400 sententiam
3424 4387 3440 4412 ,
3475 4345 3538 4400 Si
3564 4361 3650 4398 vos
3682 4344 3862 4401 Filius

2265 4436 2574 4498 liberaverit,
2607 4444 2724 4488 tunc
2766 4451 2878 4489 vere
2913 4434 3054 4490 liberi
3083 4435 3242 4490 eritis.
3271 4435 3402 4491 Cum
3433 4436 3609 4506 itaque
3636 4452 3750 4493 non
3781 4438 3866 4493 vi-

2267 4533 2391 4579 vant
2430 4526 2563 4578 bene
2599 4525 2687 4578 lilii
2716 4524 2990 4580 hominum
3013 4527 3034 4558 ⁸
3055 4567 3070 4592 ,
3099 4527 3199 4580 nisi
3228 4525 3399 4581 ell‘ccti
3440 4526 3530 4581 lilii
3563 4527 3693 4596 Dei,
3727 4529 3866 4598 quid

2267 4628 2347 4675 est
2366 4620 2505 4689 quod
2535 4624 2632 4672 iste
2655 4619 2822 4673 libero
2843 4619 3064 4674 arbitrio
3090 4620 3201 4674 vult
3223 4619 3359 4675 bene
3385 4619 3590 4673 vivendi
3615 4620 3868 4676 tribuere

2265 4718 2617 4780 potestatein;
2649 4725 2769 4764 cum
2809 4709 2923 4765 hare
2965 4719 3198 4780 potestas
3236 4725 3342 4764 non
3373 4709 3527 4765 detur
3556 4710 3656 4765 nisi
3686 4713 3872 4782 gratia

2270 4805 2382 4874 Dei,
2418 4821 2511 4875 per
2535 4805 2716 4860 .lesum
2738 4803 3006 4860 Christum
3039 4806 3320 4860 Dominum
3352 4813 3590 4860 nostrum
3619 4804 3736 4871 (Id.
3765 4823 3873 4874 vn,

2267 4900 2392 4972 25),
2437 4900 2644 4955 dicente
2686 4899 3006 4970 Evangelio,
3057 4900 3310 4970 Quotquot
3352 4906 3520 4952 autent
3560 4912 3879 4971 receperunt

2269 5010 2400 5056 cum,
2437 4993 2574 5046 dedit
2598 4993 2668 5046 eis
2689 5001 2982 5062 potestatem
3009 4992 3141 5060 ﬁlios
3169 4990 3270 5044 Dei
3299 4992 3412 5062 ﬁeri
3440 4991 3616 5064 (Joan.
3646 5008 3661 5046 t
3686 5035 3703 5060 ,
3738 4994 3881 5063 12)?

2340 5085 2564 5142 CAPUT
2603 5085 2688 5140 ΙΙΙ.
2716 5115 2788 5125 -
2811 5086 2863 5140 6.
2906 5083 3081 5138 Gratia
3109 5101 3210 5138 non
3254 5085 3529 5159 secundum
3553 5085 3739 5138 merita
3781 5093 3882 5141 da-

2271 5189 2372 5234 tur.
2415 5179 2518 5233 Sed
2550 5194 2616 5232 ne
2660 5178 2794 5232 forte
2822 5177 3019 5239 dicant.
3052 5175 3118 5230 ad
3150 5177 3250 5230 hoc
3276 5191 3394 5230 esse
3423 5175 3649 5247 adjutus,
3683 5186 3750 5232 ut
3785 5179 3887 5233 ha-

2271 5272 2458 5327 berent
2491 5279 2803 5340 potestatem
2835 5268 2947 5323 ﬁeri
2991 5269 3079 5323 lilii
3113 5269 3242 5335 Dei;
3272 5277 3328 5322 ιιι
3353 5278 3529 5324 autem
3559 5268 3701 5324 hanc
3726 5274 3890 5329 acci-

2275 5381 2402 5437 pere
2445 5372 2797 5427 mererentur,
2850 5362 2996 5432 prius
3042 5377 3162 5418 eum
3209 5362 3375 5417 libero
3420 5362 3662 5428 arbitrio,
3725 5365 3892 5421 nulla

2275 5457 2440 5529 adjuti
2485 5457 2650 5528 gratia
2702 5461 3062 5526 receperunt:
3097 5454 3211 5510 haec
3261 5464 3343 5510 est
3393 5455 3588 5526 quippe
3637 5453 3896 5515 intentio

2338 5619 2356 5650 ι
2393 5622 2466 5665 Er.
2494 5621 2691 5674 αισι,
2716 5613 2845 5678 quod
2865 5612 2935 5678 eis
2953 5611 3080 5678 libet.
3108 5619 3162 5662 At
3180 5621 3276 5660 Am.
3305 5620 3357 5678 et
3383 5619 3506 5671 Mss,
3532 5611 3664 5678 quod
3697 5625 3795 5666 eos
3833 5613 3898 5668 ls-

2277 5679 2368 5730 bet.
2394 5687 2490 5728 Hoc
2508 5679 2710 5726 verbum
2730 5673 3228 5738 accusativojungere
3250 5673 3378 5738 solet
3397 5673 3714 5738 Augustinus.

2337 5743 2362 5813 _'
2396 5743 2468 5791 sic
2490 5748 2594 5790 Mss.
2620 5741 2736 5790 Editi
2757 5746 2923 5788 autem
2957 5735 3088 5799 loco,
3110 5735 3203 5801 ﬁlii
3239 5735 3513 5797 nantium,
3538 5735 3760 5802 habent,
3810 5737 3901 5793 5e-

2279 5816 2447 5856 nam.
