4012 6508
214 405 318 463 553

213 538 313 591 qua
341 518 570 589 gratiam
602 517 876 572 destrurrc
905 511 1212 575 moliuntur,
1246 518 1302 564 ut
1325 523 1442 564 eam
1466 507 1579 563 dari
1608 521 1804 560 secun-

212 614 337 665 dum
362 611 557 665 merita
603 619 784 664 nostra
827 605 1150 662 contendant
1181 621 1195 657 :
1227 618 1294 658 ne
1324 601 1462 656 forte
1503 614 1634 670 ergo
1665 599 1803 653 hanc

212 702 576 771 evangelicam
626 701 942 755 sententiain
996 697 1076 753 sic
1127 694 1398 760 dividant,
1449 702 1506 747 ut
1555 693 1802 746 meritum

213 806 412 866 ponant
437 796 488 848 in
515 810 584 849 eo
609 793 751 864 quod
775 793 975 847 dictum
1001 798 1104 848 est,
1137 789 1384 858 Quotquot
1411 795 1576 838 autem
1602 799 1803 852 recepe-

211 899 332 940 runt
359 903 470 941 eum
494 904 512 951 ;
542 901 606 942 ac
631 883 829 940 deinde
874 899 977 936 non
1003 881 1168 951 gratis
1191 879 1388 939 datam,
1415 875 1509 930 sed
1538 875 1658 928 huic
1688 889 1804 926 me-

211 984 318 1036 rito
345 981 606 1036 redditam
636 979 855 1045 gratiam
882 975 936 1030 in
967 991 1033 1028 eo
1067 972 1206 1042 quod
1249 972 1506 1039 sequitur,
1552 966 1704 1020 Dedit
1731 966 1804 1018 eis

211 1083 507 1144 potestatem
555 1071 690 1140 filios
736 1068 832 1122 Dei
881 1066 1032 1136 fieri:
1061 1061 1311 1132 numquid
1355 1062 1398 1114 si
1441 1067 1708 1127 quaeratur
1735 1055 1804 1109 ab

211 1165 317 1228 eis,
349 1163 473 1233 quid
500 1163 594 1224 sit,
624 1168 918 1230 receperunt
947 1173 1080 1220 eum,
1109 1153 1300 1208 dicturi
1330 1158 1456 1205 sunt
1482 1147 1646 1211 aliud,
1678 1146 1800 1212 nisi,

211 1255 573 1312 Crediderunt
602 1251 655 1306 in
697 1250 858 1306 eum?
895 1247 965 1305 Ut
993 1249 1153 1316 igitur
1181 1253 1234 1300 et
1265 1246 1364 1297 hoc
1389 1243 1560 1297 sciant
1583 1239 1652 1292 ad
1679 1252 1803 1307 gra-

212 1349 345 1401 tiam
384 1348 670 1418 pertinere,
719 1345 893 1414 legant
919 1341 1061 1410 quod
1106 1341 1181 1393 ait
1219 1332 1632 1406 Apostolus-.11:
1660 1333 1804 1386 nullo

211 1439 554 1509 expauescens
590 1437 654 1490 ab
679 1435 998 1496 adversariis,
1029 1448 1142 1503 qua:
1166 1430 1366 1501 quidem
1408 1439 1478 1483 est
1507 1427 1610 1482 illis
1650 1441 1806 1480 causa

213 1530 535 1599 perditionis,
577 1538 755 1582 vestra
793 1535 959 1580 autem
998 1525 1175 1580 salutis
1207 1539 1224 1576 :
1250 1533 1296 1576 et
1334 1523 1428 1575 hoc
1453 1539 1486 1574 a
1513 1519 1656 1585 Deo;
1685 1521 1806 1590 quia

212 1621 358 1675 rubis
403 1621 642 1674 donatum
677 1628 754 1672 est
781 1634 873 1690 pro
899 1615 1119 1680 Christo,
1148 1631 1252 1669 non
1280 1621 1472 1668 tantum
1506 1622 1560 1664 ut
1586 1611 1806 1666 credatis

212 1713 266 1765 is
295 1729 431 1776 eum,
459 1711 548 1766 sed
589 1721 644 1765 ut
663 1712 815 1765 etiam
845 1709 1106 1781 patiamini
1135 1724 1227 1778 pro
1255 1723 1314 1760 eo
1355 1705 1610 1777 (Philipp.
1643 1718 1682 1768 t,
1710 1702 1804 1767 ‘28,

212 1803 335 1872 29).
363 1801 566 1871 Nempe
591 1810 872 1871 utrumque
899 1799 1034 1854 dixit
1055 1813 1176 1854 esse
1200 1797 1478 1852 donatum.
1510 1797 1638 1850 item
1663 1792 1806 1862 quod

214 1896 310 1960 ait,
333 1891 458 1948 Pax
476 1893 739 1966 fratribus,
777 1902 823 1946 et
845 1891 1067 1946 clior-itas
1087 1907 1200 1944 eum
1229 1889 1351 1960 ﬁde,
1381 1905 1414 1942 a
1438 1887 1547 1942 Deo
1579 1885 1735 1940 Patre
1759 1893 1808 1940 et

217 1984 442 2038 Domino
479 1982 605 2038 Jesu
648 1982 847 2038 Christo
891 1979 1107 2053 (Epltes.
1150 1996 1226 2044 vt,
1263 1979 1381 2049 25).
1421 1979 1620 2048 Legant
1646 1977 1807 2032 etiam

216 2079 358 2147 quod
405 2077 516 2148 ipse
560 2077 816 2132 Dominus
846 2076 940 2141 ait,
991 2072 1156 2128 Nemo
1202 2081 1362 2143 potest
1388 2072 1556 2126 uenire
1579 2069 1648 2124 ad
1688 2085 1806 2135 me,

216 2169 312 2224 nisi
341 2166 524 2231 Pater,
566 2168 651 2238 qui
687 2167 820 2222 misit
847 2183 945 2232 nte,
986 2165 1195 2220 traxerit
1238 2180 1374 2219 eum.
1416 2161 1515 2219 Ubi
1563 2176 1632 2218 ne
1656 2160 1809 2232 quis-

216 2274 377 2328 quam
415 2267 560 2326 putet
603 2257 746 2311 aliud
773 2255 973 2311 dictum
999 2270 1140 2321 esse,
1187 2255 1354 2309 venire
1375 2254 1444 2308 ad
1470 2270 1570 2318 me,
1601 2268 1762 2324 quam
1787 2291 1806 2320 ,

218 2349 455 2405 Credere
490 2349 544 2402 in
585 2364 714 2414 me;
763 2348 921 2418 paulo
967 2355 1088 2418 post
1130 2361 1251 2402 cum
1275 2346 1345 2400 de
1385 2360 1482 2399 suo
1507 2358 1732 2414 corpore
1756 2351 1812 2398 et

218 2443 479 2512 sanguine
524 2441 852 2511 loqueretur,
899 2448 955 2495 et
995 2437 1336 2494 scandalizati
1365 2445 1550 2494 easent
1595 2435 1810 2508 plurimi

220 2535 272 2588 in
289 2549 544 2589 sermone
563 2534 702 2602 ejus,
717 2534 793 2586 ait
820 2550 835 2587 :
873 2529 1034 2585 Verba
1056 2547 1172 2602 qua:
1188 2548 1279 2600 ego
1301 2529 1495 2584 locutus
1519 2545 1631 2583 sum
1649 2529 1809 2595 vobis,

219 2625 432 2693 spiritus
455 2634 503 2678 et
529 2625 632 2678 vita
657 2632 809 2688 sunt;
833 2623 922 2678 sed
949 2633 1066 2676 sunt
1101 2622 1306 2693 quidam
1330 2637 1394 2677 ex
1417 2621 1553 2676 vobis
1592 2621 1676 2692 qui
1710 2636 1814 2676 non

219 2715 454 2769 credam.
497 2715 699 2770 Deinde
737 2714 1009 2785 subjunxit
1036 2713 1370 2784 Evangelista
1398 2730 1412 2766 :
1441 2711 1642 2768 Sciebat
1678 2712 1814 2768 enim

217 2806 370 2862 Jesus
397 2809 463 2862 ab
490 2809 656 2871 initio,
676 2809 761 2878 qui
795 2816 960 2862 essent
983 2806 1258 2873 credentes,
1298 2814 1346 2860 et
1383 2805 1495 2876 quis
1535 2805 1814 2860 traditurus

219 2913 344 2956 esset
375 2919 513 2967 eum,
555 2911 602 2956 et
628 2900 840 2968 dicebat,
875 2899 1155 2969 Propterea
1184 2900 1290 2954 dixi
1318 2898 1477 2966 nobis,
1507 2898 1627 2970 quia
1665 2913 1813 2952 nemo

219 3005 382 3064 potest
407 2995 578 3048 venire
604 2994 672 3048 ad
715 3011 814 3060 me,
854 2994 952 3048 nisi
977 2993 1126 3062 fuerit
1153 2993 1200 3046 ei
1234 2993 1410 3046 datam
1437 3008 1470 3046 a
1509 2990 1667 3045 Patre
1703 3007 1814 3045 meo

221 3085 417 3155 (Joan.
446 3102 523 3152 vr,
570 3086 660 3150 44,
711 3083 932 3156 64-66).
974 3084 1304 3141 Seutentiam
1351 3083 1554 3139 scilicet
1605 3084 1816 3138 iteravit

218 3194 320 3249 qua
347 3179 582 3246 dixerat,
617 3176 782 3232 Nemo
811 3187 973 3247 potest
997 3179 1164 3232 venire
1183 3177 1252 3230 ad
1276 3193 1372 3241 me,
1406 3177 1503 3230 nisi
1529 3174 1705 3243 Pater,
1729 3177 1816 3245 qui

220 3271 356 3324 misit
396 3287 498 3333 me,
529 3271 737 3324 traxerit
776 3285 916 3325 eum.
956 3269 1023 3323 Et
1067 3268 1170 3323 hoc
1209 3277 1425 3339 pmpter
1454 3267 1733 3322 credentes
1761 3276 1817 3324 et

218 3375 326 3415 non
350 3361 642 3416 credentes
668 3376 728 3416 se
752 3360 950 3415 dixisse
971 3359 1351 3426 manifestavit,
1375 3375 1650 3430 exponens
1668 3360 1810 3431 quod

216 3451 451 3516 dixerat,
472 3450 592 3506 Nisi
615 3449 793 3518 Pater,
808 3452 894 3522 qui
919 3451 1053 3506 misit
1072 3467 1170 3517 me,
1193 3451 1400 3506 traxerit
1420 3465 1533 3505 eum
1549 3466 1569 3504 :
1587 3449 1816 3520 idipsum

215 3544 336 3600 aliis
361 3545 549 3600 verbis
575 3545 864 3615 repetendo
889 3545 942 3599 in
967 3559 1036 3601 eo
1058 3543 1201 3614 quod
1224 3544 1320 3610 ait,
1352 3544 1448 3598 nisi
1478 3543 1628 3613 fuerit
1652 3543 1698 3596 ei
1719 3543 1860 3596 dao-

218 3646 325 3690 ιω
349 3654 385 3690 a
415 3634 574 3689 Patre
614 3652 745 3690 meo.
785 3634 876 3691 Ille
911 3635 1111 3706 quippe
1152 3633 1380 3690 trahitur
1413 3633 1480 3688 ad
1509 3633 1817 3703 Christum,

216 3729 300 3784 cui
324 3729 491 3782 datur
517 3737 572 3782 ut
599 3727 782 3783 credat
810 3728 862 3782 in
902 3727 1193 3783 Christum.
1237 3727 1400 3782 Datur
1422 3741 1550 3798 ergo
1582 3735 1819 3797 potestas

215 3835 272 3877 ut
299 3824 398 3878 ﬁlii
441 3824 533 3878 Dei
564 3824 712 3886 llant,
743 3825 832 3890 qui
860 3823 1085 3878 credunt
1112 3823 1165 3877 in
1193 3837 1339 3888 eum,
1368 3837 1488 3876 cum
1521 3822 1622 3876 hoc
1644 3821 1816 3890 ipsum

215 3915 380 3971 datur
407 3925 468 3970 ut
505 3915 729 3971 credant
770 3916 820 3969 in
861 3931 1006 3970 eum.
1045 3915 1176 3983 Quae
1202 3921 1440 3984 potestas
1467 3912 1567 3968 nisi
1607 3912 1818 3968 detura

220 4001 360 4066 Deo.
409 4009 552 4062 nulla
595 4022 715 4063 esse
751 4015 927 4077 potest
953 4022 1019 4061 ex
1065 4007 1229 4061 libero
1272 4005 1536 4060 arbitrio:
1565 4004 1687 4076 quia
1719 4016 1820 4058 nec

219 4095 458 4150 liberum
499 4101 556 4149 in
585 4101 725 4155 bono
749 4101 870 4166 erit,
902 4098 1041 4168 quod
1074 4097 1326 4152 liberator
1349 4112 1455 4151 non
1483 4095 1816 4160 liberaverit;

216 4187 314 4240 sed
342 4187 400 4241 in
431 4185 572 4240 malo
609 4185 832 4239 liberum
861 4189 1019 4245 habet
1045 4187 1345 4249 arbitrium,
1394 4186 1476 4240 cui
1504 4185 1819 4239 delectatio-

217 4293 346 4333 nem
376 4277 597 4332 malitiae
620 4276 708 4330 vel
733 4277 970 4332 occultus
994 4278 1078 4330 vel
1120 4277 1430 4332 manifestus
1455 4277 1710 4347 deceptor
1732 4275 1818 4330 in-

212 4371 359 4425 sevit
387 4371 432 4436 ',
462 4369 545 4423 vel
573 4369 671 4423 sibi
702 4369 814 4439 ipse
841 4369 1121 4438 persuasit.

285 4462 346 4515 7.
391 4460 510 4515 Non
541 4461 738 4531 itaque,
783 4461 921 4515 sicut
946 4461 1128 4515 dicunt
1152 4475 1252 4515 nos
1275 4458 1490 4530 quidam
1521 4457 1722 4525 dicere,
1765 4467 1820 4514 et

208 4552 317 4607 iste
346 4552 515 4606 audet
558 4551 776 4620 insuper
801 4551 1058 4614 scribere,
1087 4568 1258 4605 omnes
1284 4552 1336 4604 in
1364 4559 1641 4622 peccatum,
1673 4549 1820 4604 velut

208 4639 396 4704 inviti,
429 4643 598 4695 carnis
622 4657 730 4696 sua
767 4643 1058 4695 necessitate
1093 4651 1340 4709 coguntur
1369 4657 1388 4695 :
1417 4641 1510 4695 sed
1537 4639 1582 4694 si
1623 4641 1732 4709 jam
1764 4640 1817 4695 in

205 4749 272 4788 ea
298 4743 470 4786 mtate
501 4742 643 4792 sunt,
677 4742 734 4786 ut
758 4735 986 4802 praprire
1026 4733 1218 4787 mentis
1247 4742 1466 4786 utantur
1492 4731 1732 4793 arbitrio,
1765 4739 1818 4786 et

207 4825 260 4878 in
293 4836 534 4894 peccato
577 4838 672 4877 sua
716 4826 986 4878 voluntate
1032 4825 1348 4889 retinentur,
1379 4833 1433 4879 et
1456 4839 1484 4876 a
1517 4832 1736 4891 peccato
1762 4824 1816 4878 in

205 4926 502 4986 peccatum
536 4931 630 4970 sua
681 4915 955 4970 voluntate
982 4911 1400 4985 przecipitaiitnr.
1451 4915 1631 4984 Neque
1675 4917 1816 4969 enim

200 5010 315 5079 agit
346 5009 409 5063 in
441 5010 519 5062 eis
549 5009 709 5063 etiam
749 5009 837 5078 qui
867 5008 1059 5064 suadet
1083 5018 1138 5062 et
1163 5009 1376 5077 decipit,
1409 5007 1507 5062 nisi
1541 5018 1597 5062 ut
1626 5023 1817 5078 pecca-

200 5110 320 5154 tum
356 5099 640 5154 voluntate
680 5100 1036 5164 committant,
1084 5100 1164 5154 vel
1215 5099 1506 5169 ignorantia
1537 5099 1772 5154 veritatis
1798 5141 1814 5166 ,

199 5192 287 5246 vel
317 5191 689 5245 delectatione
715 5191 1026 5260 iniquitatis,
1065 5191 1149 5245 vel
1195 5199 1419 5260 utroque
1463 5190 1600 5243 malo
1629 5200 1681 5244 et
1709 5205 1816 5244 etu-

196 5283 400 5338 citatis
429 5291 484 5336 et
511 5283 855 5336 inlirmitatis.
894 5281 1000 5338 Sed
1048 5282 1162 5336 lucc
1207 5283 1449 5337 voluntas
1493 5298 1610 5352 qum
1651 5283 1814 5336 libera

197 5382 287 5425 est
317 5371 382 5423 in
417 5375 587 5436 malis,
625 5374 746 5443 quia
777 5374 1072 5428 delectatur
1098 5373 1272 5440 malis,
1302 5373 1421 5428 ideo
1448 5375 1607 5428 libera
1641 5375 1690 5427 in
1717 5375 1815 5427 hn-

197 5464 287 5517 nis
319 5477 445 5515 nun
475 5467 583 5524 est,
616 5466 736 5528 quia
781 5466 998 5520 liberata
1034 5481 1140 5519 non
1183 5476 1283 5520 est.
1323 5465 1432 5520 Nec
1462 5476 1628 5534 potcSt
1656 5465 1816 5520 homo

197 5554 338 5606 boni
394 5550 597 5621 aliquid
639 5549 794 5613 velle.
828 5557 926 5602 nisi
971 5555 1251 5620 adjuvetur
1292 5557 1358 5611 ab
1389 5572 1453 5612 eo
1497 5557 1586 5626 qui
1618 5558 1814 5611 malum

196 5660 312 5708 non
351 5652 539 5713 potest
565 5643 722 5706 velle,
752 5640 852 5695 hoc
877 5649 981 5708 est,
1010 5639 1179 5711 gratia
1206 5649 1299 5695 Dei
1329 5665 1423 5712 per
1447 5649 1628 5706 Jcsum
1654 5649 1814 5704 ειη-ί-

264 5825 282 5855 ι
326 5819 487 5873 mliti,
509 5814 724 5866 inseruit.
755 5823 808 5864 At
832 5823 953 5876 Mss,
978 5815 1158 5868 inserit.

476 5903 702 5962 Stater.
744 5906 990 5962 Aucusr
1052 5900 1134 5962 .\'.

1575 389 1776 445 LIBER
1817 391 2086 450 PRIMUS.

3385 407 3493 464 551

1909 521 2050 568 stum
2096 514 2371 570 Dominum
2417 524 2675 574 nos:rum.
2715 518 2884 575 Omne
2915 521 3055 574 enim
3097 520 3236 591 quod
3279 538 3382 577 non
3413 533 3495 580 est

1909 618 1974 659 ex
2020 605 2142 673 lide,
2175 617 2445 675 peccatum
2489 619 2571 664 est
2613 609 2633 675 (
2655 610 2806 666 Rom.
2839 626 2947 676 xw,
2991 611 3120 681 25).
3163 615 3239 667 Ac
3279 628 3373 682 per
3396 613 3495 670 hoc

1911 697 2048 753 bona
2075 699 2321 755 voluntas
2344 716 2462 770 qua:
2482 716 2542 756 se
2568 703 2825 757 abstrahit
2852 719 2882 757 a
2908 713 3150 774 peccato,
3185 705 3354 760 ﬁdelis
3379 715 3492 773 est;

1909 789 2032 858 quia
2056 790 2231 859 justus
2255 807 2321 847 ex
2350 792 2451 846 lide
2488 793 2614 846 vivit
2647 793 2864 863 (Habere.
2897 811 2954 858 ιι,
2987 795 3064 865 4).
3106 795 3185 850 Ad
3215 797 3371 850 [idem
3401 812 3500 852 au-

1913 889 2016 936 tem
2067 883 2295 952 pertinet
2335 883 2558 940 credere
2602 885 2654 938 in
2697 885 2988 942 Christum.
3032 887 3098 942 Et
3125 903 3281 942 nemo
3318 897 3496 958 potest

1910 973 2130 1028 credere
2156 974 2206 1028 in
2235 990 2379 1038 eum,
2412 974 2514 1030 hoc
2539 985 2622 1031 est
2647 978 2687 1041 ί,
2714 977 2897 1031 venire
2926 977 2991 1031 ad
3019 993 3163 1041 eum,
3191 978 3290 1033 nisi
3331 977 3496 1034 fuerit

1911 1063 1983 1118 illi
2031 1064 2233 1120 datum.
2287 1065 2454 1121 Nemo
2500 1067 2656 1138 igitur
2699 1076 2873 1138 potest
2921 1069 3119 1124 habere
3169 1069 3495 1123 voluntatem

1905 1153 2124 1223 justam,
2173 1155 2271 1210 nisi
2317 1156 2475 1212 nullis
2518 1158 2936 1226 praecedentibus
2984 1158 3186 1212 meritis
3231 1159 3500 1228 acceperit

1911 1261 2112 1312 veram,
2140 1245 2241 1301 hoc
2266 1256 2367 1312 est,
2399 1248 2678 1318 gratuitam
2702 1249 2934 1319 desuper
2954 1249 3199 1318 gratiam.

1979 1338 2204 1395 CAPUT
2245 1338 2331 1394 IV.
2372 1368 2446 1381 —
2486 1341 2538 1396 8.
2598 1340 2864 1412 Pelagiani
2914 1340 3309 1412 pracipitatores
3355 1338 3500 1394 liberi

1910 1429 2125 1484 arbitrii.
2168 1429 2280 1486 Hoc
2324 1431 2410 1486 isti
2457 1431 2644 1486 nolunt
2673 1433 2796 1487 elati
2841 1443 2895 1488 et
2933 1432 3170 1503 superbi,
3221 1447 3323 1488 nec
3366 1447 3495 1501 pur-

1910 1521 2085 1591 gando
2111 1521 2444 1589 defensores,
2463 1522 2556 1578 sed
2577 1522 2884 1579 extollendo
2905 1522 3321 1593 prrecipitatores
3341 1522 3499 1578 liberi

1912 1614 2135 1670 arbitrii.
2175 1615 2270 1682 Qui
2303 1632 2409 1670 non
2440 1616 2508 1672 ob
2533 1616 2674 1671 aliud
2708 1616 2860 1671 nobis
2891 1617 3004 1670 hare
3031 1616 3333 1672 dicentibus
3359 1615 3498 1671 indi-

1912 1718 2159 1776 gnantur,
2206 1708 2307 1762 nisi
2349 1707 2469 1778 quia
2510 1707 2724 1778 gloriari
2762 1708 2817 1762 in
2857 1698 3084 1762 Domino
3125 1707 3497 1778 dedignantur.

1912 1797 2111 1853 Timuit
2141 1809 2314 1853 tamen
2355 1799 2596 1869 Pelagius
2621 1799 2925 1869 episcopale
2965 1799 3223 1870 judicium
3256 1798 3500 1855 Palaesti-

1914 1906 2039 1946 num
2072 1910 2089 1946 :
2121 1901 2175 1948 et
2202 1908 2322 1948 cum
2351 1894 2400 1949 ei
2429 1893 2615 1950 luisset
2642 1893 2929 1964 objectum,
2978 1891 3122 1962 quod
3151 1891 3352 1947 diceret
3375 1906 3496 1963 gra-

1914 1982 2042 2038 tiam
2083 1983 2178 2039 Dei
2229 1984 2522 2040 secundum
2565 1984 2753 2040 merita
2796 1993 2978 2039 nostra
3007 1983 3160 2049 dari;
3204 1984 3503 2054 uegavitse

1913 2073 2114 2139 dicere,
2163 2082 2219 2129 et
2261 2089 2358 2130 eos
2402 2075 2492 2145 qui
2550 2075 2653 2130 hoc
2702 2073 2960 2140 dicerent,
3005 2071 3502 2128 anathematizando

1913 2163 2186 2220 damnavit
2226 2165 2324 2237 (a).
2362 2165 2474 2222 Nec
2514 2166 2656 2220 aliud
2703 2174 2878 2220 tamen
2920 2164 3207 2220 defendere
3236 2165 3503 2221 invenitur

1914 2254 1971 2311 in
1999 2255 2167 2322 libris,
2183 2272 2317 2327 quos
2339 2257 2673 2327 postmodum
2692 2256 2935 2327 scripsit;
2967 2254 3204 2311 lraudem
3227 2269 3286 2310 se
3312 2265 3504 2326 putans

1917 2348 2219 2405 hominibus
2235 2350 2594 2420 judicantibus
2614 2353 2635 2384 '
2654 2351 2844 2407 fecisse
2867 2350 3192 2416 mentiendo,
3215 2358 3306 2404 aut
3322 2347 3505 2404 nescio

1915 2441 2182 2511 quomodo
2214 2457 2369 2498 suum
2411 2457 2625 2498 sensum
2665 2443 2847 2498 verbis
2876 2441 3140 2512 ambiguis
3179 2425 3502 2512 obtegendo.

1986 2530 2213 2590 CAPUT
2253 2533 2316 2587 V.
2342 2564 2415 2575 —
2439 2533 2493 2590 9.
2535 2535 2706 2590 Altera
2740 2533 2940 2588 Iuliani
2966 2533 3242 2600 calumnia,
3277 2531 3507 2602 Nuptias

1915 2641 2019 2680 non
2058 2642 2090 2679 a
2130 2625 2239 2680 Deo
2275 2627 2528 2682 institutas
2565 2626 2686 2681 dici.
2735 2626 2908 2680 Tertia
2949 2624 3225 2693 calumnia,
3259 2624 3508 2678 Damnari

1916 2719 2234 2791 conjugalem
2271 2736 2608 2792 congressum.
2649 2720 2756 2777 Sed
2796 2721 2905 2790 jam
2930 2720 3206 2776 videamus
3246 2719 3388 2792 quod
3417 2735 3505 2774 se-

1917 2813 2114 2882 quitur.
2147 2830 2167 2864 i
2208 2812 2397 2868 Dicunt
2441 2813 2624 2881 etiam,
2657 2831 2676 2866 ι
2716 2812 2906 2884 inquit,
2945 2830 2965 2866 ι
3010 2813 3139 2866 istas
3179 2826 3298 2882 quae
3340 2810 3504 2866 modo

1918 2911 2142 2972 aguntur
2168 2903 2378 2973 nuptias
2403 2918 2433 2957 a
2466 2903 2576 2958 Deo
2601 2903 2866 2958 institutas
2894 2919 2999 2957 non
3031 2901 3194 2956 fuisse
3223 2919 3237 2956 :
3270 2900 3410 2972 quod
3451 2901 3503 2954 ir

1920 2993 2056 3048 libro
2091 2994 2368 3064 Augustini
2413 2993 2604 3064 legitur
2651 2995 2744 3066 (ὁ),
2789 3003 2973 3048 contra
3004 3008 3164 3064 quem
3201 3006 3302 3061 ego
3345 2991 3508 3047 modo

1918 3096 2146 3158 quatuor
2173 3087 2369 3143 libellis
2411 3087 2680 3158 respondi.
2721 3087 2886 3156 Cujus
2929 3085 3207 3156 Augustini
3236 3085 3379 3140 dicta
3404 3084 3507 3139 ini-

1919 3178 2043 3234 niici
2069 3179 2234 3233 nostri
2263 3179 2314 3233 in
2343 3178 2576 3233 veritatis
2603 3179 2782 3234 odium
2805 3185 3172 3247 susceperunt.
3213 3195 3232 3231 ι
3278 3176 3370 3230 His
3390 3175 3507 3246 ejus

1918 3270 2412 3326 calumniosissimis
2423 3271 2597 3326 verbis
2623 3269 2852 3325 breviter
2867 3268 3021 3324 video
3046 3266 3506 3338 reSpondendum:

1919 3363 2040 3434 quia
2071 3363 2264 3434 repetit
2307 3377 2368 3418 ea
2399 3373 2602 3433 postea,
2633 3362 2722 3416 ubi
2763 3361 2877 3416 vult
2906 3361 3018 3430 ipse
3058 3361 3329 3415 insinuare
3357 3357 3510 3429 quasi

1919 3464 2102 3511 contra
2145 3463 2323 3510 nostra
2356 3454 2443 3509 isti
2481 3454 2607 3525 quid
2638 3455 2854 3518 dicant;
2904 3453 2976 3507 ibi
3001 3467 3120 3508 cum
3152 3451 3244 3506 illo
3272 3450 3316 3518 ³,
3341 3464 3512 3522 quan-

1921 3555 2032 3601 tum
2060 3560 2146 3601 res
2190 3529 2456 3616 postulare
2485 3543 2770 3610 videbitur,
2806 3543 3031 3598 Domino
3059 3541 3346 3611 adjuvante
3386 3556 3509 3596 cer-

1922 3629 2138 3685 tandum
2186 3638 2287 3685 est.
2327 3628 2479 3684 Nunc
2519 3643 2650 3699 ergo
2696 3627 3018 3697 respondeo,
3064 3641 3094 3680 a
3142 3628 3250 3681 Deo
3298 3625 3511 3696 nuptias

1922 3721 2222 3782 institutas,
2264 3727 2316 3775 et
2363 3728 2508 3784 tunc,
2556 3718 2769 3788 quando
2815 3717 3012 3772 dictum
3063 3726 3182 3783 est,
3233 3714 3514 3786 Propterea

1919 3813 2162 3884 relinquet
2186 3813 2334 3866 homo
2360 3821 2552 3879 patrem
2579 3828 2728 3864 suum
2752 3819 2798 3865 et
2821 3821 3031 3864 matrem
3059 3826 3226 3876 suam,
3262 3819 3308 3863 et
3329 3809 3512 3864 adlue-

1920 3905 2045 3960 rebit
2085 3904 2234 3958 uxori
2257 3920 2396 3969 sum;
2436 3913 2482 3958 et
2510 3913 2654 3958 erunt
2687 3902 2790 3957 duo
2815 3904 2867 3956 in
2911 3919 3060 3957 carne
3099 3919 3204 3958 una
3251 3899 3402 3974 (Gen.
3430 3917 3467 3958 tt
3491 3941 3509 3968 ,

1920 3995 2012 4065 24)
2047 4013 2059 4049 :
2093 4004 2147 4050 et
2175 4011 2335 4060 nunc,
2377 4006 2596 4064 propter
2620 3995 2760 4065 quod
2802 3995 3056 4066 scriptum
3083 4005 3186 4062 est,
3220 3996 3263 4050 Α
3293 3995 3510 4050 Domino

1913 4085 2152 4155 jungitur
2192 4086 2297 4139 uiro
2336 4087 2518 4139 mulier
2559 4083 2756 4154 (Prov.
2804 4102 2916 4152 χιιι,
2969 4083 3096 4158 14).
3139 4085 3322 4156 Neque
3364 4087 3514 4143 enim

1922 4175 2064 4230 aliud
2097 4175 2156 4229 lit
2185 4176 2344 4229 etiam
2375 4189 2516 4230 nunc
2553 4191 2712 4246 quam
2755 4176 2904 4239 illud,
2951 4187 3008 4230 ut
3045 4175 3318 4232 adluereat
3347 4177 3510 4231 homo

1923 4268 2074 4322 uxori
2115 4281 2245 4328 suae,
2270 4276 2325 4321 et
2345 4267 2453 4322 sint
2481 4251 2588 4321 duo
2619 4268 2670 4322 in
2701 4282 2863 4322 carne
2893 4283 3016 4321 una.
3063 4268 3136 4323 De
3164 4269 3290 4336 ipsis
3314 4269 3512 4338 quippe

1922 4359 2139 4428 nuptiis,
2168 4374 2286 4428 quae
2315 4373 2456 4412 nunc
2501 4357 2523 4390 ⁸
2555 4358 2704 4423 ﬁunt,
2752 4359 3027 4414 consultus
3069 4370 3151 4415 est
3197 4361 3454 4416 Dominus
3479 4377 3509 4415 a

1922 4449 2139 4517 Iudicis,
2191 4457 2366 4504 utrum
2425 4450 2608 4505 liceret
2661 4465 2994 4521 quacumque
3041 4465 3198 4505 causa
3243 4451 3514 4508 dimittere

1923 4559 2163 4598 uxorem.
2217 4544 2283 4598 Et
2326 4544 2427 4599 isto
2455 4555 2874 4599 commemorato
2905 4546 3212 4601 testimonio
3254 4546 3384 4617 legis
3411 4546 3512 4601 ad-

1916 4635 2112 4706 jnnxit,
2169 4636 2320 4702 Quod
2359 4653 2476 4707 ergo
2506 4635 2643 4690 Deus
2663 4637 2945 4704 conjunxit,
2978 4638 3126 4691 homo
3172 4654 3289 4717 non.
3314 4648 3515 4707 separet

1923 4727 2136 4800 (Matth.
2191 4745 2297 4793 xIx,
2342 4727 2480 4799 3-6).
2524 4728 2634 4783 Hoc
2679 4728 3038 4782 testimonium
3085 4729 3218 4799 legis
3268 4728 3514 4786 adhibuit

1921 4823 2080 4878 etiam
2133 4821 2420 4892 Apostolus
2471 4821 2686 4884 Paulus,
2728 4836 2847 4875 cum
2899 4821 3042 4876 viros
3086 4831 3327 4877 moneret
3358 4831 3414 4877 ut
3441 4824 3510 4878 ab

1921 4917 2002 4976 eis
2042 4916 2388 4984 diligerentur
2437 4929 2630 4968 uxores
2685 4913 2911 4984 (Epiros.
2959 4931 3014 4981 v,
3065 4915 3156 4982 25,
3186 4916 3315 4986 5|).
3358 4916 3514 4973 Absit

1922 5022 2071 5077 ergo,
2119 5015 2176 5060 nt
2216 5007 2266 5058 in
2300 5006 2434 5060 lihro
2473 5021 2594 5060 meo
2623 5016 2804 5059 contra
2851 5006 2962 5061 lucc
3003 5007 3303 5063 testimonia
3331 5009 3508 5066 divina

1922 5103 2022 5156 iste
2065 5097 2260 5170 aliquid
2312 5099 2518 5168 legerit.
2563 5097 2669 5153 Sed
2723 5099 2806 5153 vel
2855 5116 2959 5153 non
3013 5101 3376 5172 intelligendo,
3425 5103 3512 5157 vel

1923 5194 2090 5264 magis
2125 5193 2520 5260 calumniando,
2554 5193 2604 5247 in
2635 5193 2796 5248 alium
2835 5209 3051 5249 sensum
3082 5206 3305 5252 conatur
3330 5198 3511 5252 detor-

1986 5331 2003 5362 ι
2040 5331 2245 5380 Vaticani
2269 5337 2394 5388 Mss,
2428 5327 2516 5380 Itoc
2533 5334 2603 5380 est
2625 5327 2752 5379 enim
2772 5327 2950 5380 venire.

1946 5393 2004 5464 ηε
2036 5391 2258 5442 Gallicani
2297 5392 2505 5453 codices,
2532 5390 2797 5442 novitatibus
2821 5391 3028 5457 fecisse;
3057 5394 3250 5449 omisso,
3273 5389 3508 5453 judican-

1919 5453 2137 5625 flffs'llqo
2148 5523 2253 5565 Mss.
2278 5521 2334 5565 Αι
2357 5513 2493 5577 editi,
2517 5519 2682 5566 contra
2717 5521 2881 5566 nostra
2920 5515 3014 5567 ista
3048 5513 3165 5580 quid
3205 5513 3388 5575 dicant,
3419 5513 3506 5565 L'bi

1984 5591 1996 5624 l
2053 5591 2068 5625 l
2143 5614 2152 5625 .

1931 5589 2173 5711 ?’linpgg£i,
2199 5650 2326 5688 mare
2358 5649 2560 5702 quoque.
2596 5637 2760 5697 Abest,
2789 5649 3003 5701 quoque,
3039 5647 3067 5685 a
3113 5634 3361 5698 plerisque
3406 5650 3510 5688 ma-

1921 5707 2195 5760 nuscriptis.

1987 5760 2058 5822 (α)
2095 5761 2209 5810 vide
2231 5773 2375 5822 supra
2393 5795 2408 5817 ,
2433 5759 2608 5809 librum
2631 5760 2694 5808 de
2711 5759 2867 5822 Gestis
2883 5757 3080 5822 Pelagii,
3105 5771 3155 5808 n.
3179 5757 3256 5807 30.

1991 5818 2063 5883 (ὁ)
2095 5818 2318 5884 Loquitur
2340 5821 2403 5872 de
2423 5821 2544 5872 libro
2568 5822 2719 5884 primo
2739 5820 2803 5869 de
2827 5818 3016 5880 Nuptiis
3024 5827 3078 5869 et
3095 5826 3271 5884 Coum:
3285 5818 3505 5871 iacentia.

2781 5898 3194 5977 (Dix—huit.)
