4012 6470
495 353 599 409 53‘.)

565 468 652 523 16.
673 468 824 535 Quod
850 477 1024 523 autem
1051 469 1126 522 ait
1152 470 1204 523 in
1229 468 1331 525 hoc
1359 467 1606 537 Epistolas
1636 468 1754 522 loco
1781 467 1845 520 ad
1874 466 2067 519 Romae

495 574 616 625 nos,
649 559 918 614 Peccatum
946 570 997 613 ut
1021 570 1264 629 appareat
1302 571 1583 629 peccatum,
1615 577 1702 630 per
1727 565 1909 612 bonum
1946 559 2069 610 mihi

497 661 753 719 operatum
781 661 852 703 est
878 661 1122 714 mortem;
1149 652 1390 721 congruit
1422 651 1782 720 superioribus
1804 650 1889 703 ubi
1916 649 2068 702 dixit.

501 741 606 796 Sed
632 751 885 809 peccatum
911 757 1010 794 non
1054 741 1282 809 cognovi,
1313 742 1411 795 nisi
1440 757 1526 810 per
1571 740 1767 809 legem;
1798 755 1914 791 nam
1950 755 2074 790 con-

498 833 852 900 cupiscentiam
898 833 1194 896 nesciebam,
1239 832 1335 886 nisi
1385 833 1468 886 lea:
1502 831 1707 892 diceret.
1741 829 1862 884 Non
1891 844 2075 882 concu-

500 923 680 991 pisces.
723 923 789 977 Et
820 923 1085 992 superius,
1128 921 1232 977 Per
1254 923 1410 992 legem
1441 923 1655 993 cognitio
1692 922 1924 992 peccati:
1972 921 2074 974 hoc

500 1012 642 1067 enim
670 1020 722 1066 et
750 1011 836 1067 hic
855 1012 1008 1076 dixit,
1033 1022 1084 1066 ut
1108 1023 1351 1084 appareat
1377 1024 1633 1083 peccatum
1657 1028 1674 1064 :
1705 1022 1758 1066 ut
1786 1011 1906 1064 illud
1933 1009 2072 1080 quod

498 1102 726 1166 dixerat,
756 1101 1014 1173 Sinelege
1041 1103 1174 1157 enim
1208 1113 1464 1173 peccatum
1513 1111 1763 1155 mortuum
1809 1112 1922 1165 est;
1967 1115 2071 1154 non

501 1195 858 1264 intelligamus
897 1195 996 1249 nisi
1027 1203 1274 1264 tanquam
1315 1210 1420 1248 non
1449 1194 1536 1257 sit,
1565 1193 1743 1258 Latet,
1770 1208 1880 1246 non
1913 1207 2073 1260 appa-

502 1296 613 1350 ret,
667 1287 877 1355 penitus
929 1285 1219 1354 ignoratur,
1261 1295 1507 1354 tanquam
1552 1284 1602 1338 in
1655 1283 1834 1337 nescio
1885 1282 2076 1352 quibus

501 1379 814 1449 ignorantiae
845 1379 1078 1433 tenebris
1116 1377 1187 1432 sit
1222 1377 1506 1447 sepultum.
1537 1376 1604 1430 Et
1627 1373 1766 1444 quod
1809 1374 1912 1439 ait,
1965 1372 2076 1443 Ego

502 1480 670 1523 autem
699 1471 917 1523 vivebam
945 1470 1342 1539 aliquandosine
1368 1471 1513 1538 lege;
1558 1467 1684 1538 quid
1711 1469 1804 1530 ait,
1829 1467 1951 1526 nisi.
1979 1466 2074 1521 Vi-

501 1575 628 1615 vere
681 1560 808 1614 mihi
859 1560 1111 1614 videbar?
1158 1560 1224 1614 Et
1265 1558 1406 1629 quod
1449 1558 1723 1628 adjunxit,
1772 1557 2078 1611 Adveniente

503 1660 670 1705 autem
697 1654 935 1705 mandato
956 1659 1208 1722 peccatum
1228 1652 1435 1716 revixit;
1465 1649 1589 1720 quid
1610 1648 1872 1714 estaliud,
1894 1663 2074 1719 quam,

502 1739 766 1796 Eminuit'
812 1749 869 1796 et
910 1739 1189 1809 apparuit?
1231 1738 1341 1794 Nec
1389 1749 1562 1794 tamen
1603 1739 1706 1804 ait,
1737 1738 1909 1803 Vixit;
1959 1738 2074 1805 sed,

507 1829 704 1884 revixit.
740 1829 954 1883 Vixerat
992 1829 1135 1884 enim
1165 1828 1448 1898 aliquando
1494 1828 1544 1882 in
1577 1827 1841 1898 paradiso,
1867 1828 2078 1897 quando

503 1929 688 1973 centra
711 1919 889 1974 datum
917 1927 1240 1990 prmceptum
1279 1920 1408 1973 satis
1435 1919 1723 1988 apparebat
1751 1918 2075 1973 admissum:

505 2025 624 2064 cum
651 2018 825 2063 autem
852 2025 880 2062 a
912 2008 1248 2063 nascentibus
1269 2009 1516 2073 trahitur,
1541 2017 1790 2078 tanquam
1812 2017 2077 2063 mortuum

505 2101 575 2155 sit
601 2101 747 2163 latet.
774 2100 946 2154 donec
974 2114 1272 2170 repugnans
1295 2099 1516 2169 justitiie
1539 2102 1732 2154 malum
1757 2100 1872 2167 ejus
1900 2098 2082 2168 prohi-

503 2190 703 2244 bitione
729 2190 1002 2254 sentiatur,
1023 2205 1142 2243 cum
1165 2188 1306 2243 aliud
1326 2189 1544 2258 iubetur
1559 2198 1715 2259 atque
1731 2190 2076 2258 approbatur,

503 2278 644 2332 aliud
674 2279 900 2333 delectat
940 2285 1097 2348 atque
1125 2278 1463 2333 dominatur:
1487 2287 1629 2334 tunc
1658 2288 1926 2350 peccatum
1948 2295 2082 2349 quo-

503 2369 624 2424 dam
648 2369 806 2424 modo
854 2371 905 2424 in
946 2369 1128 2424 notitia
1153 2371 1259 2424 nati
1288 2370 1516 2425 hominis
1541 2371 1828 2437 rcviviscit,
1857 2370 1996 2439 quod
2027 2370 2082 2425 in

505 2460 686 2512 notitia
715 2459 975 2530 primum'
997 2460 1116 2515 lacti
1157 2461 1385 2516 hominis
1416 2462 1697 2531 aliquando
1720 2462 1829 2532 jam
1855 2463 2078 2516 vixerat.

572 2549 796 2606 CAPUT
837 2550 904 2606 Χ.
947 2581 1018 2592 -
1064 2553 1151 2607 17.
1197 2553 1518 2621 Sequitnrtle
1556 2555 1728 2608 eodem
1768 2564 2078 2624 argumento.

504 2638 607 2695 Sed
634 2643 775 2712 quod
801 2642 1068 2710 sequitur,
1096 2659 1200 2699 non
1239 2646 1307 2699 ita
1335 2646 1637 2714 expeditum
1669 2654 1749 2701 est
1771 2687 1785 2710 ,
1817 2646 2083 2716 quomodo

501 2731 569 2792 de
589 2731 754 2786 Paulo
778 2735 942 2801 possit
967 2733 1208 2804 intelligi.
1237 2735 1436 2789 Scimus
1461 2737 1611 2802 cnim,
1647 2737 1834 2805 inquit,
1863 2737 1980 2806 quia
2001 2737 2082 2791 lex

499 2823 778 2892 spiritualis
805 2833 911 2888 est;
937 2841 1027 2896 ego
1061 2834 1227 2878 autem
1249 2828 1467 2879 carnalis
1493 2843 1605 2879 sum
1638 2826 1810 2897 (llum.
1832 2843 1900 2882 vn
1917 2867 1932 2890 ,
1965 2829 2077 2898 14).

499 2914 614 2970 Non
650 2912 760 2980 ait,
791 2915 884 2969 Fui
913 2935 926 2971 :
957 2917 1050 2971 sed
1077 2959 1090 2981 ,
1121 2934 1254 2972 sum.
1300 2917 1564 2987 Numquid
1604 2935 1731 2988 ergo
1755 2920 2040 2988 Apostolus
2062 2961 2078 2987 ,

499 3023 620 3062 cum
651 3007 763 3062 hare
793 3011 1051 3066 scriberet
1075 3051 1090 3075 ,
1117 3013 1347 3066 carnalis
1373 3013 1511 3067 fuit?
1543 3017 1618 3067 An
1648 3015 1938 3069 secundum
1964 3030 2084 3069 eor-

501 3116 600 3168 pus
620 3101 719 3156 hoc
740 3102 890 3158 dicit?
904 3103 1088 3159 Adhuc
1107 3107 1246 3159 enim
1271 3116 1384 3158 erat
1402 3105 1452 3159 in
1470 3121 1692 3174 corpore
1715 3108 1900 3161 mortis
1923 3107 2082 3176 hujus

502 3190 554 3259 (1
564 3192 691 3258 bid.,
712 3190 826 3262 24),
857 3193 1089 3249 nondum
1118 3195 1256 3250 facto
1277 3195 1298 3228 ⁸
1317 3197 1456 3266 quod
1478 3197 1600 3251 alibi
1621 3198 1769 3264 dicit,
1793 3199 2083 3253 Seminatur

503 3299 687 3352 corpus
719 3284 966 3350 animale,
1002 3295 1168 3356 surget
1189 3283 1211 3316 ⁸
1240 3303 1421 3356 corpus
1445 3287 1705 3356 spirituale
1738 3288 1792 3359 (l
1818 3285 1936 3344 Cor.
1976 3305 2044 3343 xv
2064 3329 2079 3352 ,

501 3374 612 3444 44).
643 3374 793 3430 Tunc
836 3377 976 3430 enim
1009 3373 1072 3431 ex
1104 3387 1214 3431 toto
1245 3393 1304 3432 se
1329 3420 1342 3442 ,
1372 3378 1422 3432 id
1447 3387 1563 3445 est,
1593 3395 1658 3434 ex
1690 3391 1910 3449 utraque
1936 3389 2083 3448 parte

499 3479 603 3534 qua
633 3472 874 3531 constat,
903 3465 1194 3536 spiritualis
1224 3469 1382 3522 homo
1407 3469 1507 3524 erit
1526 3511 1542 3536 ,
1575 3471 1785 3539 quando
1812 3471 2083 3540 spirituale

500 3557 659 3611 etiam
699 3572 894 3628 corpus
921 3559 1044 3614 erit.
1071 3559 1254 3629 Neque
1283 3561 1427 3614 enim
1473 3561 1759 3615 absurdum
1789 3572 1904 3629 est,
1934 3573 1990 3616 ut
2014 3564 2083 3617 sit

499 3647 553 3702 in
578 3647 664 3702 illa
692 3649 796 3702 vita
819 3649 978 3704 etiam
1004 3664 1130 3704 caro
1149 3650 1468 3720 spiritualis;
1493 3652 1535 3704 si
1565 3653 1734 3721 potuit
1758 3667 1875 3707 esse
1905 3653 1956 3706 in
1986 3653 2083 3709 hac

499 3740 627 3802 vita,
651 3739 702 3793 in
731 3739 813 3793 his
841 3739 929 3810 qui
954 3739 1128 3794 adhuc
1153 3742 1383 3795 carnalia
1410 3743 1655 3812 sapiunt,
1678 3744 1836 3798 etiam
1869 3745 2084 3814 spiritus

500 3830 883 3898 ipse-carnalis.
915 3829 1006 3886 Sic
1027 3831 1307 3902 ergoideo
1335 3831 1497 3898 dixit,
1534 3831 1641 3904 Ego
1672 3843 1838 3888 autent
1864 3836 2084 3890 carnalis

501 3934 650 3984 sum;
677 3919 799 3988 quia
832 3920 1065 3976 nondum
1095 3921 1367 3990 Spiriluale
1391 3937 1584 3992 corpus
1615 3924 1838 3979 habebat
1862 3927 2084 3995 Aposto-

503 4012 609 4066 lus.
659 4013 808 4066 Sicut
837 4021 1014 4082 posset
1061 4013 1253 4078 dicere,
1293 4014 1402 4084 Ego
1432 4025 1610 4069 autem
1655 4018 1892 4072 mortalis
1917 4034 2033 4072 sum
2064 4036 2080 4074 :

504 4103 645 4173 quod
670 4104 849 4173 utique
875 4121 979 4158 non
1025 4105 1125 4159 nisi
1155 4105 1444 4160 secundum
1470 4121 1676 4176 corpus
1703 4107 2085 4177 intelligeretur

505 4193 731 4258 dixisse,
759 4193 900 4264 quod
925 4195 1159 4249 nondum
1194 4194 1365 4250 fuerat
1391 4196 1787 4253 immortalitate
1813 4201 2080 4254 vestitum.

505 4289 633 4344 Item
660 4290 800 4359 quod
828 4291 1064 4361 adiunxit
1083 4332 1097 4356 ,
1132 4290 1458 4345 Venundatus
1482 4292 1572 4346 sub
1597 4303 1797 4363 peccato
1815 4310 1835 4349 :
1851 4309 1918 4350 ne
1942 4297 2088 4365 quis-

501 4395 658 4448 quam
684 4397 804 4435 eum
833 4381 1064 4435 nondum
1096 4381 1428 4451 redemptum
1451 4381 1646 4438 Christi
1676 4386 2081 4454 sanguine-exi-

501 4472 711 4536 stimet,
755 4473 915 4527 etiam
966 4473 1068 4528 hoc
1115 4473 1403 4527 secundum
1453 4474 1580 4528 illud
1613 4484 1800 4544 potest
1828 4477 2080 4546 intelligi,

501 4561 642 4630 quod
686 4562 788 4627 ait,
820 4560 887 4616 Et
914 4579 1004 4617 nos
1036 4563 1285 4633 primitias
1312 4563 1543 4619 habentes
1567 4566 1774 4634 spiritus
1795 4607 1809 4630 ,
1843 4575 1889 4620 et
1903 4565 2004 4636 ipsi
2029 4567 2082 4620 in

501 4653 864 4725 nobismetipsis
895 4654 1297 4724 ingemiscimus,
1337 4655 1657 4724 adoptionem
1704 4666 2040 4727 exspectantes
2063 4697 2080 4724 ,

501 4745 890 4811 redemptionem
914 4747 1139 4815 corporis
1161 4748 1317 4800 nostri
1345 4746 1518 4818 (Rom.
1541 4763 1630 4802 vut
1649 4789 1665 4813 ,
1697 4746 1809 4816 23).
1858 4748 1912 4803 Si
1935 4748 2079 4803 enim

502 4835 791 4889 secundum
815 4835 916 4891 hoc
935 4853 992 4890 sc
1011 4835 1140 4890 dicit
1162 4837 1513 4891 venundatum
1545 4837 1644 4892 sub
1673 4847 1911 4907 peccato,
1940 4839 2080 4910 quod

503 4924 676 4980 adlme
702 4940 805 4980 non
835 4936 912 4980 est
941 4926 1270 4997 redemptum
1296 4943 1326 4982 a
1351 4927 1688 4999 corruptione
1715 4943 1909 4998 corpus
1933 4931 2078 4998 ejus;

502 5020 587 5072 vel
618 5020 974 5073 venundatum
1023 5021 1305 5091 aliquando
1349 5023 1402 5076 in
1447 5023 1613 5090 prima
1660 5026 2082 5094 transgressione

505 5110 790 5180 praecepti,
817 5121 875 5164 ut
902 5111 1118 5166 haberet
1145 5127 1339 5182 corpus
1363 5114 1706 5182 corruptibilc
1730 5116 1867 5184 quod
1895 5131 2083 5186 aggra-

506 5213 594 5256 vat
619 5204 848 5257 animam
879 5201 1032 5275 (Sep.
1055 5220 1112 5259 ix
1131 5247 1145 5270 ,
1179 5205 1264 5275 l5)
1295 5220 1308 5257 :
1337 5205 1460 5275 quid
1489 5206 1731 5274 prohibet
1753 5207 1837 5260 hic
1863 5209 2084 5276 Aposto-

504 5293 612 5348 lunt
639 5294 852 5364 intelligi
874 5295 940 5349 de
959 5309 1016 5350 se
1037 5295 1151 5365 ipso
1176 5295 1372 5363 dicere,
1398 5296 1539 5366 quod
1562 5297 1628 5351 ita
1655 5296 1810 5363 dicit,
1841 5307 1897 5353 ut
1921 5299 2080 5356 etiam

562 5446 589 5477 ει
623 5446 830 5496 Vaticani
852 5453 980 5506 Mss,
1003 5445 1213 5499 emicuit.

565 5509 587 5538 ¹
619 5508 691 5572 sic
713 5515 816 5572 Mss.
833 5516 885 5556 At
902 5509 1017 5572 editi
1034 5521 1133 5558 Am.
1152 5519 1205 5560 et
1224 5517 1297 5559 Er.
1315 5517 1444 5570 tov.,
1462 5508 1622 5572 primi.
1648 5517 1699 5560 Et
1713 5511 1834 5562 infra
1851 5519 1958 5563 Lov.
1976 5522 2081 5566 tau-

501 5574 622 5626 tum,
635 5567 743 5629 jam
761 5568 948 5619 vixerit.

569 5631 589 5696 f
622 5637 702 5696 tlte
724 5636 796 5696 iir.
825 5639 876 5679 et
910 5639 1016 5696 μιν.
1043 5632 1344 5696 addiderunt,
1364 5631 1619 5696 spirituali.

565 5689 588 5720 δ
621 5692 735 5763 Ιτᾼὶῑρ
757 5727 770 5750 ,
805 5692 974 5756 surgit.
1035 5689 1572 5758 Manuscripti','surgct
1602 5708 1617 5744 :
1649 5695 1785 5757 juxta
1822 5710 2032 5758 grrccum
2058 5735 2073 5763 ,

499 5760 742 5814 cyctretai.

1098 354 1370 410 CONTRA
1412 353 1588 409 ΟυΑὸ
1626 350 1997 408 EPISTOLAS
2038 347 2590 417 PELAGMN'JRUM.
2630 354 2688 412 S.
2739 356 3112 416 AUGUSTI?“

3644 360 3754 417 500

2179 463 2230 517 in
2259 465 2374 534 ipso
2400 469 2565 535 possit
2586 467 2602 498 ί
2622 467 2835 539 intelligi
2857 485 2873 534 ;
2892 468 3097 524 etiamsi
3119 469 3175 526 in
3198 483 3291 525 sua
3318 484 3542 540 persona
3561 486 3666 530 non
3691 489 3754 530 se

2177 557 2346 610 solum
2366 599 2380 621 ,
2408 557 2499 610 sed
2531 574 2716 615 onines
2760 560 2928 629 accipi
2959 561 3122 625 velit,
3148 562 3236 632 qui
3265 576 3323 617 se
3350 573 3611 619 noverunt
3637 566 3755 635 spi-

2179 646 2351 700 riuiali
2384 647 2735 702 delectatione
2761 651 2781 680 '
2813 665 2932 705 cum
2962 650 3137 705 carnis
3159 651 3438 708 aﬂectione
3462 653 3580 710 sine
3618 671 3756 711 con-

2177 737 2426 791 seusionc
2455 738 2779 807 conﬂigere?

2250 827 2336 882 18.
2365 831 2444 881 An
2489 827 2625 884 forte
2664 829 2947 884 metuimus
2989 845 3052 885 ea
3097 847 3217 902 qua!
3257 842 3570 902 Sequuntur.
3607 833 3761 900 Quod

2179 917 2308 969 enim
2337 934 2533 986 aperor,
2561 919 2736 989 ignoro
2758 936 2776 974 :
2803 937 2903 973 non
2926 920 3059 974 enim
3087 923 3220 991 quod
3241 924 3371 985 volo,
3395 923 3488 976 hoc
3511 939 3648 994 ago;
3671 924 3762 978 sed

2177 1006 2311 1076 quod
2337 1008 2421 1060 odi
2441 1050 2455 1071 ,
2481 1009 2610 1062 illud
2639 1011 2769 1080 facio
2791 1027 2810 1064 :
2841 1027 2907 1064 ne
2932 1010 3070 1066 forte
3090 1027 3154 1066 ex
3183 1012 3264 1067 his
3292 1014 3468 1068 verbis
3496 1016 3760 1085 quispiam

2179 1097 2479 1151 consentire
2521 1100 2695 1153 carnis
2737 1101 3177 1168 concupiscentiae
3205 1102 3270 1156 ad
3312 1117 3471 1171 Opera
3505 1104 3639 1156 mala
3666 1119 3760 1157 su-

2179 1187 2412 1254 spicetur
2450 1188 2839 1255 Apustolum'?
2865 1189 2969 1244 Sed
3008 1191 3449 1246 considerandum
3492 1202 3576 1247 est
3619 1195 3760 1262 quod

2179 1275 2411 1346 adjungit
2439 1296 2451 1330 :
2478 1277 2539 1333 Si
2561 1289 2725 1332 autem
2749 1280 2882 1349 quod
2906 1282 3058 1348 nolo,
3091 1282 3183 1334 hoc
3203 1282 3356 1350 facio,
3385 1285 3640 1337 consentio
3662 1284 3763 1354 legi
3826 1282 3832 1296 ’

2180 1367 2414 1433 quoniam
2438 1368 2567 1420 bona
2594 1378 2686 1422 est.
2710 1369 2872 1439 Magis
2901 1371 3042 1424 enim
3073 1386 3129 1424 sc
3156 1371 3285 1426 dicit
3307 1373 3406 1441 legi
3433 1375 3760 1438 consentire,

2181 1472 2338 1523 quam
2375 1459 2549 1511 carnis
2575 1461 3041 1527 concupiscentiae.
3075 1462 3219 1516 lianc
3259 1464 3402 1517 enim
3433 1465 3630 1532 peccati
3659 1479 3763 1518 no-

2182 1547 2324 1601 mine
2364 1547 2615 1617 appellat.
2665 1548 2862 1605 Facere
2890 1567 3016 1622 ergo
3044 1567 3102 1606 se
3129 1552 3262 1605 dixit
3291 1563 3344 1606 et
3384 1552 3626 1621 operari,
3655 1569 3762 1608 non

2181 1636 2369 1692 ali'eclu
2416 1639 2794 1694 consentiendi
2859 1651 2912 1694 et
2962 1641 3250 1710 implendi,
3300 1641 3394 1696 scd
3450 1643 3565 1712 ipso
3617 1631 3764 1698 motu

2182 1730 2617 1799 concupisccndi.
2648 1730 2783 1786 llinc
2816 1748 2944 1802 ergo
2967 1774 2983 1799 ,
3012 1734 3178 1803 inquit
3201 1774 3219 1800 ,
3242 1736 3494 1788 consentio
3522 1735 3620 1806 legi
3642 1751 3765 1806 quo-

2183 1818 2317 1872 niam
2344 1819 2472 1872 bona
2504 1829 2622 1876 est:
2653 1823 2935 1888 consentio,
2977 1823 3094 1892 quia
3136 1824 3260 1878 nolo
3305 1825 3443 1893 quod
3488 1840 3592 1879 non
3632 1826 3762 1878 vult.

2185 1911 2383 1966 Deinde
2425 1912 2584 1976 dicit,
2617 1912 2769 1966 Nunc
2806 1925 2972 1968 autem
2990 1915 3104 1986 jam
3146 1931 3248 1968 non
3272 1931 3363 1986 ego
3385 1933 3565 1984 operor
3591 1914 3760 1983 illud,

2183 2005 2272 2058 sed
2317 2005 2370 2059 id
2393 2007 2528 2075 quod
2571 2005 2760 2060 habitat
2789 2008 2840 2059 in
2881 2024 2958 2060 me
2992 2017 3274 2083 peccatum.
3305 2009 3440 2077 Quid
3466 2019 3581 2074 est,
3612 2009 3662 2064 Ν
3671 2027 3764 2065 nnc

2184 2107 2372 2159 autem;
2399 2096 2495 2151 nisi
2520 2139 2535 2162 ,
2564 2095 2680 2152 Jam
2721 2113 2860 2151 nunc
2888 2098 2987 2152 sub
3026 2099 3190 2168 gratia
3211 2139 3226 2161 ,
3253 2116 3368 2168 quze
3399 2100 3642 2154 liberavit
3667 2101 3763 2155 da-

2186 2185 2519 2241 lcctationem
2550 2187 2834 2241 voluntalis
2863 2203 2891 2240 a
2921 2190 3272 2243 consensione
3297 2189 3625 2258 cupiditatis?
3648 2191 3763 2246 Non

2185 2277 2324 2330 enim
2357 2278 2547 2333 melius
2576 2278 2922 2347 intelligitur,
2957 2277 3077 2332 Non
3117 2296 3206 2350 ego
3249 2296 3448 2350 aperor,
3496 2282 3595 2334 nisi
3643 2283 3763 2350 quia

2187 2381 2291 2420 non
2315 2369 2582 2422 consentit
2621 2369 2874 2424 exhibere
2903 2370 3138 2424 membra
3181 2385 3277 2425 sua
3305 2386 3449 2425 arma
3478 2373 3766 2442 iniquitatis

2185 2469 2402 2528 peccato
2455 2459 2630 2532 (Rom.
2684 2477 2774 2528 γι,
2829 2461 2937 2532 15).
2972 2461 3098 2515 Nam
3145 2463 3189 2516 si
3242 2472 3293 2517 et
3336 2466 3660 2533 concupiscit
3709 2475 3767 2520 et

2187 2553 2446 2606 consentit
2492 2560 2548 2608 et
2584 2555 2720 2623 agit:
2762 2554 3027 2622 quomodo
3055 2569 3157 2608 neu
3182 2554 3295 2622 ipse
3323 2556 3448 2610 illud
3479 2567 3764 2624 operatur,

2186 2643 2389 2697 etiamsi
2409 2659 2468 2698 se
2489 2645 2696 2712 Operari
2719 2644 2913 2706 doleat.
2934 2654 2987 2698 et
3017 2663 3035 2696 \
3051 2646 3149 2700 inci
3177 2646 3405 2715 graviter
3423 2648 3766 2716 ingemiscat?

2259 2733 2344 2787 19.
2371 2734 2485 2788 Jam
2520 2735 2644 2790 illud
2670 2734 2807 2804 quod
2835 2737 3090 2806 sequitur,
3124 2753 3301 2791 nonne
3325 2739 3462 2792 unde
3491 2739 3763 2808 loquatur,

2186 2825 2515 2896 apertissime
2567 2827 2840 2882 ostendit?
2867 2827 2986 2883 Scio
3015 2830 3146 2882 enim
3183 2832 3301 2900 quia
3339 2848 3439 2884 non
3481 2831 3675 2885 habitat
3715 2833 3769 2887 in

2187 2935 2286 2982 me,
2321 2918 2414 2971 Itoc
2443 2929 2513 2972 est
2539 2920 2591 2972 in
2629 2936 2779 2973 carne
2817 2938 2925 2973 mea
2945 2963 2958 2983 ,
2988 2922 3191 2975 bonum.
3222 2921 3277 2977 Si
3303 2923 3444 2977 enim
3474 2938 3578 2976 non
3606 2938 3771 2994 expo-

2188 3017 2336 3063 neret
2361 3008 2715 3080 adiungendo,
2739 3009 2833 3063 Itoc
2859 3020 2929 3064 est
2954 3013 3005 3064 in
3031 3028 3181 3066 carne
3207 3029 3336 3078 mea,
3364 3013 3519 3068 aliter
3542 3012 3771 3070 fortasse

2187 3099 2514 3167 acciperetur
2542 3100 2681 3170 quod
2707 3099 2834 3154 dixit
2861 3144 2874 3164 ,
2902 3102 2954 3154 in
2989 3119 3084 3155 me.
3113 3105 3187 3155 Ac
3211 3119 3304 3172 per
3333 3103 3433 3157 hoc
3458 3114 3640 3158 versat
3671 3105 3773 3158 hoc

2188 3191 2328 3246 idem
2356 3199 2623 3260 repetens,
2648 3201 2700 3246 et
2726 3193 2996 3248 inculcans
3022 3213 3034 3247 :
3075 3193 3211 3249 Velle
3244 3197 3374 3249 enim
3403 3196 3602 3266 adjacet
3625 3197 3770 3262 mihi;

2190 3284 2428 3353 perficere
2461 3294 2625 3338 autem
2652 3286 2870 3350 bonum,
2900 3303 3020 3339 non.
3048 3286 3159 3341 lioc
3203 3295 3284 3341 est
3329 3289 3470 3342 enim
3515 3289 3772 3357 perlicere

2189 3374 2381 3428 bonum
2407 3415 2421 3438 ,
2454 3383 2510 3428 ut
2549 3389 2648 3429 nec
2688 3375 3027 3444 concupiscat
3071 3376 3248 3429 homo.
3280 3376 3650 3445 imperfectum
3691 3387 3774 3432 est

2187 3473 2364 3520 autem
2407 3465 2854 3535 bonum,quando
2896 3467 3251 3536 concupiscit,
3297 3469 3455 3522 etiam
3486 3469 3527 3522 si
3569 3483 3770 3522 concuo

2195 3555 2464 3624 piscenlite
2517 3569 2622 3609 non
2667 3557 2931 3610 consentit
2973 3557 3038 3611 ad
3069 3558 3286 3611 malum.
3323 3557 3441 3611 Non
3471 3559 3603 3612 enim
3636 3557 3774 3623 quod

2187 3643 2300 3698 volo
2345 3645 2478 3716 facio
2505 3643 2722 3711 bonum,
2747 3645 2948 3716 inquit;
3000 3646 3088 3700 sed
3119 3646 3253 3716 quod
3284 3648 3401 3700 nolo
3438 3647 3648 3711 malum,
3678 3648 3775 3700 hoc

2188 3752 2304 3808 ago.
2342 3736 2403 3792 Si
2425 3737 2761 3808 autem-quod
2799 3739 2916 3792 nolo
2948 3755 3058 3808 ego,
3089 3739 3184 3792 Itoc
3219 3739 3387 3808 facio;
3406 3742 3522 3810 jam
3549 3757 3653 3794 non
3684 3757 3775 3812 ego

2188 3843 2368 3898 operor
2392 3827 2542 3893 illud,
2569 3828 2656 3881 sed
2682 3829 2815 3898 quod
2854 3829 3045 3883 habitat
3073 3832 3124 3884 in
3165 3848 3241 3885 me
3280 3842 3558 3901 peccatum.
3597 3832 3652 3886 Id
3683 3850 3772 3888 re-

2191 3917 2373 3985 petivit
2405 3916 2675 3972 inculcans
2697 3959 2712 3984 ,
2745 3928 2798 3972 et
2827 3928 3073 3988 tanquam
3108 3921 3439 3975 tardissimos
3466 3922 3532 3976 'de
3581 3937 3774 3976 somno

2188 4011 2425 4066 excitans
2450 4027 2473 4066 :
2504 4009 2712 4066 Invenio
2733 4029 2849 4084 ergo
2877 4013 3064 4082 legem,
3100 4013 3267 4083 inquit
3287 4055 3300 4076 ,
3330 4015 3454 4066 mihi
3481 4014 3669 4067 volenti
3693 4016 3774 4082 {a-

2189 4120 2302 4158 cere
2327 4104 2508 4158 bonum
2534 4145 2548 4168 ,
2571 4105 2812 4175 quoniam
2863 4105 2986 4156 mihi
3031 4104 3220 4156 malum
3266 4105 3482 4174 adjacet.
3515 4103 3606 4157 illa
3645 4117 3776 4172 ergo

2189 4195 2386 4250 honuni
2431 4205 2512 4250 est
2551 4195 2742 4250 volenti
2773 4194 2946 4249 facere
2971 4237 2985 4259 ,
3015 4195 3218 4262 adjacet
3263 4205 3438 4247 autem
3481 4192 3681 4246 malum
3707 4207 3774 4245 ex

2189 4285 2614 4354 concupiscentia
2635 4326 2650 4346 ,
2675 4285 2758 4340 cui
2785 4300 2888 4339 non
2919 4285 3185 4340 consentit
3211 4285 3298 4355 qui
3327 4283 3492 4348 dicit,
3516 4281 3642 4336 lam
3673 4299 3777 4337 non

2189 4391 2280 4446 ego
2307 4393 2488 4444 operor
2507 4375 2658 4429 illud.

2258 4465 2350 4520 20.
2381 4465 2626 4534 Apertius
2669 4474 2844 4520 autem
2876 4465 3016 4534 quod
3067 4465 3305 4535 sequitur
3351 4473 3639 4532 utrumque
3683 4462 3782 4517 de-

2189 4559 2354 4613 clarat
2384 4577 2398 4613 :
2431 4559 2756 4613 Condelector
2785 4561 2917 4614 enim
2941 4560 3037 4630 legi
3067 4558 3162 4614 Dei
3182 4559 3454 4613 secundum
3481 4559 3780 4612 interiorem

2189 4649 2478 4713 hominem;
2513 4649 2655 4702 video
2679 4659 2843 4702 autem
2878 4649 3031 4702 aliam
3058 4650 3216 4720 legem
3261 4652 3313 4703 in
3345 4647 3574 4702 membris
3605 4649 3736 4702 meis
3762 4689 3778 4712 ,

2187 4748 2546 4810 repugnantem
2573 4739 2669 4809 legi
2696 4739 2872 4792 mentis
2891 4755 3032 4802 mete,
3062 4747 3107 4791 et
3135 4739 3464 4809 captivantem
3490 4754 3566 4790 nte
3587 4737 3642 4790 in
3671 4738 3783 4806 lege

2189 4830 2379 4900 peccati
2403 4828 2462 4895 ⁸,
2492 4844 2606 4899 qua:
2650 4838 2720 4882 est
2767 4829 2816 4881 in
2860 4828 3090 4882 membris
3131 4830 3270 4881 meis.
3309 4827 3411 4882 Sed
3437 4827 3573 4897 quod
3607 4827 3782 4891 dixit,

2189 4922 2519 4990 captivantem
2547 4936 2644 4982 me,
2671 4928 2841 4988 potest
2870 4935 3104 4980 movere.
3128 4921 3169 4973 si
3195 4919 3333 4973 nulla
3357 4919 3643 4972 consensio
3673 4928 3780 4974 est.

2189 5008 2338 5065 Unde
2365 5019 2578 5080 propter
2602 5011 2698 5063 tria
2727 5011 2845 5075 ista,
2865 5009 2971 5064 duo
2991 5010 3192 5065 scilicet
3215 5011 3281 5065 de
3306 5012 3493 5080 quibus
3509 5013 3622 5080 jam
3669 5011 3786 5064 dis-

2188 5101 2504 5168 putavimus,
2556 5101 2696 5170 quod
2728 5102 2828 5163 ait,
2864 5099 2974 5172 Ego
3000 5111 3170 5154 autem
3190 5101 3407 5156 carnalis
3431 5119 3564 5166 sum,
3590 5111 3671 5167 et,
3698 5119 3784 5156 ve-

2188 5192 2441 5244 nundatus
2467 5191 2556 5244 sub
2580 5204 2816 5260 peccato,
2846 5203 2897 5246 et
2927 5193 3028 5246 hoc
3056 5195 3265 5247 tertium
3287 5236 3299 5256 ,
3331 5195 3671 5262 captivantem
3703 5209 3784 5247 me

2187 5281 2240 5334 in
2274 5283 2378 5352 lege
2405 5284 2622 5352 peccati,
2651 5299 2763 5352 qua:
2795 5293 2864 5336 est
2886 5284 2938 5337 in
2967 5285 3198 5340 membris
3227 5286 3348 5339 meis
3369 5327 3382 5350 ,
3405 5294 3578 5356 potest
3601 5285 3782 5341 videri

2252 5395 2267 5427 ¹
2301 5394 2372 5444 sic
2394 5399 2497 5443 Mss.
2527 5403 2579 5444 At
2603 5395 2743 5457 editi,
2758 5403 2934 5457 posset.

2250 5457 2270 5487 ¹
2303 5457 2520 5506 Gallicani
2546 5466 2665 5514 uss,
2694 5456 2959 5506 dilectione.

2249 5518 2481 5587 fvatigani
2497 5524 2533 5565 il
2559 5531 2598 5565 s.
2607 5517 2688 5572 ,ml
2698 5531 2843 5586 opera
2852 5517 2980 5587 mala
2989 5523 3205 5587 sanctum
3221 5514 3471 5587 tpostolnm
3481 5524 3780 5587 suspicetur.

2249 5578 2270 5609 δ
2300 5580 2496 5640 codices
2536 5587 2658 5640 -.\:ss.,
2699 5577 3010 5638 captivantem
3038 5592 3113 5628 me
3151 5577 3253 5640 lege
3273 5578 3459 5640 peccati
3487 5590 3504 5626 :
3528 5585 3582 5640 et
3626 5577 3778 5640 intra,

2184 5617 2496 5699 captit'mttciii
2519 5617 2622 5699 me:
2635 5617 2723 5687 bac
2740 5617 3044 5703 e's't,_caritent
3067 5617 3236 5697 uicani,
3263 5617 3362 5703 lege
3386 5637 3599 5702 peccati;
3626 5617 3786 5703 (nnis;

2183 5714 2233 5748 sa
2259 5708 2535 5750 constanter
2559 5701 2802 5762 particula,
2828 5701 2894 5761 in,
2919 5715 3030 5764 qua:
3054 5709 3103 5751 et
3143 5715 3168 5750 a
3207 5699 3366 5764 επιεξο
3387 5699 3527 5750 textu
3554 5699 3783 5761 Apostoli

2183 5764 2338 5810 abest.
