4012 6524
249 441 343 499 εθι

249 555 527 627 Apostolus
567 566 688 608 cum
727 546 1030 605 describere
1055 543 1142 614 qui
1168 541 1267 597 sub
1295 540 1410 612 lego
1442 538 1614 594 adhuc
1653 537 1820 600 vivit,

253 648 477 705 nondum
505 645 610 701 sub
658 642 844 718 gratia.
877 638 981 694 Sed
1028 637 1165 692 sicut
1207 634 1294 690 illa
1314 632 1418 687 duo
1439 629 1780 701 exposuimus
1804 665 1820 691 ,

255 748 461 812 propter
487 752 707 794 carnem
733 734 908 790 adhuc
930 728 1326 799 corruptibilem
1349 725 1511 790 dicta;
1542 723 1620 778 sic
1643 730 1698 776 et
1722 720 1825 774 hoc

253 839 419 902 potest
461 827 721 899 intelligi,
749 834 807 880 ut
842 824 1176 894 captivantem
1211 834 1323 884 me,
1351 815 1581 880 dixerit,
1619 825 1782 868 carne
1804 850 1821 877 ,

252 939 354 978 non
381 929 592 986 mente;
619 917 854 972 motione
873 953 892 983 ,
938 930 1040 967 non
1080 910 1430 966 consensione
1460 924 1474 960 :
1507 915 1560 961 et
1590 903 1709 959 ideo
1733 918 1822 956 ca-

254 1016 521 1085 ptivantem
548 1027 646 1078 me,
675 1009 794 1079 quia
816 1017 868 1061 et
897 1008 948 1060 in
976 1006 1086 1075 ipsa
1108 1019 1268 1057 carne
1294 1016 1399 1055 non
1428 1006 1510 1053 est
1534 997 1705 1050 aliena
1732 1009 1828 1085 na-

254 1084 364 1159 tura
388 1144 406 1170 ,
441 1102 535 1158 sed
584 1110 783 1156 nostra.
816 1098 962 1154 Sicut
987 1111 1115 1165 ergo
1151 1092 1398 1162 exposuit
1436 1090 1548 1160 ipse
1585 1085 1711 1157 quid
1740 1084 1825 1139 di-

251 1197 385 1249 xerit
404 1236 428 1260 τ
445 1194 564 1248 Scia
578 1193 708 1245 enim
729 1191 846 1259 quia
873 1205 973 1242 non
994 1186 1180 1240 habitat
1202 1185 1253 1237 in
1280 1196 1382 1246 me,
1402 1181 1494 1234 hoc
1514 1188 1584 1232 est
1604 1178 1656 1231 in
1679 1190 1829 1230 carne

252 1305 359 1341 mea
383 1329 398 1352 ,
427 1286 608 1340 bonum
633 1299 650 1338 :
680 1284 756 1338 sic
781 1282 891 1352 jam
914 1281 930 1311 ¹
959 1295 1023 1334 cx
1054 1277 1194 1332 illius
1223 1272 1551 1344 expositione
1582 1269 1719 1323 hunc
1746 1268 1828 1343 ιοτ

253 1396 370 1434 cum
409 1379 664 1433 debemus
709 1374 986 1443 accipere,
1015 1380 1264 1439 tanquam
1313 1365 1542 1428 dixerit,
1572 1362 1832 1432 captivan-

253 1485 350 1526 tem
377 1488 473 1534 me,
498 1470 600 1523 hoc
627 1477 746 1532 est,
769 1480 984 1521 carnem
1009 1477 1180 1518 meam
1201 1502 1215 1528 ,
1243 1459 1294 1513 in
1326 1458 1430 1529 lege
1459 1455 1686 1526 peccati,
1717 1465 1830 1522 qua

183 1606 186 1612 .
256 1575 326 1618 est
347 1563 398 1615 in
425 1560 655 1614 membris
679 1559 820 1612 meis.

326 1656 415 1708 21.
447 1651 648 1706 Deinde
683 1647 955 1718 subjungit
984 1651 1195 1714 propter
1216 1639 1355 1712 quod
1390 1638 1532 1692 dicta
1554 1641 1679 1689 sunt
1718 1647 1833 1687 om-

257 1749 344 1802 nia
375 1763 390 1800 :
421 1743 579 1797 Miser
597 1758 687 1812 ego
708 1740 876 1802 homo,
901 1737 1012 1802 quis
1042 1751 1119 1788 me
1145 1732 1369 1787 liberabit
1395 1730 1456 1782 de
1477 1742 1684 1797 corpore
1700 1740 1834 1776 mor-

259 1843 323 1892 tis
355 1835 542 1906 hujus?
567 1831 744 1888 Gratia
794 1829 885 1882 Dei
915 1845 1003 1899 per
1037 1824 1213 1879 Iesum
1262 1821 1518 1877 Christum
1561 1816 1833 1870 Dominunt

262 1942 504 1986 nostrum.
534 1928 706 1995 Atque
735 1921 856 1978 inde
884 1919 1184 1980 concludit,
1214 1915 1384 1987 Igitur
1419 1913 1526 1983 ipse
1555 1927 1645 1981 ego
1675 1915 1835 2009 mente

259 2023 416 2077 servio
465 2018 561 2089 legi
591 2016 719 2078 Dei,
747 2029 896 2068 carne
945 2021 1108 2066 autem
1156 2009 1252 2079 legi
1297 2003 1524 2076 peccati:
1548 2015 1709 2056 carne
1734 2003 1836 2100 sci:

262 2113 380 2168 licet
407 2110 511 2180 legi
547 2107 784 2180 peccati,
811 2099 1272 2172 concupiscendo;
1301 2105 1475 2151 mente
1525 2089 1835 2180 autemilegi

263 2203 355 2259 Dei
376 2243 390 2264 .
422 2179 596 2255 eidem
634 2192 1076 2266 concupiscentite
1103 2205 1206 2244 non
1238 2181 1638 2241 consentiendi).
1674 2179 1838 2233 Nulla

263 2311 377 2364 ergo
406 2289 752 2344 condemnatio
777 2296 848 2339 est
873 2299 1003 2338 nunc
1029 2282 1106 2335 his
1130 2280 1215 2350 qui
1243 2287 1357 2332 sunt
1391 2278 1441 2330 in
1473 2275 1669 2328 Christo
1687 2271 1834 2364 Iesu.

263 2363 378 2440 Non
415 2384 556 2438 enim
593 2380 903 2444 damnatur,
933 2375 1032 2429 nisi
1076 2373 1164 2443 qui
1195 2367 1637 2438 concupiscentiae
1663 2363 1838 2417 carnis

263 2474 524 2532 consentit
565 2471 632 2526 ad
661 2470 878 2524 malum.
904 2465 1011 2521 Lex
1039 2463 1170 2519 enim
1194 2462 1401 2531 spiritus
1427 2460 1538 2511 vita:
1564 2458 1614 2510 in
1645 2455 1839 2508 Christo

266 2568 386 2622 Iesu
409 2566 631 2619 liberavit
653 2572 704 2618 te
728 2580 759 2614 a
784 2562 890 2632 lege
914 2557 1104 2630 peccati
1131 2565 1180 2610 et
1218 2554 1390 2608 mortis
1419 2551 1594 2622 (Rom.
1622 2563 1722 2611 vn,
1749 2545 1842 2600 15-

269 2675 389 2724 vui,
417 2659 475 2727 '2)
499 2671 601 2712 :ne
627 2655 825 2710 scilicet
853 2648 1259 2705 consensionem
1291 2655 1431 2698 tuam
1459 2638 1841 2707 concupiscen-

267 2753 335 2805 tia
356 2751 455 2804 sibi
480 2747 710 2802 vindicet
735 2744 932 2799 carnis.
953 2742 1017 2796 Et
1038 2755 1099 2795 ea
1122 2753 1238 2808 qua:
1267 2743 1573 2806 sequuntur,
1594 2727 1840 2785 eumdem

267 2856 479 2898 sensum
509 2839 678 2908 magis
717 2835 987 2906 magisque
1022 2831 1390 2886 demonstrant
1421 2843 1436 2880 :
1463 2823 1558 2879 sed
1587 2821 1842 2877 adhiben-

264 2933 364 2987 dus
391 2941 472 2986 est
495 2929 702 2984 modus.

335 3024 425 3077 2‘2.
454 3023 640 3076 Visum
670 3029 846 3074 autem
871 3014 1154 3087 aliquando
1180 3012 1337 3068 etiam
1366 3009 1496 3064 mihi
1527 3004 1842 3072 fuerat,.ho-

270 3118 463 3171 minem
486 3115 586 3169 sub
612 3114 728 3182 lege
749 3154 764 3176 ,
798 3111 899 3164 isto
923 3107 1163 3178 Apostoli
1201 3117 1448 3158 sermone
1489 3098 1716 3188 describi
1743 3095 1841 3167 (a).

269 3207 372 3263 Sed
400 3207 503 3258 vim
549 3204 679 3258 mihi
707 3201 944 3255 fecerunt
993 3208 1171 3268 postea
1204 3197 1300 3250 ista
1327 3193 1484 3248 verba
1510 3232 1526 3256 ,
1555 3188 1696 3260 quod
1740 3188 1843 3254 ait,

272 3297 424 3352 Nunc
467 3305 634 3348 autem
667 3294 781 3363 jam
809 3308 907 3344 non
933 3305 1023 3359 ego
1049 3301 1229 3358 operor
1253 3285 1400 3339 illud.
1451 3281 1530 3335 Ad
1573 3279 1675 3333 hoc
1702 3276 1844 3332 enim

271 3389 500 3460 pertinet
525 3385 654 3440 illud
681 3382 922 3453 quodait
950 3390 1002 3435 et
1030 3389 1209 3450 postea
1229 3417 1246 3445 ,
1279 3375 1443 3430 Nulla
1487 3391 1604 3446 ergo
1660 3374 1844 3426 conde-

271 3481 458 3536 mnatio
476 3487 546 3533 est
577 3493 712 3530 nunc
731 3476 807 3528 his
823 3475 904 3544 qui
925 3482 1039 3527 sunt
1059 3472 1108 3524 in
1129 3469 1328 3526 Christo
1341 3467 1482 3523 Jcsa.
1506 3469 1570 3522 Et
1594 3467 1713 3537 quin
1742 3481 1845 3520 non

272 3572 427 3626 rideo
454 3567 721 3640 quomodo
764 3566 966 3619 diceret
1015 3565 1172 3616 homo
1212 3561 1309 3614 sub
1349 3560 1496 3629 lege,
1525 3557 1850 3612 Condelector

270 3666 366 3736 legi
401 3663 491 3716 Dei
527 3661 802 3716 secundant
828 3657 1111 3712 interiorem
1149 3654 1398 3708 hominem
1425 3667 1443 3708 :
1471 3666 1589 3706 cum
1619 3651 1728 3719 ipsa
1754 3649 1850 3703 dc-

272 3756 487 3811 lectatio
537 3752 696 3816 boni,
742 3765 846 3820 qua
890 3748 1047 3803 etiam
1090 3761 1198 3800 non
1227 3743 1493 3799 consentit
1517 3742 1582 3796 ad
1613 3741 1845 3804 malum,

274 3863 378 3900 non
411 3846 601 3898 timore
630 3857 798 3911 ptetizu
817 3881 830 3903 ,
859 3838 950 3893 sed
981 3835 1395 3904 anrorejustitim
1425 3831 1562 3905 (huc
1590 3839 1671 3885 est
1709 3831 1848 3885 cnim

277 3934 686 4002 condelectari),
713 3930 918 3984 nonnisi
943 3929 1124 3999 gratiae
1153 3923 1454 3994 deputanda
1480 3924 1566 3977 sit.

345 4026 567 4082 CAPUT
595 4023 757 4080 XI.—-
774 4019 1074 4076 23.1terum
1109 4019 1170 4072 de
1195 4017 1364 4072 eodem
1382 4025 1692 4087 argumento.
1717 4013 1848 4068 Nam

273 4132 328 4174 et
344 4120 429 4172 ubi
455 4119 549 4183 ait,
567 4117 693 4183 Quis
709 4131 786 4168 me
802 4113 1024 4166 liberabit
1046 4112 1107 4164 de
1121 4125 1328 4179 corpore
1346 4109 1516 4161 mortis
1533 4107 1702 4176 hujus;
1735 4111 1852 4174 quis

275 4219 430 4282 urget
473 4207 786 4278 Apestolum
834 4220 958 4259 cunt
987 4206 1100 4257 ιιωο
1128 4201 1360 4266 diceret,
1408 4199 1581 4254 adhuc
1610 4199 1769 4253 fuisse
1800 4199 1851 4250 in

275 4317 498 4371 corpore
543 4299 730 4352 mortis
759 4295 950 4366 hujus?
978 4296 1020 4348 A
1064 4309 1170 4363 quo
1195 4292 1373 4361 utique
1417 4289 1562 4357 impii
1593 4306 1695 4342 non
1723 4290 1852 4343 libe-

276 4404 493 4458 rantur,
523 4392 716 4461 quibus
761 4389 947 4444 eadem
989 4402 1212 4456 corpora
1242 4385 1307 4438 ad
1349 4393 1607 4438 tormenta
1654 4394 1850 4436 :ctcrna

275 4485 587 4537 redduntur.
622 4480 859 4535 Liberavi
887 4493 1014 4547 ergo
1041 4486 1122 4531 est
1145 4491 1175 4530 a
1211 4489 1437 4543 corpore
1467 4475 1653 4528 mortis
1674 4473 1849 4544 hujus,

275 4578 422 4630 omni
447 4583 633 4629 sanato
661 4574 911 4642 languore
955 4567 1396 4639 concupiscentia:
1421 4567 1625 4633 carnis,
1655 4582 1758 4620 non
1788 4568 1855 4621 ad

277 4683 488 4739 pinnam
520 4681 716 4736 corpus
761 4665 1020 4733 recipere.
1051 4662 1145 4716 sed
1184 4661 1264 4716 ad.
1287 4661 1530 4732 gloriam.
1571 4659 1704 4714 Huic
1741 4660 1858 4714 loco

275 4770 336 4814 et
373 4759 501 4814 illud
535 4758 666 4813 satis
692 4765 985 4811 consonat:
1014 4753 1183 4807 Etiam
1223 4769 1313 4806 nos
1356 4752 1456 4823 ipsi
1493 4753 1738 4821 primitias
1767 4753 1860 4804 ha-

278 4854 447 4907 bentes
482 4851 691 4921 spiritus
709 4857 792 4913 ,.et
833 4847 932 4917 ipsi
961 4847 1014 4900 in
1053 4845 1417 4915 nobismetipsis
1454 4844 1856 4914 iugemiscimus,

276 4943 603 5012 adoptionem
627 4948 964 5009 exspectantes
981 4977 997 5002 ,
1025 4935 1412 5006 redemptionem
1435 4935 1658 5003 corporis
1682 4936 1858 4988 nostri.

275 5036 542 5090 Nimirum
581 5034 722 5087 enim
750 5031 946 5102 gemitu
973 5030 1074 5084 isto
1108 5027 1536 5098 ingemiscinius,
1570 5027 1621 5080 in
1652 5042 1756 5096 quo
1783 5027 1864 5082 di-

275 5132 486 5192 cimus,
518 5125 674 5180 Miser
703 5141 792 5194 ego
837 5123 1016 5188 homo,
1045 5123 1155 5192 quis
1189 5137 1266 5174 me
1293 5119 1516 5173 liberabit
1555 5120 1617 5172 de
1653 5134 1864 5188 corpore

275 5220 459 5273 mortis
491 5216 683 5284 huius?
705 5213 843 5268 Illud.
870 5213 1028 5268 etiam
1069 5212 1157 5266 ubi
1183 5212 1289 5275 ait,
1319 5211 1465 5275 Quod
1494 5211 1623 5263 enim
1649 5227 1860 5278 operor,

273 5313 501 5381 ignoro;
525 5308 650 5378 quid
691 5317 772 5360 est
811 5305 948 5358 aliud
973 5319 1199 5373 ,quam,
1243 5302 1415 5368 Nolo,
1449 5319 1553 5356 non
1590 5304 1862 5370 approbo,

277 5417 392 5455 non
434 5399 709 5454 consentio
733 5438 746 5459 ,
779 5413 882 5450 non
929 5395 1104 5448 facio?
1143 5393 1390 5461 Alioquin
1419 5397 1751 5447 contrarium.
1785 5403 1866 5446 est

277 5498 316 5546 ιι
329 5495 371 5547 is
396 5535 411 5560 ,
445 5505 561 5561 qua:
583 5489 827 5558 superius
866 5487 1028 5552 dixit,
1061 5483 1160 5538 Per
1187 5486 1344 5555 legem
1385 5485 1600 5554 cognitio
1637 5483 1863 5554 peccati;

352 5645 371 5676 ⁸
405 5642 625 5692 Galliam
651 5650 777 5698 Mss,
802 5639 870 5691 sic
890 5638 1050 5690 etiam.

349 5707 425 5766 (τι)
462 5711 522 5752 tta
547 5708 700 5752 visum
741 5703 806 5750 illi
833 5704 988 5766 fuerat
1016 5703 1064 5749 in
1086 5698 1394 5766 Expositione
1412 5699 1721 5766 quarunuiarn
1758 5714 1868 5766 pro-

269 5762 578 5832 poSitionuni
605 5766 822 5832 ripistolte
845 5765 902 5812 ad
921 5764 1443 5832 liOIIIQlILtSZJIl'OpO‘SIU.
1472 5762 1529 5832 ti
1554 5772 1598 5832 et
1629 5763 1704 5832 iii,
1733 5772 1781 5832 et
1810 5765 1869 5832 in

271 5821 544 5890 Epistulam
567 5821 850 5890 adnotatas,
869 5839 972 5890 (τηε.
1000 5825 1045 5879 ὅ,
1073 5837 1118 5871 ιι.
1147 5821 1232 5884 47,
1267 5821 1319 5873 et
1341 5821 1462 5873 libro
1493 5825 1507 5872 ι
1537 5825 1594 5871 ad
1619 5825 1870 5885 simplicia-

274 5888 429 5952 nitui,
449 5897 618 5952 qtuest.
653 5892 692 5947 l,
719 5901 800 5934 nu.
825 5888 851 5932 7
879 5895 928 5934 ct
949 5888 996 5934 ὓ.

1588 424 1789 480 LIBER
1829 422 2102 478 PRIMUS.

3401 433 3504 486 563

1929 563 1981 609 et
1999 594 2016 620 ,
2046 553 2311 610 Peccatum
2333 575 2431 612 non
2445 566 2656 630 cognovi
2682 568 2781 615 nisi
2794 576 2881 631 per
2903 561 3094 630 legem;
3121 571 3170 616 et
3189 603 3202 625 ,
3236 559 3508 616 Peccatum

1929 654 1983 698 ut
2017 656 2262 716 appareat
2307 658 2596 717 peccatum,
2630 667 2718 720 per
2754 651 2934 705 bonum
2964 651 3090 704 mihi
3123 663 3387 722 aperatum
3431 666 3506 709 est

1928 745 2155 788 mortem.
2201 735 2479 804 Quomodo
2509 742 2648 795 enim
2695 751 2966 810 peccatum
2993 757 3087 812 per
3111 743 3280 811 legem
3309 759 3507 814 cognoo

1927 824 2003 878 vit
2021 864 2037 890 ,
2067 825 2207 895 quod
2241 827 2483 896 ignorat?
2509 830 2776 898 quomodo
2799 841 3020 902 apparet
3044 842 3335 901 peccatum,
3361 835 3505 905 quod

1929 913 2238 984 ignoratur?
2263 917 2351 972 Sic
2397 934 2524 988 ergo
2562 920 2757 975 dictum
2784 933 2866 976 est
2888 962 2902 986 ,
2932 922 3107 993 ignoro
3129 963 3147 990 ,
3185 922 3300 978 Non
3334 923 3507 992 facio,

1930 1007 2050 1076 quia
2089 1008 2233 1062 nulla
2279 1011 2630 1066 consensione
2665 1012 2717 1066 id
2759 1027 2858 1084 ego
2889 1015 3000 1083 ipse
3035 1017 3307 1070 committo
3335 1034 3349 1070 :
3377 1033 3510 1088 quo-

1930 1097 2089 1150 modo
2140 1097 2378 1154 dicturus
2411 1110 2494 1157 est
2541 1102 2794 1157 Dominus
2843 1104 3048 1173 impiis,
3099 1104 3218 1159 Non
3265 1109 3378 1160 novi
3421 1123 3508 1162 vos

1933 1185 2142 1260 (Matth.
2171 1204 2238 1242 γη
2261 1231 2276 1255 ,
2306 1189 2435 1262 25);
2476 1207 2632 1261 quem
2662 1195 2843 1262 procul
2883 1194 3042 1248 dubio
3065 1195 3230 1250 latere
3257 1196 3384 1249 nihil
3408 1213 3508 1266 po-

1933 1287 2038 1332 test
2067 1296 2080 1333 :
2111 1289 2164 1334 et
2207 1280 2343 1335 sicut
2370 1281 2570 1337 dictum
2598 1295 2680 1339 est
2703 1325 2718 1351 ,
2751 1283 2886 1338 Eum
2913 1286 2998 1356 qui
3030 1302 3131 1339 non
3159 1297 3362 1340 nouerat
3390 1304 3510 1357 pec¢

1932 1381 2099 1424 catum
2140 1378 2158 1441 ί
2184 1371 2225 1425 ll
2248 1371 2362 1426 Cor.
2393 1390 2420 1426 ν
2437 1415 2452 1438 ,
2476 1373 2536 1427 2|
2561 1373 2614 1446 );
2645 1375 2786 1446 quod
2808 1387 2922 1442 est,
2943 1375 3060 1432 Non
3082 1377 3279 1432 fecerat
3299 1394 3315 1434 :
3338 1394 3512 1449 neque

1932 1462 2076 1515 enim
2117 1478 2218 1514 non
2249 1476 2464 1518 noverat
2490 1465 2630 1534 quod
2657 1467 2930 1536 arguebat.

2004 1551 2094 1605 24.
2127 1552 2218 1606 llis
2238 1565 2395 1623 atque
2422 1555 2720 1625 hujusmodi
2759 1559 2809 1611 in
2854 1559 2953 1612 ista
2979 1558 3267 1628 Scriptura:
3293 1569 3512 1630 aposto-

1934 1639 2048 1695 lica:
2095 1641 2493 1700 circumstantia
2524 1647 2803 1716 diligenter
2835 1650 3219 1718 consideratis,
3247 1661 3393 1708 recte
3430 1654 3513 1707 in-

1937 1732 2191 1802 telligitur
2241 1736 2565 1804 Apostolus,
2596 1754 2699 1792 non
2740 1740 2951 1809 quidem
3003 1754 3061 1795 se
3089 1741 3262 1796 solum
3315 1743 3368 1796 in
3415 1757 3510 1797 sua

1938 1838 2162 1892 persona
2180 1864 2195 1888 ,
2223 1841 2406 1880 verum
2431 1827 2565 1881 alios
2593 1829 2750 1882 etiam
2772 1829 2874 1884 sub
2896 1832 3063 1900 gratia
3088 1832 3409 1886 constitutos
3434 1834 3514 1886 sio

1935 1914 2238 1983 gnilicasse,
2266 1917 2358 1970 sed
2391 1932 2572 1972 secum
2603 1919 2836 1974 nondum
2859 1921 2910 1974 in
2937 1921 3025 1976 illa
3052 1923 3367 1977 constitutus
3389 1937 3518 1992 pace

1937 2001 2190 2074 perfecta,
2212 2005 2261 2057 in
2283 2021 2382 2075 qua
2404 2008 2773 2062 absorbebitur
2793 2025 2936 2064 mors
2957 2011 3009 2064 in
3037 2011 3305 2066 victoriam
3325 2013 3368 2084 (ι
3390 2013 3512 2067 Cor.

1940 2109 2032 2160 xv,
2063 2094 2175 2164 54).
2209 2095 2281 2149 De
2311 2113 2411 2166 qua
2453 2109 2572 2166 post
2611 2099 2770 2165 dicit,
2797 2100 2856 2154 Si
2895 2111 3058 2154 autem
3092 2101 3319 2157 Christus
3348 2105 3400 2158 in
3431 2120 3520 2158 uo-

1941 2185 2033 2249 bis,
2061 2202 2242 2254 corpus
2268 2188 2470 2256 quidem
2488 2200 2734 2244 mortuum
2763 2201 2833 2246 est
2868 2204 3071 2263 propter
3100 2207 3387 2263 peccatum;
3409 2199 3519 2268 spi-

1941 2279 2066 2330 ritus
2091 2291 2253 2332 autem
2279 2282 2378 2334 rita
2417 2292 2486 2334 est
2514 2294 2716 2354 propter
2747 2287 3022 2354 justitiam.
3053 2287 3114 2341 Si
3154 2305 3270 2358 ergo
3297 2289 3521 2360 Spiritus

1944 2371 2051 2440 (jus
2089 2372 2176 2441 qui
2201 2373 2455 2426 suscitavit
2479 2371 2656 2427 Iesum
2693 2392 2756 2430 ex
2784 2378 3022 2443 mortuis,
3056 2379 3246 2432 habitat
3265 2381 3318 2432 in
3344 2380 3519 2447 vobis;

1942 2463 2026 2530 qui
2069 2464 2323 2517 suscitavit
2351 2465 2603 2519 Christum
2629 2465 2662 2521 J
2669 2485 2806 2522 esum
2833 2487 2865 2521 a
2907 2479 3115 2526 mortuis
3135 2512 3149 2535 ,
3179 2473 3447 2540 viviﬁcabit
3471 2484 3523 2529 et

1943 2555 2176 2608 mortalia
2200 2573 2410 2626 corpora
2449 2571 2606 2612 ucstra
2644 2576 2731 2628 per
2753 2561 3112 2616 inhabitantem
3140 2562 3395 2632 Spiritum
3409 2567 3545 2636 ejus.

1943 2645 1996 2697 in
2023 2645 2154 2698 vobis
2189 2646 2360 2717 (Rom.
2390 2663 2511 2714 vui,
2550 2650 2647 2715 10,
2681 2651 2792 2720 ll).
2830 2650 3115 2707 Viriticatis
3142 2653 3298 2722 igitur
3324 2667 3525 2709 morta-

1945 2733 2080 2788 libus
2109 2736 2421 2806 corporibus
2472 2740 2710 2807 nostris,
2736 2756 2852 2795 non-
2879 2742 3048 2798 solum
3087 2744 3153 2798 ad
3199 2747 3522 2814 peccandum

1945 2828 2228 2881 consensio
2265 2829 2408 2884 nulla
2433 2832 2558 2896 erit,
2590 2833 2684 2888 scd
2715 2849 2813 2889 nee
2854 2837 2964 2904 ipsa
2991 2837 3076 2892 cui
3113 2853 3219 2892 non
3251 2839 3266 2870 ⁸
3295 2855 3522 2894 consen-

1949 2919 2108 2973 tiatur
2133 2921 2308 2974 carnis
2342 2923 2764 2993 concupiscentia
2795 2928 3110 2982 remanebit.
3162 2928 3329 2996 Quam
3359 2933 3521 3000 spiri-

1949 3012 2020 3065 tui
2047 3013 2380 3069 resistentem
2409 3030 2512 3068 non
2535 3016 2731 3072 habere
2755 3017 2806 3071 in
2834 3033 2996 3073 carne
3015 3021 3224 3074 mortali
3245 3061 3260 3086 ,
3285 3021 3374 3076 ille
3404 3031 3524 3074 tan.

1947 3102 2222 3156 tummodo
2252 3102 2411 3158 homo
2437 3105 2643 3175 potuit,
2670 3106 2762 3175 qui
2806 3122 2912 3164 non
2953 3125 3046 3177 per
3071 3109 3236 3178 ipsam
3259 3111 3325 3164 ad
3351 3111 3525 3165 homi-

1950 3205 2045 3247 nes
2065 3193 2227 3247 venit.
2258 3193 2327 3248 Et
2356 3193 2475 3248 ideo
2500 3196 2959 3267 Apostolos,.quia
2987 3199 3232 3254 homines
3261 3212 3411 3256 erant
3430 3242 3444 3263 .
3469 3215 3526 3258 et

1948 3299 2140 3354 corpus
2166 3285 2306 3355 quod
2325 3288 2682 3357 corrumpitur
2715 3298 2768 3344 et
2788 3301 3036 3360 aggravat
3072 3293 3324 3359 animam,
3351 3293 3402 3347 in
3431 3295 3530 3349 hu-

1943 3373 2031 3446 jus
2057 3377 2174 3431 vita:
2196 3377 2514 3434 mortalitate
2539 3381 2849 3448 portabant,
2873 3383 3008 3437 absit
3043 3393 3100 3437 ut
3117 3383 3358 3440 dicamus
3375 3427 3389 3450 ,
3419 3388 3528 3442 sie-

1950 3479 2009 3523 ut
2055 3469 2154 3524 iste
2189 3470 2562 3539 calumniatur,
2590 3490 2610 3525 ‹
2641 3488 2854 3543 semper
2897 3475 3246 3531 immoderata
3310 3478 3529 3536 libidine

1952 3557 2112 3615 tuisse
2155 3562 2421 3629 pollutos:
2457 3581 2476 3615 ι
2503 3563 2595 3617 sed
2624 3563 2851 3620 dicimus
2886 3581 2915 3618 a
2959 3568 3312 3623 consensione
3337 3583 3528 3638 prava-

1952 3668 2068 3706 rum
2098 3653 2374 3712 libidinum
2405 3654 2630 3719 liberos,
2661 3656 2728 3712 de
2755 3659 3184 3728 concupiscentia
3211 3669 3388 3716 tamen
3413 3676 3534 3716 car-

1953 3744 2055 3809 nis,
2085 3761 2244 3816 quam
2276 3746 2603 3803 moderando
2626 3748 2936 3814 frenabant,
2971 3759 3115 3805 tanta
3155 3750 3456 3809 humilitate
3475 3763 3532 3808 et

1955 3837 2148 3906 pietate
2172 3840 2460 3908 gemuisse,
2487 3851 2544 3900 ut
2562 3850 2809 3910 optarent
2832 3857 2952 3898 eam
2973 3859 3080 3897 non
3105 3842 3304 3899 habere
3331 3845 3529 3915 potius,

1953 3943 2110 3998 quam
2135 3928 2375 3984 domare.

2023 4018 2249 4074 CAPUT
2280 4019 2394 4074 XII.
2412 4051 2482 4062 —
2506 4020 2596 4077 25.
2621 4021 2778 4077 Sexta
2801 4022 3075 4090 calumnia,
3098 4022 3209 4080 Nec
3233 4022 3534 4081 Christuma

1955 4111 2170 4180 peccatis
2217 4111 2426 4165 liberant
2471 4113 2644 4182 fuisse.
2702 4113 2932 4169 Proinde
2986 4117 3087 4170 iste
3142 4116 3286 4186 quod
3331 4118 3534 4173 addidit

1957 4215 2054 4254 nos
2095 4201 2294 4267 dicere,
2349 4219 2373 4252 ι
2401 4200 2670 4258 Christum
2715 4213 2770 4259 et
2810 4219 2840 4259 a
2887 4206 3119 4273 peccatis
3174 4207 3398 4262 liberum
3427 4225 3532 4263 non

1958 4291 2156 4356 fuisse,
2209 4291 2304 4346 sed
2354 4293 2532 4346 carnis
2577 4295 2898 4349 necessitate
2942 4297 3258 4361 mentitum,
3315 4308 3370 4353 et
3416 4299 3533 4354 aliis

1959 4385 2276 4436 maculatum
2306 4382 2467 4438 fuisse
2490 4383 2699 4439 delictis
2730 4402 2745 4438 :
2782 4404 2801 4438 ι
2837 4385 3028 4441 viderit
3075 4402 3105 4441 a
3135 4389 3326 4456 quibus
3353 4390 3536 4444 audie-

1960 4476 2060 4538 rit,
2094 4473 2172 4529 rel
2199 4474 2249 4527 in
2277 4489 2500 4544 quorum
2544 4477 2734 4531 litteris
2762 4476 2986 4547 legerit;
3014 4477 3393 4548 qiiodzquidem
3428 4480 3536 4534 lor-

1961 4574 2100 4618 Iasse
2122 4579 2226 4618 non
2255 4565 2533 4630 intellexit,
2560 4575 2615 4621 et
2653 4568 2706 4621 in
2741 4583 2930 4622 sensus
2957 4570 3313 4624 calumniosos
3335 4571 3536 4628 malitia

1961 4653 2177 4710 fallente
2205 4657 2484 4712 convertit.

2032 4746 2254 4802 CAPUT
2293 4747 2430 4801 XIII.
2459 4747 2638 4804 —-9.6.
2671 4749 2901 4819 Septima
2929 4751 3212 4817 calumnia,
3245 4750 3311 4807 In
3351 4752 3538 4825 Bapti-

1961 4856 2070 4892 snto
2097 4856 2195 4892 non
2216 4841 2399 4893 remitti
2424 4852 2628 4910 peccata
2656 4842 2849 4895 omnia.
2891 4859 2911 4894 ι
2948 4842 3137 4897 Dicunt
3165 4845 3347 4912 etiam,
3389 4866 3409 4899 ι
3461 4849 3542 4903 in-

1963 4930 2096 4999 quit,
2124 4949 2143 4982 ‹
2180 4930 2443 5000 Baptisma
2471 4946 2576 4985 non
2603 4930 2734 4987 dare
2759 4947 2974 4988 onmem
3003 4934 3387 5004 indulgentium
3421 4955 3546 5008 pec-

1962 5031 2223 5087 catorum,
2251 5037 2350 5076 nec
2369 5021 2580 5078 auferre
2604 5023 2846 5087 crimina,
2871 5025 2965 5080 sed
2993 5026 3202 5095 radere,
3226 5037 3285 5082 ut
3302 5031 3539 5086 omnium

1965 5127 2301 5184 peccatorum
2331 5115 2536 5170 radices
2579 5118 2630 5170 in
2659 5120 2796 5171 mala
2822 5134 2983 5174 carne
3024 5129 3323 5176 teneantur.
3358 5141 3378 5175 ι
3411 5125 3542 5190 Quis

1969 5205 2070 5260 hoc
2095 5205 2351 5260 adversus
2381 5207 2712 5277 Pelagianos,
2743 5211 2842 5265 nisi
2893 5212 3125 5267 inﬁdelis
3152 5214 3422 5270 afﬁrmet?
3447 5217 3541 5272 Di-

1967 5301 2136 5354 cimus
2185 5314 2313 5368 ergo
2363 5300 2637 5369 Baptisms
2682 5303 2811 5358 dare
2860 5305 3098 5360 omnium
3162 5307 3532 5376 indulgentiam

1968 5400 2332 5461 peccatorum,
2361 5401 2417 5446 et
2467 5393 2676 5448 auferre
2725 5397 2980 5463 crimina,
3036 5414 3140 5452 non
3188 5400 3402 5464 radere;
3445 5415 3545 5456 nec

1976 5498 1996 5532 ι
2027 5489 2085 5535 ut
2123 5481 2358 5535 omnium
2391 5493 2726 5552 peccatorum
2753 5487 2956 5542 radices
3010 5489 3060 5542 in
3107 5490 3240 5543 mal.»
3270 5503 3431 5546 carne
3471 5501 3547 5546 te-

1971 5583 2218 5635 neantur,
2251 5574 2406 5642 quasi
2445 5589 2684 5629 raeorum
2732 5577 2785 5630 in
2828 5579 2999 5646 capite
3028 5580 3361 5648 capillorum,
3409 5582 3548 5635 unde

1971 5677 2214 5718 crescant
2243 5667 2432 5720 iterum
2480 5666 2766 5720 resecando
2815 5677 3048 5736 peccata.
3085 5687 3106 5720 ι
3151 5669 3282 5723 Nam
3311 5681 3366 5724 et
3395 5672 3547 5726 istaut

1975 5755 2374 5808 similitudinem
2403 5760 2658 5826 comperi,
2689 5774 2798 5812 sua:
2825 5758 2943 5811 illos
2966 5759 3222 5815 adhibere
3248 5761 3548 5831 calumniis,

2041 5889 2058 5920 ¹
2094 5894 2190 5938 Huc
2207 5888 2484 5952 [aniculam
2510 5900 2770 5951 negantem
2807 5901 3089 5941 revocantis
3114 5907 3178 5943 ex
3201 5907 3552 5960 nianusmpus.
