  <div class='ocr_page' id='page_1' title='image "/cluster/home/n/w/nwhite01/storage/ocr_20150623/44/hvd.32044015706336/287.png"; bbox 0 0 4012 6478; ppageno 0'>
   <div class='ocr_carea' id='block_1_1' title="bbox 497 423 603 480">
    <p class='ocr_par' dir='ltr' id='par_1_1' title="bbox 497 423 603 480">
     <span class='ocr_line' id='line_1_1' title="bbox 497 423 603 480; baseline 0 0"><span class='ocrx_word' id='word_1_1' title='bbox 497 423 603 480; x_wconf 78' lang='lat'><strong>563</strong></span> 
     </span>
    </p>
   </div>
   <div class='ocr_carea' id='block_1_2' title="bbox 499 532 1789 607">
    <p class='ocr_par' dir='ltr' id='par_1_2' title="bbox 499 532 1789 607">
     <span class='ocr_line' id='line_1_2' title="bbox 499 532 1789 607; baseline -0.007 -13"><span class='ocrx_word' id='word_1_2' title='bbox 499 547 750 607; x_wconf 80' lang='lat' dir='ltr'><strong>tanquam</strong></span> <span class='ocrx_word' id='word_1_3' title='bbox 780 533 881 590; x_wconf 91' lang='lat' dir='ltr'><strong>hoc</strong></span> <span class='ocrx_word' id='word_1_4' title='bbox 901 549 998 590; x_wconf 89' lang='lat' dir='ltr'><strong>nos</strong></span> <span class='ocrx_word' id='word_1_5' title='bbox 1025 532 1320 589; x_wconf 73' lang='lat' dir='ltr'><strong>sentiamus</strong></span> <span class='ocrx_word' id='word_1_6' title='bbox 1345 543 1504 603; x_wconf 87' lang='lat' dir='ltr'><strong>atque</strong></span> <span class='ocrx_word' id='word_1_7' title='bbox 1532 533 1789 587; x_wconf 78' lang='lat' dir='ltr'><strong>dicamus.</strong></span> 
     </span>
    </p>
   </div>
   <div class='ocr_carea' id='block_1_3' title="bbox 568 623 2076 694">
    <p class='ocr_par' dir='ltr' id='par_1_3' title="bbox 568 623 2076 694">
     <span class='ocr_line' id='line_1_3' title="bbox 568 623 2076 694; baseline -0.003 -12"><span class='ocrx_word' id='word_1_8' title='bbox 568 628 661 682; x_wconf 74' lang='grc'><strong>27.</strong></span> <span class='ocrx_word' id='word_1_9' title='bbox 705 625 810 681; x_wconf 86' lang='lat' dir='ltr'><strong>Sed</strong></span> <span class='ocrx_word' id='word_1_10' title='bbox 855 624 924 680; x_wconf 91' lang='lat' dir='ltr'><strong>de</strong></span> <span class='ocrx_word' id='word_1_11' title='bbox 973 624 1071 680; x_wconf 91' lang='lat' dir='ltr'><strong>ista</strong></span> <span class='ocrx_word' id='word_1_12' title='bbox 1121 625 1547 694; x_wconf 75' lang='lat' dir='ltr'><strong>concupiscentia</strong></span> <span class='ocrx_word' id='word_1_13' title='bbox 1593 626 1768 678; x_wconf 89' lang='lat' dir='ltr'><strong>carnis</strong></span> <span class='ocrx_word' id='word_1_14' title='bbox 1824 623 1932 679; x_wconf 79' lang='lat' dir='ltr'><strong>falli</strong></span> <span class='ocrx_word' id='word_1_15' title='bbox 1981 638 2076 679; x_wconf 88' lang='lat' dir='ltr'><strong>eos</strong></span> 
     </span>
    </p>
   </div>
   <div class='ocr_carea' id='block_1_4' title="bbox 499 715 2076 787">
    <p class='ocr_par' dir='ltr' id='par_1_4' title="bbox 499 715 2076 787">
     <span class='ocr_line' id='line_1_4' title="bbox 499 715 2076 787; baseline -0.003 -13"><span class='ocrx_word' id='word_1_16' title='bbox 499 720 682 784; x_wconf 90' lang='lat' dir='ltr'><strong>credo,</strong></span> <span class='ocrx_word' id='word_1_17' title='bbox 705 717 787 771; x_wconf 91' lang='lat' dir='ltr'><strong>vel</strong></span> <span class='ocrx_word' id='word_1_18' title='bbox 815 715 1034 781; x_wconf 87' lang='lat' dir='ltr'><strong>fallere;</strong></span> <span class='ocrx_word' id='word_1_19' title='bbox 1063 731 1185 771; x_wconf 89' lang='lat' dir='ltr'><strong>eum</strong></span> <span class='ocrx_word' id='word_1_20' title='bbox 1212 731 1313 787; x_wconf 91' lang='lat' dir='ltr'><strong>qua</strong></span> <span class='ocrx_word' id='word_1_21' title='bbox 1342 731 1560 772; x_wconf 89' lang='lat' dir='ltr'><strong>necesse</strong></span> <span class='ocrx_word' id='word_1_22' title='bbox 1584 727 1666 771; x_wconf 91' lang='lat' dir='ltr'><strong>est</strong></span> <span class='ocrx_word' id='word_1_23' title='bbox 1706 727 1760 770; x_wconf 92' lang='lat' dir='ltr'><strong>nt</strong></span> <span class='ocrx_word' id='word_1_24' title='bbox 1785 718 1944 771; x_wconf 89' lang='lat' dir='ltr'><strong>etiam</strong></span> <span class='ocrx_word' id='word_1_25' title='bbox 1992 717 2076 770; x_wconf 55' lang='lat' dir='ltr'><strong>ba.</strong></span> 
     </span>
    </p>
   </div>
   <div class='ocr_carea' id='block_1_5' title="bbox 507 807 2076 878">
    <p class='ocr_par' dir='ltr' id='par_1_5' title="bbox 507 807 2076 878">
     <span class='ocr_line' id='line_1_5' title="bbox 507 807 2076 878; baseline -0.002 -14"><span class='ocrx_word' id='word_1_26' title='bbox 507 813 756 878; x_wconf 85' lang='lat' dir='ltr'><strong>ptizatus,</strong></span> <span class='ocrx_word' id='word_1_27' title='bbox 787 818 840 864; x_wconf 88' lang='lat' dir='ltr'><strong>et</strong></span> <span class='ocrx_word' id='word_1_28' title='bbox 887 807 986 864; x_wconf 90' lang='lat' dir='ltr'><strong>hoc</strong></span> <span class='ocrx_word' id='word_1_29' title='bbox 1011 813 1054 863; x_wconf 92' lang='lat' dir='ltr'><strong>si</strong></span> <span class='ocrx_word' id='word_1_30' title='bbox 1076 809 1478 878; x_wconf 74' lang='lat' dir='ltr'><strong>diligentissime</strong></span> <span class='ocrx_word' id='word_1_31' title='bbox 1505 809 1733 878; x_wconf 85' lang='lat' dir='ltr'><strong>proiicit,</strong></span> <span class='ocrx_word' id='word_1_32' title='bbox 1780 817 1835 862; x_wconf 88' lang='lat' dir='ltr'><strong>et</strong></span> <span class='ocrx_word' id='word_1_33' title='bbox 1877 809 2076 878; x_wconf 77' lang='lat' dir='ltr'><strong>Spiritu</strong></span> 
     </span>
    </p>
   </div>
   <div class='ocr_carea' id='block_1_6' title="bbox 500 897 2077 970">
    <p class='ocr_par' dir='ltr' id='par_1_6' title="bbox 500 897 2077 970">
     <span class='ocr_line' id='line_1_6' title="bbox 500 897 2077 970; baseline 0 -15"><span class='ocrx_word' id='word_1_34' title='bbox 500 897 594 955; x_wconf 84' lang='lat' dir='ltr'><strong>Dei</strong></span> <span class='ocrx_word' id='word_1_35' title='bbox 625 901 797 969; x_wconf 90' lang='lat' dir='ltr'><strong>agitur</strong></span> <span class='ocrx_word' id='word_1_36' title='bbox 826 899 1002 968; x_wconf 82' lang='lat' dir='ltr'><strong>(Rom.</strong></span> <span class='ocrx_word' id='word_1_37' title='bbox 1027 915 1140 964; x_wconf 85' lang='lat' dir='ltr'><strong>vnl,</strong></span> <span class='ocrx_word' id='word_1_38' title='bbox 1170 901 1282 970; x_wconf 74' lang='grc'><strong>14),</strong></span> <span class='ocrx_word' id='word_1_39' title='bbox 1315 901 1397 969; x_wconf 90' lang='lat' dir='ltr'><strong>pia</strong></span> <span class='ocrx_word' id='word_1_40' title='bbox 1451 911 1630 954; x_wconf 84' lang='lat' dir='ltr'><strong>mente</strong></span> <span class='ocrx_word' id='word_1_41' title='bbox 1674 901 1940 970; x_wconf 84' lang='lat' dir='ltr'><strong>conﬂigat.</strong></span> <span class='ocrx_word' id='word_1_42' title='bbox 1972 898 2077 955; x_wconf 87' lang='lat' dir='ltr'><strong>Sed</strong></span> 
     </span>
    </p>
   </div>
   <div class='ocr_carea' id='block_1_7' title="bbox 503 992 2080 1064">
    <p class='ocr_par' dir='ltr' id='par_1_7' title="bbox 503 992 2080 1064">
     <span class='ocr_line' id='line_1_7' title="bbox 503 992 2080 1064; baseline 0.003 -20"><span class='ocrx_word' id='word_1_43' title='bbox 503 994 618 1046; x_wconf 63' lang='lat' dir='ltr'><strong>huic</strong></span> <span class='ocrx_word' id='word_1_44' title='bbox 647 992 856 1046; x_wconf 90' lang='lat' dir='ltr'><strong>etiamsi</strong></span> <span class='ocrx_word' id='word_1_45' title='bbox 887 1001 1104 1046; x_wconf 81' lang='lat' dir='ltr'><strong>vocatur</strong></span> <span class='ocrx_word' id='word_1_46' title='bbox 1130 1003 1427 1061; x_wconf 90' lang='lat' dir='ltr'><strong>peccatum,</strong></span> <span class='ocrx_word' id='word_1_47' title='bbox 1463 1009 1568 1047; x_wconf 93' lang='lat' dir='ltr'><strong>non</strong></span> <span class='ocrx_word' id='word_1_48' title='bbox 1599 994 1778 1063; x_wconf 90' lang='lat' dir='ltr'><strong>utique</strong></span> <span class='ocrx_word' id='word_1_49' title='bbox 1805 994 1925 1064; x_wconf 89' lang='lat' dir='ltr'><strong>quia</strong></span> <span class='ocrx_word' id='word_1_50' title='bbox 1957 1008 2080 1064; x_wconf 85' lang='lat' dir='ltr'><strong>pec-</strong></span> 
     </span>
    </p>
   </div>
   <div class='ocr_carea' id='block_1_8' title="bbox 497 1084 2080 1154">
    <p class='ocr_par' dir='ltr' id='par_1_8' title="bbox 497 1084 2080 1154">
     <span class='ocr_line' id='line_1_8' title="bbox 497 1084 2080 1154; baseline 0.001 -16"><span class='ocrx_word' id='word_1_51' title='bbox 497 1093 673 1138; x_wconf 90' lang='lat' dir='ltr'><strong>catum</strong></span> <span class='ocrx_word' id='word_1_52' title='bbox 690 1093 793 1150; x_wconf 90' lang='lat' dir='ltr'><strong>est,</strong></span> <span class='ocrx_word' id='word_1_53' title='bbox 815 1085 908 1138; x_wconf 85' lang='lat' dir='ltr'><strong>sed</strong></span> <span class='ocrx_word' id='word_1_54' title='bbox 931 1084 1049 1154; x_wconf 88' lang='lat' dir='ltr'><strong>quia</strong></span> <span class='ocrx_word' id='word_1_55' title='bbox 1071 1094 1287 1153; x_wconf 88' lang='lat' dir='ltr'><strong>peccato</strong></span> <span class='ocrx_word' id='word_1_56' title='bbox 1313 1084 1446 1139; x_wconf 88' lang='lat' dir='ltr'><strong>facta</strong></span> <span class='ocrx_word' id='word_1_57' title='bbox 1463 1095 1564 1152; x_wconf 88' lang='lat' dir='ltr'><strong>est,</strong></span> <span class='ocrx_word' id='word_1_58' title='bbox 1583 1087 1658 1140; x_wconf 90' lang='lat' dir='ltr'><strong>sic</strong></span> <span class='ocrx_word' id='word_1_59' title='bbox 1679 1097 1898 1140; x_wconf 77' lang='lat' dir='ltr'><strong>vocatur</strong></span> <span class='ocrx_word' id='word_1_60' title='bbox 1915 1105 1926 1139; x_wconf 91' lang='lat'>:</span> <span class='ocrx_word' id='word_1_61' title='bbox 1943 1087 2080 1140; x_wconf 89' lang='lat' dir='ltr'><strong>sicut</strong></span> 
     </span>
    </p>
   </div>
   <div class='ocr_carea' id='block_1_9' title="bbox 500 1174 2078 1248">
    <p class='ocr_par' dir='ltr' id='par_1_9' title="bbox 500 1174 2078 1248">
     <span class='ocr_line' id='line_1_9' title="bbox 500 1174 2078 1248; baseline 0.004 -21"><span class='ocrx_word' id='word_1_62' title='bbox 500 1174 762 1243; x_wconf 88' lang='lat' dir='ltr'><strong>scriptura</strong></span> <span class='ocrx_word' id='word_1_63' title='bbox 777 1191 962 1229; x_wconf 86' lang='lat' dir='ltr'><strong>manus</strong></span> <span class='ocrx_word' id='word_1_64' title='bbox 984 1177 1242 1245; x_wconf 85' lang='lat' dir='ltr'><strong>cujusque</strong></span> <span class='ocrx_word' id='word_1_65' title='bbox 1256 1175 1470 1243; x_wconf 91' lang='lat' dir='ltr'><strong>dicitur,</strong></span> <span class='ocrx_word' id='word_1_66' title='bbox 1493 1178 1632 1248; x_wconf 90' lang='lat' dir='ltr'><strong>quod</strong></span> <span class='ocrx_word' id='word_1_67' title='bbox 1651 1194 1836 1232; x_wconf 87' lang='lat' dir='ltr'><strong>manus</strong></span> <span class='ocrx_word' id='word_1_68' title='bbox 1857 1193 1974 1234; x_wconf 89' lang='lat' dir='ltr'><strong>eam</strong></span> <span class='ocrx_word' id='word_1_69' title='bbox 1998 1177 2078 1233; x_wconf 89' lang='lat' dir='ltr'><strong>fe-</strong></span> 
     </span>
    </p>
   </div>
   <div class='ocr_carea' id='block_1_10' title="bbox 499 1263 2079 1336">
    <p class='ocr_par' dir='ltr' id='par_1_10' title="bbox 499 1263 2079 1336">
     <span class='ocr_line' id='line_1_10' title="bbox 499 1263 2079 1336; baseline 0.004 -19"><span class='ocrx_word' id='word_1_70' title='bbox 499 1266 651 1318; x_wconf 88' lang='lat' dir='ltr'><strong>cerit.</strong></span> <span class='ocrx_word' id='word_1_71' title='bbox 672 1263 894 1318; x_wconf 82' lang='lat' dir='ltr'><strong>Peccata</strong></span> <span class='ocrx_word' id='word_1_72' title='bbox 912 1275 1085 1320; x_wconf 91' lang='lat' dir='ltr'><strong>autem</strong></span> <span class='ocrx_word' id='word_1_73' title='bbox 1098 1276 1239 1328; x_wconf 86' lang='lat' dir='ltr'><strong>sunt,</strong></span> <span class='ocrx_word' id='word_1_74' title='bbox 1255 1283 1372 1336; x_wconf 69' lang='lat' dir='ltr'><strong>qua:</strong></span> <span class='ocrx_word' id='word_1_75' title='bbox 1386 1267 1673 1322; x_wconf 87' lang='lat' dir='ltr'><strong>secundum</strong></span> <span class='ocrx_word' id='word_1_76' title='bbox 1690 1269 1864 1323; x_wconf 88' lang='lat' dir='ltr'><strong>carnis</strong></span> <span class='ocrx_word' id='word_1_77' title='bbox 1880 1284 2079 1324; x_wconf 83' lang='lat' dir='ltr'><strong>concu-</strong></span> 
     </span>
    </p>
   </div>
   <div class='ocr_carea' id='block_1_11' title="bbox 502 1353 2078 1430">
    <p class='ocr_par' dir='ltr' id='par_1_11' title="bbox 502 1353 2078 1430">
     <span class='ocr_line' id='line_1_11' title="bbox 502 1353 2078 1430; baseline 0.004 -23"><span class='ocrx_word' id='word_1_78' title='bbox 502 1353 815 1422; x_wconf 88' lang='lat' dir='ltr'><strong>piscentiam</strong></span> <span class='ocrx_word' id='word_1_79' title='bbox 831 1355 913 1409; x_wconf 90' lang='lat' dir='ltr'><strong>vel</strong></span> <span class='ocrx_word' id='word_1_80' title='bbox 936 1356 1279 1426; x_wconf 78' lang='lat' dir='ltr'><strong>ignorantiam</strong></span> <span class='ocrx_word' id='word_1_81' title='bbox 1300 1357 1481 1413; x_wconf 91' lang='lat' dir='ltr'><strong>illicite</strong></span> <span class='ocrx_word' id='word_1_82' title='bbox 1505 1357 2078 1430; x_wconf 87' lang='lat' dir='ltr'><strong>ﬁunt,dicnntur,eogi-</strong></span> 
     </span>
    </p>
   </div>
   <div class='ocr_carea' id='block_1_12' title="bbox 504 1449 2081 1516">
    <p class='ocr_par' dir='ltr' id='par_1_12' title="bbox 504 1449 2081 1516">
     <span class='ocr_line' id='line_1_12' title="bbox 504 1449 2081 1516; baseline 0.004 -17"><span class='ocrx_word' id='word_1_83' title='bbox 504 1452 683 1499; x_wconf 86' lang='lat' dir='ltr'><strong>tantur</strong></span> <span class='ocrx_word' id='word_1_84' title='bbox 704 1462 720 1502; x_wconf 89' lang='lat'><strong>:</strong></span> <span class='ocrx_word' id='word_1_85' title='bbox 738 1462 855 1515; x_wconf 77' lang='lat' dir='ltr'><strong>qua:</strong></span> <span class='ocrx_word' id='word_1_86' title='bbox 870 1456 1130 1502; x_wconf 89' lang='lat' dir='ltr'><strong>transacta</strong></span> <span class='ocrx_word' id='word_1_87' title='bbox 1149 1449 1306 1502; x_wconf 91' lang='lat' dir='ltr'><strong>etiam</strong></span> <span class='ocrx_word' id='word_1_88' title='bbox 1325 1463 1444 1503; x_wconf 91' lang='lat' dir='ltr'><strong>reos</strong></span> <span class='ocrx_word' id='word_1_89' title='bbox 1474 1459 1676 1516; x_wconf 90' lang='lat' dir='ltr'><strong>tenent,</strong></span> <span class='ocrx_word' id='word_1_90' title='bbox 1702 1451 1744 1504; x_wconf 92' lang='lat' dir='ltr'><strong>si</strong></span> <span class='ocrx_word' id='word_1_91' title='bbox 1771 1467 1873 1505; x_wconf 92' lang='lat' dir='ltr'><strong>non</strong></span> <span class='ocrx_word' id='word_1_92' title='bbox 1899 1453 2081 1506; x_wconf 88' lang='lat' dir='ltr'><strong>remit-</strong></span> 
     </span>
    </p>
   </div>
   <div class='ocr_carea' id='block_1_13' title="bbox 506 1535 2081 1612">
    <p class='ocr_par' dir='ltr' id='par_1_13' title="bbox 506 1535 2081 1612">
     <span class='ocr_line' id='line_1_13' title="bbox 506 1535 2081 1612; baseline 0.006 -25"><span class='ocrx_word' id='word_1_93' title='bbox 506 1542 706 1588; x_wconf 87' lang='lat' dir='ltr'><strong>tantur.</strong></span> <span class='ocrx_word' id='word_1_94' title='bbox 735 1535 909 1589; x_wconf 86' lang='lat' dir='ltr'><strong>Etista</strong></span> <span class='ocrx_word' id='word_1_95' title='bbox 941 1537 1050 1606; x_wconf 88' lang='lat' dir='ltr'><strong>ipsa</strong></span> <span class='ocrx_word' id='word_1_96' title='bbox 1072 1538 1249 1592; x_wconf 89' lang='lat' dir='ltr'><strong>carnis</strong></span> <span class='ocrx_word' id='word_1_97' title='bbox 1277 1540 1704 1610; x_wconf 83' lang='lat' dir='ltr'><strong>concupiscentia</strong></span> <span class='ocrx_word' id='word_1_98' title='bbox 1728 1541 1778 1595; x_wconf 92' lang='lat' dir='ltr'><strong>in</strong></span> <span class='ocrx_word' id='word_1_99' title='bbox 1809 1541 2081 1612; x_wconf 83' lang='lat' dir='ltr'><strong>Baptismo</strong></span> 
     </span>
    </p>
   </div>
   <div class='ocr_carea' id='block_1_14' title="bbox 412 1623 2079 1698">
    <p class='ocr_par' dir='ltr' id='par_1_14' title="bbox 412 1623 2079 1698">
     <span class='ocr_line' id='line_1_14' title="bbox 412 1623 2079 1698; baseline 0.008 -23"><span class='ocrx_word' id='word_1_100' title='bbox 412 1689 416 1692; x_wconf 27' lang='lat'><strong>,</strong></span> <span class='ocrx_word' id='word_1_101' title='bbox 503 1623 582 1677; x_wconf 85' lang='lat' dir='ltr'><strong>sic</strong></span> <span class='ocrx_word' id='word_1_102' title='bbox 597 1624 898 1689; x_wconf 88' lang='lat' dir='ltr'><strong>dimittitur,</strong></span> <span class='ocrx_word' id='word_1_103' title='bbox 926 1636 982 1680; x_wconf 91' lang='lat' dir='ltr'><strong>ut</strong></span> <span class='ocrx_word' id='word_1_104' title='bbox 1007 1631 1246 1694; x_wconf 80' lang='lat' dir='ltr'><strong>quamvis</strong></span> <span class='ocrx_word' id='word_1_105' title='bbox 1270 1637 1432 1684; x_wconf 88' lang='lat' dir='ltr'><strong>tracta</strong></span> <span class='ocrx_word' id='word_1_106' title='bbox 1459 1631 1527 1684; x_wconf 88' lang='lat' dir='ltr'><strong>sit</strong></span> <span class='ocrx_word' id='word_1_107' title='bbox 1553 1646 1580 1684; x_wconf 88' lang='lat' dir='ltr'><strong>a</strong></span> <span class='ocrx_word' id='word_1_108' title='bbox 1612 1633 1971 1698; x_wconf 84' lang='lat' dir='ltr'><strong>nascentibus,</strong></span> <span class='ocrx_word' id='word_1_109' title='bbox 1996 1635 2079 1688; x_wconf 85' lang='lat' dir='ltr'><strong>ni-</strong></span> 
     </span>
    </p>
   </div>
   <div class='ocr_carea' id='block_1_15' title="bbox 507 1711 2081 1790">
    <p class='ocr_par' dir='ltr' id='par_1_15' title="bbox 507 1711 2081 1790">
     <span class='ocr_line' id='line_1_15' title="bbox 507 1711 2081 1790; baseline 0.008 -24"><span class='ocrx_word' id='word_1_110' title='bbox 507 1711 585 1766; x_wconf 85' lang='lat' dir='ltr'><strong>hil</strong></span> <span class='ocrx_word' id='word_1_111' title='bbox 634 1723 825 1769; x_wconf 88' lang='lat' dir='ltr'><strong>noceat</strong></span> <span class='ocrx_word' id='word_1_112' title='bbox 868 1718 1286 1774; x_wconf 83' lang='lat' dir='ltr'><strong>renascentibus.</strong></span> <span class='ocrx_word' id='word_1_113' title='bbox 1315 1719 1392 1773; x_wconf 84' lang='lat' dir='ltr'><strong>Ex</strong></span> <span class='ocrx_word' id='word_1_114' title='bbox 1422 1721 1612 1790; x_wconf 86' lang='lat' dir='ltr'><strong>quibus</strong></span> <span class='ocrx_word' id='word_1_115' title='bbox 1641 1731 1839 1789; x_wconf 84' lang='lat' dir='ltr'><strong>tamen,</strong></span> <span class='ocrx_word' id='word_1_116' title='bbox 1867 1725 1910 1776; x_wconf 92' lang='lat' dir='ltr'><strong>si</strong></span> <span class='ocrx_word' id='word_1_117' title='bbox 1944 1725 2081 1780; x_wconf 85' lang='lat' dir='ltr'><strong>ﬁlios</strong></span> 
     </span>
    </p>
   </div>
   <div class='ocr_carea' id='block_1_16' title="bbox 504 1804 2082 1885">
    <p class='ocr_par' dir='ltr' id='par_1_16' title="bbox 504 1804 2082 1885">
     <span class='ocr_line' id='line_1_16' title="bbox 504 1804 2082 1885; baseline 0.011 -29"><span class='ocrx_word' id='word_1_118' title='bbox 504 1804 791 1860; x_wconf 86' lang='lat' dir='ltr'><strong>carnaliter</strong></span> <span class='ocrx_word' id='word_1_119' title='bbox 809 1806 1046 1875; x_wconf 82' lang='lat' dir='ltr'><strong>gignunt,</strong></span> <span class='ocrx_word' id='word_1_120' title='bbox 1078 1825 1262 1864; x_wconf 88' lang='lat' dir='ltr'><strong>rursus</strong></span> <span class='ocrx_word' id='word_1_121' title='bbox 1285 1811 1540 1878; x_wconf 85' lang='lat' dir='ltr'><strong>trahitur;</strong></span> <span class='ocrx_word' id='word_1_122' title='bbox 1569 1830 1856 1885; x_wconf 90' lang='lat' dir='ltr'><strong>rursusque</strong></span> <span class='ocrx_word' id='word_1_123' title='bbox 1885 1826 1967 1872; x_wconf 87' lang='lat' dir='ltr'><strong>est</strong></span> <span class='ocrx_word' id='word_1_124' title='bbox 1988 1833 2082 1872; x_wconf 92' lang='lat' dir='ltr'><strong>no-</strong></span> 
     </span>
    </p>
   </div>
   <div class='ocr_carea' id='block_1_17' title="bbox 507 1894 2079 1966">
    <p class='ocr_par' dir='ltr' id='par_1_17' title="bbox 507 1894 2079 1966">
     <span class='ocr_line' id='line_1_17' title="bbox 507 1894 2079 1966; baseline 0.011 -18"><span class='ocrx_word' id='word_1_125' title='bbox 507 1894 676 1950; x_wconf 87' lang='lat' dir='ltr'><strong>citura</strong></span> <span class='ocrx_word' id='word_1_126' title='bbox 703 1900 1060 1966; x_wconf 90' lang='lat' dir='ltr'><strong>nascentibus,</strong></span> <span class='ocrx_word' id='word_1_127' title='bbox 1080 1901 1178 1955; x_wconf 88' lang='lat' dir='ltr'><strong>nisi</strong></span> <span class='ocrx_word' id='word_1_128' title='bbox 1195 1902 1377 1957; x_wconf 90' lang='lat' dir='ltr'><strong>eadem</strong></span> <span class='ocrx_word' id='word_1_129' title='bbox 1399 1903 1562 1959; x_wconf 88' lang='lat' dir='ltr'><strong>forma</strong></span> <span class='ocrx_word' id='word_1_130' title='bbox 1579 1909 1973 1963; x_wconf 86' lang='lat' dir='ltr'><strong>renascentibus</strong></span> <span class='ocrx_word' id='word_1_131' title='bbox 1997 1926 2079 1966; x_wconf 83' lang='lat' dir='ltr'><strong>re-</strong></span> 
     </span>
    </p>
   </div>
   <div class='ocr_carea' id='block_1_18' title="bbox 513 1986 2083 2071">
    <p class='ocr_par' dir='ltr' id='par_1_18' title="bbox 513 1986 2083 2071">
     <span class='ocr_line' id='line_1_18' title="bbox 513 1986 2083 2071; baseline 0.011 -32"><span class='ocrx_word' id='word_1_132' title='bbox 513 1986 774 2052; x_wconf 89' lang='lat' dir='ltr'><strong>mittatur,</strong></span> <span class='ocrx_word' id='word_1_133' title='bbox 807 1997 861 2044; x_wconf 90' lang='lat' dir='ltr'><strong>et</strong></span> <span class='ocrx_word' id='word_1_134' title='bbox 898 1989 1170 2046; x_wconf 90' lang='lat' dir='ltr'><strong>insitnihil</strong></span> <span class='ocrx_word' id='word_1_135' title='bbox 1199 1993 1439 2049; x_wconf 81' lang='lat' dir='ltr'><strong>obfutura</strong></span> <span class='ocrx_word' id='word_1_136' title='bbox 1466 1996 1589 2052; x_wconf 75' lang='lat' dir='ltr'><strong>vitm</strong></span> <span class='ocrx_word' id='word_1_137' title='bbox 1606 1997 1814 2064; x_wconf 61' lang='lat' dir='ltr'><strong>futura),</strong></span> <span class='ocrx_word' id='word_1_138' title='bbox 1833 2003 2083 2071; x_wconf 89' lang='lat' dir='ltr'><strong>quoniam</strong></span> 
     </span>
    </p>
   </div>
   <div class='ocr_carea' id='block_1_19' title="bbox 508 2079 2086 2160">
    <p class='ocr_par' dir='ltr' id='par_1_19' title="bbox 508 2079 2086 2160">
     <span class='ocr_line' id='line_1_19' title="bbox 508 2079 2086 2160; baseline 0.01 -28"><span class='ocrx_word' id='word_1_139' title='bbox 508 2086 692 2133; x_wconf 88' lang='lat' dir='ltr'><strong>reatus</strong></span> <span class='ocrx_word' id='word_1_140' title='bbox 740 2079 855 2150; x_wconf 86' lang='lat' dir='ltr'><strong>ejus</strong></span> <span class='ocrx_word' id='word_1_141' title='bbox 901 2085 1244 2151; x_wconf 74' lang='lat' dir='ltr'><strong>generatione</strong></span> <span class='ocrx_word' id='word_1_142' title='bbox 1292 2093 1513 2154; x_wconf 87' lang='lat' dir='ltr'><strong>tractus,</strong></span> <span class='ocrx_word' id='word_1_143' title='bbox 1559 2094 1960 2160; x_wconf 84' lang='lat' dir='ltr'><strong>regeneratione</strong></span> <span class='ocrx_word' id='word_1_144' title='bbox 2005 2093 2086 2148; x_wconf 84' lang='lat' dir='ltr'><strong>di-</strong></span> 
     </span>
    </p>
   </div>
   <div class='ocr_carea' id='block_1_20' title="bbox 508 2171 2085 2251">
    <p class='ocr_par' dir='ltr' id='par_1_20' title="bbox 508 2171 2085 2251">
     <span class='ocr_line' id='line_1_20' title="bbox 508 2171 2085 2251; baseline 0.011 -28"><span class='ocrx_word' id='word_1_145' title='bbox 508 2171 706 2226; x_wconf 88' lang='lat' dir='ltr'><strong>missus</strong></span> <span class='ocrx_word' id='word_1_146' title='bbox 745 2181 867 2227; x_wconf 91' lang='lat' dir='ltr'><strong>est:</strong></span> <span class='ocrx_word' id='word_1_147' title='bbox 897 2185 950 2231; x_wconf 91' lang='lat' dir='ltr'><strong>et</strong></span> <span class='ocrx_word' id='word_1_148' title='bbox 977 2175 1096 2230; x_wconf 88' lang='lat' dir='ltr'><strong>ideo</strong></span> <span class='ocrx_word' id='word_1_149' title='bbox 1136 2177 1245 2246; x_wconf 91' lang='lat' dir='ltr'><strong>jam</strong></span> <span class='ocrx_word' id='word_1_150' title='bbox 1284 2195 1387 2233; x_wconf 88' lang='lat' dir='ltr'><strong>non</strong></span> <span class='ocrx_word' id='word_1_151' title='bbox 1419 2181 1488 2235; x_wconf 85' lang='lat' dir='ltr'><strong>sit</strong></span> <span class='ocrx_word' id='word_1_152' title='bbox 1532 2192 1830 2251; x_wconf 88' lang='lat' dir='ltr'><strong>peccatum,</strong></span> <span class='ocrx_word' id='word_1_153' title='bbox 1861 2185 1954 2240; x_wconf 92' lang='lat' dir='ltr'><strong>sed</strong></span> <span class='ocrx_word' id='word_1_154' title='bbox 1984 2186 2085 2240; x_wconf 92' lang='lat' dir='ltr'><strong>hoc</strong></span> 
     </span>
    </p>
   </div>
   <div class='ocr_carea' id='block_1_21' title="bbox 505 2264 2087 2347">
    <p class='ocr_par' dir='ltr' id='par_1_21' title="bbox 505 2264 2087 2347">
     <span class='ocr_line' id='line_1_21' title="bbox 505 2264 2087 2347; baseline 0.011 -33"><span class='ocrx_word' id='word_1_155' title='bbox 505 2271 744 2328; x_wconf 78' lang='lat' dir='ltr'><strong>vocetur,</strong></span> <span class='ocrx_word' id='word_1_156' title='bbox 771 2264 882 2318; x_wconf 89' lang='lat' dir='ltr'><strong>sive</strong></span> <span class='ocrx_word' id='word_1_157' title='bbox 909 2267 1050 2335; x_wconf 90' lang='lat' dir='ltr'><strong>quod</strong></span> <span class='ocrx_word' id='word_1_158' title='bbox 1080 2279 1295 2337; x_wconf 88' lang='lat' dir='ltr'><strong>peccato</strong></span> <span class='ocrx_word' id='word_1_159' title='bbox 1339 2269 1473 2326; x_wconf 87' lang='lat' dir='ltr'><strong>facta</strong></span> <span class='ocrx_word' id='word_1_160' title='bbox 1513 2272 1604 2339; x_wconf 89' lang='lat' dir='ltr'><strong>sit,</strong></span> <span class='ocrx_word' id='word_1_161' title='bbox 1654 2275 1766 2330; x_wconf 83' lang='lat' dir='ltr'><strong>sive</strong></span> <span class='ocrx_word' id='word_1_162' title='bbox 1797 2277 1935 2346; x_wconf 92' lang='lat' dir='ltr'><strong>quod</strong></span> <span class='ocrx_word' id='word_1_163' title='bbox 1964 2293 2087 2347; x_wconf 84' lang='lat' dir='ltr'><strong>pec-</strong></span> 
     </span>
    </p>
   </div>
   <div class='ocr_carea' id='block_1_22' title="bbox 505 2353 2087 2428">
    <p class='ocr_par' dir='ltr' id='par_1_22' title="bbox 505 2353 2087 2428">
     <span class='ocr_line' id='line_1_22' title="bbox 505 2353 2087 2428; baseline 0.011 -21"><span class='ocrx_word' id='word_1_164' title='bbox 505 2353 662 2407; x_wconf 85' lang='lat' dir='ltr'><strong>candi</strong></span> <span class='ocrx_word' id='word_1_165' title='bbox 691 2353 1042 2413; x_wconf 85' lang='lat' dir='ltr'><strong>delectatione</strong></span> <span class='ocrx_word' id='word_1_166' title='bbox 1086 2369 1380 2428; x_wconf 86' lang='lat' dir='ltr'><strong>moveatur,</strong></span> <span class='ocrx_word' id='word_1_167' title='bbox 1412 2364 1510 2418; x_wconf 89' lang='lat' dir='ltr'><strong>etsi</strong></span> <span class='ocrx_word' id='word_1_168' title='bbox 1566 2365 1614 2420; x_wconf 92' lang='lat' dir='ltr'><strong>ei</strong></span> <span class='ocrx_word' id='word_1_169' title='bbox 1666 2367 1914 2422; x_wconf 91' lang='lat' dir='ltr'><strong>vincente</strong></span> <span class='ocrx_word' id='word_1_170' title='bbox 1940 2369 2087 2423; x_wconf 88' lang='lat' dir='ltr'><strong>dele-</strong></span> 
     </span>
    </p>
   </div>
   <div class='ocr_carea' id='block_1_23' title="bbox 507 2449 2081 2531">
    <p class='ocr_par' dir='ltr' id='par_1_23' title="bbox 507 2449 2081 2531">
     <span class='ocr_line' id='line_1_23' title="bbox 507 2449 2081 2531; baseline 0.009 -29"><span class='ocrx_word' id='word_1_171' title='bbox 507 2449 740 2503; x_wconf 86' lang='lat' dir='ltr'><strong>ctatione</strong></span> <span class='ocrx_word' id='word_1_172' title='bbox 761 2449 1093 2526; x_wconf 65' lang='lat' dir='ltr'><strong>justiiiaznon</strong></span> <span class='ocrx_word' id='word_1_173' title='bbox 1115 2457 1495 2511; x_wconf 86' lang='lat' dir='ltr'><strong>consentiatur.</strong></span> <span class='ocrx_word' id='word_1_174' title='bbox 1519 2457 1628 2513; x_wconf 83' lang='lat' dir='ltr'><strong>Nec</strong></span> <span class='ocrx_word' id='word_1_175' title='bbox 1659 2469 1876 2530; x_wconf 87' lang='lat' dir='ltr'><strong>propter</strong></span> <span class='ocrx_word' id='word_1_176' title='bbox 1893 2463 2081 2531; x_wconf 82' lang='lat' dir='ltr'><strong>ipsam,</strong></span> 
     </span>
    </p>
   </div>
   <div class='ocr_carea' id='block_1_24' title="bbox 513 2537 2087 2621">
    <p class='ocr_par' dir='ltr' id='par_1_24' title="bbox 513 2537 2087 2621">
     <span class='ocr_line' id='line_1_24' title="bbox 513 2537 2087 2621; baseline 0.01 -29"><span class='ocrx_word' id='word_1_177' title='bbox 513 2537 668 2606; x_wconf 89' lang='lat' dir='ltr'><strong>eujus</strong></span> <span class='ocrx_word' id='word_1_178' title='bbox 693 2539 800 2606; x_wconf 90' lang='lat' dir='ltr'><strong>jam</strong></span> <span class='ocrx_word' id='word_1_179' title='bbox 844 2550 1025 2596; x_wconf 86' lang='lat' dir='ltr'><strong>reatus</strong></span> <span class='ocrx_word' id='word_1_180' title='bbox 1064 2543 1278 2599; x_wconf 84' lang='lat' dir='ltr'><strong>lavacro</strong></span> <span class='ocrx_word' id='word_1_181' title='bbox 1329 2549 1745 2617; x_wconf 78' lang='lat' dir='ltr'><strong>regenerationis</strong></span> <span class='ocrx_word' id='word_1_182' title='bbox 1775 2551 2087 2621; x_wconf 89' lang='lat' dir='ltr'><strong>absumptus</strong></span> 
     </span>
    </p>
   </div>
   <div class='ocr_carea' id='block_1_25' title="bbox 507 2627 2087 2706">
    <p class='ocr_par' dir='ltr' id='par_1_25' title="bbox 507 2627 2087 2706">
     <span class='ocr_line' id='line_1_25' title="bbox 507 2627 2087 2706; baseline 0.01 -25"><span class='ocrx_word' id='word_1_183' title='bbox 507 2636 611 2692; x_wconf 90' lang='lat' dir='ltr'><strong>est,</strong></span> <span class='ocrx_word' id='word_1_184' title='bbox 635 2627 819 2684; x_wconf 87' lang='lat' dir='ltr'><strong>dicunt</strong></span> <span class='ocrx_word' id='word_1_185' title='bbox 867 2631 921 2686; x_wconf 92' lang='lat' dir='ltr'><strong>in</strong></span> <span class='ocrx_word' id='word_1_186' title='bbox 951 2634 1193 2689; x_wconf 89' lang='lat' dir='ltr'><strong>oratione</strong></span> <span class='ocrx_word' id='word_1_187' title='bbox 1223 2636 1492 2706; x_wconf 87' lang='lat' dir='ltr'><strong>baptizati,</strong></span> <span class='ocrx_word' id='word_1_188' title='bbox 1524 2639 1731 2695; x_wconf 79' lang='lat' dir='ltr'><strong>Dimitte</strong></span> <span class='ocrx_word' id='word_1_189' title='bbox 1756 2642 1896 2696; x_wconf 88' lang='lat' dir='ltr'><strong>nobis</strong></span> <span class='ocrx_word' id='word_1_190' title='bbox 1920 2642 2087 2697; x_wconf 86' lang='lat' dir='ltr'><strong>debita</strong></span> 
     </span>
    </p>
   </div>
   <div class='ocr_carea' id='block_1_26' title="bbox 510 2723 2087 2790">
    <p class='ocr_par' dir='ltr' id='par_1_26' title="bbox 510 2723 2087 2790">
     <span class='ocr_line' id='line_1_26' title="bbox 510 2723 2087 2790; baseline 0.012 -19"><span class='ocrx_word' id='word_1_191' title='bbox 510 2729 705 2784; x_wconf 78' lang='lat' dir='ltr'><strong>nostra,</strong></span> <span class='ocrx_word' id='word_1_192' title='bbox 733 2723 863 2776; x_wconf 91' lang='lat' dir='ltr'><strong>sicut</strong></span> <span class='ocrx_word' id='word_1_193' title='bbox 897 2734 942 2778; x_wconf 91' lang='lat' dir='ltr'><strong>et</strong></span> <span class='ocrx_word' id='word_1_194' title='bbox 970 2741 1061 2780; x_wconf 83' lang='lat' dir='ltr'><strong>nos</strong></span> <span class='ocrx_word' id='word_1_195' title='bbox 1090 2727 1384 2784; x_wconf 76' lang='lat' dir='ltr'><strong>dimittimus</strong></span> <span class='ocrx_word' id='word_1_196' title='bbox 1409 2730 1713 2787; x_wconf 78' lang='lat' dir='ltr'><strong>debitoribus</strong></span> <span class='ocrx_word' id='word_1_197' title='bbox 1739 2735 1922 2788; x_wconf 82' lang='lat' dir='ltr'><strong>nostris</strong></span> <span class='ocrx_word' id='word_1_198' title='bbox 1949 2751 1968 2789; x_wconf 91' lang='lat'><strong><em>:</em></strong></span> <span class='ocrx_word' id='word_1_199' title='bbox 1993 2734 2087 2790; x_wconf 87' lang='lat' dir='ltr'><strong>sed</strong></span> 
     </span>
    </p>
   </div>
   <div class='ocr_carea' id='block_1_27' title="bbox 508 2815 2088 2890">
    <p class='ocr_par' dir='ltr' id='par_1_27' title="bbox 508 2815 2088 2890">
     <span class='ocr_line' id='line_1_27' title="bbox 508 2815 2088 2890; baseline 0.009 -27"><span class='ocrx_word' id='word_1_200' title='bbox 508 2820 726 2880; x_wconf 84' lang='lat' dir='ltr'><strong>propter</strong></span> <span class='ocrx_word' id='word_1_201' title='bbox 756 2823 970 2881; x_wconf 88' lang='lat' dir='ltr'><strong>peccata</strong></span> <span class='ocrx_word' id='word_1_202' title='bbox 997 2830 1119 2884; x_wconf 57' lang='lat' dir='ltr'><strong>quas</strong></span> <span class='ocrx_word' id='word_1_203' title='bbox 1143 2815 1293 2880; x_wconf 92' lang='lat' dir='ltr'><strong>ﬁunt,</strong></span> <span class='ocrx_word' id='word_1_204' title='bbox 1327 2819 1440 2874; x_wconf 84' lang='lat' dir='ltr'><strong>sive</strong></span> <span class='ocrx_word' id='word_1_205' title='bbox 1476 2821 1527 2873; x_wconf 92' lang='lat' dir='ltr'><strong>in</strong></span> <span class='ocrx_word' id='word_1_206' title='bbox 1577 2821 1693 2890; x_wconf 89' lang='lat' dir='ltr'><strong>ejus</strong></span> <span class='ocrx_word' id='word_1_207' title='bbox 1723 2823 2088 2878; x_wconf 85' lang='lat' dir='ltr'><strong>consensioni-</strong></span> 
     </span>
    </p>
   </div>
   <div class='ocr_carea' id='block_1_28' title="bbox 507 2901 2088 2983">
    <p class='ocr_par' dir='ltr' id='par_1_28' title="bbox 507 2901 2088 2983">
     <span class='ocr_line' id='line_1_28' title="bbox 507 2901 2088 2983; baseline 0.009 -27"><span class='ocrx_word' id='word_1_208' title='bbox 507 2901 630 2966; x_wconf 87' lang='lat' dir='ltr'><strong>bus,</strong></span> <span class='ocrx_word' id='word_1_209' title='bbox 657 2917 778 2957; x_wconf 91' lang='lat' dir='ltr'><strong>cum</strong></span> <span class='ocrx_word' id='word_1_210' title='bbox 806 2904 962 2959; x_wconf 86' lang='lat' dir='ltr'><strong>abeo</strong></span> <span class='ocrx_word' id='word_1_211' title='bbox 991 2906 1128 2974; x_wconf 92' lang='lat' dir='ltr'><strong>quod</strong></span> <span class='ocrx_word' id='word_1_212' title='bbox 1155 2908 1284 2962; x_wconf 90' lang='lat' dir='ltr'><strong>libet</strong></span> <span class='ocrx_word' id='word_1_213' title='bbox 1319 2910 1550 2965; x_wconf 81' lang='lat' dir='ltr'><strong>vincitur</strong></span> <span class='ocrx_word' id='word_1_214' title='bbox 1575 2913 1720 2982; x_wconf 91' lang='lat' dir='ltr'><strong>quod</strong></span> <span class='ocrx_word' id='word_1_215' title='bbox 1754 2914 1946 2983; x_wconf 85' lang='lat' dir='ltr'><strong>placet.</strong></span> <span class='ocrx_word' id='word_1_216' title='bbox 1974 2915 2088 2972; x_wconf 85' lang='lat' dir='ltr'><strong>sive</strong></span> 
     </span>
    </p>
   </div>
   <div class='ocr_carea' id='block_1_29' title="bbox 508 2996 2084 3075">
    <p class='ocr_par' dir='ltr' id='par_1_29' title="bbox 508 2996 2084 3075">
     <span class='ocr_line' id='line_1_29' title="bbox 508 2996 2084 3075; baseline 0.01 -29"><span class='ocrx_word' id='word_1_217' title='bbox 508 3006 632 3048; x_wconf 89' lang='lat' dir='ltr'><strong>cum</strong></span> <span class='ocrx_word' id='word_1_218' title='bbox 682 3010 775 3063; x_wconf 90' lang='lat' dir='ltr'><strong>per</strong></span> <span class='ocrx_word' id='word_1_219' title='bbox 817 2996 1166 3065; x_wconf 84' lang='lat' dir='ltr'><strong>ignorantiam</strong></span> <span class='ocrx_word' id='word_1_220' title='bbox 1211 3001 1406 3056; x_wconf 88' lang='lat' dir='ltr'><strong>malum</strong></span> <span class='ocrx_word' id='word_1_221' title='bbox 1456 3004 1605 3073; x_wconf 89' lang='lat' dir='ltr'><strong>quasi</strong></span> <span class='ocrx_word' id='word_1_222' title='bbox 1656 3004 1852 3059; x_wconf 90' lang='lat' dir='ltr'><strong>bonum</strong></span> <span class='ocrx_word' id='word_1_223' title='bbox 1891 3006 2084 3075; x_wconf 84' lang='lat' dir='ltr'><strong>placet.</strong></span> 
     </span>
    </p>
   </div>
   <div class='ocr_carea' id='block_1_30' title="bbox 516 3085 2089 3164">
    <p class='ocr_par' dir='ltr' id='par_1_30' title="bbox 516 3085 2089 3164">
     <span class='ocr_line' id='line_1_30' title="bbox 516 3085 2089 3164; baseline 0.008 -24"><span class='ocrx_word' id='word_1_224' title='bbox 516 3085 678 3140; x_wconf 83' lang='lat' dir='ltr'><strong>Fiunt</strong></span> <span class='ocrx_word' id='word_1_225' title='bbox 729 3094 940 3149; x_wconf 87' lang='lat' dir='ltr'><strong>autem.</strong></span> <span class='ocrx_word' id='word_1_226' title='bbox 981 3088 1094 3144; x_wconf 83' lang='lat' dir='ltr'><strong>sive</strong></span> <span class='ocrx_word' id='word_1_227' title='bbox 1137 3091 1430 3159; x_wconf 87' lang='lat' dir='ltr'><strong>operando,</strong></span> <span class='ocrx_word' id='word_1_228' title='bbox 1478 3093 1590 3148; x_wconf 86' lang='lat' dir='ltr'><strong>sive</strong></span> <span class='ocrx_word' id='word_1_229' title='bbox 1639 3094 1925 3164; x_wconf 76' lang='lat' dir='ltr'><strong>loquendo,</strong></span> <span class='ocrx_word' id='word_1_230' title='bbox 1977 3097 2089 3152; x_wconf 88' lang='lat' dir='ltr'><strong>sive</strong></span> 
     </span>
    </p>
   </div>
   <div class='ocr_carea' id='block_1_31' title="bbox 515 3176 2081 3256">
    <p class='ocr_par' dir='ltr' id='par_1_31' title="bbox 515 3176 2081 3256">
     <span class='ocr_line' id='line_1_31' title="bbox 515 3176 2081 3256; baseline 0.01 -30"><span class='ocrx_word' id='word_1_231' title='bbox 515 3176 657 3246; x_wconf 80' lang='lat' dir='ltr'><strong>quod</strong></span> <span class='ocrx_word' id='word_1_232' title='bbox 689 3177 989 3233; x_wconf 82' lang='lat' dir='ltr'><strong>facillimum</strong></span> <span class='ocrx_word' id='word_1_233' title='bbox 1019 3189 1176 3251; x_wconf 88' lang='lat' dir='ltr'><strong>atque</strong></span> <span class='ocrx_word' id='word_1_234' title='bbox 1202 3183 1541 3238; x_wconf 90' lang='lat' dir='ltr'><strong>celerrimum</strong></span> <span class='ocrx_word' id='word_1_235' title='bbox 1571 3194 1676 3252; x_wconf 89' lang='lat' dir='ltr'><strong>est,</strong></span> <span class='ocrx_word' id='word_1_236' title='bbox 1707 3188 2004 3256; x_wconf 79' lang='lat' dir='ltr'><strong>cogitando.</strong></span> <span class='ocrx_word' id='word_1_237' title='bbox 2039 3191 2081 3242; x_wconf 78' lang='grc' dir='ltr'>Α</span> 
     </span>
    </p>
   </div>
   <div class='ocr_carea' id='block_1_32' title="bbox 510 3267 2085 3345">
    <p class='ocr_par' dir='ltr' id='par_1_32' title="bbox 510 3267 2085 3345">
     <span class='ocr_line' id='line_1_32' title="bbox 510 3267 2085 3345; baseline 0.008 -25"><span class='ocrx_word' id='word_1_238' title='bbox 510 3267 704 3337; x_wconf 78' lang='lat' dir='ltr'><strong>quibus</strong></span> <span class='ocrx_word' id='word_1_239' title='bbox 732 3270 976 3324; x_wconf 79' lang='lat' dir='ltr'><strong>erunibus</strong></span> <span class='ocrx_word' id='word_1_240' title='bbox 994 3273 1111 3342; x_wconf 84' lang='lat' dir='ltr'><strong>quis</strong></span> <span class='ocrx_word' id='word_1_241' title='bbox 1127 3273 1283 3327; x_wconf 91' lang='lat' dir='ltr'><strong>etiam</strong></span> <span class='ocrx_word' id='word_1_242' title='bbox 1301 3273 1531 3328; x_wconf 90' lang='lat' dir='ltr'><strong>ﬁdelium</strong></span> <span class='ocrx_word' id='word_1_243' title='bbox 1550 3277 1861 3345; x_wconf 79' lang='lat' dir='ltr'><strong>gloriabitur</strong></span> <span class='ocrx_word' id='word_1_244' title='bbox 1884 3288 2085 3333; x_wconf 86' lang='lat' dir='ltr'><strong>castum</strong></span> 
     </span>
    </p>
   </div>
   <div class='ocr_carea' id='block_1_33' title="bbox 517 3357 2086 3435">
    <p class='ocr_par' dir='ltr' id='par_1_33' title="bbox 517 3357 2086 3435">
     <span class='ocr_line' id='line_1_33' title="bbox 517 3357 2086 3435; baseline 0.009 -23"><span class='ocrx_word' id='word_1_245' title='bbox 517 3372 579 3414; x_wconf 85' lang='lat' dir='ltr'><strong>se</strong></span> <span class='ocrx_word' id='word_1_246' title='bbox 605 3357 804 3415; x_wconf 86' lang='lat' dir='ltr'><strong>habere</strong></span> <span class='ocrx_word' id='word_1_247' title='bbox 822 3376 934 3427; x_wconf 92' lang='lat' dir='ltr'><strong>cor,</strong></span> <span class='ocrx_word' id='word_1_248' title='bbox 953 3372 1044 3417; x_wconf 86' lang='lat' dir='ltr'><strong>aut</strong></span> <span class='ocrx_word' id='word_1_249' title='bbox 1067 3365 1186 3434; x_wconf 92' lang='lat' dir='ltr'><strong>quis</strong></span> <span class='ocrx_word' id='word_1_250' title='bbox 1212 3365 1524 3435; x_wconf 88' lang='lat' dir='ltr'><strong>gloriabitur</strong></span> <span class='ocrx_word' id='word_1_251' title='bbox 1552 3368 1804 3423; x_wconf 90' lang='lat' dir='ltr'><strong>mundum</strong></span> <span class='ocrx_word' id='word_1_252' title='bbox 1833 3385 1890 3424; x_wconf 90' lang='lat' dir='ltr'><strong>se</strong></span> <span class='ocrx_word' id='word_1_253' title='bbox 1915 3386 2034 3426; x_wconf 83' lang='lat' dir='ltr'><strong>esse</strong></span> <span class='ocrx_word' id='word_1_254' title='bbox 2057 3387 2086 3426; x_wconf 91' lang='lat' dir='ltr'><strong>a</strong></span> 
     </span>
    </p>
   </div>
   <div class='ocr_carea' id='block_1_34' title="bbox 511 3451 2088 3530">
    <p class='ocr_par' dir='ltr' id='par_1_34' title="bbox 511 3451 2088 3530">
     <span class='ocr_line' id='line_1_34' title="bbox 511 3451 2088 3530; baseline 0.01 -26"><span class='ocrx_word' id='word_1_255' title='bbox 511 3459 730 3520; x_wconf 86' lang='lat' dir='ltr'><strong>peccato</strong></span> <span class='ocrx_word' id='word_1_256' title='bbox 759 3451 940 3524; x_wconf 79' lang='lat' dir='ltr'><strong>(Prov.</strong></span> <span class='ocrx_word' id='word_1_257' title='bbox 990 3470 1079 3520; x_wconf 87' lang='lat' dir='ltr'><strong>xx,</strong></span> <span class='ocrx_word' id='word_1_258' title='bbox 1111 3456 1210 3527; x_wconf 82' lang='lat'><strong>9)?</strong></span> <span class='ocrx_word' id='word_1_259' title='bbox 1255 3457 1384 3513; x_wconf 87' lang='lat' dir='ltr'><strong>Illud</strong></span> <span class='ocrx_word' id='word_1_260' title='bbox 1414 3473 1543 3515; x_wconf 86' lang='lat' dir='ltr'><strong>sane</strong></span> <span class='ocrx_word' id='word_1_261' title='bbox 1581 3461 1720 3530; x_wconf 86' lang='lat' dir='ltr'><strong>quod</strong></span> <span class='ocrx_word' id='word_1_262' title='bbox 1772 3462 1823 3516; x_wconf 92' lang='lat' dir='ltr'><strong>in</strong></span> <span class='ocrx_word' id='word_1_263' title='bbox 1851 3464 2088 3519; x_wconf 87' lang='lat' dir='ltr'><strong>oratione</strong></span> 
     </span>
    </p>
   </div>
   <div class='ocr_carea' id='block_1_35' title="bbox 511 3542 2088 3623">
    <p class='ocr_par' dir='ltr' id='par_1_35' title="bbox 511 3542 2088 3623">
     <span class='ocr_line' id='line_1_35' title="bbox 511 3542 2088 3623; baseline 0.009 -29"><span class='ocrx_word' id='word_1_264' title='bbox 511 3542 772 3611; x_wconf 83' lang='lat' dir='ltr'><strong>sequitur,</strong></span> <span class='ocrx_word' id='word_1_265' title='bbox 814 3553 1036 3615; x_wconf 82' lang='lat' dir='ltr'><strong>propter</strong></span> <span class='ocrx_word' id='word_1_266' title='bbox 1073 3547 1240 3616; x_wconf 88' lang='lat' dir='ltr'><strong>ipsam</strong></span> <span class='ocrx_word' id='word_1_267' title='bbox 1284 3548 1496 3613; x_wconf 89' lang='lat' dir='ltr'><strong>dicitur,</strong></span> <span class='ocrx_word' id='word_1_268' title='bbox 1541 3550 1624 3604; x_wconf 87' lang='lat' dir='ltr'><strong>Ne</strong></span> <span class='ocrx_word' id='word_1_269' title='bbox 1670 3568 1762 3605; x_wconf 88' lang='lat' dir='ltr'><strong>nos</strong></span> <span class='ocrx_word' id='word_1_270' title='bbox 1807 3555 1997 3623; x_wconf 70' lang='lat' dir='ltr'><strong>inferas</strong></span> <span class='ocrx_word' id='word_1_271' title='bbox 2035 3555 2088 3608; x_wconf 90' lang='lat' dir='ltr'><strong>in</strong></span> 
     </span>
    </p>
   </div>
   <div class='ocr_carea' id='block_1_36' title="bbox 511 3632 2086 3717">
    <p class='ocr_par' dir='ltr' id='par_1_36' title="bbox 511 3632 2086 3717">
     <span class='ocr_line' id='line_1_36' title="bbox 511 3632 2086 3717; baseline 0.011 -35"><span class='ocrx_word' id='word_1_272' title='bbox 511 3632 856 3697; x_wconf 86' lang='lat' dir='ltr'><strong>tentationem,</strong></span> <span class='ocrx_word' id='word_1_273' title='bbox 884 3634 972 3688; x_wconf 86' lang='lat' dir='ltr'><strong>sed</strong></span> <span class='ocrx_word' id='word_1_274' title='bbox 995 3635 1152 3689; x_wconf 85' lang='lat' dir='ltr'><strong>libera</strong></span> <span class='ocrx_word' id='word_1_275' title='bbox 1170 3653 1260 3691; x_wconf 85' lang='lat' dir='ltr'><strong>nos</strong></span> <span class='ocrx_word' id='word_1_276' title='bbox 1285 3653 1317 3690; x_wconf 88' lang='lat' dir='ltr'><strong>a</strong></span> <span class='ocrx_word' id='word_1_277' title='bbox 1344 3639 1479 3692; x_wconf 86' lang='lat' dir='ltr'><strong>malo</strong></span> <span class='ocrx_word' id='word_1_278' title='bbox 1509 3638 1719 3711; x_wconf 78' lang='lat' dir='ltr'><strong>(Matth.</strong></span> <span class='ocrx_word' id='word_1_279' title='bbox 1753 3657 1826 3708; x_wconf 85' lang='lat' dir='ltr'><strong>vt,</strong></span> <span class='ocrx_word' id='word_1_280' title='bbox 1856 3643 1940 3706; x_wconf 75' lang='lat'><strong>19..</strong></span> <span class='ocrx_word' id='word_1_281' title='bbox 1975 3644 2086 3717; x_wconf 77' lang='grc'><strong>15).</strong></span> 
     </span>
    </p>
   </div>
   <div class='ocr_carea' id='block_1_37' title="bbox 520 3717 2087 3797">
    <p class='ocr_par' dir='ltr' id='par_1_37' title="bbox 520 3717 2087 3797">
     <span class='ocr_line' id='line_1_37' title="bbox 520 3717 2087 3797; baseline 0.01 -23"><span class='ocrx_word' id='word_1_282' title='bbox 520 3717 872 3791; x_wconf 76' lang='lat' dir='ltr'><strong>Unusquisque</strong></span> <span class='ocrx_word' id='word_1_283' title='bbox 899 3725 1062 3790; x_wconf 84' lang='lat' dir='ltr'><strong>enim,</strong></span> <span class='ocrx_word' id='word_1_284' title='bbox 1092 3725 1227 3780; x_wconf 90' lang='lat' dir='ltr'><strong>sicut</strong></span> <span class='ocrx_word' id='word_1_285' title='bbox 1256 3729 1507 3797; x_wconf 84' lang='lat' dir='ltr'><strong>scriptum</strong></span> <span class='ocrx_word' id='word_1_286' title='bbox 1534 3739 1634 3794; x_wconf 90' lang='lat' dir='ltr'><strong>est,</strong></span> <span class='ocrx_word' id='word_1_287' title='bbox 1665 3739 1884 3786; x_wconf 84' lang='lat' dir='ltr'><strong>tentatur</strong></span> <span class='ocrx_word' id='word_1_288' title='bbox 1905 3750 1936 3786; x_wconf 89' lang='lat' dir='ltr'><strong>a</strong></span> <span class='ocrx_word' id='word_1_289' title='bbox 1961 3751 2087 3788; x_wconf 88' lang='lat' dir='ltr'><strong>con-</strong></span> 
     </span>
    </p>
   </div>
   <div class='ocr_carea' id='block_1_38' title="bbox 513 3811 2088 3897">
    <p class='ocr_par' dir='ltr' id='par_1_38' title="bbox 513 3811 2088 3897">
     <span class='ocr_line' id='line_1_38' title="bbox 513 3811 2088 3897; baseline 0.011 -35"><span class='ocrx_word' id='word_1_290' title='bbox 513 3811 818 3879; x_wconf 80' lang='lat' dir='ltr'><strong>cupiscentia</strong></span> <span class='ocrx_word' id='word_1_291' title='bbox 845 3829 937 3866; x_wconf 88' lang='lat' dir='ltr'><strong>sua</strong></span> <span class='ocrx_word' id='word_1_292' title='bbox 965 3815 1250 3871; x_wconf 84' lang='lat' dir='ltr'><strong>abstractus</strong></span> <span class='ocrx_word' id='word_1_293' title='bbox 1279 3827 1327 3871; x_wconf 89' lang='lat' dir='ltr'><strong>et</strong></span> <span class='ocrx_word' id='word_1_294' title='bbox 1369 3818 1601 3885; x_wconf 80' lang='lat' dir='ltr'><strong>illectus;</strong></span> <span class='ocrx_word' id='word_1_295' title='bbox 1626 3820 1805 3876; x_wconf 82' lang='lat' dir='ltr'><strong>deinde</strong></span> <span class='ocrx_word' id='word_1_296' title='bbox 1840 3826 2088 3897; x_wconf 58' lang='lat' dir='ltr'><strong>conc&#39;upi-</strong></span> 
     </span>
    </p>
   </div>
   <div class='ocr_carea' id='block_1_39' title="bbox 513 3901 2084 3982">
    <p class='ocr_par' dir='ltr' id='par_1_39' title="bbox 513 3901 2084 3982">
     <span class='ocr_line' id='line_1_39' title="bbox 513 3901 2084 3982; baseline 0.01 -29"><span class='ocrx_word' id='word_1_297' title='bbox 513 3901 702 3954; x_wconf 84' lang='lat' dir='ltr'><strong>scentia</strong></span> <span class='ocrx_word' id='word_1_298' title='bbox 749 3918 862 3956; x_wconf 82' lang='lat' dir='ltr'><strong>cum</strong></span> <span class='ocrx_word' id='word_1_299' title='bbox 915 3907 1227 3977; x_wconf 84' lang='lat' dir='ltr'><strong>conceperit,</strong></span> <span class='ocrx_word' id='word_1_300' title='bbox 1281 3909 1414 3978; x_wconf 81' lang='lat' dir='ltr'><strong>parit</strong></span> <span class='ocrx_word' id='word_1_301' title='bbox 1464 3921 1722 3982; x_wconf 81' lang='lat' dir='ltr'><strong>peccatum</strong></span> <span class='ocrx_word' id='word_1_302' title='bbox 1767 3911 1986 3982; x_wconf 78' lang='lat' dir='ltr'><strong>(Jacobi,</strong></span> <span class='ocrx_word' id='word_1_303' title='bbox 2045 3931 2084 3982; x_wconf 91' lang='lat' dir='ltr'><strong>t,</strong></span> 
     </span>
    </p>
   </div>
   <div class='ocr_carea' id='block_1_40' title="bbox 515 3991 750 4060">
    <p class='ocr_par' dir='ltr' id='par_1_40' title="bbox 515 3991 750 4060">
     <span class='ocr_line' id='line_1_40' title="bbox 515 3991 750 4060; baseline 0 -14"><span class='ocrx_word' id='word_1_304' title='bbox 515 3991 607 4058; x_wconf 76' lang='lat' dir='ltr'><strong>tt,</strong></span> <span class='ocrx_word' id='word_1_305' title='bbox 639 3992 750 4060; x_wconf 80' lang='lat' dir='ltr'><strong>ts).</strong></span> 
     </span>
    </p>
   </div>
   <div class='ocr_carea' id='block_1_41' title="bbox 588 4083 2086 4172">
    <p class='ocr_par' dir='ltr' id='par_1_41' title="bbox 588 4083 2086 4172">
     <span class='ocr_line' id='line_1_41' title="bbox 588 4083 2086 4172; baseline 0.008 -34"><span class='ocrx_word' id='word_1_306' title='bbox 588 4083 812 4140; x_wconf 84' lang='lat' dir='ltr'><strong>CAPUT</strong></span> <span class='ocrx_word' id='word_1_307' title='bbox 851 4085 988 4141; x_wconf 81' lang='lat' dir='ltr'><strong>XIV.</strong></span> <span class='ocrx_word' id='word_1_308' title='bbox 1022 4117 1096 4128; x_wconf 91' lang='lat'><strong>-—</strong></span> <span class='ocrx_word' id='word_1_309' title='bbox 1125 4087 1216 4144; x_wconf 71' lang='lat'><strong>28.</strong></span> <span class='ocrx_word' id='word_1_310' title='bbox 1271 4089 1492 4146; x_wconf 85' lang='lat' dir='ltr'><strong>Crimina</strong></span> <span class='ocrx_word' id='word_1_311' title='bbox 1541 4102 1587 4146; x_wconf 90' lang='lat' dir='ltr'><strong>et</strong></span> <span class='ocrx_word' id='word_1_312' title='bbox 1621 4105 1822 4160; x_wconf 84' lang='lat' dir='ltr'><strong>peccata</strong></span> <span class='ocrx_word' id='word_1_313' title='bbox 1856 4098 2086 4172; x_wconf 79' lang='lat' dir='ltr'><strong>venialia.</strong></span> 
     </span>
    </p>
   </div>
   <div class='ocr_carea' id='block_1_42' title="bbox 514 4171 2091 4255">
    <p class='ocr_par' dir='ltr' id='par_1_42' title="bbox 514 4171 2091 4255">
     <span class='ocr_line' id='line_1_42' title="bbox 514 4171 2091 4255; baseline 0.01 -28"><span class='ocrx_word' id='word_1_314' title='bbox 514 4171 581 4227; x_wconf 80' lang='lat' dir='ltr'><strong>Hi</strong></span> <span class='ocrx_word' id='word_1_315' title='bbox 635 4188 822 4230; x_wconf 85' lang='lat' dir='ltr'><strong>omnes</strong></span> <span class='ocrx_word' id='word_1_316' title='bbox 879 4179 1321 4248; x_wconf 66' lang='lat' dir='ltr'><strong>concupiscentiae</strong></span> <span class='ocrx_word' id='word_1_317' title='bbox 1367 4192 1548 4252; x_wconf 91' lang='lat' dir='ltr'><strong>partus</strong></span> <span class='ocrx_word' id='word_1_318' title='bbox 1575 4225 1590 4249; x_wconf 89' lang='lat'><strong>,</strong></span> <span class='ocrx_word' id='word_1_319' title='bbox 1643 4195 1698 4240; x_wconf 92' lang='lat' dir='ltr'><strong>et</strong></span> <span class='ocrx_word' id='word_1_320' title='bbox 1746 4187 1912 4255; x_wconf 91' lang='lat' dir='ltr'><strong>ipsius</strong></span> <span class='ocrx_word' id='word_1_321' title='bbox 1961 4171 2091 4243; x_wconf 87' lang='lat' dir='ltr'><strong>con-</strong></span> 
     </span>
    </p>
   </div>
   <div class='ocr_carea' id='block_1_43' title="bbox 519 4265 2090 4346">
    <p class='ocr_par' dir='ltr' id='par_1_43' title="bbox 519 4265 2090 4346">
     <span class='ocr_line' id='line_1_43' title="bbox 519 4265 2090 4346; baseline 0.012 -29"><span class='ocrx_word' id='word_1_322' title='bbox 519 4265 862 4333; x_wconf 76' lang='lat' dir='ltr'><strong>cupiscentim</strong></span> <span class='ocrx_word' id='word_1_323' title='bbox 892 4277 1072 4323; x_wconf 86' lang='lat' dir='ltr'><strong>reatus</strong></span> <span class='ocrx_word' id='word_1_324' title='bbox 1116 4273 1364 4342; x_wconf 90' lang='lat' dir='ltr'><strong>antiquus</strong></span> <span class='ocrx_word' id='word_1_325' title='bbox 1389 4275 1427 4338; x_wconf 84' lang='grc'><strong>¹,</strong></span> <span class='ocrx_word' id='word_1_326' title='bbox 1455 4275 1793 4346; x_wconf 87' lang='lat' dir='ltr'><strong>Baptismatis</strong></span> <span class='ocrx_word' id='word_1_327' title='bbox 1822 4279 2090 4336; x_wconf 82' lang='lat' dir='ltr'><strong>ablutione</strong></span> 
     </span>
    </p>
   </div>
   <div class='ocr_carea' id='block_1_44' title="bbox 513 4354 2090 4441">
    <p class='ocr_par' dir='ltr' id='par_1_44' title="bbox 513 4354 2090 4441">
     <span class='ocr_line' id='line_1_44' title="bbox 513 4354 2090 4441; baseline 0.012 -33"><span class='ocrx_word' id='word_1_328' title='bbox 513 4354 714 4410; x_wconf 85' lang='lat' dir='ltr'><strong>dimissi</strong></span> <span class='ocrx_word' id='word_1_329' title='bbox 737 4365 860 4412; x_wconf 85' lang='lat' dir='ltr'><strong>sunt</strong></span> <span class='ocrx_word' id='word_1_330' title='bbox 889 4370 979 4415; x_wconf 92' lang='lat' dir='ltr'><strong>:et</strong></span> <span class='ocrx_word' id='word_1_331' title='bbox 999 4361 1251 4433; x_wconf 89' lang='lat' dir='ltr'><strong>quidquid</strong></span> <span class='ocrx_word' id='word_1_332' title='bbox 1268 4365 1403 4434; x_wconf 86' lang='lat' dir='ltr'><strong>parit</strong></span> <span class='ocrx_word' id='word_1_333' title='bbox 1427 4382 1566 4422; x_wconf 89' lang='lat' dir='ltr'><strong>nunc</strong></span> <span class='ocrx_word' id='word_1_334' title='bbox 1588 4368 1682 4422; x_wconf 84' lang='lat' dir='ltr'><strong>ista</strong></span> <span class='ocrx_word' id='word_1_335' title='bbox 1709 4375 2090 4441; x_wconf 89' lang='lat' dir='ltr'><strong>concupiscen-</strong></span> 
     </span>
    </p>
   </div>
   <div class='ocr_carea' id='block_1_45' title="bbox 514 4447 2085 4530">
    <p class='ocr_par' dir='ltr' id='par_1_45' title="bbox 514 4447 2085 4530">
     <span class='ocr_line' id='line_1_45' title="bbox 514 4447 2085 4530; baseline 0.012 -32"><span class='ocrx_word' id='word_1_336' title='bbox 514 4447 608 4510; x_wconf 91' lang='lat' dir='ltr'><strong>tia,</strong></span> <span class='ocrx_word' id='word_1_337' title='bbox 630 4449 673 4501; x_wconf 90' lang='lat' dir='ltr'><strong>si</strong></span> <span class='ocrx_word' id='word_1_338' title='bbox 701 4463 804 4501; x_wconf 90' lang='lat' dir='ltr'><strong>non</strong></span> <span class='ocrx_word' id='word_1_339' title='bbox 839 4449 948 4505; x_wconf 92' lang='lat' dir='ltr'><strong>sint</strong></span> <span class='ocrx_word' id='word_1_340' title='bbox 991 4452 1066 4506; x_wconf 90' lang='lat' dir='ltr'><strong>illi</strong></span> <span class='ocrx_word' id='word_1_341' title='bbox 1113 4463 1318 4522; x_wconf 88' lang='lat' dir='ltr'><strong>partus,</strong></span> <span class='ocrx_word' id='word_1_342' title='bbox 1349 4457 1438 4526; x_wconf 91' lang='lat' dir='ltr'><strong>qui</strong></span> <span class='ocrx_word' id='word_1_343' title='bbox 1484 4473 1589 4512; x_wconf 89' lang='lat' dir='ltr'><strong>non</strong></span> <span class='ocrx_word' id='word_1_344' title='bbox 1635 4460 1806 4514; x_wconf 88' lang='lat' dir='ltr'><strong>solum</strong></span> <span class='ocrx_word' id='word_1_345' title='bbox 1849 4471 2085 4530; x_wconf 88' lang='lat' dir='ltr'><strong>peccata,</strong></span> 
     </span>
    </p>
   </div>
   <div class='ocr_carea' id='block_1_46' title="bbox 513 4538 2089 4621">
    <p class='ocr_par' dir='ltr' id='par_1_46' title="bbox 513 4538 2089 4621">
     <span class='ocr_line' id='line_1_46' title="bbox 513 4538 2089 4621; baseline 0.014 -35"><span class='ocrx_word' id='word_1_346' title='bbox 513 4549 696 4589; x_wconf 88' lang='lat' dir='ltr'><strong>verum</strong></span> <span class='ocrx_word' id='word_1_347' title='bbox 738 4538 898 4591; x_wconf 86' lang='lat' dir='ltr'><strong>etiam</strong></span> <span class='ocrx_word' id='word_1_348' title='bbox 949 4541 1170 4595; x_wconf 91' lang='lat' dir='ltr'><strong>erimina</strong></span> <span class='ocrx_word' id='word_1_349' title='bbox 1199 4555 1589 4614; x_wconf 74' lang='lat' dir='ltr'><strong>nuncupantur,</strong></span> <span class='ocrx_word' id='word_1_350' title='bbox 1618 4558 1773 4616; x_wconf 86' lang='lat' dir='ltr'><strong>pacto</strong></span> <span class='ocrx_word' id='word_1_351' title='bbox 1796 4550 1885 4604; x_wconf 93' lang='lat' dir='ltr'><strong>illo</strong></span> <span class='ocrx_word' id='word_1_352' title='bbox 1913 4553 2089 4621; x_wconf 74' lang='lat' dir='ltr'><strong>quoﬁ-</strong></span> 
     </span>
    </p>
   </div>
   <div class='ocr_carea' id='block_1_47' title="bbox 511 4623 2088 4698">
    <p class='ocr_par' dir='ltr' id='par_1_47' title="bbox 511 4623 2088 4698">
     <span class='ocr_line' id='line_1_47' title="bbox 511 4623 2088 4698; baseline 0.013 -22"><span class='ocrx_word' id='word_1_353' title='bbox 511 4623 683 4678; x_wconf 72' lang='lat' dir='ltr'><strong>diana:</strong></span> <span class='ocrx_word' id='word_1_354' title='bbox 712 4627 968 4684; x_wconf 87' lang='lat' dir='ltr'><strong>orationis</strong></span> <span class='ocrx_word' id='word_1_355' title='bbox 997 4631 1087 4684; x_wconf 91' lang='lat' dir='ltr'><strong>ubi</strong></span> <span class='ocrx_word' id='word_1_356' title='bbox 1116 4632 1361 4698; x_wconf 86' lang='lat' dir='ltr'><strong>dicimus,</strong></span> <span class='ocrx_word' id='word_1_357' title='bbox 1395 4634 1600 4690; x_wconf 86' lang='lat' dir='ltr'><strong>Dimitte</strong></span> <span class='ocrx_word' id='word_1_358' title='bbox 1620 4638 1763 4693; x_wconf 86' lang='lat' dir='ltr'><strong>nobis</strong></span> <span class='ocrx_word' id='word_1_359' title='bbox 1791 4639 1957 4695; x_wconf 82' lang='lat' dir='ltr'><strong>debita</strong></span> <span class='ocrx_word' id='word_1_360' title='bbox 1993 4660 2088 4696; x_wconf 88' lang='lat' dir='ltr'><strong>no-</strong></span> 
     </span>
    </p>
   </div>
   <div class='ocr_carea' id='block_1_48' title="bbox 510 4718 2089 4799">
    <p class='ocr_par' dir='ltr' id='par_1_48' title="bbox 510 4718 2089 4799">
     <span class='ocr_line' id='line_1_48' title="bbox 510 4718 2089 4799; baseline 0.011 -27"><span class='ocrx_word' id='word_1_361' title='bbox 510 4726 637 4778; x_wconf 79' lang='lat' dir='ltr'><strong>stra,</strong></span> <span class='ocrx_word' id='word_1_362' title='bbox 685 4718 811 4772; x_wconf 86' lang='lat' dir='ltr'><strong>sicut</strong></span> <span class='ocrx_word' id='word_1_363' title='bbox 849 4720 1162 4784; x_wconf 80' lang='lat' dir='ltr'><strong>dimittimus.</strong></span> <span class='ocrx_word' id='word_1_364' title='bbox 1193 4733 1250 4780; x_wconf 91' lang='lat' dir='ltr'><strong>et</strong></span> <span class='ocrx_word' id='word_1_365' title='bbox 1290 4725 1749 4799; x_wconf 86' lang='lat' dir='ltr'><strong>eleemosynarum</strong></span> <span class='ocrx_word' id='word_1_366' title='bbox 1781 4732 2089 4790; x_wconf 83' lang='lat' dir='ltr'><strong>sinceritate</strong></span> 
     </span>
    </p>
   </div>
   <div class='ocr_carea' id='block_1_49' title="bbox 512 4807 2087 4891">
    <p class='ocr_par' dir='ltr' id='par_1_49' title="bbox 512 4807 2087 4891">
     <span class='ocr_line' id='line_1_49' title="bbox 512 4807 2087 4891; baseline 0.014 -32"><span class='ocrx_word' id='word_1_367' title='bbox 512 4807 856 4864; x_wconf 77' lang='lat' dir='ltr'><strong>inundantur.</strong></span> <span class='ocrx_word' id='word_1_368' title='bbox 885 4810 1068 4881; x_wconf 85' lang='lat' dir='ltr'><strong>Neque</strong></span> <span class='ocrx_word' id='word_1_369' title='bbox 1095 4815 1235 4868; x_wconf 89' lang='lat' dir='ltr'><strong>enim</strong></span> <span class='ocrx_word' id='word_1_370' title='bbox 1267 4817 1546 4888; x_wconf 86' lang='lat' dir='ltr'><strong>quisquam</strong></span> <span class='ocrx_word' id='word_1_371' title='bbox 1574 4821 1652 4875; x_wconf 88' lang='lat' dir='ltr'><strong>sic</strong></span> <span class='ocrx_word' id='word_1_372' title='bbox 1680 4819 1890 4891; x_wconf 90' lang='lat' dir='ltr'><strong>desipit,</strong></span> <span class='ocrx_word' id='word_1_373' title='bbox 1923 4834 1976 4877; x_wconf 93' lang='lat' dir='ltr'><strong>ut</strong></span> <span class='ocrx_word' id='word_1_374' title='bbox 2008 4825 2087 4880; x_wconf 91' lang='lat' dir='ltr'><strong>di-</strong></span> 
     </span>
    </p>
   </div>
   <div class='ocr_carea' id='block_1_50' title="bbox 511 4898 2088 4984">
    <p class='ocr_par' dir='ltr' id='par_1_50' title="bbox 511 4898 2088 4984">
     <span class='ocr_line' id='line_1_50' title="bbox 511 4898 2088 4984; baseline 0.015 -35"><span class='ocrx_word' id='word_1_375' title='bbox 511 4905 599 4950; x_wconf 86' lang='lat' dir='ltr'><strong>cat</strong></span> <span class='ocrx_word' id='word_1_376' title='bbox 656 4898 722 4952; x_wconf 88' lang='lat' dir='ltr'><strong>ad</strong></span> <span class='ocrx_word' id='word_1_377' title='bbox 769 4899 1062 4970; x_wconf 80' lang='lat' dir='ltr'><strong>baptizatos</strong></span> <span class='ocrx_word' id='word_1_378' title='bbox 1115 4905 1435 4962; x_wconf 89' lang='lat' dir='ltr'><strong>dominicum</strong></span> <span class='ocrx_word' id='word_1_379' title='bbox 1485 4909 1614 4965; x_wconf 91' lang='lat' dir='ltr'><strong>illud</strong></span> <span class='ocrx_word' id='word_1_380' title='bbox 1661 4927 1766 4966; x_wconf 89' lang='lat' dir='ltr'><strong>non</strong></span> <span class='ocrx_word' id='word_1_381' title='bbox 1822 4915 2088 4984; x_wconf 88' lang='lat' dir='ltr'><strong>pertinere</strong></span> 
     </span>
    </p>
   </div>
   <div class='ocr_carea' id='block_1_51' title="bbox 510 4989 2088 5068">
    <p class='ocr_par' dir='ltr' id='par_1_51' title="bbox 510 4989 2088 5068">
     <span class='ocr_line' id='line_1_51' title="bbox 510 4989 2088 5068; baseline 0.013 -29"><span class='ocrx_word' id='word_1_382' title='bbox 510 4999 864 5057; x_wconf 68' lang='lat' dir='ltr'><strong>prateeptum,</strong></span> <span class='ocrx_word' id='word_1_383' title='bbox 912 4989 1181 5059; x_wconf 86' lang='lat' dir='ltr'><strong>Dimittite,</strong></span> <span class='ocrx_word' id='word_1_384' title='bbox 1234 5007 1279 5050; x_wconf 90' lang='lat' dir='ltr'><strong>et</strong></span> <span class='ocrx_word' id='word_1_385' title='bbox 1333 4999 1613 5053; x_wconf 83' lang='lat' dir='ltr'><strong>dimittetur</strong></span> <span class='ocrx_word' id='word_1_386' title='bbox 1661 5001 1833 5062; x_wconf 78' lang='lat' dir='ltr'><strong>vobis:</strong></span> <span class='ocrx_word' id='word_1_387' title='bbox 1873 5005 2014 5068; x_wconf 85' lang='lat' dir='ltr'><strong>date,</strong></span> <span class='ocrx_word' id='word_1_388' title='bbox 2044 5017 2088 5061; x_wconf 89' lang='lat' dir='ltr'><strong>et</strong></span> 
     </span>
    </p>
   </div>
   <div class='ocr_carea' id='block_1_52' title="bbox 513 5079 2084 5160">
    <p class='ocr_par' dir='ltr' id='par_1_52' title="bbox 513 5079 2084 5160">
     <span class='ocr_line' id='line_1_52' title="bbox 513 5079 2084 5160; baseline 0.012 -26"><span class='ocrx_word' id='word_1_389' title='bbox 513 5079 712 5135; x_wconf 83' lang='lat' dir='ltr'><strong>dabitur</strong></span> <span class='ocrx_word' id='word_1_390' title='bbox 731 5083 863 5138; x_wconf 80' lang='lat' dir='ltr'><strong>vobis</strong></span> <span class='ocrx_word' id='word_1_391' title='bbox 888 5082 1034 5157; x_wconf 84' lang='lat' dir='ltr'><strong>(Luc.</strong></span> <span class='ocrx_word' id='word_1_392' title='bbox 1067 5103 1137 5151; x_wconf 91' lang='lat' dir='ltr'><strong>vt,</strong></span> <span class='ocrx_word' id='word_1_393' title='bbox 1167 5089 1254 5152; x_wconf 84' lang='lat'><strong>&#39;57,</strong></span> <span class='ocrx_word' id='word_1_394' title='bbox 1283 5090 1396 5160; x_wconf 74' lang='lat'><strong>38).</strong></span> <span class='ocrx_word' id='word_1_395' title='bbox 1423 5091 1608 5147; x_wconf 87' lang='lat' dir='ltr'><strong>Nullus</strong></span> <span class='ocrx_word' id='word_1_396' title='bbox 1622 5104 1796 5150; x_wconf 91' lang='lat' dir='ltr'><strong>autem</strong></span> <span class='ocrx_word' id='word_1_397' title='bbox 1819 5097 1870 5149; x_wconf 94' lang='lat' dir='ltr'><strong>in</strong></span> <span class='ocrx_word' id='word_1_398' title='bbox 1901 5098 2084 5153; x_wconf 88' lang='lat' dir='ltr'><strong>Eccle-</strong></span> 
     </span>
    </p>
   </div>
   <div class='ocr_carea' id='block_1_53' title="bbox 510 5171 2084 5258">
    <p class='ocr_par' dir='ltr' id='par_1_53' title="bbox 510 5171 2084 5258">
     <span class='ocr_line' id='line_1_53' title="bbox 510 5171 2084 5258; baseline 0.011 -34"><span class='ocrx_word' id='word_1_399' title='bbox 510 5171 589 5225; x_wconf 85' lang='lat' dir='ltr'><strong>sia</strong></span> <span class='ocrx_word' id='word_1_400' title='bbox 619 5182 762 5228; x_wconf 84' lang='lat' dir='ltr'><strong>recte</strong></span> <span class='ocrx_word' id='word_1_401' title='bbox 789 5183 971 5242; x_wconf 84' lang='lat' dir='ltr'><strong>posset</strong></span> <span class='ocrx_word' id='word_1_402' title='bbox 989 5177 1219 5233; x_wconf 90' lang='lat' dir='ltr'><strong>ordinari</strong></span> <span class='ocrx_word' id='word_1_403' title='bbox 1252 5182 1514 5248; x_wconf 86' lang='lat' dir='ltr'><strong>minister,</strong></span> <span class='ocrx_word' id='word_1_404' title='bbox 1540 5185 1584 5238; x_wconf 88' lang='lat' dir='ltr'><strong>si</strong></span> <span class='ocrx_word' id='word_1_405' title='bbox 1609 5184 1832 5241; x_wconf 74' lang='lat' dir='ltr'><strong>dixisset</strong></span> <span class='ocrx_word' id='word_1_406' title='bbox 1857 5190 2084 5258; x_wconf 81' lang='lat' dir='ltr'><strong>Aposto-</strong></span> 
     </span>
    </p>
   </div>
   <div class='ocr_carea' id='block_1_54' title="bbox 510 5263 2088 5345">
    <p class='ocr_par' dir='ltr' id='par_1_54' title="bbox 510 5263 2088 5345">
     <span class='ocr_line' id='line_1_54' title="bbox 510 5263 2088 5345; baseline 0.012 -30"><span class='ocrx_word' id='word_1_407' title='bbox 510 5263 616 5328; x_wconf 91' lang='lat' dir='ltr'><strong>lus,</strong></span> <span class='ocrx_word' id='word_1_408' title='bbox 643 5263 699 5318; x_wconf 90' lang='lat' dir='ltr'><strong>Si</strong></span> <span class='ocrx_word' id='word_1_409' title='bbox 727 5264 844 5335; x_wconf 89' lang='lat' dir='ltr'><strong>quis</strong></span> <span class='ocrx_word' id='word_1_410' title='bbox 872 5270 987 5324; x_wconf 88' lang='lat' dir='ltr'><strong>sine</strong></span> <span class='ocrx_word' id='word_1_411' title='bbox 1013 5280 1261 5339; x_wconf 88' lang='lat' dir='ltr'><strong>peecato;</strong></span> <span class='ocrx_word' id='word_1_412' title='bbox 1288 5273 1373 5328; x_wconf 91' lang='lat' dir='ltr'><strong>ubi</strong></span> <span class='ocrx_word' id='word_1_413' title='bbox 1402 5275 1493 5336; x_wconf 87' lang='lat' dir='ltr'><strong>ait,</strong></span> <span class='ocrx_word' id='word_1_414' title='bbox 1525 5274 1586 5330; x_wconf 89' lang='lat' dir='ltr'><strong>Si</strong></span> <span class='ocrx_word' id='word_1_415' title='bbox 1605 5277 1716 5345; x_wconf 79' lang='lat' dir='ltr'><strong>quis</strong></span> <span class='ocrx_word' id='word_1_416' title='bbox 1743 5279 1853 5332; x_wconf 77' lang='lat' dir='ltr'><strong>sine</strong></span> <span class='ocrx_word' id='word_1_417' title='bbox 1880 5281 2088 5335; x_wconf 84' lang='lat' dir='ltr'><strong>crimine</strong></span> 
     </span>
    </p>
   </div>
   <div class='ocr_carea' id='block_1_55' title="bbox 509 5355 2084 5439">
    <p class='ocr_par' dir='ltr' id='par_1_55' title="bbox 509 5355 2084 5439">
     <span class='ocr_line' id='line_1_55' title="bbox 509 5355 2084 5439; baseline 0.012 -32"><span class='ocrx_word' id='word_1_418' title='bbox 509 5365 583 5408; x_wconf 89' lang='lat' dir='ltr'><strong>est</strong></span> <span class='ocrx_word' id='word_1_419' title='bbox 613 5355 735 5426; x_wconf 86' lang='lat' dir='ltr'><strong>(Tit.</strong></span> <span class='ocrx_word' id='word_1_420' title='bbox 765 5372 804 5425; x_wconf 77' lang='grc' dir='ltr'>ι,</span> <span class='ocrx_word' id='word_1_421' title='bbox 837 5358 890 5426; x_wconf 87' lang='grc'><strong>6)</strong></span> <span class='ocrx_word' id='word_1_422' title='bbox 923 5377 937 5414; x_wconf 89' lang='lat'><strong>:</strong></span> <span class='ocrx_word' id='word_1_423' title='bbox 967 5371 1058 5416; x_wconf 83' lang='lat' dir='ltr'><strong>aut</strong></span> <span class='ocrx_word' id='word_1_424' title='bbox 1089 5363 1131 5416; x_wconf 89' lang='lat' dir='ltr'><strong>si</strong></span> <span class='ocrx_word' id='word_1_425' title='bbox 1176 5363 1417 5430; x_wconf 82' lang='lat' dir='ltr'><strong>dixisset,</strong></span> <span class='ocrx_word' id='word_1_426' title='bbox 1447 5365 1655 5422; x_wconf 88' lang='lat' dir='ltr'><strong>Nullum</strong></span> <span class='ocrx_word' id='word_1_427' title='bbox 1688 5382 1957 5439; x_wconf 88' lang='lat' dir='ltr'><strong>peccatum</strong></span> <span class='ocrx_word' id='word_1_428' title='bbox 1989 5373 2084 5426; x_wconf 86' lang='lat' dir='ltr'><strong>ba-</strong></span> 
     </span>
    </p>
   </div>
   <div class='ocr_carea' id='block_1_56' title="bbox 511 5443 2080 5530">
    <p class='ocr_par' dir='ltr' id='par_1_56' title="bbox 511 5443 2080 5530">
     <span class='ocr_line' id='line_1_56' title="bbox 511 5443 2080 5530; baseline 0.013 -32"><span class='ocrx_word' id='word_1_429' title='bbox 511 5443 733 5513; x_wconf 86' lang='lat' dir='ltr'><strong>bentes;</strong></span> <span class='ocrx_word' id='word_1_430' title='bbox 764 5449 851 5503; x_wconf 91' lang='lat' dir='ltr'><strong>ubi</strong></span> <span class='ocrx_word' id='word_1_431' title='bbox 899 5451 1006 5518; x_wconf 89' lang='lat' dir='ltr'><strong>ait,</strong></span> <span class='ocrx_word' id='word_1_432' title='bbox 1041 5451 1261 5509; x_wconf 87' lang='lat' dir='ltr'><strong>Nullum</strong></span> <span class='ocrx_word' id='word_1_433' title='bbox 1287 5457 1478 5511; x_wconf 82' lang='lat' dir='ltr'><strong>crimen</strong></span> <span class='ocrx_word' id='word_1_434' title='bbox 1511 5459 1745 5514; x_wconf 78' lang='lat' dir='ltr'><strong>habentes</strong></span> <span class='ocrx_word' id='word_1_435' title='bbox 1769 5461 1812 5530; x_wconf 92' lang='lat' dir='ltr'><strong>(l</strong></span> <span class='ocrx_word' id='word_1_436' title='bbox 1841 5461 1972 5516; x_wconf 84' lang='lat' dir='ltr'><strong>Tim.</strong></span> <span class='ocrx_word' id='word_1_437' title='bbox 2003 5479 2080 5527; x_wconf 82' lang='grc' dir='ltr'>ιιι,</span> 
     </span>
    </p>
   </div>
   <div class='ocr_carea' id='block_1_57' title="bbox 510 5533 2082 5618">
    <p class='ocr_par' dir='ltr' id='par_1_57' title="bbox 510 5533 2082 5618">
     <span class='ocr_line' id='line_1_57' title="bbox 510 5533 2082 5618; baseline 0.011 -28"><span class='ocrx_word' id='word_1_438' title='bbox 510 5533 621 5607; x_wconf 82' lang='grc'><strong>10).</strong></span> <span class='ocrx_word' id='word_1_439' title='bbox 653 5538 795 5592; x_wconf 80' lang='lat' dir='ltr'><strong>Multi</strong></span> <span class='ocrx_word' id='word_1_440' title='bbox 825 5541 1018 5611; x_wconf 88' lang='lat' dir='ltr'><strong>quippe</strong></span> <span class='ocrx_word' id='word_1_441' title='bbox 1046 5542 1291 5612; x_wconf 79' lang='lat' dir='ltr'><strong>baptizati</strong></span> <span class='ocrx_word' id='word_1_442' title='bbox 1325 5546 1510 5602; x_wconf 91' lang='lat' dir='ltr'><strong>ﬁdeles</strong></span> <span class='ocrx_word' id='word_1_443' title='bbox 1537 5558 1658 5603; x_wconf 88' lang='lat' dir='ltr'><strong>sunt</strong></span> <span class='ocrx_word' id='word_1_444' title='bbox 1684 5551 1798 5606; x_wconf 88' lang='lat' dir='ltr'><strong>sine</strong></span> <span class='ocrx_word' id='word_1_445' title='bbox 1826 5553 2082 5618; x_wconf 88' lang='lat' dir='ltr'><strong>crimine;</strong></span> 
     </span>
    </p>
   </div>
   <div class='ocr_carea' id='block_1_58' title="bbox 509 5626 2082 5710">
    <p class='ocr_par' dir='ltr' id='par_1_58' title="bbox 509 5626 2082 5710">
     <span class='ocr_line' id='line_1_58' title="bbox 509 5626 2082 5710; baseline 0.015 -34"><span class='ocrx_word' id='word_1_446' title='bbox 509 5626 628 5678; x_wconf 82' lang='lat' dir='ltr'><strong>sine</strong></span> <span class='ocrx_word' id='word_1_447' title='bbox 676 5640 892 5695; x_wconf 89' lang='lat' dir='ltr'><strong>peccato</strong></span> <span class='ocrx_word' id='word_1_448' title='bbox 930 5640 1106 5688; x_wconf 85' lang='lat' dir='ltr'><strong>autem</strong></span> <span class='ocrx_word' id='word_1_449' title='bbox 1152 5635 1204 5689; x_wconf 91' lang='lat' dir='ltr'><strong>in</strong></span> <span class='ocrx_word' id='word_1_450' title='bbox 1233 5635 1334 5691; x_wconf 90' lang='lat' dir='ltr'><strong>hac</strong></span> <span class='ocrx_word' id='word_1_451' title='bbox 1381 5640 1486 5691; x_wconf 89' lang='lat' dir='ltr'><strong>vita</strong></span> <span class='ocrx_word' id='word_1_452' title='bbox 1531 5641 1794 5696; x_wconf 87' lang='lat' dir='ltr'><strong>neminem</strong></span> <span class='ocrx_word' id='word_1_453' title='bbox 1825 5643 2082 5710; x_wconf 79' lang='lat' dir='ltr'><strong>dixerim,</strong></span> 
     </span>
    </p>
   </div>
   <div class='ocr_carea' id='block_1_59' title="bbox 578 5800 2086 5885">
    <p class='ocr_par' dir='ltr' id='par_1_59' title="bbox 578 5800 2086 5885">
     <span class='ocr_line' id='line_1_59' title="bbox 578 5800 2086 5885; baseline 0.014 -36"><span class='ocrx_word' id='word_1_454' title='bbox 578 5800 604 5885; x_wconf 47' lang='grc' dir='ltr'>ζ</span> <span class='ocrx_word' id='word_1_455' title='bbox 629 5800 1131 5885; x_wconf 23' lang='lat' dir='ltr'><strong>ttieiii‘superioribus</strong></span> <span class='ocrx_word' id='word_1_456' title='bbox 1149 5811 1438 5862; x_wconf 84' lang='lat' dir='ltr'><strong>editionibus</strong></span> <span class='ocrx_word' id='word_1_457' title='bbox 1461 5815 1705 5881; x_wconf 80' lang='lat' dir='ltr'><strong>superqu</strong></span> <span class='ocrx_word' id='word_1_458' title='bbox 1725 5818 1958 5881; x_wconf 82' lang='lat' dir='ltr'><strong>additum,</strong></span> <span class='ocrx_word' id='word_1_459' title='bbox 1985 5819 2086 5885; x_wconf 83' lang='lat' dir='ltr'><strong>q::i.</strong></span> 
     </span>
    </p>
   </div>
   <div class='ocr_carea' id='block_1_60' title="bbox 511 5865 932 5918">
    <p class='ocr_par' dir='ltr' id='par_1_60' title="bbox 511 5865 932 5918">
     <span class='ocr_line' id='line_1_60' title="bbox 511 5865 932 5918; baseline 0.017 -8"><span class='ocrx_word' id='word_1_460' title='bbox 511 5865 606 5911; x_wconf 65' lang='lat' dir='ltr'><strong>Ion</strong></span> <span class='ocrx_word' id='word_1_461' title='bbox 631 5871 736 5914; x_wconf 84' lang='lat' dir='ltr'><strong>erat</strong></span> <span class='ocrx_word' id='word_1_462' title='bbox 754 5867 803 5915; x_wconf 84' lang='lat' dir='ltr'><strong>tu</strong></span> <span class='ocrx_word' id='word_1_463' title='bbox 825 5865 932 5918; x_wconf 67' lang='lat' dir='ltr'><strong>Mss.</strong></span> 
     </span>
    </p>
   </div>
   <div class='ocr_carea' id='block_1_61' title="bbox 1133 416 3120 488">
    <p class='ocr_par' dir='ltr' id='par_1_61' title="bbox 1133 416 3120 488">
     <span class='ocr_line' id='line_1_61' title="bbox 1133 416 3120 488; baseline 0 -12"><span class='ocrx_word' id='word_1_464' title='bbox 1133 419 1402 476; x_wconf 71' lang='lat' dir='ltr'><strong>CONTRA</strong></span> <span class='ocrx_word' id='word_1_465' title='bbox 1445 419 1623 475; x_wconf 76' lang='lat' dir='ltr'><strong>DUAS</strong></span> <span class='ocrx_word' id='word_1_466' title='bbox 1662 417 2027 476; x_wconf 81' lang='lat' dir='ltr'><strong>EPISTOLAS</strong></span> <span class='ocrx_word' id='word_1_467' title='bbox 2065 416 2619 488; x_wconf 71' lang='lat' dir='ltr'><strong>PELAGIANORUM,</strong></span> <span class='ocrx_word' id='word_1_468' title='bbox 2657 420 2716 477; x_wconf 88' lang='lat' dir='ltr'><strong>S.</strong></span> <span class='ocrx_word' id='word_1_469' title='bbox 2757 420 3120 479; x_wconf 81' lang='lat' dir='ltr'><strong>AUGUSTINI</strong></span> 
     </span>
    </p>
   </div>
   <div class='ocr_carea' id='block_1_62' title="bbox 2184 533 3761 606">
    <p class='ocr_par' dir='ltr' id='par_1_62' title="bbox 2184 533 3761 606">
     <span class='ocr_line' id='line_1_62' title="bbox 2184 533 3761 606; baseline 0.003 -18"><span class='ocrx_word' id='word_1_470' title='bbox 2184 533 2509 602; x_wconf 83' lang='lat' dir='ltr'><strong>quantalibet</strong></span> <span class='ocrx_word' id='word_1_471' title='bbox 2539 533 2836 606; x_wconf 87' lang='lat' dir='ltr'><strong>Pelagiani,</strong></span> <span class='ocrx_word' id='word_1_472' title='bbox 2880 536 3000 606; x_wconf 88' lang='lat' dir='ltr'><strong>quia</strong></span> <span class='ocrx_word' id='word_1_473' title='bbox 3045 535 3160 590; x_wconf 73' lang='lat' dir='ltr'><strong>luce</strong></span> <span class='ocrx_word' id='word_1_474' title='bbox 3200 535 3444 602; x_wconf 89' lang='lat' dir='ltr'><strong>dicimus,</strong></span> <span class='ocrx_word' id='word_1_475' title='bbox 3473 533 3761 593; x_wconf 85' lang='lat' dir='ltr'><strong>adversum</strong></span> 
     </span>
    </p>
   </div>
   <div class='ocr_carea' id='block_1_63' title="bbox 2183 624 3764 698">
    <p class='ocr_par' dir='ltr' id='par_1_63' title="bbox 2183 624 3764 698">
     <span class='ocr_line' id='line_1_63' title="bbox 2183 624 3764 698; baseline 0.004 -21"><span class='ocrx_word' id='word_1_476' title='bbox 2183 638 2280 678; x_wconf 91' lang='lat' dir='ltr'><strong>nos</strong></span> <span class='ocrx_word' id='word_1_477' title='bbox 2309 624 2559 679; x_wconf 85' lang='lat' dir='ltr'><strong>inﬂentur</strong></span> <span class='ocrx_word' id='word_1_478' title='bbox 2582 634 2635 680; x_wconf 92' lang='lat' dir='ltr'><strong>et</strong></span> <span class='ocrx_word' id='word_1_479' title='bbox 2663 626 3060 695; x_wconf 87' lang='lat' dir='ltr'><strong>disrumpantur</strong></span> <span class='ocrx_word' id='word_1_480' title='bbox 3087 627 3289 681; x_wconf 85' lang='lat' dir='ltr'><strong>insania</strong></span> <span class='ocrx_word' id='word_1_481' title='bbox 3324 644 3338 680; x_wconf 92' lang='lat'><strong>:</strong></span> <span class='ocrx_word' id='word_1_482' title='bbox 3372 643 3475 681; x_wconf 91' lang='lat' dir='ltr'><strong>non</strong></span> <span class='ocrx_word' id='word_1_483' title='bbox 3506 629 3628 698; x_wconf 89' lang='lat' dir='ltr'><strong>quia</strong></span> <span class='ocrx_word' id='word_1_484' title='bbox 3658 628 3764 683; x_wconf 84' lang='lat' dir='ltr'><strong>ali-</strong></span> 
     </span>
    </p>
   </div>
   <div class='ocr_carea' id='block_1_64' title="bbox 2181 712 3763 784">
    <p class='ocr_par' dir='ltr' id='par_1_64' title="bbox 2181 712 3763 784">
     <span class='ocr_line' id='line_1_64' title="bbox 2181 712 3763 784; baseline 0.004 -19"><span class='ocrx_word' id='word_1_485' title='bbox 2181 712 2306 782; x_wconf 88' lang='lat' dir='ltr'><strong>quid</strong></span> <span class='ocrx_word' id='word_1_486' title='bbox 2338 715 2540 784; x_wconf 86' lang='lat' dir='ltr'><strong>peccati</strong></span> <span class='ocrx_word' id='word_1_487' title='bbox 2564 724 2819 776; x_wconf 85' lang='lat' dir='ltr'><strong>remanet.</strong></span> <span class='ocrx_word' id='word_1_488' title='bbox 2847 715 2984 784; x_wconf 89' lang='lat' dir='ltr'><strong>quod</strong></span> <span class='ocrx_word' id='word_1_489' title='bbox 3015 718 3065 769; x_wconf 93' lang='lat' dir='ltr'><strong>in</strong></span> <span class='ocrx_word' id='word_1_490' title='bbox 3089 715 3410 784; x_wconf 86' lang='lat' dir='ltr'><strong>Baptismate</strong></span> <span class='ocrx_word' id='word_1_491' title='bbox 3437 733 3542 770; x_wconf 92' lang='lat' dir='ltr'><strong>non</strong></span> <span class='ocrx_word' id='word_1_492' title='bbox 3571 718 3763 772; x_wconf 85' lang='lat' dir='ltr'><strong>remit-</strong></span> 
     </span>
    </p>
   </div>
   <div class='ocr_carea' id='block_1_65' title="bbox 2184 805 3766 877">
    <p class='ocr_par' dir='ltr' id='par_1_65' title="bbox 2184 805 3766 877">
     <span class='ocr_line' id='line_1_65' title="bbox 2184 805 3766 877; baseline 0.004 -19"><span class='ocrx_word' id='word_1_493' title='bbox 2184 813 2354 871; x_wconf 86' lang='lat' dir='ltr'><strong>tatur;</strong></span> <span class='ocrx_word' id='word_1_494' title='bbox 2383 805 2476 860; x_wconf 87' lang='lat' dir='ltr'><strong>sed</strong></span> <span class='ocrx_word' id='word_1_495' title='bbox 2524 808 2645 877; x_wconf 87' lang='lat' dir='ltr'><strong>quia</strong></span> <span class='ocrx_word' id='word_1_496' title='bbox 2700 823 2729 860; x_wconf 90' lang='lat' dir='ltr'><strong>a</strong></span> <span class='ocrx_word' id='word_1_497' title='bbox 2775 807 2926 861; x_wconf 89' lang='lat' dir='ltr'><strong>nobis</strong></span> <span class='ocrx_word' id='word_1_498' title='bbox 2957 809 2969 840; x_wconf 83' lang='lat'>&#39;</span> <span class='ocrx_word' id='word_1_499' title='bbox 2997 806 3048 862; x_wconf 93' lang='lat' dir='ltr'><strong>in</strong></span> <span class='ocrx_word' id='word_1_500' title='bbox 3097 807 3254 876; x_wconf 82' lang='lat' dir='ltr'><strong>hujus</strong></span> <span class='ocrx_word' id='word_1_501' title='bbox 3303 810 3424 863; x_wconf 77' lang='lat' dir='ltr'><strong>vita:</strong></span> <span class='ocrx_word' id='word_1_502' title='bbox 3452 810 3766 866; x_wconf 83' lang='lat' dir='ltr'><strong>inﬁrmitate</strong></span> 
     </span>
    </p>
   </div>
   <div class='ocr_carea' id='block_1_66' title="bbox 2183 898 3764 970">
    <p class='ocr_par' dir='ltr' id='par_1_66' title="bbox 2183 898 3764 970">
     <span class='ocr_line' id='line_1_66' title="bbox 2183 898 3764 970; baseline 0.004 -20"><span class='ocrx_word' id='word_1_503' title='bbox 2183 898 2516 952; x_wconf 85' lang='lat' dir='ltr'><strong>manentibus</strong></span> <span class='ocrx_word' id='word_1_504' title='bbox 2537 899 2772 968; x_wconf 89' lang='lat' dir='ltr'><strong>quotidie</strong></span> <span class='ocrx_word' id='word_1_505' title='bbox 2800 898 2912 953; x_wconf 87' lang='lat' dir='ltr'><strong>ﬁeri</strong></span> <span class='ocrx_word' id='word_1_506' title='bbox 2936 915 3038 952; x_wconf 88' lang='lat' dir='ltr'><strong>non</strong></span> <span class='ocrx_word' id='word_1_507' title='bbox 3063 901 3361 969; x_wconf 89' lang='lat' dir='ltr'><strong>quiescunt,</strong></span> <span class='ocrx_word' id='word_1_508' title='bbox 3389 916 3506 970; x_wconf 74' lang='lat' dir='ltr'><strong>qua:</strong></span> <span class='ocrx_word' id='word_1_509' title='bbox 3529 900 3764 956; x_wconf 89' lang='lat' dir='ltr'><strong>ﬁdeliter</strong></span> 
     </span>
    </p>
   </div>
   <div class='ocr_carea' id='block_1_67' title="bbox 2183 988 3764 1060">
    <p class='ocr_par' dir='ltr' id='par_1_67' title="bbox 2183 988 3764 1060">
     <span class='ocr_line' id='line_1_67' title="bbox 2183 988 3764 1060; baseline 0.004 -19"><span class='ocrx_word' id='word_1_510' title='bbox 2183 988 2454 1042; x_wconf 85' lang='lat' dir='ltr'><strong>orantibus</strong></span> <span class='ocrx_word' id='word_1_511' title='bbox 2495 999 2548 1044; x_wconf 93' lang='lat' dir='ltr'><strong>et</strong></span> <span class='ocrx_word' id='word_1_512' title='bbox 2578 988 2996 1044; x_wconf 83' lang='lat' dir='ltr'><strong>misericorditer</strong></span> <span class='ocrx_word' id='word_1_513' title='bbox 3022 992 3370 1056; x_wconf 88' lang='lat' dir='ltr'><strong>operantibus</strong></span> <span class='ocrx_word' id='word_1_514' title='bbox 3401 991 3636 1060; x_wconf 89' lang='lat' dir='ltr'><strong>quotidie</strong></span> <span class='ocrx_word' id='word_1_515' title='bbox 3671 1008 3764 1048; x_wconf 85' lang='lat' dir='ltr'><strong>re-</strong></span> 
     </span>
    </p>
   </div>
   <div class='ocr_carea' id='block_1_68' title="bbox 2184 1077 3766 1150">
    <p class='ocr_par' dir='ltr' id='par_1_68' title="bbox 2184 1077 3766 1150">
     <span class='ocr_line' id='line_1_68' title="bbox 2184 1077 3766 1150; baseline 0.002 -18"><span class='ocrx_word' id='word_1_516' title='bbox 2184 1077 2478 1132; x_wconf 90' lang='lat' dir='ltr'><strong>mittantur.</strong></span> <span class='ocrx_word' id='word_1_517' title='bbox 2525 1077 2649 1132; x_wconf 74' lang='lat' dir='ltr'><strong>Hzcc</strong></span> <span class='ocrx_word' id='word_1_518' title='bbox 2691 1088 2772 1132; x_wconf 89' lang='lat' dir='ltr'><strong>est</strong></span> <span class='ocrx_word' id='word_1_519' title='bbox 2825 1078 2944 1133; x_wconf 89' lang='lat' dir='ltr'><strong>ﬁdei</strong></span> <span class='ocrx_word' id='word_1_520' title='bbox 2995 1079 3270 1134; x_wconf 81' lang='lat' dir='ltr'><strong>catholicae</strong></span> <span class='ocrx_word' id='word_1_521' title='bbox 3313 1082 3545 1146; x_wconf 88' lang='lat' dir='ltr'><strong>sanitas,</strong></span> <span class='ocrx_word' id='word_1_522' title='bbox 3604 1097 3766 1150; x_wconf 86' lang='lat' dir='ltr'><strong>quam</strong></span> 
     </span>
    </p>
   </div>
   <div class='ocr_carea' id='block_1_69' title="bbox 2183 1167 3768 1240">
    <p class='ocr_par' dir='ltr' id='par_1_69' title="bbox 2183 1167 3768 1240">
     <span class='ocr_line' id='line_1_69' title="bbox 2183 1167 3768 1240; baseline 0.004 -20"><span class='ocrx_word' id='word_1_523' title='bbox 2183 1175 2398 1222; x_wconf 88' lang='lat' dir='ltr'><strong>sanctus</strong></span> <span class='ocrx_word' id='word_1_524' title='bbox 2423 1168 2616 1238; x_wconf 90' lang='lat' dir='ltr'><strong>ubique</strong></span> <span class='ocrx_word' id='word_1_525' title='bbox 2642 1167 2869 1223; x_wconf 86' lang='lat' dir='ltr'><strong>seminat</strong></span> <span class='ocrx_word' id='word_1_526' title='bbox 2906 1167 3158 1238; x_wconf 87' lang='lat' dir='ltr'><strong>Spiritus,</strong></span> <span class='ocrx_word' id='word_1_527' title='bbox 3203 1184 3306 1224; x_wconf 92' lang='lat' dir='ltr'><strong>non</strong></span> <span class='ocrx_word' id='word_1_528' title='bbox 3350 1171 3625 1240; x_wconf 88' lang='lat' dir='ltr'><strong>pravitatis</strong></span> <span class='ocrx_word' id='word_1_529' title='bbox 3651 1171 3768 1226; x_wconf 57' lang='lat' dir='ltr'><strong>haec</strong></span> 
     </span>
    </p>
   </div>
   <div class='ocr_carea' id='block_1_70' title="bbox 2183 1257 3310 1328">
    <p class='ocr_par' dir='ltr' id='par_1_70' title="bbox 2183 1257 3310 1328">
     <span class='ocr_line' id='line_1_70' title="bbox 2183 1257 3310 1328; baseline -0.001 -14"><span class='ocrx_word' id='word_1_530' title='bbox 2183 1259 2361 1314; x_wconf 70' lang='lat' dir='ltr'><strong>reticre</strong></span> <span class='ocrx_word' id='word_1_531' title='bbox 2386 1258 2594 1311; x_wconf 85' lang='lat' dir='ltr'><strong>vanitas</strong></span> <span class='ocrx_word' id='word_1_532' title='bbox 2622 1269 2674 1312; x_wconf 91' lang='lat' dir='ltr'><strong>et</strong></span> <span class='ocrx_word' id='word_1_533' title='bbox 2703 1259 3052 1328; x_wconf 61' lang='lat' dir='ltr'><strong>praesumptio</strong></span> <span class='ocrx_word' id='word_1_534' title='bbox 3072 1257 3310 1328; x_wconf 89' lang='lat' dir='ltr'><strong>spiritus.</strong></span> 
     </span>
    </p>
   </div>
   <div class='ocr_carea' id='block_1_71' title="bbox 2253 1347 3770 1416">
    <p class='ocr_par' dir='ltr' id='par_1_71' title="bbox 2253 1347 3770 1416">
     <span class='ocr_line' id='line_1_71' title="bbox 2253 1347 3770 1416; baseline -0.001 -14"><span class='ocrx_word' id='word_1_535' title='bbox 2253 1347 2476 1403; x_wconf 85' lang='lat' dir='ltr'><strong>CAPUT</strong></span> <span class='ocrx_word' id='word_1_536' title='bbox 2503 1347 2618 1404; x_wconf 77' lang='lat' dir='ltr'><strong>XV.</strong></span> <span class='ocrx_word' id='word_1_537' title='bbox 2640 1379 2712 1388; x_wconf 98' lang='lat'>—</span> <span class='ocrx_word' id='word_1_538' title='bbox 2731 1347 2822 1403; x_wconf 74' lang='grc'><strong>29.</strong></span> <span class='ocrx_word' id='word_1_539' title='bbox 2853 1347 3092 1402; x_wconf 81' lang='lat' dir='ltr'><strong>Julianus</strong></span> <span class='ocrx_word' id='word_1_540' title='bbox 3135 1364 3340 1402; x_wconf 82' lang='lat' dir='ltr'><strong>suorum</strong></span> <span class='ocrx_word' id='word_1_541' title='bbox 3384 1349 3535 1416; x_wconf 79' lang='lat' dir='ltr'><strong>fidem</strong></span> <span class='ocrx_word' id='word_1_542' title='bbox 3585 1347 3770 1402; x_wconf 82' lang='lat' dir='ltr'><strong>Catho-</strong></span> 
     </span>
    </p>
   </div>
   <div class='ocr_carea' id='block_1_72' title="bbox 2185 1438 3772 1511">
    <p class='ocr_par' dir='ltr' id='par_1_72' title="bbox 2185 1438 3772 1511">
     <span class='ocr_line' id='line_1_72' title="bbox 2185 1438 3772 1511; baseline 0.001 -18"><span class='ocrx_word' id='word_1_543' title='bbox 2185 1438 2394 1493; x_wconf 81' lang='lat' dir='ltr'><strong>licorum</strong></span> <span class='ocrx_word' id='word_1_544' title='bbox 2426 1441 2680 1494; x_wconf 84' lang='lat' dir='ltr'><strong>sententiis</strong></span> <span class='ocrx_word' id='word_1_545' title='bbox 2721 1439 2951 1511; x_wconf 78' lang='lat' dir='ltr'><strong>opponit.</strong></span> <span class='ocrx_word' id='word_1_546' title='bbox 2973 1441 3246 1495; x_wconf 76' lang='lat' dir='ltr'><strong>Antitltesis</strong></span> <span class='ocrx_word' id='word_1_547' title='bbox 3289 1441 3472 1507; x_wconf 82' lang='lat' dir='ltr'><strong>prima,</strong></span> <span class='ocrx_word' id='word_1_548' title='bbox 3520 1442 3582 1493; x_wconf 88' lang='lat' dir='ltr'><strong>de</strong></span> <span class='ocrx_word' id='word_1_549' title='bbox 3610 1441 3772 1494; x_wconf 86' lang='lat' dir='ltr'><strong>libero</strong></span> 
     </span>
    </p>
   </div>
   <div class='ocr_carea' id='block_1_73' title="bbox 2184 1530 3769 1603">
    <p class='ocr_par' dir='ltr' id='par_1_73' title="bbox 2184 1530 3769 1603">
     <span class='ocr_line' id='line_1_73' title="bbox 2184 1530 3769 1603; baseline 0.001 -19"><span class='ocrx_word' id='word_1_550' title='bbox 2184 1531 2407 1584; x_wconf 86' lang='lat' dir='ltr'><strong>arbitrio.</strong></span> <span class='ocrx_word' id='word_1_551' title='bbox 2439 1530 2695 1596; x_wconf 83' lang='lat' dir='ltr'><strong>Secunda,</strong></span> <span class='ocrx_word' id='word_1_552' title='bbox 2718 1531 2780 1584; x_wconf 88' lang='lat' dir='ltr'><strong>de</strong></span> <span class='ocrx_word' id='word_1_553' title='bbox 2808 1532 3014 1602; x_wconf 83' lang='lat' dir='ltr'><strong>nuptiis.</strong></span> <span class='ocrx_word' id='word_1_554' title='bbox 3047 1532 3236 1597; x_wconf 83' lang='lat' dir='ltr'><strong>Tertia,</strong></span> <span class='ocrx_word' id='word_1_555' title='bbox 3253 1532 3314 1585; x_wconf 83' lang='lat' dir='ltr'><strong>de</strong></span> <span class='ocrx_word' id='word_1_556' title='bbox 3339 1533 3595 1603; x_wconf 82' lang='lat' dir='ltr'><strong>conjugali</strong></span> <span class='ocrx_word' id='word_1_557' title='bbox 3624 1549 3769 1586; x_wconf 84' lang='lat' dir='ltr'><strong>com-</strong></span> 
     </span>
    </p>
   </div>
   <div class='ocr_carea' id='block_1_74' title="bbox 2185 1621 3774 1693">
    <p class='ocr_par' dir='ltr' id='par_1_74' title="bbox 2185 1621 3774 1693">
     <span class='ocr_line' id='line_1_74' title="bbox 2185 1621 3774 1693; baseline 0.001 -18"><span class='ocrx_word' id='word_1_558' title='bbox 2185 1622 2443 1676; x_wconf 73' lang='lat' dir='ltr'><strong>mixtione.</strong></span> <span class='ocrx_word' id='word_1_559' title='bbox 2469 1621 2582 1676; x_wconf 84' lang='lat' dir='ltr'><strong>Jam</strong></span> <span class='ocrx_word' id='word_1_560' title='bbox 2615 1623 2789 1691; x_wconf 89' lang='lat' dir='ltr'><strong>itaque</strong></span> <span class='ocrx_word' id='word_1_561' title='bbox 2827 1623 2893 1678; x_wconf 90' lang='lat' dir='ltr'><strong>de</strong></span> <span class='ocrx_word' id='word_1_562' title='bbox 2942 1632 3138 1678; x_wconf 62' lang='grc' dir='ltr'><strong>οςιξιρτο</strong></span> <span class='ocrx_word' id='word_1_563' title='bbox 3163 1623 3473 1689; x_wconf 84' lang='lat' dir='ltr'><strong>videamus,</strong></span> <span class='ocrx_word' id='word_1_564' title='bbox 3506 1622 3774 1693; x_wconf 83' lang='lat' dir='ltr'><strong>quemad-</strong></span> 
     </span>
    </p>
   </div>
   <div class='ocr_carea' id='block_1_75' title="bbox 2187 1712 3775 1784">
    <p class='ocr_par' dir='ltr' id='par_1_75' title="bbox 2187 1712 3775 1784">
     <span class='ocr_line' id='line_1_75' title="bbox 2187 1712 3775 1784; baseline 0.001 -18"><span class='ocrx_word' id='word_1_565' title='bbox 2187 1712 2401 1766; x_wconf 89' lang='lat' dir='ltr'><strong>modum</strong></span> <span class='ocrx_word' id='word_1_566' title='bbox 2430 1723 2771 1784; x_wconf 84' lang='lat' dir='ltr'><strong>posteaquam</strong></span> <span class='ocrx_word' id='word_1_567' title='bbox 2827 1713 2979 1767; x_wconf 91' lang='lat' dir='ltr'><strong>nobis</strong></span> <span class='ocrx_word' id='word_1_568' title='bbox 3023 1713 3353 1768; x_wconf 89' lang='lat' dir='ltr'><strong>calumniosc</strong></span> <span class='ocrx_word' id='word_1_569' title='bbox 3402 1713 3605 1782; x_wconf 84' lang='lat' dir='ltr'><strong>putavit</strong></span> <span class='ocrx_word' id='word_1_570' title='bbox 3630 1712 3775 1782; x_wconf 84' lang='lat' dir='ltr'><strong>obji-</strong></span> 
     </span>
    </p>
   </div>
   <div class='ocr_carea' id='block_1_76' title="bbox 2185 1801 3769 1878">
    <p class='ocr_par' dir='ltr' id='par_1_76' title="bbox 2185 1801 3769 1878">
     <span class='ocr_line' id='line_1_76' title="bbox 2185 1801 3769 1878; baseline -0.001 -20"><span class='ocrx_word' id='word_1_571' title='bbox 2185 1802 2371 1858; x_wconf 90' lang='lat' dir='ltr'><strong>cienda</strong></span> <span class='ocrx_word' id='word_1_572' title='bbox 2393 1819 2509 1872; x_wconf 73' lang='lat' dir='ltr'><strong>qua:</strong></span> <span class='ocrx_word' id='word_1_573' title='bbox 2534 1802 2819 1878; x_wconf 84' lang='lat' dir='ltr'><strong>credimus,</strong></span> <span class='ocrx_word' id='word_1_574' title='bbox 2843 1811 2896 1857; x_wconf 91' lang='lat' dir='ltr'><strong>et</strong></span> <span class='ocrx_word' id='word_1_575' title='bbox 2913 1803 3156 1874; x_wconf 86' lang='lat' dir='ltr'><strong>ﬁngenda</strong></span> <span class='ocrx_word' id='word_1_576' title='bbox 3183 1820 3298 1873; x_wconf 70' lang='lat' dir='ltr'><strong>qua:</strong></span> <span class='ocrx_word' id='word_1_577' title='bbox 3336 1819 3441 1857; x_wconf 85' lang='lat' dir='ltr'><strong>non</strong></span> <span class='ocrx_word' id='word_1_578' title='bbox 3471 1801 3769 1869; x_wconf 85' lang='lat' dir='ltr'><strong>credimus,</strong></span> 
     </span>
    </p>
   </div>
   <div class='ocr_carea' id='block_1_77' title="bbox 2185 1893 3774 1964">
    <p class='ocr_par' dir='ltr' id='par_1_77' title="bbox 2185 1893 3774 1964">
     <span class='ocr_line' id='line_1_77' title="bbox 2185 1893 3774 1964; baseline 0.001 -18"><span class='ocrx_word' id='word_1_579' title='bbox 2185 1905 2334 1947; x_wconf 90' lang='lat' dir='ltr'><strong>suam</strong></span> <span class='ocrx_word' id='word_1_580' title='bbox 2358 1893 2469 1962; x_wconf 90' lang='lat' dir='ltr'><strong>ipse</strong></span> <span class='ocrx_word' id='word_1_581' title='bbox 2498 1895 2578 1946; x_wconf 89' lang='lat' dir='ltr'><strong>vel</strong></span> <span class='ocrx_word' id='word_1_582' title='bbox 2603 1894 3002 1963; x_wconf 85' lang='lat' dir='ltr'><strong>Pelagianorum</strong></span> <span class='ocrx_word' id='word_1_583' title='bbox 3033 1893 3190 1949; x_wconf 87' lang='lat' dir='ltr'><strong>ﬁdem</strong></span> <span class='ocrx_word' id='word_1_584' title='bbox 3223 1895 3552 1964; x_wconf 82' lang='lat' dir='ltr'><strong>proﬁteatur.</strong></span> <span class='ocrx_word' id='word_1_585' title='bbox 3586 1913 3604 1945; x_wconf 74' lang='grc' dir='ltr'><strong>ι</strong></span> <span class='ocrx_word' id='word_1_586' title='bbox 3627 1895 3774 1948; x_wconf 81' lang='lat' dir='ltr'><strong>Con-</strong></span> 
     </span>
    </p>
   </div>
   <div class='ocr_carea' id='block_1_78' title="bbox 2188 1983 3772 2055">
    <p class='ocr_par' dir='ltr' id='par_1_78' title="bbox 2188 1983 3772 2055">
     <span class='ocr_line' id='line_1_78' title="bbox 2188 1983 3772 2055; baseline 0 -18"><span class='ocrx_word' id='word_1_587' title='bbox 2188 1992 2266 2038; x_wconf 91' lang='lat' dir='ltr'><strong>tra</strong></span> <span class='ocrx_word' id='word_1_588' title='bbox 2298 1984 2428 2047; x_wconf 75' lang='lat' dir='ltr'><strong>luce,</strong></span> <span class='ocrx_word' id='word_1_589' title='bbox 2465 2004 2484 2036; x_wconf 73' lang='grc' dir='ltr'><strong>ι</strong></span> <span class='ocrx_word' id='word_1_590' title='bbox 2517 1983 2703 2055; x_wconf 87' lang='lat' dir='ltr'><strong>inquit,</strong></span> <span class='ocrx_word' id='word_1_591' title='bbox 2736 2003 2754 2036; x_wconf 85' lang='lat' dir='ltr'><strong>s</strong></span> <span class='ocrx_word' id='word_1_592' title='bbox 2791 2000 2890 2038; x_wconf 80' lang='lat' dir='ltr'><strong>nos</strong></span> <span class='ocrx_word' id='word_1_593' title='bbox 2913 1985 3152 2054; x_wconf 87' lang='lat' dir='ltr'><strong>quotidie</strong></span> <span class='ocrx_word' id='word_1_594' title='bbox 3175 1984 3530 2055; x_wconf 87' lang='lat' dir='ltr'><strong>disputamus,</strong></span> <span class='ocrx_word' id='word_1_595' title='bbox 3565 1992 3618 2039; x_wconf 90' lang='lat' dir='ltr'><strong>et</strong></span> <span class='ocrx_word' id='word_1_596' title='bbox 3642 1983 3772 2038; x_wconf 86' lang='lat' dir='ltr'><strong>ideo</strong></span> 
     </span>
    </p>
   </div>
   <div class='ocr_carea' id='block_1_79' title="bbox 2187 2076 3769 2147">
    <p class='ocr_par' dir='ltr' id='par_1_79' title="bbox 2187 2076 3769 2147">
     <span class='ocr_line' id='line_1_79' title="bbox 2187 2076 3769 2147; baseline -0.001 -15"><span class='ocrx_word' id='word_1_597' title='bbox 2187 2078 2432 2132; x_wconf 86' lang='lat' dir='ltr'><strong>nolumus</strong></span> <span class='ocrx_word' id='word_1_598' title='bbox 2460 2078 2948 2147; x_wconf 69' lang='lat' dir='ltr'><strong>przevaricatoribus</strong></span> <span class='ocrx_word' id='word_1_599' title='bbox 2973 2077 3227 2133; x_wconf 89' lang='lat' dir='ltr'><strong>adhibere</strong></span> <span class='ocrx_word' id='word_1_600' title='bbox 3253 2093 3575 2132; x_wconf 88' lang='lat' dir='ltr'><strong>consensum</strong></span> <span class='ocrx_word' id='word_1_601' title='bbox 3596 2115 3612 2142; x_wconf 83' lang='lat'><strong>,</strong></span> <span class='ocrx_word' id='word_1_602' title='bbox 3638 2076 3769 2147; x_wconf 81' lang='lat' dir='ltr'><strong>quia</strong></span> 
     </span>
    </p>
   </div>
   <div class='ocr_carea' id='block_1_80' title="bbox 2187 2169 3771 2225">
    <p class='ocr_par' dir='ltr' id='par_1_80' title="bbox 2187 2169 3771 2225">
     <span class='ocr_line' id='line_1_80' title="bbox 2187 2169 3771 2225; baseline -0.001 -2"><span class='ocrx_word' id='word_1_603' title='bbox 2187 2185 2285 2223; x_wconf 88' lang='lat' dir='ltr'><strong>nos</strong></span> <span class='ocrx_word' id='word_1_604' title='bbox 2311 2169 2536 2224; x_wconf 88' lang='lat' dir='ltr'><strong>dicimus</strong></span> <span class='ocrx_word' id='word_1_605' title='bbox 2577 2170 2799 2225; x_wconf 89' lang='lat' dir='ltr'><strong>liberum</strong></span> <span class='ocrx_word' id='word_1_606' title='bbox 2829 2170 3106 2225; x_wconf 90' lang='lat' dir='ltr'><strong>arbitrium</strong></span> <span class='ocrx_word' id='word_1_607' title='bbox 3146 2171 3199 2225; x_wconf 90' lang='lat' dir='ltr'><strong>in</strong></span> <span class='ocrx_word' id='word_1_608' title='bbox 3235 2171 3480 2225; x_wconf 89' lang='lat' dir='ltr'><strong>omnibus</strong></span> <span class='ocrx_word' id='word_1_609' title='bbox 3518 2184 3637 2225; x_wconf 91' lang='lat' dir='ltr'><strong>esse</strong></span> <span class='ocrx_word' id='word_1_610' title='bbox 3666 2183 3771 2223; x_wconf 84' lang='lat' dir='ltr'><strong>na-</strong></span> 
     </span>
    </p>
   </div>
   <div class='ocr_carea' id='block_1_81' title="bbox 2189 2258 3772 2332">
    <p class='ocr_par' dir='ltr' id='par_1_81' title="bbox 2189 2258 3772 2332">
     <span class='ocr_line' id='line_1_81' title="bbox 2189 2258 3772 2332; baseline -0.001 -18"><span class='ocrx_word' id='word_1_611' title='bbox 2189 2261 2452 2326; x_wconf 86' lang='lat' dir='ltr'><strong>turaliter,</strong></span> <span class='ocrx_word' id='word_1_612' title='bbox 2497 2276 2597 2315; x_wconf 90' lang='lat' dir='ltr'><strong>nec</strong></span> <span class='ocrx_word' id='word_1_613' title='bbox 2648 2260 2777 2314; x_wconf 80' lang='lat' dir='ltr'><strong>Adae</strong></span> <span class='ocrx_word' id='word_1_614' title='bbox 2831 2270 3049 2330; x_wconf 90' lang='lat' dir='ltr'><strong>peccato</strong></span> <span class='ocrx_word' id='word_1_615' title='bbox 3090 2261 3264 2330; x_wconf 80' lang='lat' dir='ltr'><strong>perire</strong></span> <span class='ocrx_word' id='word_1_616' title='bbox 3311 2261 3592 2332; x_wconf 87' lang='lat' dir='ltr'><strong>potuisse:</strong></span> <span class='ocrx_word' id='word_1_617' title='bbox 3623 2258 3772 2330; x_wconf 84' lang='lat' dir='ltr'><strong>quod</strong></span> 
     </span>
    </p>
   </div>
   <div class='ocr_carea' id='block_1_82' title="bbox 2190 2353 3774 2423">
    <p class='ocr_par' dir='ltr' id='par_1_82' title="bbox 2190 2353 3774 2423">
     <span class='ocr_line' id='line_1_82' title="bbox 2190 2353 3774 2423; baseline 0.001 -14"><span class='ocrx_word' id='word_1_618' title='bbox 2190 2353 2578 2423; x_wconf 88' lang='lat' dir='ltr'><strong>Scripturarum</strong></span> <span class='ocrx_word' id='word_1_619' title='bbox 2609 2354 2843 2408; x_wconf 90' lang='lat' dir='ltr'><strong>omnium</strong></span> <span class='ocrx_word' id='word_1_620' title='bbox 2869 2355 3181 2410; x_wconf 85' lang='lat' dir='ltr'><strong>auctoritate</strong></span> <span class='ocrx_word' id='word_1_621' title='bbox 3207 2355 3464 2409; x_wconf 87' lang='lat' dir='ltr'><strong>ﬁrmatur.</strong></span> <span class='ocrx_word' id='word_1_622' title='bbox 3500 2374 3519 2407; x_wconf 78' lang='grc' dir='ltr'><strong>ι</strong></span> <span class='ocrx_word' id='word_1_623' title='bbox 3564 2355 3692 2410; x_wconf 65' lang='lat' dir='ltr'><strong>Ilaec</strong></span> <span class='ocrx_word' id='word_1_624' title='bbox 3723 2353 3774 2410; x_wconf 77' lang='lat' dir='ltr'><strong>si</strong></span> 
     </span>
    </p>
   </div>
   <div class='ocr_carea' id='block_1_83' title="bbox 2190 2445 3773 2517">
    <p class='ocr_par' dir='ltr' id='par_1_83' title="bbox 2190 2445 3773 2517">
     <span class='ocr_line' id='line_1_83' title="bbox 2190 2445 3773 2517; baseline 0.001 -19"><span class='ocrx_word' id='word_1_625' title='bbox 2190 2445 2632 2516; x_wconf 88' lang='lat' dir='ltr'><strong>quemadmodum</strong></span> <span class='ocrx_word' id='word_1_626' title='bbox 2672 2455 2909 2515; x_wconf 78' lang='lat' dir='ltr'><strong>Oportet,</strong></span> <span class='ocrx_word' id='word_1_627' title='bbox 2950 2462 3055 2501; x_wconf 88' lang='lat' dir='ltr'><strong>non</strong></span> <span class='ocrx_word' id='word_1_628' title='bbox 3105 2456 3288 2501; x_wconf 85' lang='lat' dir='ltr'><strong>contra</strong></span> <span class='ocrx_word' id='word_1_629' title='bbox 3320 2447 3408 2501; x_wconf 88' lang='lat' dir='ltr'><strong>Dei</strong></span> <span class='ocrx_word' id='word_1_630' title='bbox 3431 2448 3650 2517; x_wconf 89' lang='lat' dir='ltr'><strong>gratiam</strong></span> <span class='ocrx_word' id='word_1_631' title='bbox 3682 2447 3773 2500; x_wconf 80' lang='lat' dir='ltr'><strong>di-</strong></span> 
     </span>
    </p>
   </div>
   <div class='ocr_carea' id='block_1_84' title="bbox 2191 2536 3775 2607">
    <p class='ocr_par' dir='ltr' id='par_1_84' title="bbox 2191 2536 3775 2607">
     <span class='ocr_line' id='line_1_84' title="bbox 2191 2536 3775 2607; baseline 0.001 -17"><span class='ocrx_word' id='word_1_632' title='bbox 2191 2536 2414 2602; x_wconf 87' lang='lat' dir='ltr'><strong>ceretis;</strong></span> <span class='ocrx_word' id='word_1_633' title='bbox 2461 2552 2566 2590; x_wconf 93' lang='lat' dir='ltr'><strong>non</strong></span> <span class='ocrx_word' id='word_1_634' title='bbox 2594 2551 2911 2591; x_wconf 90' lang='lat' dir='ltr'><strong>consensum</strong></span> <span class='ocrx_word' id='word_1_635' title='bbox 2944 2539 2965 2569; x_wconf 81' lang='lat'>&#39;</span> <span class='ocrx_word' id='word_1_636' title='bbox 3002 2538 3494 2607; x_wconf 72' lang='lat' dir='ltr'><strong>prmvaricatoribns</strong></span> <span class='ocrx_word' id='word_1_637' title='bbox 3542 2536 3775 2592; x_wconf 80' lang='lat' dir='ltr'><strong>adhibe-</strong></span> 
     </span>
    </p>
   </div>
   <div class='ocr_carea' id='block_1_85' title="bbox 2191 2627 3773 2699">
    <p class='ocr_par' dir='ltr' id='par_1_85' title="bbox 2191 2627 3773 2699">
     <span class='ocr_line' id='line_1_85' title="bbox 2191 2627 3773 2699; baseline -0.001 -17"><span class='ocrx_word' id='word_1_638' title='bbox 2191 2627 2354 2694; x_wconf 90' lang='lat' dir='ltr'><strong>retis,</strong></span> <span class='ocrx_word' id='word_1_639' title='bbox 2385 2627 2478 2683; x_wconf 90' lang='lat' dir='ltr'><strong>sed</strong></span> <span class='ocrx_word' id='word_1_640' title='bbox 2523 2637 2758 2682; x_wconf 84' lang='lat' dir='ltr'><strong>vestrum</strong></span> <span class='ocrx_word' id='word_1_641' title='bbox 2787 2643 3000 2683; x_wconf 90' lang='lat' dir='ltr'><strong>sensum</strong></span> <span class='ocrx_word' id='word_1_642' title='bbox 3042 2628 3397 2699; x_wconf 86' lang='lat' dir='ltr'><strong>corrigeretis.</strong></span> <span class='ocrx_word' id='word_1_643' title='bbox 3426 2628 3560 2682; x_wconf 80' lang='lat' dir='ltr'><strong>Hinc</strong></span> <span class='ocrx_word' id='word_1_644' title='bbox 3586 2637 3773 2682; x_wconf 80' lang='lat' dir='ltr'><strong>autem</strong></span> 
     </span>
    </p>
   </div>
   <div class='ocr_carea' id='block_1_86' title="bbox 2191 2718 3771 2789">
    <p class='ocr_par' dir='ltr' id='par_1_86' title="bbox 2191 2718 3771 2789">
     <span class='ocr_line' id='line_1_86' title="bbox 2191 2718 3771 2789; baseline 0.001 -17"><span class='ocrx_word' id='word_1_645' title='bbox 2191 2729 2443 2787; x_wconf 87' lang='lat' dir='ltr'><strong>quantum</strong></span> <span class='ocrx_word' id='word_1_646' title='bbox 2473 2719 2762 2787; x_wconf 87' lang='lat' dir='ltr'><strong>potuimus,</strong></span> <span class='ocrx_word' id='word_1_647' title='bbox 2787 2728 2841 2774; x_wconf 89' lang='lat' dir='ltr'><strong>et</strong></span> <span class='ocrx_word' id='word_1_648' title='bbox 2881 2727 3136 2789; x_wconf 74' lang='lat' dir='ltr'><strong>quantum</strong></span> <span class='ocrx_word' id='word_1_649' title='bbox 3180 2718 3428 2774; x_wconf 88' lang='lat' dir='ltr'><strong>sufﬁcere</strong></span> <span class='ocrx_word' id='word_1_650' title='bbox 3453 2719 3620 2774; x_wconf 91' lang='lat' dir='ltr'><strong>visum</strong></span> <span class='ocrx_word' id='word_1_651' title='bbox 3652 2726 3771 2784; x_wconf 85' lang='lat' dir='ltr'><strong>est,</strong></span> 
     </span>
    </p>
   </div>
   <div class='ocr_carea' id='block_1_87' title="bbox 2191 2811 2865 2881">
    <p class='ocr_par' dir='ltr' id='par_1_87' title="bbox 2191 2811 2865 2881">
     <span class='ocr_line' id='line_1_87' title="bbox 2191 2811 2865 2881; baseline -0.003 -15"><span class='ocrx_word' id='word_1_652' title='bbox 2191 2811 2434 2881; x_wconf 87' lang='lat' dir='ltr'><strong>superius</strong></span> <span class='ocrx_word' id='word_1_653' title='bbox 2461 2811 2865 2880; x_wconf 87' lang='lat' dir='ltr'><strong>disputavimus.</strong></span> 
     </span>
    </p>
   </div>
   <div class='ocr_carea' id='block_1_88' title="bbox 2262 2902 3775 2974">
    <p class='ocr_par' dir='ltr' id='par_1_88' title="bbox 2262 2902 3775 2974">
     <span class='ocr_line' id='line_1_88' title="bbox 2262 2902 3775 2974; baseline 0 -17"><span class='ocrx_word' id='word_1_654' title='bbox 2262 2902 2352 2958; x_wconf 84' lang='lat'><strong>50.</strong></span> <span class='ocrx_word' id='word_1_655' title='bbox 2387 2921 2406 2955; x_wconf 76' lang='grc' dir='ltr'><strong>ι</strong></span> <span class='ocrx_word' id='word_1_656' title='bbox 2437 2904 2686 2969; x_wconf 91' lang='lat' dir='ltr'><strong>Dicimus,</strong></span> <span class='ocrx_word' id='word_1_657' title='bbox 2727 2923 2746 2956; x_wconf 71' lang='grc' dir='ltr'><strong>ι</strong></span> <span class='ocrx_word' id='word_1_658' title='bbox 2807 2903 2997 2974; x_wconf 91' lang='lat' dir='ltr'><strong>inquit,</strong></span> <span class='ocrx_word' id='word_1_659' title='bbox 3034 2922 3054 2956; x_wconf 73' lang='grc' dir='ltr'><strong>ι</strong></span> <span class='ocrx_word' id='word_1_660' title='bbox 3090 2903 3186 2958; x_wconf 84' lang='lat' dir='ltr'><strong>has</strong></span> <span class='ocrx_word' id='word_1_661' title='bbox 3211 2919 3332 2974; x_wconf 64' lang='lat' dir='ltr'><strong>qua:</strong></span> <span class='ocrx_word' id='word_1_662' title='bbox 3371 2917 3513 2957; x_wconf 91' lang='lat' dir='ltr'><strong>nunc</strong></span> <span class='ocrx_word' id='word_1_663' title='bbox 3538 2911 3775 2974; x_wconf 85' lang='lat' dir='ltr'><strong>aguntur</strong></span> 
     </span>
    </p>
   </div>
   <div class='ocr_carea' id='block_1_89' title="bbox 2194 2992 3775 3064">
    <p class='ocr_par' dir='ltr' id='par_1_89' title="bbox 2194 2992 3775 3064">
     <span class='ocr_line' id='line_1_89' title="bbox 2194 2992 3775 3064; baseline 0.001 -17"><span class='ocrx_word' id='word_1_664' title='bbox 2194 2992 2246 3047; x_wconf 90' lang='lat' dir='ltr'><strong>in</strong></span> <span class='ocrx_word' id='word_1_665' title='bbox 2271 2993 2400 3048; x_wconf 90' lang='lat' dir='ltr'><strong>orbe</strong></span> <span class='ocrx_word' id='word_1_666' title='bbox 2428 3003 2709 3060; x_wconf 89' lang='lat' dir='ltr'><strong>terrarum,</strong></span> <span class='ocrx_word' id='word_1_667' title='bbox 2737 3009 2767 3048; x_wconf 87' lang='lat' dir='ltr'><strong>a</strong></span> <span class='ocrx_word' id='word_1_668' title='bbox 2800 2995 2909 3049; x_wconf 87' lang='lat' dir='ltr'><strong>Deo</strong></span> <span class='ocrx_word' id='word_1_669' title='bbox 2937 2996 3146 3064; x_wconf 91' lang='lat' dir='ltr'><strong>nuptias</strong></span> <span class='ocrx_word' id='word_1_670' title='bbox 3173 2995 3436 3049; x_wconf 88' lang='lat' dir='ltr'><strong>institutas</strong></span> <span class='ocrx_word' id='word_1_671' title='bbox 3456 3035 3472 3060; x_wconf 94' lang='lat'><strong>,</strong></span> <span class='ocrx_word' id='word_1_672' title='bbox 3506 3010 3603 3048; x_wconf 91' lang='lat' dir='ltr'><strong>nec</strong></span> <span class='ocrx_word' id='word_1_673' title='bbox 3645 3008 3775 3049; x_wconf 86' lang='lat' dir='ltr'><strong>reos</strong></span> 
     </span>
    </p>
   </div>
   <div class='ocr_carea' id='block_1_90' title="bbox 2193 3083 3778 3154">
    <p class='ocr_par' dir='ltr' id='par_1_90' title="bbox 2193 3083 3778 3154">
     <span class='ocr_line' id='line_1_90' title="bbox 2193 3083 3778 3154; baseline 0.001 -16"><span class='ocrx_word' id='word_1_674' title='bbox 2193 3099 2310 3138; x_wconf 88' lang='lat' dir='ltr'><strong>esse</strong></span> <span class='ocrx_word' id='word_1_675' title='bbox 2335 3083 2610 3154; x_wconf 88' lang='lat' dir='ltr'><strong>conjuges,</strong></span> <span class='ocrx_word' id='word_1_676' title='bbox 2665 3085 2759 3139; x_wconf 90' lang='lat' dir='ltr'><strong>sed</strong></span> <span class='ocrx_word' id='word_1_677' title='bbox 2794 3085 3141 3140; x_wconf 88' lang='lat' dir='ltr'><strong>fornicatores</strong></span> <span class='ocrx_word' id='word_1_678' title='bbox 3188 3093 3242 3140; x_wconf 87' lang='lat' dir='ltr'><strong>et</strong></span> <span class='ocrx_word' id='word_1_679' title='bbox 3278 3085 3546 3140; x_wconf 91' lang='lat' dir='ltr'><strong>adulteros</strong></span> <span class='ocrx_word' id='word_1_680' title='bbox 3573 3085 3778 3140; x_wconf 88' lang='lat' dir='ltr'><strong>conde-</strong></span> 
     </span>
    </p>
   </div>
   <div class='ocr_carea' id='block_1_91' title="bbox 2192 3173 3775 3244">
    <p class='ocr_par' dir='ltr' id='par_1_91' title="bbox 2192 3173 3775 3244">
     <span class='ocr_line' id='line_1_91' title="bbox 2192 3173 3775 3244; baseline -0.001 -14"><span class='ocrx_word' id='word_1_681' title='bbox 2192 3175 2467 3230; x_wconf 92' lang='lat' dir='ltr'><strong>mnandos.</strong></span> <span class='ocrx_word' id='word_1_682' title='bbox 2505 3195 2524 3228; x_wconf 71' lang='grc' dir='ltr'><strong>ι</strong></span> <span class='ocrx_word' id='word_1_683' title='bbox 2554 3175 2665 3230; x_wconf 94' lang='lat' dir='ltr'><strong>lloc</strong></span> <span class='ocrx_word' id='word_1_684' title='bbox 2706 3193 2888 3230; x_wconf 87' lang='lat' dir='ltr'><strong>verum</strong></span> <span class='ocrx_word' id='word_1_685' title='bbox 2927 3185 2976 3230; x_wconf 93' lang='lat' dir='ltr'><strong>et</strong></span> <span class='ocrx_word' id='word_1_686' title='bbox 3013 3176 3329 3230; x_wconf 89' lang='lat' dir='ltr'><strong>catholicum</strong></span> <span class='ocrx_word' id='word_1_687' title='bbox 3355 3185 3436 3230; x_wconf 88' lang='lat' dir='ltr'><strong>est</strong></span> <span class='ocrx_word' id='word_1_688' title='bbox 3465 3175 3594 3230; x_wconf 90' lang='lat' dir='ltr'><strong>:scd</strong></span> <span class='ocrx_word' id='word_1_689' title='bbox 3623 3173 3775 3244; x_wconf 81' lang='lat' dir='ltr'><strong>quod</strong></span> 
     </span>
    </p>
   </div>
   <div class='ocr_carea' id='block_1_92' title="bbox 2192 3265 3777 3332">
    <p class='ocr_par' dir='ltr' id='par_1_92' title="bbox 2192 3265 3777 3332">
     <span class='ocr_line' id='line_1_92' title="bbox 2192 3265 3777 3332; baseline 0 -10"><span class='ocrx_word' id='word_1_690' title='bbox 2192 3285 2288 3324; x_wconf 89' lang='lat' dir='ltr'><strong>vos</strong></span> <span class='ocrx_word' id='word_1_691' title='bbox 2316 3270 2438 3324; x_wconf 90' lang='lat' dir='ltr'><strong>hinc</strong></span> <span class='ocrx_word' id='word_1_692' title='bbox 2463 3271 2619 3324; x_wconf 90' lang='lat' dir='ltr'><strong>vultis</strong></span> <span class='ocrx_word' id='word_1_693' title='bbox 2646 3268 2890 3332; x_wconf 88' lang='lat' dir='ltr'><strong>efﬁcere,</strong></span> <span class='ocrx_word' id='word_1_694' title='bbox 2921 3277 2973 3322; x_wconf 93' lang='lat' dir='ltr'><strong>ut</strong></span> <span class='ocrx_word' id='word_1_695' title='bbox 3021 3267 3087 3322; x_wconf 91' lang='lat' dir='ltr'><strong>de</strong></span> <span class='ocrx_word' id='word_1_696' title='bbox 3128 3269 3507 3322; x_wconf 77' lang='lat' dir='ltr'><strong>commixtione</strong></span> <span class='ocrx_word' id='word_1_697' title='bbox 3544 3265 3777 3323; x_wconf 81' lang='lat' dir='ltr'><strong>masculi</strong></span> 
     </span>
    </p>
   </div>
   <div class='ocr_carea' id='block_1_93' title="bbox 2192 3357 3777 3428">
    <p class='ocr_par' dir='ltr' id='par_1_93' title="bbox 2192 3357 3777 3428">
     <span class='ocr_line' id='line_1_93' title="bbox 2192 3357 3777 3428; baseline -0.002 -13"><span class='ocrx_word' id='word_1_698' title='bbox 2192 3367 2247 3415; x_wconf 88' lang='lat' dir='ltr'><strong>et</strong></span> <span class='ocrx_word' id='word_1_699' title='bbox 2285 3358 2531 3426; x_wconf 83' lang='lat' dir='ltr'><strong>femime,</strong></span> <span class='ocrx_word' id='word_1_700' title='bbox 2563 3359 2691 3412; x_wconf 88' lang='lat' dir='ltr'><strong>nihil</strong></span> <span class='ocrx_word' id='word_1_701' title='bbox 2733 3360 2932 3428; x_wconf 90' lang='lat' dir='ltr'><strong>peccati</strong></span> <span class='ocrx_word' id='word_1_702' title='bbox 2968 3358 2989 3390; x_wconf 80' lang='grc'><strong><em>³</em></strong></span> <span class='ocrx_word' id='word_1_703' title='bbox 3029 3367 3305 3414; x_wconf 87' lang='lat' dir='ltr'><strong>nascentes</strong></span> <span class='ocrx_word' id='word_1_704' title='bbox 3347 3359 3576 3421; x_wconf 86' lang='lat' dir='ltr'><strong>trahant,</strong></span> <span class='ocrx_word' id='word_1_705' title='bbox 3625 3357 3777 3426; x_wconf 85' lang='lat' dir='ltr'><strong>quod</strong></span> 
     </span>
    </p>
   </div>
   <div class='ocr_carea' id='block_1_94' title="bbox 2193 3451 3776 3523">
    <p class='ocr_par' dir='ltr' id='par_1_94' title="bbox 2193 3451 3776 3523">
     <span class='ocr_line' id='line_1_94' title="bbox 2193 3451 3776 3523; baseline 0.001 -18"><span class='ocrx_word' id='word_1_706' title='bbox 2193 3451 2402 3506; x_wconf 90' lang='lat' dir='ltr'><strong>lavacro</strong></span> <span class='ocrx_word' id='word_1_707' title='bbox 2451 3451 2863 3522; x_wconf 85' lang='lat' dir='ltr'><strong>regenerationis</strong></span> <span class='ocrx_word' id='word_1_708' title='bbox 2888 3453 3167 3523; x_wconf 84' lang='lat' dir='ltr'><strong>expietur,</strong></span> <span class='ocrx_word' id='word_1_709' title='bbox 3218 3452 3320 3508; x_wconf 90' lang='lat' dir='ltr'><strong>hoc</strong></span> <span class='ocrx_word' id='word_1_710' title='bbox 3368 3452 3556 3507; x_wconf 83' lang='lat' dir='ltr'><strong>falsum</strong></span> <span class='ocrx_word' id='word_1_711' title='bbox 3602 3460 3690 3507; x_wconf 89' lang='lat' dir='ltr'><strong>est</strong></span> <span class='ocrx_word' id='word_1_712' title='bbox 3715 3459 3776 3507; x_wconf 87' lang='lat' dir='ltr'><strong>et</strong></span> 
     </span>
    </p>
   </div>
   <div class='ocr_carea' id='block_1_95' title="bbox 2194 3541 2520 3599">
    <p class='ocr_par' dir='ltr' id='par_1_95' title="bbox 2194 3541 2520 3599">
     <span class='ocr_line' id='line_1_95' title="bbox 2194 3541 2520 3599; baseline 0 -3"><span class='ocrx_word' id='word_1_713' title='bbox 2194 3541 2520 3599; x_wconf 75' lang='lat' dir='ltr'><strong>hmreticum.</strong></span> 
     </span>
    </p>
   </div>
   <div class='ocr_carea' id='block_1_96' title="bbox 2263 3635 3771 3707">
    <p class='ocr_par' dir='ltr' id='par_1_96' title="bbox 2263 3635 3771 3707">
     <span class='ocr_line' id='line_1_96' title="bbox 2263 3635 3771 3707; baseline -0.001 -14"><span class='ocrx_word' id='word_1_714' title='bbox 2263 3637 2351 3693; x_wconf 80' lang='lat'><strong>5|.</strong></span> <span class='ocrx_word' id='word_1_715' title='bbox 2381 3654 2400 3687; x_wconf 89' lang='grc'><em>‹</em></span> <span class='ocrx_word' id='word_1_716' title='bbox 2438 3635 2656 3702; x_wconf 80' lang='lat' dir='ltr'><strong>Motum,</strong></span> <span class='ocrx_word' id='word_1_717' title='bbox 2684 3655 2702 3689; x_wconf 78' lang='grc' dir='ltr'><strong>ι</strong></span> <span class='ocrx_word' id='word_1_718' title='bbox 2735 3635 2922 3705; x_wconf 80' lang='lat' dir='ltr'><strong>inquit,</strong></span> <span class='ocrx_word' id='word_1_719' title='bbox 2960 3657 2978 3690; x_wconf 79' lang='grc' dir='ltr'><strong>ι</strong></span> <span class='ocrx_word' id='word_1_720' title='bbox 3010 3638 3342 3707; x_wconf 87' lang='lat' dir='ltr'><strong>genitalium,</strong></span> <span class='ocrx_word' id='word_1_721' title='bbox 3376 3636 3426 3691; x_wconf 92' lang='lat' dir='ltr'><strong>id</strong></span> <span class='ocrx_word' id='word_1_722' title='bbox 3454 3645 3566 3700; x_wconf 88' lang='lat' dir='ltr'><strong>est,</strong></span> <span class='ocrx_word' id='word_1_723' title='bbox 3590 3637 3771 3705; x_wconf 76' lang='lat' dir='ltr'><strong>ipsam</strong></span> 
     </span>
    </p>
   </div>
   <div class='ocr_carea' id='block_1_97' title="bbox 2191 3729 3775 3800">
    <p class='ocr_par' dir='ltr' id='par_1_97' title="bbox 2191 3729 3775 3800">
     <span class='ocr_line' id='line_1_97' title="bbox 2191 3729 3775 3800; baseline 0 -18"><span class='ocrx_word' id='word_1_724' title='bbox 2191 3729 2494 3784; x_wconf 90' lang='lat' dir='ltr'><strong>virilitatem</strong></span> <span class='ocrx_word' id='word_1_725' title='bbox 2539 3730 2654 3783; x_wconf 89' lang='lat' dir='ltr'><strong>sine</strong></span> <span class='ocrx_word' id='word_1_726' title='bbox 2680 3745 2780 3798; x_wconf 88' lang='lat' dir='ltr'><strong>qua</strong></span> <span class='ocrx_word' id='word_1_727' title='bbox 2826 3745 2931 3783; x_wconf 89' lang='lat' dir='ltr'><strong>non</strong></span> <span class='ocrx_word' id='word_1_728' title='bbox 2977 3740 3154 3800; x_wconf 89' lang='lat' dir='ltr'><strong>potest</strong></span> <span class='ocrx_word' id='word_1_729' title='bbox 3206 3745 3326 3784; x_wconf 90' lang='lat' dir='ltr'><strong>esse</strong></span> <span class='ocrx_word' id='word_1_730' title='bbox 3360 3729 3707 3792; x_wconf 87' lang='lat' dir='ltr'><strong>commixtio,</strong></span> <span class='ocrx_word' id='word_1_731' title='bbox 3741 3744 3775 3783; x_wconf 89' lang='lat' dir='ltr'><strong>a</strong></span> 
     </span>
    </p>
   </div>
   <div class='ocr_carea' id='block_1_98' title="bbox 2197 3819 3777 3890">
    <p class='ocr_par' dir='ltr' id='par_1_98' title="bbox 2197 3819 3777 3890">
     <span class='ocr_line' id='line_1_98' title="bbox 2197 3819 3777 3890; baseline -0.001 -14"><span class='ocrx_word' id='word_1_732' title='bbox 2197 3821 2303 3876; x_wconf 91' lang='lat' dir='ltr'><strong>Deo</strong></span> <span class='ocrx_word' id='word_1_733' title='bbox 2329 3821 2550 3875; x_wconf 89' lang='lat' dir='ltr'><strong>dicimus</strong></span> <span class='ocrx_word' id='word_1_734' title='bbox 2581 3820 2892 3874; x_wconf 86' lang='lat' dir='ltr'><strong>institutam.</strong></span> <span class='ocrx_word' id='word_1_735' title='bbox 2924 3839 2944 3872; x_wconf 74' lang='grc' dir='ltr'><strong>ι</strong></span> <span class='ocrx_word' id='word_1_736' title='bbox 2979 3820 3056 3874; x_wconf 84' lang='lat' dir='ltr'><strong>Ad</strong></span> <span class='ocrx_word' id='word_1_737' title='bbox 3085 3820 3187 3876; x_wconf 92' lang='lat' dir='ltr'><strong>hoc</strong></span> <span class='ocrx_word' id='word_1_738' title='bbox 3217 3819 3624 3890; x_wconf 79' lang='lat' dir='ltr'><strong>reSpondemus,</strong></span> <span class='ocrx_word' id='word_1_739' title='bbox 3651 3835 3777 3874; x_wconf 80' lang='lat' dir='ltr'><strong>mo-</strong></span> 
     </span>
    </p>
   </div>
   <div class='ocr_carea' id='block_1_99' title="bbox 2195 3911 3772 3981">
    <p class='ocr_par' dir='ltr' id='par_1_99' title="bbox 2195 3911 3772 3981">
     <span class='ocr_line' id='line_1_99' title="bbox 2195 3911 3772 3981; baseline -0.001 -16"><span class='ocrx_word' id='word_1_740' title='bbox 2195 3921 2302 3965; x_wconf 90' lang='lat' dir='ltr'><strong>tttm</strong></span> <span class='ocrx_word' id='word_1_741' title='bbox 2338 3911 2674 3981; x_wconf 87' lang='lat' dir='ltr'><strong>genitalium,</strong></span> <span class='ocrx_word' id='word_1_742' title='bbox 2703 3921 2776 3976; x_wconf 89' lang='lat' dir='ltr'><strong>et,</strong></span> <span class='ocrx_word' id='word_1_743' title='bbox 2817 3921 2872 3965; x_wconf 90' lang='grc' dir='ltr'><strong>ιιι</strong></span> <span class='ocrx_word' id='word_1_744' title='bbox 2912 3912 3076 3967; x_wconf 87' lang='lat' dir='ltr'><strong>verbo</strong></span> <span class='ocrx_word' id='word_1_745' title='bbox 3121 3911 3235 3979; x_wconf 90' lang='lat' dir='ltr'><strong>ejus</strong></span> <span class='ocrx_word' id='word_1_746' title='bbox 3264 3923 3402 3975; x_wconf 89' lang='lat' dir='ltr'><strong>utar,</strong></span> <span class='ocrx_word' id='word_1_747' title='bbox 3441 3911 3772 3976; x_wconf 88' lang='lat' dir='ltr'><strong>virilitatem,</strong></span> 
     </span>
    </p>
   </div>
   <div class='ocr_carea' id='block_1_100' title="bbox 2192 4000 3779 4073">
    <p class='ocr_par' dir='ltr' id='par_1_100' title="bbox 2192 4000 3779 4073">
     <span class='ocr_line' id='line_1_100' title="bbox 2192 4000 3779 4073; baseline -0.004 -14"><span class='ocrx_word' id='word_1_748' title='bbox 2192 4003 2307 4059; x_wconf 88' lang='lat' dir='ltr'><strong>sine</strong></span> <span class='ocrx_word' id='word_1_749' title='bbox 2334 4018 2433 4073; x_wconf 87' lang='lat' dir='ltr'><strong>qua</strong></span> <span class='ocrx_word' id='word_1_750' title='bbox 2462 4018 2564 4056; x_wconf 91' lang='lat' dir='ltr'><strong>non</strong></span> <span class='ocrx_word' id='word_1_751' title='bbox 2596 4012 2770 4072; x_wconf 90' lang='lat' dir='ltr'><strong>potest</strong></span> <span class='ocrx_word' id='word_1_752' title='bbox 2802 4018 2921 4058; x_wconf 88' lang='lat' dir='ltr'><strong>esse</strong></span> <span class='ocrx_word' id='word_1_753' title='bbox 2950 4003 3274 4066; x_wconf 81' lang='lat' dir='ltr'><strong>commixtio,</strong></span> <span class='ocrx_word' id='word_1_754' title='bbox 3311 4003 3450 4056; x_wconf 88' lang='lat' dir='ltr'><strong>Dens</strong></span> <span class='ocrx_word' id='word_1_755' title='bbox 3493 4001 3571 4055; x_wconf 91' lang='lat' dir='ltr'><strong>sic</strong></span> <span class='ocrx_word' id='word_1_756' title='bbox 3615 4000 3779 4054; x_wconf 88' lang='lat' dir='ltr'><strong>insti-</strong></span> 
     </span>
    </p>
   </div>
   <div class='ocr_carea' id='block_1_101' title="bbox 2191 4090 3777 4164">
    <p class='ocr_par' dir='ltr' id='par_1_101' title="bbox 2191 4090 3777 4164">
     <span class='ocr_line' id='line_1_101' title="bbox 2191 4090 3777 4164; baseline -0.004 -13"><span class='ocrx_word' id='word_1_757' title='bbox 2191 4097 2309 4155; x_wconf 86' lang='lat' dir='ltr'><strong>tuit.</strong></span> <span class='ocrx_word' id='word_1_758' title='bbox 2339 4103 2397 4150; x_wconf 92' lang='lat' dir='ltr'><strong>ut</strong></span> <span class='ocrx_word' id='word_1_759' title='bbox 2425 4095 2551 4150; x_wconf 89' lang='lat' dir='ltr'><strong>nihil</strong></span> <span class='ocrx_word' id='word_1_760' title='bbox 2595 4095 2812 4149; x_wconf 86' lang='lat' dir='ltr'><strong>haberet</strong></span> <span class='ocrx_word' id='word_1_761' title='bbox 2863 4094 3187 4164; x_wconf 88' lang='lat' dir='ltr'><strong>pudendum.</strong></span> <span class='ocrx_word' id='word_1_762' title='bbox 3233 4094 3347 4149; x_wconf 86' lang='lat' dir='ltr'><strong>Non</strong></span> <span class='ocrx_word' id='word_1_763' title='bbox 3377 4093 3516 4148; x_wconf 91' lang='lat' dir='ltr'><strong>enim</strong></span> <span class='ocrx_word' id='word_1_764' title='bbox 3547 4091 3625 4146; x_wconf 88' lang='lat' dir='ltr'><strong>fas</strong></span> <span class='ocrx_word' id='word_1_765' title='bbox 3672 4090 3777 4146; x_wconf 86' lang='lat' dir='ltr'><strong>fuit</strong></span> 
     </span>
    </p>
   </div>
   <div class='ocr_carea' id='block_1_102' title="bbox 2193 4183 3774 4255">
    <p class='ocr_par' dir='ltr' id='par_1_102' title="bbox 2193 4183 3774 4255">
     <span class='ocr_line' id='line_1_102' title="bbox 2193 4183 3774 4255; baseline -0.003 -13"><span class='ocrx_word' id='word_1_766' title='bbox 2193 4196 2250 4242; x_wconf 93' lang='lat' dir='ltr'><strong>ut</strong></span> <span class='ocrx_word' id='word_1_767' title='bbox 2273 4187 2388 4255; x_wconf 91' lang='lat' dir='ltr'><strong>ejus</strong></span> <span class='ocrx_word' id='word_1_768' title='bbox 2417 4187 2758 4241; x_wconf 90' lang='lat' dir='ltr'><strong>erubesceret</strong></span> <span class='ocrx_word' id='word_1_769' title='bbox 2787 4193 3027 4239; x_wconf 82' lang='lat' dir='ltr'><strong>creatura</strong></span> <span class='ocrx_word' id='word_1_770' title='bbox 3057 4185 3125 4239; x_wconf 89' lang='lat' dir='ltr'><strong>de</strong></span> <span class='ocrx_word' id='word_1_771' title='bbox 3153 4185 3233 4238; x_wconf 92' lang='lat' dir='ltr'><strong>sui</strong></span> <span class='ocrx_word' id='word_1_772' title='bbox 3266 4200 3428 4253; x_wconf 89' lang='lat' dir='ltr'><strong>opere</strong></span> <span class='ocrx_word' id='word_1_773' title='bbox 3457 4183 3774 4245; x_wconf 88' lang='lat' dir='ltr'><strong>Creatoris;</strong></span> 
     </span>
    </p>
   </div>
   <div class='ocr_carea' id='block_1_103' title="bbox 2192 4275 3779 4347">
    <p class='ocr_par' dir='ltr' id='par_1_103' title="bbox 2192 4275 3779 4347">
     <span class='ocr_line' id='line_1_103' title="bbox 2192 4275 3779 4347; baseline -0.001 -15"><span class='ocrx_word' id='word_1_774' title='bbox 2192 4279 2285 4333; x_wconf 89' lang='lat' dir='ltr'><strong>sed</strong></span> <span class='ocrx_word' id='word_1_775' title='bbox 2327 4278 2676 4332; x_wconf 80' lang='lat' dir='ltr'><strong>inohcdientia</strong></span> <span class='ocrx_word' id='word_1_776' title='bbox 2718 4277 3074 4332; x_wconf 87' lang='lat' dir='ltr'><strong>membrorum</strong></span> <span class='ocrx_word' id='word_1_777' title='bbox 3117 4277 3377 4347; x_wconf 87' lang='lat' dir='ltr'><strong>supplicio</strong></span> <span class='ocrx_word' id='word_1_778' title='bbox 3407 4277 3548 4344; x_wconf 89' lang='lat' dir='ltr'><strong>justo</strong></span> <span class='ocrx_word' id='word_1_779' title='bbox 3580 4275 3779 4344; x_wconf 87' lang='lat' dir='ltr'><strong>primis</strong></span> 
     </span>
    </p>
   </div>
   <div class='ocr_carea' id='block_1_104' title="bbox 2193 4368 3780 4436">
    <p class='ocr_par' dir='ltr' id='par_1_104' title="bbox 2193 4368 3780 4436">
     <span class='ocr_line' id='line_1_104' title="bbox 2193 4368 3780 4436; baseline -0.003 -12"><span class='ocrx_word' id='word_1_780' title='bbox 2193 4369 2493 4424; x_wconf 83' lang='lat' dir='ltr'><strong>hominibus</strong></span> <span class='ocrx_word' id='word_1_781' title='bbox 2531 4369 2955 4424; x_wconf 87' lang='lat' dir='ltr'><strong>inobedientibns</strong></span> <span class='ocrx_word' id='word_1_782' title='bbox 2997 4369 3199 4423; x_wconf 87' lang='lat' dir='ltr'><strong>reddita</strong></span> <span class='ocrx_word' id='word_1_783' title='bbox 3237 4378 3350 4430; x_wconf 75' lang='lat' dir='ltr'><strong>est,</strong></span> <span class='ocrx_word' id='word_1_784' title='bbox 3398 4368 3463 4421; x_wconf 88' lang='lat' dir='ltr'><strong>de</strong></span> <span class='ocrx_word' id='word_1_785' title='bbox 3511 4382 3613 4436; x_wconf 90' lang='lat' dir='ltr'><strong>qua</strong></span> <span class='ocrx_word' id='word_1_786' title='bbox 3640 4383 3780 4421; x_wconf 81' lang='lat' dir='ltr'><strong>cru-</strong></span> 
     </span>
    </p>
   </div>
   <div class='ocr_carea' id='block_1_105' title="bbox 2191 4453 3773 4528">
    <p class='ocr_par' dir='ltr' id='par_1_105' title="bbox 2191 4453 3773 4528">
     <span class='ocr_line' id='line_1_105' title="bbox 2191 4453 3773 4528; baseline -0.004 -14"><span class='ocrx_word' id='word_1_787' title='bbox 2191 4453 2688 4528; x_wconf 85' lang='lat' dir='ltr'><strong>buerunt,quando</strong></span> <span class='ocrx_word' id='word_1_788' title='bbox 2734 4457 2872 4512; x_wconf 88' lang='lat' dir='ltr'><strong>foliis</strong></span> <span class='ocrx_word' id='word_1_789' title='bbox 2917 4457 3156 4512; x_wconf 90' lang='lat' dir='ltr'><strong>ﬁculneis</strong></span> <span class='ocrx_word' id='word_1_790' title='bbox 3209 4456 3450 4527; x_wconf 89' lang='lat' dir='ltr'><strong>pudenda</strong></span> <span class='ocrx_word' id='word_1_791' title='bbox 3480 4465 3773 4521; x_wconf 88' lang='lat' dir='ltr'><strong>texerunt,</strong></span> 
     </span>
    </p>
   </div>
   <div class='ocr_carea' id='block_1_106' title="bbox 2191 4547 3131 4620">
    <p class='ocr_par' dir='ltr' id='par_1_106' title="bbox 2191 4547 3131 4620">
     <span class='ocr_line' id='line_1_106' title="bbox 2191 4547 3131 4620; baseline -0.003 -15"><span class='ocrx_word' id='word_1_792' title='bbox 2191 4566 2309 4620; x_wconf 75' lang='lat' dir='ltr'><strong>qua:</strong></span> <span class='ocrx_word' id='word_1_793' title='bbox 2332 4551 2474 4618; x_wconf 91' lang='lat' dir='ltr'><strong>prius</strong></span> <span class='ocrx_word' id='word_1_794' title='bbox 2501 4548 2740 4616; x_wconf 90' lang='lat' dir='ltr'><strong>pudenda</strong></span> <span class='ocrx_word' id='word_1_795' title='bbox 2770 4564 2872 4601; x_wconf 93' lang='lat' dir='ltr'><strong>non</strong></span> <span class='ocrx_word' id='word_1_796' title='bbox 2896 4547 3131 4602; x_wconf 87' lang='lat' dir='ltr'><strong>fuerunt.</strong></span> 
     </span>
    </p>
   </div>
   <div class='ocr_carea' id='block_1_107' title="bbox 2263 4637 3779 4709">
    <p class='ocr_par' dir='ltr' id='par_1_107' title="bbox 2263 4637 3779 4709">
     <span class='ocr_line' id='line_1_107' title="bbox 2263 4637 3779 4709; baseline -0.002 -14"><span class='ocrx_word' id='word_1_797' title='bbox 2263 4639 2345 4695; x_wconf 72' lang='lat' dir='ltr'><strong>CA</strong></span> <span class='ocrx_word' id='word_1_798' title='bbox 2357 4640 2486 4695; x_wconf 82' lang='lat' dir='ltr'><strong>PUT</strong></span> <span class='ocrx_word' id='word_1_799' title='bbox 2509 4639 2813 4695; x_wconf 59' lang='grc' dir='ltr'><strong>χιιι-δε.</strong></span> <span class='ocrx_word' id='word_1_800' title='bbox 2851 4640 3165 4694; x_wconf 78' lang='lat' dir='ltr'><strong>Perizomata</strong></span> <span class='ocrx_word' id='word_1_801' title='bbox 3181 4655 3292 4709; x_wconf 67' lang='lat' dir='ltr'><strong>qua:</strong></span> <span class='ocrx_word' id='word_1_802' title='bbox 3305 4640 3398 4693; x_wconf 83' lang='lat' dir='ltr'><strong>sibi</strong></span> <span class='ocrx_word' id='word_1_803' title='bbox 3415 4638 3578 4692; x_wconf 80' lang='lat' dir='ltr'><strong>Adam</strong></span> <span class='ocrx_word' id='word_1_804' title='bbox 3590 4647 3636 4691; x_wconf 87' lang='lat' dir='ltr'><strong>et</strong></span> <span class='ocrx_word' id='word_1_805' title='bbox 3657 4637 3779 4692; x_wconf 76' lang='lat' dir='ltr'><strong>Eua</strong></span> 
     </span>
    </p>
   </div>
   <div class='ocr_carea' id='block_1_108' title="bbox 2191 4727 3781 4795">
    <p class='ocr_par' dir='ltr' id='par_1_108' title="bbox 2191 4727 3781 4795">
     <span class='ocr_line' id='line_1_108' title="bbox 2191 4727 3781 4795; baseline -0.001 -10"><span class='ocrx_word' id='word_1_806' title='bbox 2191 4741 2510 4785; x_wconf 85' lang='lat' dir='ltr'><strong>consuerunt.</strong></span> <span class='ocrx_word' id='word_1_807' title='bbox 2539 4731 2744 4795; x_wconf 85' lang='lat' dir='ltr'><strong>Apertio</strong></span> <span class='ocrx_word' id='word_1_808' title='bbox 2773 4731 3032 4784; x_wconf 86' lang='lat' dir='ltr'><strong>oculorum</strong></span> <span class='ocrx_word' id='word_1_809' title='bbox 3062 4730 3189 4784; x_wconf 66' lang='grc' dir='ltr'><strong>Δάας</strong></span> <span class='ocrx_word' id='word_1_810' title='bbox 3225 4741 3271 4784; x_wconf 83' lang='lat' dir='ltr'><strong>et</strong></span> <span class='ocrx_word' id='word_1_811' title='bbox 3300 4729 3436 4783; x_wconf 57' lang='lat' dir='ltr'><strong>Erae.</strong></span> <span class='ocrx_word' id='word_1_812' title='bbox 3466 4727 3646 4783; x_wconf 87' lang='lat' dir='ltr'><strong>Pudor</strong></span> <span class='ocrx_word' id='word_1_813' title='bbox 3674 4747 3781 4783; x_wconf 77' lang='lat' dir='ltr'><strong>nu-</strong></span> 
     </span>
    </p>
   </div>
   <div class='ocr_carea' id='block_1_109' title="bbox 2191 4821 3780 4890">
    <p class='ocr_par' dir='ltr' id='par_1_109' title="bbox 2191 4821 3780 4890">
     <span class='ocr_line' id='line_1_109' title="bbox 2191 4821 3780 4890; baseline 0 -15"><span class='ocrx_word' id='word_1_814' title='bbox 2191 4822 2381 4876; x_wconf 86' lang='lat' dir='ltr'><strong>ditatis.</strong></span> <span class='ocrx_word' id='word_1_815' title='bbox 2409 4821 2587 4890; x_wconf 87' lang='lat' dir='ltr'><strong>Neque</strong></span> <span class='ocrx_word' id='word_1_816' title='bbox 2608 4821 2749 4876; x_wconf 90' lang='lat' dir='ltr'><strong>enim</strong></span> <span class='ocrx_word' id='word_1_817' title='bbox 2779 4821 2878 4874; x_wconf 88' lang='lat' dir='ltr'><strong>sibi</strong></span> <span class='ocrx_word' id='word_1_818' title='bbox 2907 4822 3129 4887; x_wconf 91' lang='lat' dir='ltr'><strong>tunicas,</strong></span> <span class='ocrx_word' id='word_1_819' title='bbox 3163 4832 3220 4876; x_wconf 91' lang='lat' dir='ltr'><strong>ut</strong></span> <span class='ocrx_word' id='word_1_820' title='bbox 3258 4831 3427 4876; x_wconf 92' lang='lat' dir='ltr'><strong>totum</strong></span> <span class='ocrx_word' id='word_1_821' title='bbox 3455 4836 3653 4889; x_wconf 87' lang='lat' dir='ltr'><strong>corpus</strong></span> <span class='ocrx_word' id='word_1_822' title='bbox 3686 4831 3780 4875; x_wconf 87' lang='lat' dir='ltr'><strong>te-</strong></span> 
     </span>
    </p>
   </div>
   <div class='ocr_carea' id='block_1_110' title="bbox 2190 4911 3784 4982">
    <p class='ocr_par' dir='ltr' id='par_1_110' title="bbox 2190 4911 3784 4982">
     <span class='ocr_line' id='line_1_110' title="bbox 2190 4911 3784 4982; baseline 0.001 -16"><span class='ocrx_word' id='word_1_823' title='bbox 2190 4921 2514 4982; x_wconf 90' lang='lat' dir='ltr'><strong>gerentpost</strong></span> <span class='ocrx_word' id='word_1_824' title='bbox 2549 4919 2842 4980; x_wconf 87' lang='lat' dir='ltr'><strong>peccatum,</strong></span> <span class='ocrx_word' id='word_1_825' title='bbox 2891 4911 2984 4965; x_wconf 93' lang='lat' dir='ltr'><strong>sed</strong></span> <span class='ocrx_word' id='word_1_826' title='bbox 3031 4913 3383 4967; x_wconf 89' lang='lat' dir='ltr'><strong>suceinctoria</strong></span> <span class='ocrx_word' id='word_1_827' title='bbox 3438 4922 3784 4967; x_wconf 86' lang='lat' dir='ltr'><strong>consuerunt</strong></span> 
     </span>
    </p>
   </div>
   <div class='ocr_carea' id='block_1_111' title="bbox 2195 5002 3785 5072">
    <p class='ocr_par' dir='ltr' id='par_1_111' title="bbox 2195 5002 3785 5072">
     <span class='ocr_line' id='line_1_111' title="bbox 2195 5002 3785 5072; baseline 0.001 -16"><span class='ocrx_word' id='word_1_828' title='bbox 2195 5002 2342 5072; x_wconf 80' lang='lat' dir='ltr'><strong>(Gen.</strong></span> <span class='ocrx_word' id='word_1_829' title='bbox 2377 5019 2454 5067; x_wconf 86' lang='grc' dir='ltr'>ιιι,</span> <span class='ocrx_word' id='word_1_830' title='bbox 2485 5002 2560 5072; x_wconf 92' lang='lat'><strong>7),</strong></span> <span class='ocrx_word' id='word_1_831' title='bbox 2600 5017 2720 5071; x_wconf 77' lang='lat' dir='ltr'><strong>qua:</strong></span> <span class='ocrx_word' id='word_1_832' title='bbox 2750 5003 2982 5056; x_wconf 89' lang='lat' dir='ltr'><strong>nonnulli</strong></span> <span class='ocrx_word' id='word_1_833' title='bbox 3025 5002 3344 5072; x_wconf 88' lang='lat' dir='ltr'><strong>interpretes</strong></span> <span class='ocrx_word' id='word_1_834' title='bbox 3389 5003 3557 5057; x_wconf 85' lang='lat' dir='ltr'><strong>nostri</strong></span> <span class='ocrx_word' id='word_1_835' title='bbox 3592 5003 3785 5059; x_wconf 89' lang='lat' dir='ltr'><strong>minus</strong></span> 
     </span>
    </p>
   </div>
   <div class='ocr_carea' id='block_1_112' title="bbox 2190 5093 3784 5164">
    <p class='ocr_par' dir='ltr' id='par_1_112' title="bbox 2190 5093 3784 5164">
     <span class='ocr_line' id='line_1_112' title="bbox 2190 5093 3784 5164; baseline 0.001 -16"><span class='ocrx_word' id='word_1_836' title='bbox 2190 5094 2466 5162; x_wconf 82' lang='lat' dir='ltr'><strong>diligentes</strong></span> <span class='ocrx_word' id='word_1_837' title='bbox 2492 5093 2512 5124; x_wconf 71' lang='grc'>⁸</span> <span class='ocrx_word' id='word_1_838' title='bbox 2541 5093 2769 5163; x_wconf 82' lang='lat' dir='ltr'><strong>tegmina</strong></span> <span class='ocrx_word' id='word_1_839' title='bbox 2811 5095 3142 5163; x_wconf 88' lang='lat' dir='ltr'><strong>interpretati</strong></span> <span class='ocrx_word' id='word_1_840' title='bbox 3194 5103 3336 5148; x_wconf 89' lang='lat' dir='ltr'><strong>sunt.</strong></span> <span class='ocrx_word' id='word_1_841' title='bbox 3369 5095 3520 5162; x_wconf 84' lang='lat' dir='ltr'><strong>Quod</strong></span> <span class='ocrx_word' id='word_1_842' title='bbox 3549 5095 3784 5164; x_wconf 87' lang='lat' dir='ltr'><strong>quidem</strong></span> 
     </span>
    </p>
   </div>
   <div class='ocr_carea' id='block_1_113' title="bbox 2193 5186 3786 5255">
    <p class='ocr_par' dir='ltr' id='par_1_113' title="bbox 2193 5186 3786 5255">
     <span class='ocr_line' id='line_1_113' title="bbox 2193 5186 3786 5255; baseline 0 -18"><span class='ocrx_word' id='word_1_843' title='bbox 2193 5199 2380 5238; x_wconf 89' lang='lat' dir='ltr'><strong>verum</strong></span> <span class='ocrx_word' id='word_1_844' title='bbox 2409 5193 2489 5238; x_wconf 85' lang='lat' dir='ltr'><strong>est</strong></span> <span class='ocrx_word' id='word_1_845' title='bbox 2518 5201 2531 5237; x_wconf 90' lang='lat'><strong>:</strong></span> <span class='ocrx_word' id='word_1_846' title='bbox 2562 5186 2654 5240; x_wconf 90' lang='lat' dir='ltr'><strong>sed</strong></span> <span class='ocrx_word' id='word_1_847' title='bbox 2680 5187 2929 5255; x_wconf 87' lang='lat' dir='ltr'><strong>generale</strong></span> <span class='ocrx_word' id='word_1_848' title='bbox 2961 5202 3149 5240; x_wconf 86' lang='lat' dir='ltr'><strong>nomen</strong></span> <span class='ocrx_word' id='word_1_849' title='bbox 3174 5198 3258 5241; x_wconf 92' lang='lat' dir='ltr'><strong>est</strong></span> <span class='ocrx_word' id='word_1_850' title='bbox 3287 5198 3520 5254; x_wconf 78' lang='lat' dir='ltr'><strong>tegmen,</strong></span> <span class='ocrx_word' id='word_1_851' title='bbox 3554 5201 3662 5254; x_wconf 88' lang='lat' dir='ltr'><strong>quo</strong></span> <span class='ocrx_word' id='word_1_852' title='bbox 3687 5187 3786 5238; x_wconf 86' lang='lat' dir='ltr'><strong>in-</strong></span> 
     </span>
    </p>
   </div>
   <div class='ocr_carea' id='block_1_114' title="bbox 2189 5275 3792 5347">
    <p class='ocr_par' dir='ltr' id='par_1_114' title="bbox 2189 5275 3792 5347">
     <span class='ocr_line' id='line_1_114' title="bbox 2189 5275 3792 5347; baseline 0.002 -18"><span class='ocrx_word' id='word_1_853' title='bbox 2189 5275 2496 5329; x_wconf 87' lang='lat' dir='ltr'><strong>dumentum</strong></span> <span class='ocrx_word' id='word_1_854' title='bbox 2534 5284 2586 5329; x_wconf 88' lang='lat' dir='ltr'><strong>et</strong></span> <span class='ocrx_word' id='word_1_855' title='bbox 2624 5277 3008 5344; x_wconf 88' lang='lat' dir='ltr'><strong>operimentum</strong></span> <span class='ocrx_word' id='word_1_856' title='bbox 3035 5293 3192 5332; x_wconf 88' lang='lat' dir='ltr'><strong>omne</strong></span> <span class='ocrx_word' id='word_1_857' title='bbox 3235 5278 3400 5347; x_wconf 77' lang='lat' dir='ltr'><strong>possit</strong></span> <span class='ocrx_word' id='word_1_858' title='bbox 3429 5277 3673 5340; x_wconf 84' lang='lat' dir='ltr'><strong>intelligi.</strong></span> <span class='ocrx_word' id='word_1_859' title='bbox 3709 5277 3792 5332; x_wconf 76' lang='lat' dir='ltr'><strong>Et</strong></span> 
     </span>
    </p>
   </div>
   <div class='ocr_carea' id='block_1_115' title="bbox 2190 5365 3786 5437">
    <p class='ocr_par' dir='ltr' id='par_1_115' title="bbox 2190 5365 3786 5437">
     <span class='ocr_line' id='line_1_115' title="bbox 2190 5365 3786 5437; baseline -0.001 -15"><span class='ocrx_word' id='word_1_860' title='bbox 2190 5367 2311 5422; x_wconf 91' lang='lat' dir='ltr'><strong>ideo</strong></span> <span class='ocrx_word' id='word_1_861' title='bbox 2351 5367 2532 5421; x_wconf 87' lang='lat' dir='ltr'><strong>debuit</strong></span> <span class='ocrx_word' id='word_1_862' title='bbox 2569 5367 2887 5437; x_wconf 84' lang='lat' dir='ltr'><strong>ambiguitas</strong></span> <span class='ocrx_word' id='word_1_863' title='bbox 2941 5369 3158 5433; x_wconf 88' lang='lat' dir='ltr'><strong>evitari,</strong></span> <span class='ocrx_word' id='word_1_864' title='bbox 3216 5378 3273 5422; x_wconf 92' lang='lat' dir='ltr'><strong>ut</strong></span> <span class='ocrx_word' id='word_1_865' title='bbox 3315 5365 3786 5436; x_wconf 82' lang='lat' dir='ltr'><strong>quemadmodum</strong></span> 
     </span>
    </p>
   </div>
   <div class='ocr_carea' id='block_1_116' title="bbox 2254 5573 3785 5640">
    <p class='ocr_par' dir='ltr' id='par_1_116' title="bbox 2254 5573 3785 5640">
     <span class='ocr_line' id='line_1_116' title="bbox 2254 5573 3785 5640; baseline 0.001 -16"><span class='ocrx_word' id='word_1_866' title='bbox 2254 5579 2270 5610; x_wconf 76' lang='grc'>¹</span> <span class='ocrx_word' id='word_1_867' title='bbox 2305 5577 2440 5640; x_wconf 68' lang='lat' dir='ltr'><strong>mliti,</strong></span> <span class='ocrx_word' id='word_1_868' title='bbox 2465 5575 2578 5640; x_wconf 77' lang='lat' dir='ltr'><strong>quia</strong></span> <span class='ocrx_word' id='word_1_869' title='bbox 2598 5576 2649 5626; x_wconf 89' lang='lat' dir='ltr'><strong>in</strong></span> <span class='ocrx_word' id='word_1_870' title='bbox 2669 5576 2816 5627; x_wconf 77' lang='lat' dir='ltr'><strong>nobis.</strong></span> <span class='ocrx_word' id='word_1_871' title='bbox 2849 5578 3068 5628; x_wconf 62' lang='lat' dir='ltr'><strong>Gallicini</strong></span> <span class='ocrx_word' id='word_1_872' title='bbox 3101 5583 3230 5635; x_wconf 66' lang='lat' dir='ltr'><strong>Mss,</strong></span> <span class='ocrx_word' id='word_1_873' title='bbox 3256 5573 3368 5639; x_wconf 79' lang='lat' dir='ltr'><strong>quia</strong></span> <span class='ocrx_word' id='word_1_874' title='bbox 3388 5590 3420 5626; x_wconf 91' lang='lat' dir='ltr'><strong>a</strong></span> <span class='ocrx_word' id='word_1_875' title='bbox 3441 5573 3595 5626; x_wconf 76' lang='lat' dir='ltr'><strong>nobis.</strong></span> <span class='ocrx_word' id='word_1_876' title='bbox 3630 5576 3785 5626; x_wconf 76' lang='lat' dir='ltr'><strong>vati-</strong></span> 
     </span>
    </p>
   </div>
   <div class='ocr_carea' id='block_1_117' title="bbox 2189 5637 3622 5708">
    <p class='ocr_par' dir='ltr' id='par_1_117' title="bbox 2189 5637 3622 5708">
     <span class='ocr_line' id='line_1_117' title="bbox 2189 5637 3622 5708; baseline -0.003 -19"><span class='ocrx_word' id='word_1_877' title='bbox 2189 5640 2318 5708; x_wconf 81' lang='lat' dir='ltr'><strong>cani.</strong></span> <span class='ocrx_word' id='word_1_878' title='bbox 2337 5637 2628 5708; x_wconf 62' lang='lat' dir='ltr'><strong>quiat&#39;tobis;</strong></span> <span class='ocrx_word' id='word_1_879' title='bbox 2649 5643 2833 5702; x_wconf 74' lang='lat' dir='ltr'><strong>alisque</strong></span> <span class='ocrx_word' id='word_1_880' title='bbox 2857 5641 3209 5708; x_wconf 61' lang='lat' dir='ltr'><strong>prwpesitione.</strong></span> <span class='ocrx_word' id='word_1_881' title='bbox 3269 5637 3275 5639; x_wconf 58' lang='grc'>⁷</span> <span class='ocrx_word' id='word_1_882' title='bbox 3540 5696 3552 5708; x_wconf 36' lang='grc' dir='ltr'><strong>θ</strong></span> <span class='ocrx_word' id='word_1_883' title='bbox 3592 5697 3622 5708; x_wconf 79' lang='lat'><em>__</em></span> 
     </span>
    </p>
   </div>
   <div class='ocr_carea' id='block_1_118' title="bbox 2255 5696 3671 5756">
    <p class='ocr_par' dir='ltr' id='par_1_118' title="bbox 2255 5696 3671 5756">
     <span class='ocr_line' id='line_1_118' title="bbox 2255 5696 3671 5756; baseline -0.001 -11"><span class='ocrx_word' id='word_1_884' title='bbox 2255 5701 2272 5730; x_wconf 73' lang='grc' dir='ltr'><strong><em>λ</em></strong></span> <span class='ocrx_word' id='word_1_885' title='bbox 2311 5696 2442 5756; x_wconf 77' lang='lat' dir='ltr'><strong>t-tditi,</strong></span> <span class='ocrx_word' id='word_1_886' title='bbox 2465 5712 2552 5748; x_wconf 80' lang='lat' dir='ltr'><strong>nec</strong></span> <span class='ocrx_word' id='word_1_887' title='bbox 2575 5696 2866 5750; x_wconf 62' lang='lat' dir='ltr'><strong>cemensttml</strong></span> <span class='ocrx_word' id='word_1_888' title='bbox 2893 5696 3209 5748; x_wconf 72' lang='lat' dir='ltr'><strong>Enicnalautur</strong></span> <span class='ocrx_word' id='word_1_889' title='bbox 3249 5711 3276 5746; x_wconf 92' lang='lat' dir='ltr'><strong>a</strong></span> <span class='ocrx_word' id='word_1_890' title='bbox 3316 5696 3671 5756; x_wconf 76' lang='lat' dir='ltr'><strong>manuscriptis.</strong></span> 
     </span>
    </p>
   </div>
   <div class='ocr_carea' id='block_1_119' title="bbox 2255 5758 3789 5832">
    <p class='ocr_par' dir='ltr' id='par_1_119' title="bbox 2255 5758 3789 5832">
     <span class='ocr_line' id='line_1_119' title="bbox 2255 5758 3789 5832; baseline -0.001 -24"><span class='ocrx_word' id='word_1_891' title='bbox 2255 5761 2275 5792; x_wconf 83' lang='grc'><strong><em>³</em></strong></span> <span class='ocrx_word' id='word_1_892' title='bbox 2307 5761 2608 5832; x_wconf 34' lang='lat' dir='ltr'><strong>inhumanius</strong></span> <span class='ocrx_word' id='word_1_893' title='bbox 2630 5759 2814 5832; x_wconf 68' lang='lat' dir='ltr'><strong>elﬁrere</strong></span> <span class='ocrx_word' id='word_1_894' title='bbox 2838 5764 2898 5812; x_wconf 72' lang='lat' dir='ltr'><strong>de</strong></span> <span class='ocrx_word' id='word_1_895' title='bbox 2922 5759 3469 5832; x_wconf 62' lang='lat' dir='ltr'><strong>ronuttia‘tionemasculi</strong></span> <span class='ocrx_word' id='word_1_896' title='bbox 3489 5767 3533 5808; x_wconf 82' lang='lat' dir='ltr'><strong>et</strong></span> <span class='ocrx_word' id='word_1_897' title='bbox 3551 5758 3789 5832; x_wconf 39' lang='lat' dir='ltr'><strong>[en-tinem</strong></span> 
     </span>
    </p>
   </div>
   <div class='ocr_carea' id='block_1_120' title="bbox 2193 5820 3785 5886">
    <p class='ocr_par' dir='ltr' id='par_1_120' title="bbox 2193 5820 3785 5886">
     <span class='ocr_line' id='line_1_120' title="bbox 2193 5820 3785 5886; baseline 0.001 -17"><span class='ocrx_word' id='word_1_898' title='bbox 2193 5823 2318 5886; x_wconf 76' lang='lat' dir='ltr'><strong>quod</strong></span> <span class='ocrx_word' id='word_1_899' title='bbox 2352 5820 2472 5870; x_wconf 68' lang='lat' dir='ltr'><strong>nihil</strong></span> <span class='ocrx_word' id='word_1_900' title='bbox 2490 5820 2688 5886; x_wconf 66' lang='lat' dir='ltr'><strong>peccati.</strong></span> <span class='ocrx_word' id='word_1_901' title='bbox 2732 5831 2824 5871; x_wconf 79' lang='lat' dir='ltr'><strong>etc.</strong></span> <span class='ocrx_word' id='word_1_902' title='bbox 2853 5824 3168 5872; x_wconf 74' lang='lat' dir='ltr'><strong>[intendantur</strong></span> <span class='ocrx_word' id='word_1_903' title='bbox 3194 5824 3339 5873; x_wconf 75' lang='lat' dir='ltr'><strong>etiam</strong></span> <span class='ocrx_word' id='word_1_904' title='bbox 3360 5834 3387 5870; x_wconf 84' lang='lat' dir='ltr'><strong>a</strong></span> <span class='ocrx_word' id='word_1_905' title='bbox 3411 5820 3785 5883; x_wconf 62' lang='lat' dir='ltr'><strong>tuanuscrij-tjs;</strong></span> 
     </span>
    </p>
   </div>
   <div class='ocr_carea' id='block_1_121' title="bbox 2257 5883 2794 5939">
    <p class='ocr_par' dir='ltr' id='par_1_121' title="bbox 2257 5883 2794 5939">
     <span class='ocr_line' id='line_1_121' title="bbox 2257 5883 2794 5939; baseline -0.002 -6"><span class='ocrx_word' id='word_1_906' title='bbox 2257 5886 2276 5915; x_wconf 76' lang='lat'><strong><em>&quot;</em></strong></span> <span class='ocrx_word' id='word_1_907' title='bbox 2313 5892 2360 5933; x_wconf 85' lang='lat' dir='ltr'><strong>in</strong></span> <span class='ocrx_word' id='word_1_908' title='bbox 2388 5894 2402 5918; x_wconf 56' lang='grc' dir='ltr'><strong>κ</strong></span> <span class='ocrx_word' id='word_1_909' title='bbox 2420 5899 2506 5938; x_wconf 63' lang='lat'><strong>$3.,</strong></span> <span class='ocrx_word' id='word_1_910' title='bbox 2529 5883 2794 5939; x_wconf 67' lang='lat' dir='ltr'><strong>diligenter.</strong></span> 
     </span>
    </p>
   </div>
  </div>
