4012 6480
240 338 340 400 568

242 466 440 524 grzecus
468 462 786 524 περιζώματα
812 454 1004 524 posuit,
1051 453 1244 524 quibus
1290 468 1394 506 non
1436 461 1684 522 teguntur
1717 451 1818 504 nisi

248 543 500 618 pudendm
527 546 773 616 corporis
803 557 1007 615 partes,
1039 545 1118 600 sic
1145 554 1201 599 et
1242 543 1436 598 latinus
1455 585 1470 608 ,
1508 551 1600 598 aut
1643 541 1816 612 ipsum

244 651 466 708 grateum
493 645 743 706 poneret,
772 637 893 707 quia
931 645 986 691 et
1023 636 1136 705 ipso
1155 635 1264 705 jam
1292 633 1616 688 consuetudo
1654 633 1819 686 utitur

245 743 335 798 pro
365 727 567 793 latino,
601 727 688 782 vel
733 728 871 781 sicut
908 725 1122 796 quidam
1153 725 1531 790 succinctoria,
1577 724 1658 778 vel
1685 723 1822 777 sicut

244 816 324 871 alii
350 816 546 872 melius
596 816 915 887 campestria
953 816 1313 870 nominarunt.
1366 816 1442 870 Ex
1485 815 1577 869 illo
1625 813 1820 884 quippe

245 907 341 962 hoc
366 921 562 960 nomen
586 914 701 973 est,
741 905 883 976 quod
913 905 1156 976 pudenda
1179 905 1406 976 juvenes
1442 903 1690 974 tegebant
1724 919 1820 956 an-

245 1000 384 1069 tiquo
412 1013 568 1054 more
595 998 834 1053 Romano
863 1039 880 1064 ,
923 997 1136 1068 quando
1179 997 1303 1052 nudi
1346 997 1733 1053 exercebantur
1762 997 1815 1050 in

243 1105 428 1159 campo
456 1109 470 1144 :
497 1091 636 1144 unde
661 1091 999 1160 campestrati
1026 1090 1358 1160 appellantur
1382 1088 1663 1158 hodieque,
1691 1086 1779 1158 qui
1799 1086 1817 1119 ί

243 1180 424 1236 eadem
469 1181 706 1234 membra
753 1179 1013 1251 ciugendo
1057 1180 1385 1249 cooperiunt.
1433 1177 1743 1247 Quanquam
1773 1176 1820 1233 si

244 1285 300 1324 ea
324 1270 518 1340 quibus
542 1279 813 1339 peccatum
844 1279 953 1335 est,
990 1269 1212 1338 tegenda
1235 1268 1447 1324 fuerant
1476 1277 1593 1339 post
1625 1282 1815 1336 pecca-

247 1373 383 1425 tum;
417 1375 486 1415 ne
513 1360 706 1414 tunicis
732 1359 942 1429 quidem
967 1359 1109 1412 indui
1129 1359 1448 1424 debuerunt,
1481 1356 1575 1412 sed
1604 1347 1853 1410 manum’

245 1461 296 1505 et
322 1466 382 1504 os
411 1461 626 1519 tegere,
663 1449 783 1519 quia
814 1448 1074 1505 sumendo
1101 1457 1157 1503 et
1203 1447 1467 1502 vescendo
1513 1455 1814 1516 peccaruut.

246 1543 374 1611 Quid
403 1542 503 1597 sibi
532 1558 659 1613 ergo
680 1543 819 1606 vult,
845 1542 984 1612 quod
1009 1550 1229 1611 accepto
1254 1540 1520 1611 prohibito
1539 1540 1679 1603 cibo,
1699 1553 1818 1592 cum

247 1635 426 1689 fuisset
454 1635 708 1706 prwcepti
760 1633 895 1688 facta
936 1633 1320 1704 transgressio,
1367 1633 1418 1685 in
1449 1633 1536 1685 illa
1581 1632 1819 1686 membra

246 1737 488 1798 aspectus
518 1725 844 1780 intenditur?
872 1725 999 1794 Qua:
1027 1723 1096 1779 ibi
1127 1724 1334 1778 novitas
1365 1723 1542 1793 ignota
1571 1723 1816 1788 sentitur,

246 1826 296 1873 et
317 1834 374 1872 se
413 1817 688 1887 compellit
727 1816 968 1870 adverti?
998 1815 1136 1882 quod
1167 1813 1441 1884 apertione
1486 1812 1822 1884 significatur

247 1911 544 1965 oculorum.
577 1908 758 1978 Neque
784 1909 926 1963 cuitu
949 1909 1026 1961 eis
1052 1907 1131 1961 vel
1153 1907 1364 1976 quando
1392 1905 1480 1960 ille
1501 1906 1710 1960 nomina
1732 1919 1820 1974 pe-

247 2002 453 2056 coribus
499 2009 556 2055 et
599 2000 902 2054 volucribus
943 1999 1244 2068 imponebat
1278 1995 1428 2068 (Gen.
1478 2012 1536 2062 ιι,
1586 1995 1714 2067 20),
1739 1996 1822 2050 vel

246 2093 450 2164 quando
479 2093 569 2148 illa
611 2091 887 2162 pulchrum
935 2092 1131 2162 lignum
1162 2091 1290 2144 vidit
1327 2103 1381 2144 et
1409 2089 1629 2151 bonum,
1683 2088 1822 2142 oeuli

248 2201 346 2239 non
371 2185 656 2255 patebant;
689 2182 784 2238 sed
813 2182 1014 2254 aperti,
1043 2183 1143 2237 hoc
1171 2192 1282 2247 est,
1312 2180 1499 2236 intenti
1520 2181 1585 2235 ad
1614 2181 1825 2234 intuen-

247 2275 366 2330 dum
414 2275 539 2330 facti
571 2283 696 2329 sunt
720 2272 830 2343 (Id.
865 2289 942 2340 ιη,
975 2274 1030 2340 6,
1059 2271 1154 2347 7):
1186 2273 1322 2327 sicut
1349 2273 1604 2340 scriptum
1645 2279 1726 2326 est
1757 2271 1823 2325 de

246 2371 382 2438 Agar
425 2367 621 2422 ancilla
669 2366 868 2433 Sarrae,
900 2363 1042 2436 quod
1100 2366 1308 2435 aperuit
1352 2365 1539 2418 oculos
1583 2377 1730 2428 suos,
1771 2372 1824 2417 et

249 2461 372 2514 vidit
400 2469 616 2530 puteum
644 2457 757 2529 (Id.
788 2473 901 2524 ut,
935 2457 1058 2529 l9);
1095 2472 1230 2527 quos
1254 2457 1466 2510 clausos
1496 2454 1678 2524 utique
1717 2468 1822 2508 non

250 2549 494 2606 habebat.
527 2548 597 2606 Ut
622 2565 750 2620 ergo
780 2548 1032 2623 nuditatis
1061 2563 1192 2612 sum,
1231 2562 1390 2616 quam
1420 2544 1657 2616 quotidie
1699 2559 1825 2612 pro-

249 2638 382 2696 fecto
410 2640 778 2704 intuebantur,
803 2654 902 2694 nec
925 2636 1404 2700 confundebantur,
1431 2649 1524 2690 eos
1546 2634 1722 2689 subito
1750 2633 1828 2688 sic

250 2731 482 2801 puderet,
510 2740 567 2784 ut
592 2730 829 2784 membra
856 2729 943 2783 illa
968 2731 1077 2798 jam
1110 2727 1246 2782 nuda
1273 2726 1410 2782 ferre
1439 2742 1543 2780 non
1578 2724 1816 2795 possent,

248 2825 338 2880 sed
373 2824 555 2879 statim
603 2839 813 2893 operire
838 2833 1116 2886 curarent;
1171 2834 1350 2874 nonne
1373 2828 1426 2872 et
1462 2819 1552 2873 ille
1580 2818 1634 2872 in
1674 2829 1822 2871 motu

249 2924 450 2984 aperto,
480 2924 534 2970 et
563 2914 650 2968 illa
683 2915 734 2968 in
761 2905 991 2979 occulto,
1022 2921 1203 2967 contra
1230 2928 1340 2965 sure
1369 2911 1654 2965 voluntatis
1675 2909 1823 2964 arbi-

250 3007 402 3060 trium
444 3005 802 3060 inobedientia
844 3004 930 3058 illa
977 3003 1214 3057 membra
1260 3010 1576 3066 senserunt,
1633 2999 1826 3069 quibus

249 3097 429 3168 utique
454 3106 586 3150 nutu
608 3096 904 3150 voluntario
931 3094 1068 3149 sicut
1106 3093 1314 3148 eteteris
1336 3092 1597 3146 dominari
1625 3091 1826 3147 debue-

250 3189 404 3243 runt?
431 3188 583 3258 Quod
608 3189 801 3242 merito
828 3187 969 3256 passi
1008 3195 1130 3241 sunt
1156 3186 1277 3256 quia
1307 3194 1359 3240 et
1389 3184 1484 3254 ipsi
1511 3183 1824 3240 obedientes

249 3295 342 3335 suo
371 3280 594 3334 Domino
641 3295 744 3332 non
803 3277 1032 3332 fuerunt.
1075 3262 1413 3331 Erubuerunt
1452 3291 1610 3345 ergo,
1663 3275 1734 3330 ita
1763 3291 1824 3331 se

250 3370 483 3426 Creatori
529 3385 629 3424 suo
670 3385 776 3423 non
821 3368 1126 3424 exhibuisse
1172 3366 1485 3429 servitium,
1541 3375 1598 3420 ut
1652 3366 1704 3420 in
1747 3367 1826 3421 eis

251 3463 498 3519 membris
522 3464 544 3495 ¹
570 3478 634 3518 ex
656 3463 848 3533 quibus
874 3471 1057 3517 essent
1080 3461 1168 3516 filii
1197 3459 1530 3530 procreandi,
1557 3475 1829 3515 mereren-

252 3566 331 3610 tur
357 3557 604 3610 amittere
624 3554 645 3586 ³
671 3554 1018 3608 dominatum.

315 3650 404 3704 35.
436 3647 549 3702 lIoc
579 3646 795 3718 pudoris
815 3661 1002 3715 genus,
1031 3642 1146 3698 hare
1165 3640 1512 3698 erubescendi
1534 3639 1827 3696 necessitas

250 3751 390 3795 certe
414 3755 536 3794 cum
581 3738 726 3792 omni
775 3736 990 3791 homine
1024 3734 1279 3794 nascitur,
1311 3742 1367 3786 et
1407 3731 1537 3800 ipsis
1565 3730 1826 3801 quodam-

252 3835 405 3892 modo
433 3843 638 3890 natura;
673 3832 879 3903 legibus
907 3833 1216 3899 imperatur,
1249 3837 1306 3882 ut
1351 3827 1404 3882 in
1431 3825 1533 3880 bac
1580 3841 1639 3881 re
1665 3839 1824 3880 vere-

251 3927 545 3981 eundeutur
572 3924 732 3978 etiam
758 3923 867 3991 ipsa
897 3919 1082 3991 pudica
1105 3918 1350 3987 eonjugia
1375 3933 1390 3982 ;
1422 3933 1520 3972 nec
1545 3917 1825 3988 quisquam

255 4027 352 4070 tam
380 4016 516 4070 male
530 4014 858 4084 turpiterque
879 4009 1136 4078 proficiat,
1165 4018 1223 4063 ut
1239 4008 1362 4078 quia
1383 4008 1631 4076 cognovit
1659 4007 1824 4060 Deum

252 4122 364 4162 esse
381 4103 714 4161 conditorem
730 4112 929 4156 natura:
942 4109 1320 4168 auctoremque
1345 4099 1670 4167 nuptiarum,
1697 4097 1820 4152 ideo

253 4199 403 4251 etiam
435 4193 738 4250 miscendus
778 4192 950 4259 uxori,
981 4190 1025 4244 si
1069 4189 1188 4260 quis
1235 4203 1359 4244 eum
1399 4186 1596 4253 videat,
1619 4200 1724 4241 non
1755 4187 1824 4242 de

256 4288 331 4342 his
357 4288 593 4342 motibus
620 4284 920 4346 erubescat,
953 4289 1259 4350 qureratque
1283 4289 1571 4345 secretum,
1599 4279 1690 4333 ubi
1715 4293 1822 4334 non

253 4383 418 4437 solum
441 4380 734 4434 alienorum
752 4418 767 4443 ,
799 4390 981 4430 verum
1009 4373 1168 4428 etiam
1191 4386 1406 4426 suorum
1433 4370 1671 4425 omnium
1703 4385 1830 4438 pos-

252 4475 316 4526 sit
337 4474 502 4526 vitare
531 4477 896 4539 conspectum.
925 4467 1104 4536 Itaque
1135 4479 1228 4518 sua
1261 4463 1415 4533 culpa
1445 4461 1545 4516 sibi
1577 4461 1826 4518 accidens

254 4564 476 4627 malum,
520 4571 708 4616 natura
745 4559 972 4612 humana
1022 4555 1360 4627 permittatur
1384 4567 1714 4623 agnoscere;
1757 4569 1826 4609 ne

254 4666 486 4724 cogatur,
516 4661 608 4706 aut
635 4649 775 4721 quod
803 4658 886 4704 est
915 4646 1432 4718 impudentissimum
1452 4687 1469 4712 ,
1495 4645 1564 4700 de
1605 4645 1688 4700 his
1716 4646 1828 4700 suis

255 4747 478 4800 motibus
501 4759 608 4798 non
634 4741 968 4802 erubescere,
991 4736 1244 4807 autquod
1271 4746 1352 4792 est
1373 4737 1786 4806 ingratissimum
1807 4777 1824 4804 ,

254 4835 319 4889 de
366 4837 445 4888 sui
487 4833 747 4889 creatoris
800 4829 1051 4901 operibus
1100 4827 1436 4883 erubescere.
1484 4827 1601 4894 Quo
1649 4835 1826 4883 tamen

254 4930 423 4992 malo,
475 4934 692 4998 propter
718 4925 916 4978 bonum
960 4919 1318 4992 generationis
1364 4917 1593 4973 Illiorum
1620 4959 1635 4983 ,
1689 4919 1826 4975 bene

255 5030 471 5074 utuntur
523 5017 712 5088 pudica
763 5015 1027 5084 conjugia.
1056 5010 1234 5068 Solius
1274 5017 1453 5065 autem
1483 5009 1712 5064 carnalis
1735 5025 1832 5064 vo-

255 5112 466 5178 luptatis
514 5123 673 5163 causa
731 5105 932 5160 libidini
988 5103 1325 5166 consentire,
1391 5109 1661 5171 peccatum
1713 5112 1828 5168 est;

256 5202 496 5272 quamvis
520 5199 818 5267 coniugatis
844 5195 1136 5252 secundum
1176 5194 1382 5248 veniam
1412 5191 1754 5248 concedatur.

320 5291 544 5346 CAPUT
589 5289 751 5344 XVII.
796 5317 868 5328 —
912 5287 1000 5340 54.
1047 5287 1123 5339 An
1162 5285 1317 5339 libido
1346 5292 1461 5338 ante
1489 5292 1747 5353 peccatum
1775 5283 1830 5338 in

256 5383 491 5446 paradiso
519 5395 626 5433 esse
646 5379 878 5446 potuerit.
905 5375 1010 5431 Sed
1037 5375 1338 5430 constituite
1359 5415 1372 5438 ,
1403 5372 1688 5443 Pelagiani,
1712 5387 1829 5426 ser-

257 5484 372 5526 vata
421 5473 695 5526 honestate
736 5485 799 5524 ac
848 5468 1167 5524 fecunditate
1209 5467 1506 5536 nuptiarum
1582 5465 1627 5520 si
1673 5481 1832 5521 nemo

317 5668 333 5700 ί
378 5666 499 5729 Αρυσι
518 5673 648 5729 tov.,
669 5663 832 5729 hodie,
847 5662 931 5727 qui
943 5677 960 5725 ;
982 5665 1175 5723 omisso,
1200 5675 1307 5726 que.

316 5730 338 5759 ⁸
374 5725 527 5788 forte,
551 5725 600 5775 in
619 5739 677 5788 ea
695 5725 920 5776 uterubra.

319 5790 341 5821 ⁸
530 5787 762 5851 accipere.
785 5790 1079 5852 castigantur
1105 5800 1165 5836 ex
1191 5792 1298 5835 Mss.

1616 337 1818 391 LlIlEli
1861 336 2130 396 PRIMUS.

3400 349 3510 408 566

1927 461 2229 522 peccasset,
2273 455 2485 526 qualem
2526 457 2697 513 velitis
2739 458 2792 513 in
2822 458 3068 530 paradiso
3103 459 3265 517 vitam
3295 461 3508 520 illorum

1927 543 2199 600 hominum
2239 548 2503 617 cogitare,
2547 559 2600 604 et
2647 567 2808 606 unum
2851 549 2920 608 de
2965 553 3046 607 his
3087 562 3315 624 quatuor
3346 555 3509 614 rebus

1925 634 2124 705 eligite.
2152 636 2344 692 Procul
2373 637 2532 694 dubio
2557 641 2722 709 enim,
2749 650 2840 697 aut
2863 643 3298 715 quotiescumque
3319 646 3507 702 libuis-

1925 733 2045 791 set,
2094 727 2249 782 toties
2285 729 2734 795 concubuissent;
2778 741 2870 788 aut
2905 732 3173 789 frenarent
3201 736 3507 805 libidinem,
3581 803 3586 808 ,

1925 817 2140 886 quando
2168 819 2481 875 concubitus
2509 823 2842 878 necessarius
2869 839 2974 878 non
3005 823 3230 880 fuisset:
3260 837 3350 881 aut
3381 838 3509 884 tunc

1924 907 1991 962 ad
2032 917 2215 964 nutum
2242 912 2528 966 voluntatis
2556 913 2717 968 libido
2746 927 3119 985 consurgeret,
3149 919 3360 988 quando
3390 936 3510 975 esse

1924 1001 2260 1056 concubitum
2292 1005 2648 1060 necessarium
2673 1016 2815 1062 casta
2845 1008 3120 1078 prudentia
3147 1011 3163 1042 ί
3191 1015 3508 1080 prarsensis-

1925 1098 2007 1143 set
2035 1106 2050 1154 ;
2093 1101 2185 1146 aut
2228 1093 2368 1147 nulla
2399 1095 2469 1150 ibi
2499 1097 2715 1151 omnino
2744 1098 3004 1155 existente
3032 1100 3248 1156 libidine
3273 1143 3288 1168 ,
3322 1113 3374 1158 ut
3405 1120 3511 1158 cze-
3586 1167 3588 1171 I

1927 1187 2037 1234 tera
2071 1182 2308 1237 membra
2335 1201 2557 1257 qumque
2583 1187 2650 1241 ad
2674 1202 2836 1256 Opera
2865 1205 2959 1244 sua
2979 1230 2994 1254 ,
3025 1190 3102 1245 sic
3127 1191 3194 1245 ad
3225 1208 3356 1261 opus
3384 1211 3509 1263 pro-

1926 1270 2097 1338 prium
2140 1273 2296 1326 ctiam
2328 1275 2572 1345 genitalia
2598 1277 2762 1346 jussis
2789 1279 3074 1334 volentium
3101 1281 3217 1335 sine
3242 1283 3344 1336 ulla
3372 1282 3511 1338 difﬁ-

1925 1359 2122 1415 cultate
2149 1365 2458 1421 servissent.
2487 1366 2688 1422 Horum
2713 1378 2939 1438 quatuor
2958 1371 3097 1440 quod
3127 1372 3285 1426 vultis
3311 1374 3508 1444 eligite.

1925 1447 2030 1504 Sed
2063 1462 2189 1521 puto
2214 1453 2354 1525 quod
2375 1454 2481 1509 duo
2503 1456 2675 1526 priora
2703 1460 2965 1528 respuetis
2983 1501 2998 1525 ,
3028 1459 3115 1515 ubi
3138 1461 3158 1492 '
3185 1461 3388 1516 libidini
3417 1473 3511 1518 aut

1925 1541 2155 1596 servitur
2176 1584 2192 1610 ,
2233 1553 2325 1598 aut
2354 1555 2693 1617 repugnatur.
2726 1547 2964 1619 Namque
2994 1551 3118 1605 illud
3147 1553 3373 1622 primum
3403 1564 3509 1610 tam

1928 1633 2178 1701 prwelara
2217 1635 2507 1704 honestas;
2538 1639 2638 1694 hoc
2665 1649 2840 1696 autem
2870 1643 3156 1698 secundum
3186 1653 3290 1698 tam
3319 1662 3510 1717 magna

1927 1722 2150 1780 felicitas
2194 1742 2298 1782 non
2329 1729 2459 1783 vult.
2503 1731 2656 1786 Absit
2682 1733 2824 1788 enim
2853 1744 2906 1787 ut
2934 1743 3089 1789 tanta:
3115 1736 3254 1790 illius
3281 1738 3509 1792 beatitu-

1926 1813 2065 1868 dinis
2098 1815 2292 1883 decus,
2325 1829 2411 1873 aut
2442 1821 2830 1890 prarcedentem
2855 1840 3067 1894 semper
3092 1827 3362 1895 sequendo
3387 1827 3510 1882 Ιίὺί-

1927 1903 2102 1959 dinem
2148 1915 2332 1977 ageret
2377 1911 2734 1981 turpissimam
2779 1916 3121 1981 servitutem,
3169 1927 3260 1972 aut
3294 1919 3343 1974 ei
3379 1921 3514 1974 resi-

1927 1994 2118 2049 stendo
2161 2012 2265 2052 non
2310 1998 2526 2056 haberet
2571 2003 2930 2072 plenissimam
2962 2021 3188 2076 pacem:
3219 2007 3393 2076 absit,
3427 2010 3512 2064 in-

1925 2102 2121 2156 quam,
2167 2099 2227 2144 ut
2261 2091 2436 2146 carnis
2475 2092 2954 2161 concupiscentiam
2995 2110 3099 2150 non
3126 2108 3419 2166 opportune
3446 2098 3513 2154 ad

1925 2179 2286 2245 generandum
2309 2219 2326 2246 ,
2355 2180 2447 2235 sed
2477 2181 2770 2236 inordinata
2797 2183 3150 2238 commotione
3177 2194 3512 2256 surgentem,

1927 2277 2018 2322 aut
2063 2268 2138 2323 illi
2186 2272 2349 2326 menti
2390 2272 2598 2342 placere
2645 2275 3028 2330 consentiendo
3059 2277 3291 2344 satiare,
3321 2289 3412 2336 aut
3439 2281 3513 2334 illi

1927 2359 2098 2428 quieti
2123 2376 2342 2417 necesse
2370 2373 2514 2419 esset
2534 2363 2894 2420 dissentiendo
2921 2365 3196 2422 cohibere.

2001 2452 2090 2508 '55.
2127 2453 2356 2508 Duarum
2389 2470 2516 2510 vero
2542 2452 2863 2525 reliquarum
2888 2458 3176 2527 quamlibet
3205 2459 3470 2530 elegeritis
3491 2501 3510 2529 ,

1929 2562 2034 2600 non
2073 2555 2155 2600 est
2198 2546 2452 2602 adversus
2495 2563 2586 2603 vos
2631 2549 2732 2602 ulla
2771 2549 3110 2604 contentione
3145 2550 3514 2611 laborandum.

1929 2635 2041 2690 Etsi
2064 2636 2204 2690 enim
2236 2647 2476 2707 quartam
2505 2637 2780 2694 nolueritis
2803 2639 3024 2709 eligere,
3053 2639 3142 2695 ubi
3169 2650 3252 2696 est
3272 2626 3512 2698 omnium

1929 2726 2286 2782 obedientium
2330 2729 2688 2785 membrorum
2719 2730 2741 2762 ⁸
2778 2732 2894 2786 sine
2931 2733 3038 2786 ulla
3063 2733 3278 2788 libidine
3305 2749 3514 2789 summa

1930 2817 2272 2888 tanquillitas,
2314 2822 2560 2890 quoniam
2581 2823 2688 2890 jam
2728 2838 2823 2878 vos
2860 2823 2910 2878 ei
2941 2823 3064 2878 fecit
3085 2834 3378 2880 vestrarum
3403 2827 3514 2881 diss

1932 2909 2258 2976 putationum
2301 2910 2526 2980 impetus
2571 2913 2812 2968 inimicos
2836 2932 2850 2968 :
2878 2913 3004 2968 illud
3027 2914 3174 2969 vobis
3195 2917 3381 2971 saltem
3403 2917 3516 2987 pla«

1928 2999 2106 3064 cebit,
2155 3000 2296 3072 quod
2345 3003 2499 3057 tertio
2541 3004 2658 3058 loco
2707 3005 3012 3074 posuimus,
3056 3015 3112 3060 ut
3151 3006 3241 3062 illa
3280 3009 3512 3063 carnalis

1927 3093 2354 3162 concupiscentia
2379 3136 2394 3161 ,
2446 3096 2596 3166 cujus
2648 3109 2822 3153 motus
2849 3098 2916 3151 ad
2949 3109 3272 3168 postremam
3300 3099 3323 3132 ⁸
3341 3143 3356 3168 ,
3382 3117 3505 3172 qua:

1928 3198 2025 3237 vos
2053 3184 2270 3239 multum
2299 3185 2560 3253 delectat,
2591 3188 2832 3258 pervenit
2859 3188 3178 3258 voluptatem
3205 3231 3218 3256 ,
3244 3207 3514 3262 nunquam

1930 3272 1984 3327 in
2007 3273 2249 3343 paradiso
2272 3316 2287 3340 ,
2318 3275 2419 3330 nisi
2448 3291 2568 3330 cum
2599 3275 2663 3330 ad
2686 3277 3004 3348 gignendum
3029 3288 3170 3334 esset
3193 3283 3512 3346 necessaria,

1929 3364 1997 3419 ad
2031 3365 2315 3420 voluntatis
2352 3377 2532 3422 nutum
2559 3379 2884 3438 exsurgeret.
2918 3369 3063 3424 lianc
3091 3370 3134 3424 si
3165 3371 3336 3439 placet
3363 3371 3514 3426 vobis

1930 3454 1984 3508 in
2030 3455 2276 3525 paradiso
2303 3457 2565 3512 collocare
2593 3499 2610 3523 ,
2639 3467 2692 3511 et
2719 3473 2815 3528 per
2845 3459 3001 3513 talem
3029 3461 3511 3530 concupiscentiam

1928 3548 2104 3602 carnis
2128 3589 2142 3610 ,
2186 3565 2304 3618 qure
2339 3564 2440 3604 nec
2465 3551 2784 3620 praeveniret
2811 3592 2827 3616 ,
2860 3566 2958 3606 nec
2988 3552 3256 3618 tardaret,
3289 3567 3386 3608 nec
3415 3568 3512 3607 ex-

1929 3637 2144 3693 cederet
2171 3639 2451 3709 imperium
2483 3625 2766 3696 voluntatis
2786 3683 2801 3706 ,
2833 3643 2983 3697 vobis
3008 3642 3216 3698 videtur
3246 3643 3296 3696 in
3324 3644 3409 3698 illa
3437 3642 3515 3697 fe-

1929 3728 2128 3784 licitate
2170 3731 2306 3786 filios
2346 3733 2578 3802 potuisse
2611 3735 2856 3804 generari
2883 3734 2938 3798 ',
2986 3750 3090 3788 non
3133 3750 3509 3806 repugnamus.

1929 3820 2014 3876 Ad
2056 3821 2158 3876 hoc
2188 3817 2330 3876 enim
2374 3823 2514 3894 quod
2553 3825 2756 3896 agimus
2777 3865 2793 3889 ,
2821 3823 3018 3880 sufficit
3046 3825 3200 3881 nobis
3228 3825 3346 3895 quia
3375 3841 3514 3880 nunc

1930 3913 2052 3968 talis
2075 3915 2126 3968 in
2150 3913 2453 3970 hominibus
2482 3931 2586 3970 non
2615 3927 2696 3972 est
2718 3958 2733 3983 ,
2766 3918 2975 3987 qualem
3005 3919 3056 3972 in
3086 3918 3224 3973 illius
3248 3919 3513 3974 felicitatis

1931 4004 2047 4059 loco
2071 4021 2191 4061 esse
2216 4008 2448 4076 potuisse
2472 4008 2780 4064 conceditis.
2810 4009 2992 4078 Qualis
3021 4010 3215 4080 quippe
3239 4025 3380 4066 nunc
3402 4011 3469 4066 sit
3493 4053 3509 4078 ,

1931 4096 2168 4164 profecto
2206 4095 2440 4153 omnium
2483 4113 2673 4154 sensus
2715 4100 3016 4155 mortalium
3039 4143 3053 4166 ,
3083 4101 3181 4155 etsi
3207 4117 3327 4156 cum
3355 4118 3512 4158 vere-

1932 4186 2160 4252 cundia,
2204 4188 2486 4242 confitetur
2532 4207 2546 4243 :
2589 4190 2709 4260 quia
2753 4201 2807 4244 et
2845 4201 3021 4246 castos
3051 4191 3209 4245 etiam
3241 4194 3510 4254 nolentes.

1931 4291 2157 4346 eamque
2202 4279 2548 4348 temperantia
2591 4279 2913 4348 castigantcs
2935 4321 2950 4346 ,
2981 4281 3343 4350 inquietudine
3371 4283 3513 4336 inor-

1929 4365 2107 4421 dinata
2154 4367 2558 4437 importunaque
2601 4368 2886 4434 sollicitat,
2937 4380 2991 4424 et
3033 4369 3347 4441 plerumque
3389 4385 3512 4425 sese

1931 4457 2228 4512 volentibus
2271 4457 2573 4524 subtrahit,
2627 4457 2930 4514 nolentibus
2980 4459 3219 4530 ingerit;
3279 4469 3335 4513 ut
3382 4459 3512 4515 nihil

1932 4549 2073 4604 aliud
2099 4549 2452 4605 inobedientia
2481 4565 2575 4605 sua
2595 4592 2610 4616 ,
2642 4566 2799 4621 quam
2827 4551 2964 4606 illius
2991 4551 3175 4622 prisca:
3205 4552 3514 4609 iuobedien—

1935 4640 2020 4696 tize
2063 4657 2275 4713 pinnam
2312 4657 2370 4698 se
2409 4657 2527 4697 esse
2567 4651 2805 4698 testetur.
2845 4641 2998 4698 Unde
3034 4642 3224 4699 merito
3245 4643 3312 4698 de
3341 4644 3427 4699 illa
3458 4654 3514 4701 et

1934 4742 2060 4788 tunc
2103 4734 2258 4803 primi
2302 4735 2578 4800 homines,
2626 4734 2838 4804 quando
2879 4734 3119 4804 pudenda
3147 4745 3427 4804 texerunt,
3459 4749 3515 4793 et

1934 4839 2073 4878 nunc
2123 4825 2211 4894 qui
2259 4839 2317 4879 se
2364 4835 2647 4895 utcumque
2693 4823 2961 4879 hominem
3010 4840 3128 4880 esse
3175 4827 3509 4894 considerat,

1933 4915 2107 4970 omnis
2139 4915 2342 4986 pudens
2383 4915 2768 4987 impudensque
2795 4917 3134 4974 confunditur
3154 4960 3170 4987 ,
3199 4920 3338 4975 absit
3367 4930 3422 4974 ut
3447 4920 3514 4976 de

1934 5021 2096 5075 Opere
2143 5006 2274 5072 Dei,
2322 5007 2416 5061 sed
2457 5006 2526 5061 de
2571 5022 2724 5076 paena
2765 5009 2920 5078 primi
2964 5011 3263 5079 veterisque
3291 5012 3511 5079 peccati.

1938 5098 2132 5152 Verum
2175 5112 2271 5151 vos
2315 5114 2418 5151 non
2467 5114 2564 5168 pro
2603 5100 2848 5171 religiosa
2878 5101 3084 5156 ratione
3105 5143 3121 5167 ,
3153 5101 3246 5156 sed
3278 5117 3372 5171 pro
3397 5103 3515 5156 ani-

1937 5203 2084 5242 mosa
2115 5190 2454 5243 contentione
2477 5230 2493 5254 ,
2523 5205 2623 5245 nec
2647 5205 2742 5260 pro
2768 5193 3001 5246 humano
3031 5192 3229 5261 pudore
3249 5235 3262 5253 ,
3294 5192 3386 5248 sed
3416 5207 3512 5261 pro

1935 5291 2114 5334 vestro
2145 5280 2340 5344 furore,
2360 5295 2427 5334 ne
2455 5280 2538 5334 vel
2569 5281 2680 5350 ipsa
2705 5283 3128 5352 concupiscentia
3157 5281 3330 5337 carnis
3357 5281 3511 5335 vitia-

2001 5477 2016 5508 ⁸
2051 5475 2124 5524 sic
2144 5482 2251 5524 Mss.
2280 5480 2330 5538 (tt
2355 5474 2490 5532 editi,
2511 5475 2754 5538 patientia.

1999 5539 2020 5569 ί
2053 5538 2188 5590 t-xliti.
2211 5535 2398 5598 mribus.
2427 5545 2478 5587 At
2513 5535 2637 5598 Mss,
2662 5537 2757 5587 ubi.

2001 5599 2167 5662 fruiti
2189 5597 2574 5662 soli,_obedientia
2597 5598 2928 5648 membrorum.
3043 5657 3053 5662 Α
3113 5659 3122 5662 _
3293 5658 3305 5662 _
3484 5659 3486 5662 ν

2001 5659 2022 5690 ι
2055 5660 2194 5717 liditi,
2241 5660 2305 5708 ad
2348 5674 2454 5709 (’lfm
2487 5666 2786 5722 postremam.
2828 5657 3124 5722 MaulBCl‘llrll
3167 5670 3262 5710 non
3293 5658 3508 5724 habent,

1939 5734 2190 5838 cm'n'biiti,
2214 5793 2460 5844 generm'e.
2495 5787 2547 5829 At
2572 5788 2691 5840 Mss,
2716 5776 2954 5842 generari.
