4012 6470
473 368 578 424 567

471 492 522 539 tn
568 482 815 539 credatur
835 526 848 548 ,
880 492 932 538 et
961 497 1026 537 ex
1056 497 1118 537 ea
1149 481 1285 536 trahi
1325 481 1579 551 originale
1609 491 1882 550 peccatum
1908 495 1923 544 ;
1971 486 2055 530 ta-

471 576 578 632 lem
606 591 824 644 prorsus
849 571 1026 645 qualis
1044 590 1183 630 nunc
1206 584 1288 629 est
1311 616 1325 639 ,
1361 576 1410 628 in
1437 574 1737 644 paradisum
1765 571 2052 629 conamiui'

472 665 792 736 disputando
815 681 1065 720 revocare
1089 705 1104 731 ,
1131 681 1354 735 eamque
1381 665 1490 720 illic
1515 681 1633 720 esse
1661 665 1896 734 potuisse
1925 679 2056 716 con-

471 759 732 820 tendere,
781 771 937 826 quam
995 756 1078 810 vel
1141 770 1351 824 semper
1401 766 1710 825 sequeretur
1779 754 2056 808 inhonesta

470 849 859 912 consensio,vel
877 847 1158 918 aliquando
1173 857 1446 903 coerceret
1464 845 1757 900 miseranda
1773 844 2057 899 dissensio.

471 942 580 996 Nos
605 952 781 996 autem
813 958 918 996 non
949 941 1173 995 multum
1202 955 1450 995 curamus
1475 940 1596 1010 quid
1621 954 1712 992 vos
1733 939 1798 993 de
1823 938 1910 991 illa
1937 951 2060 991 sen-

473 1035 573 1089 tire
599 1034 847 1090 delectet.
876 1033 1143 1103 Quidquid
1172 1043 1348 1089 tamen
1375 1034 1642 1088 hominum
1673 1047 1766 1102 per
1791 1032 1931 1085 illam
1961 1047 2058 1084 ua-

469 1128 677 1192 scitur,
723 1128 767 1182 si
813 1144 917 1181 non
958 1137 1300 1191 renascatur,
1346 1127 1460 1181 sine
1489 1125 1818 1181 dubitatione
1843 1124 2064 1179 damna-

473 1226 559 1271 tur
582 1260 596 1283 ,
637 1227 692 1272 et
734 1233 952 1272 necesse
980 1226 1066 1274 est
1089 1234 1208 1274 esse
1237 1219 1336 1273 sub
1364 1217 1574 1272 diabolo
1593 1257 1607 1282 ,
1640 1215 1687 1269 si
1714 1231 1818 1270 non
1849 1213 1971 1270 inde
1997 1213 2063 1268 li-

471 1308 689 1363 beretur
712 1326 738 1362 a
767 1309 1000 1366 Christo.

544 1401 996 1459 CAPUT‘XVIII.
1040 1433 1112 1443 —
1154 1401 1242 1456 '56.
1294 1401 1487 1469 Quarta
1531 1399 1732 1455 Iuliani
1759 1400 2060 1465 antithesis,

471 1493 610 1562 quod
638 1493 786 1546 homo
815 1493 878 1545 sit
904 1492 995 1546 Dei
1018 1510 1166 1563 Opus,
1183 1510 1271 1546 nec
1298 1509 1360 1546 ea:
1387 1493 1524 1545 illius
1550 1492 1771 1563 potentia
1793 1492 1870 1545 vel
1882 1497 1932 1545 in
1955 1509 2064 1544 ma-

473 1584 580 1637 lum
602 1584 680 1638 vel
702 1585 753 1636 in
782 1583 965 1638 bonum
993 1595 1222 1655 cogatur.
1253 1604 1272 1636 ι
1308 1584 1562 1638 llornincs
1585 1626 1598 1649 ,
1639 1603 1658 1636 ι
1691 1584 1886 1654 inquit,
1922 1602 1940 1634 ι
1970 1583 2061 1639 Dei

472 1690 607 1746 opus
650 1689 768 1730 esse
813 1674 1144 1730 defendimus
1187 1693 1198 1728 :
1242 1691 1340 1730 nec
1377 1691 1439 1730 ex
1473 1675 1610 1728 illius
1639 1675 1871 1746 potentia
1900 1674 1981 1729 vel
2011 1673 2061 1728 in

474 1766 670 1821 malmn
707 1766 789 1820 vel
834 1766 886 1820 in
912 1766 1105 1820 bonum
1135 1767 1352 1820 invitum
1379 1767 1608 1837 aliquem
1636 1767 1784 1837 cogi;
1817 1766 1909 1821 sed
1939 1782 2060 1836 pro-

473 1857 588 1927 pria
634 1857 935 1924 voluntate,
975 1866 1067 1912 aut
1109 1857 1304 1913 bonum
1356 1857 1558 1924 facere,
1603 1867 1694 1911 aut
1739 1858 1934 1911 malum
1965 1875 1979 1909 :
2010 1859 2062 1913 in

471 1946 616 2003 bono
659 1964 785 2003 vero
825 1964 986 2018 opere
1032 1964 1062 2003 a
1108 1949 1199 2003 Dei
1248 1949 1412 2020 gratia
1459 1964 1670 2019 semper
1703 1949 1981 2017 adjuvari,
2011 1949 2062 2004 in

472 2042 671 2100 malum
698 2055 824 2096 vero
853 2041 1048 2095 diaboli
1076 2041 1499 2112 suggestionibus
1531 2040 1756 2095 incitari.
1789 2059 1808 2092 ι
1844 2040 1923 2095 Ad
1951 2041 2066 2096 haec

471 2131 894 2203 respondemus,
947 2132 1199 2186 llomiues
1245 2149 1362 2186 esse
1405 2148 1540 2202 Opus
1573 2131 1700 2196 Dei,
1731 2133 1780 2185 in
1809 2141 2062 2202 quantum

474 2222 722 2279 homines
747 2231 873 2277 sunt
897 2242 910 2290 ;
940 2223 1032 2277 sed
1059 2223 1157 2278 sub
1181 2223 1393 2277 diabolo
1419 2238 1561 2288 esse,
1589 2222 1640 2276 in
1664 2236 1916 2292 quantum
1941 2239 2066 2290 pec-

474 2325 685 2370 catores
730 2324 892 2380 sunt,
939 2315 1039 2370 nisi
1069 2325 1325 2369 eruantur
1369 2313 1490 2368 inde
1529 2331 1621 2385 per
1648 2329 1770 2368 eum
1793 2357 1806 2378 ,
1839 2313 1926 2383 qui
1960 2330 2063 2368 non

479 2408 549 2460 ob
574 2406 715 2460 aliud
749 2407 916 2461 laetus
943 2417 1023 2462 est
1055 2407 1193 2462 inter
1219 2407 1382 2461 Deum
1411 2415 1464 2460 et
1495 2405 1736 2460 homines
1765 2406 2027 2460 mediator
2047 2448 2064 2472 ,

478 2497 577 2574 hisi
607 2498 726 2568 quia
758 2515 820 2554 ex
851 2499 1154 2553 hominibus
1184 2515 1288 2553 non
1321 2499 1488 2569 potuit
1517 2513 1636 2554 esse
1666 2509 1929 2568 peccator.
1958 2498 2070 2554 Nec

475 2591 541 2644 ex
590 2589 682 2644 Dei
724 2591 953 2660 potentia
981 2591 1063 2644 vel
1105 2591 1159 2644 in
1191 2591 1384 2645 malum
1412 2589 1493 2644 vel
1523 2591 1576 2644 in
1617 2591 1812 2644 bomnn
1842 2590 2064 2644 invitum

475 2683 704 2752 aliquem
732 2683 887 2753 cogi;
927 2682 1019 2738 sed
1054 2683 1159 2738 Deo
1198 2683 1478 2738 deserente
1523 2699 1620 2753 pro
1660 2683 1862 2737 meritis
1894 2683 1971 2738 ire
2014 2683 2066 2737 in

476 2774 675 2828 malum
704 2815 720 2842 ,
771 2785 824 2830 et
864 2775 978 2830 Deo
1018 2775 1300 2846 adjuvante
1342 2775 1457 2832 sine
1497 2776 1700 2830 meritis
1740 2777 1976 2830 converti
2001 2776 2068 2831 ad

475 2866 694 2920 bonmn.
713 2866 823 2921 Non
841 2868 981 2942 enim
1003 2877 1086 2922 est.
1116 2869 1275 2921 homo
1307 2869 1472 2922 bonus
1497 2868 1541 2922 si
1573 2868 1736 2934 nolit;
1781 2869 1874 2922 sed
1901 2869 2067 2939 gratia

475 2958 570 3012 Dei
623 2960 782 3014 etiam
809 2960 875 3014 ad
914 2960 1018 3016 hoc
1043 2961 1322 3030 adjuvatur
1360 2970 1416 3016 ut
1454 2961 1581 3017 velit
1613 2979 1627 3016 :
1658 2962 1907 3031 quoniam
1960 2978 2067 3018 non

475 3047 708 3105 inaniter
744 3052 1000 3121 scriptum
1040 3061 1156 3118 est,
1204 3051 1340 3106 Deus
1375 3062 1448 3106 est
1475 3054 1608 3107 enim
1631 3055 1719 3128 qui
1755 3064 1992 3124 aperatur
2018 3055 2070 3110 iu

477 3140 615 3194 vobis
634 3142 654 3171 ¹
672 3150 719 3194 et
753 3141 876 3194 velle
900 3149 947 3195 et
972 3141 1192 3212 operari,
1222 3158 1316 3214 pro
1341 3143 1470 3196 bona
1513 3142 1769 3200 voluntate
1805 3144 2068 3218 (Philipp.

477 3246 551 3297 ιι,
585 3231 712 3300 15);
740 3240 812 3296 et,
839 3230 1168 3304 Prteparatur
1187 3232 1417 3288 voluntas
1445 3251 1478 3288 a
1499 3231 1717 3290 Domino
1740 3234 1924 3306 (Prov.
1955 3253 2066 3305 vm,

479 3339 576 3378 sec.
607 3324 798 3395 LXX).

550 3415 778 3474 CAPUT
839 3415 984 3474 XIX.
1015 3449 1084 3459 —
1128 3418 1217 3474 37.
1287 3416 1501 3474 Initium
1563 3419 1709 3476 bona:
1757 3423 2067 3490 voluntatis,

483 3505 674 3560 donum
701 3510 896 3578 gratim.
953 3505 1128 3563 Venire
1165 3508 1236 3562 ad
1269 3507 1524 3564 Christum
1577 3521 1651 3566 est
1702 3512 1926 3568 credere.
1985 3511 2069 3567 Vis

479 3599 680 3667 gratiae.
728 3597 835 3654 Vos
863 3609 1041 3654 autem
1084 3599 1136 3654 in
1178 3599 1319 3656 bono
1364 3616 1525 3670 opere
1563 3605 1642 3657 sic
1677 3605 1872 3672 putatis
1919 3604 2070 3674 adju-

481 3687 595 3743 vari
647 3688 914 3743 hominem
954 3691 1118 3761 gratia
1171 3689 1290 3756 Dei,
1339 3701 1394 3746 ut
1440 3691 1493 3747 in
1542 3694 1819 3749 excitanda
1858 3694 1972 3764 ejus
2001 3694 2068 3750 ad

482 3779 657 3848 ipsum
681 3779 875 3834 bonum
902 3796 1034 3850 npus
1064 3781 1362 3844 voluntate,
1394 3783 1522 3837 nihil
1551 3799 1670 3838 eam
1691 3784 1922 3840 credatis
1943 3801 2068 3856 epe-

481 3872 610 3924 rari.
656 3870 806 3938 Quod
847 3873 976 3926 satis
1018 3873 1127 3942 ipsa
1176 3882 1261 3926 tua
1295 3875 1453 3929 verba
1480 3875 1769 3932 declarant.
1795 3879 1902 3934 Cur
1927 3881 2067 3934 enim

482 3977 590 4016 non
611 3961 784 4018 dixisti
810 4005 826 4031 ,
853 3964 1124 4021 hominem
1154 3965 1242 4020 Dei
1268 3967 1432 4034 gratia
1465 3965 1518 4022 in
1548 3967 1742 4023 bonum
1772 3985 1907 4040 opus
1927 3972 2071 4026 exci-

481 4053 581 4108 tari
607 4095 624 4119 ,
647 4055 781 4109 sicut
809 4055 1026 4122 dixisti,
1063 4076 1082 4111 ι
1117 4059 1168 4113 in
1198 4059 1394 4114 malum
1419 4059 1610 4115 diaboli
1641 4065 2069 4133 suggestionibns

481 4144 725 4211 incitari;
765 4165 782 4197 ι
826 4147 920 4202 sed
964 4148 1115 4214 aisti,
1151 4167 1170 4202 ι
1218 4149 1268 4204 in
1315 4148 1456 4205 bono
1499 4166 1663 4222 opere
1700 4169 1729 4207 a
1773 4154 1864 4210 Dei
1891 4157 2068 4226 'gratia

482 4255 695 4310 semper
739 4239 1028 4311 adjuvari?
1075 4259 1095 4295 ι
1147 4252 1392 4313 tanquam
1438 4258 1532 4299 sua
1577 4246 1875 4315 voluntate,
1927 4251 2069 4305 nulla

481 4329 577 4385 Dei
606 4331 773 4401 gratia
803 4332 998 4386 bomnn
1029 4347 1163 4402 opus
1188 4349 1502 4404 aggressus,
1537 4336 1587 4390 in
1620 4337 1735 4408 ipso
1759 4338 1869 4408 jam
1907 4355 2071 4409 Opere

414 4447 419 4454 ~
482 4421 736 4478 divinitus
773 4424 1086 4494 adjuvetur,
1133 4441 1228 4493 pro
1271 4427 1478 4481 meritis
1516 4428 1760 4485 videlicet
1784 4431 2071 4488 voluntatis

482 4512 638 4569 bona:
662 4503 780 4580 ;‘ut
821 4516 1074 4571 reddatur
1098 4517 1273 4572 debita
1303 4519 1469 4589 gratia
1494 4560 1510 4585 ,
1539 4536 1644 4574 non
1672 4521 1901 4577 donetur
1922 4524 2072 4580 inde-

483 4603 595 4659 bita
625 4621 640 4658 :
683 4621 746 4660 ac
786 4605 863 4659 sic
889 4607 1055 4676 gratia
1081 4607 1192 4675 jam
1223 4624 1327 4662 non
1358 4609 1427 4662 sit
1453 4613 1620 4679 gratia
1649 4611 1822 4680 (Rom.
1855 4630 1940 4677 XI,
1972 4615 2026 4686 6)
2053 4632 2068 4682 ;

482 4694 580 4750 sed
623 4696 690 4749 sit
727 4695 853 4750 illud
888 4697 1025 4764 quod
1058 4697 1298 4766 Pelagius
1328 4697 1379 4753 in
1404 4699 1601 4770 judicio
1632 4701 1914 4758 Palaestino
1945 4704 2072 4759 ﬁcto

483 4786 648 4842 corde
675 4787 944 4844 damnavit
966 4831 980 4855 ,
1009 4790 1230 4860 gratiam
1257 4791 1347 4846 Dei
1368 4791 1658 4847 secundum
1682 4795 1866 4848 merita
1891 4806 2070 4852 nostra

484 4877 598 4932 dari
631 4877 726 4950 (a).
769 4879 862 4933 Dic
887 4879 1013 4934 mihi
1034 4921 1049 4944 ,
1079 4882 1302 4937 obsecro
1324 4924 1339 4947 ,
1367 4883 1494 4953 quid
1527 4885 1650 4938 boni
1679 4885 1871 4940 Paulus
1895 4886 2072 4942 adhuc

483 4971 681 5027 Saulus
703 5013 718 5037 ,
747 4972 953 5028 volebat
976 5014 991 5039 ,
1018 4988 1081 5028 ac
1109 4991 1210 5027 non
1244 4976 1415 5043 potius
1445 4991 1633 5046 magna
1665 4978 1799 5031 mala
1821 5021 1833 5040 ,
1858 4979 2072 5048 quando

485 5063 693 5131 spirans
718 5063 922 5118 caedem
949 5064 1204 5134 pergebat
1226 5064 1293 5118 ad
1319 5066 1604 5123 vastandos
1633 5067 1896 5126 horrenda
1924 5087 2074 5124 men-

485 5157 555 5211 tis
601 5156 841 5212 czecitate
882 5173 944 5212 ac
989 5157 1165 5213 furore
1210 5158 1584 5215 Christianos?
1621 5161 1824 5231 Quibus
1867 5165 2071 5221 meritis

484 5246 640 5300 bona:
665 5247 952 5302 voluntatis
979 5249 1117 5304 Deus
1142 5249 1290 5304 illum
1321 5250 1390 5304 ab
1416 5250 1500 5306 his
1521 5255 1672 5309 malis
1691 5255 1757 5308 ad
1783 5255 1943 5319 bona,
1973 5256 2073 5311 mi-

483 5337 637 5391 rabili
659 5347 715 5393 et
739 5339 1013 5408 repentina
1043 5341 1318 5396 vocatione
1338 5345 1601 5398 convertit
1629 5344 1762 5416 (Act.
1788 5346 1870 5417 ix)
1892 5345 1915 5400 ?
1933 5346 2070 5416 Quid

483 5442 584 5496 ego
613 5428 784 5484 dicam
805 5471 820 5494 ,
848 5430 1040 5500 quibus
1061 5433 1262 5486 meritis
1283 5474 1300 5497 ,
1328 5448 1448 5488 cum
1474 5435 1584 5504 ipse
1605 5437 1797 5492 clamet
1813 5478 1829 5500 ,
1863 5436 1985 5492 Non
2009 5455 2071 5493 ea:

483 5520 716 5583 operibus
747 5523 959 5591 iustitia
992 5539 1105 5593 qua:
1129 5541 1217 5577 nos
1252 5525 1462 5596 fecimus
1481 5567 1495 5590 ,
1522 5527 1610 5578 sed
1632 5529 1905 5580 secundum
1927 5546 2069 5582 suam

484 5614 878 5668 miscricordiam
911 5617 1076 5670 salvos
1115 5632 1205 5669 nos
1236 5617 1352 5682 fecit
1380 5616 1504 5686 (Tit.
1538 5632 1591 5671 ιιι
1617 5660 1631 5684 ,
1660 5619 1754 5687 5)?
1779 5619 1915 5688 Quid
1944 5620 2068 5676 illud

548 5715 563 5782 ξ
600 5716 672 5765 sic
693 5723 800 5782 Mss.
827 5719 1050 5782 Atediti,
1073 5717 1122 5768 in
1145 5715 1374 5782 paradiso
1395 5718 1698 5771 conabimini.

545 5778 565 5807 ²
599 5783 725 5834 Mss.,
749 5778 798 5828 in
822 5779 969 5830 nobis.

544 5839 615 5900 (α)
649 5848 793 5903 supra
809 5876 823 5902 ,
851 5841 933 5890 lib.
958 5842 1021 5892 de
1045 5843 1200 5892 Gcstis
1224 5840 1419 5905 Pelagii,
1441 5856 1487 5892 ιι.
1512 5843 1589 5893 50.

1072 363 1345 422 CONTRA
1388 365 1566 422 DUAS
1605 359 1980 419 EPISTOLXS
2017 358 2576 426 Pl.L.\Gl.-\.\'0iiU.\l,
2617 359 2674 414 S.
2716 356 3078 415 AUCL‘STINI

3641 345 3752 416 868

2168 474 2311 546 quod
2333 474 2441 546 jam
2471 475 2878 530 commemoravi
2907 475 3102 530 dixisse
3126 474 3434 536 Dominum,
3469 475 3634 530 Nemo
3657 495 3753 544 po-

2165 579 2254 623 test
2301 569 2466 622 venire
2500 571 2569 621 ad
2597 584 2706 634 me,
2738 568 2875 637 quod
2907 569 3248 637 intelligitur,
3274 567 3507 624 Credere
3534 569 3584 622 in
3617 585 3702 624 mc
3733 585 3752 634 ;

2165 659 2261 713 nisi
2283 659 2328 712 ei
2352 660 2526 711 datum
2555 659 2708 730 fuerit
2734 675 2766 710 α
2797 657 2950 712 Patre
2975 675 3082 713 meo
3105 658 3280 731 (Joan.
3310 675 3382 725 vt,
3413 659 3531 730 66)?
3557 658 3750 714 Utrum

2160 749 2270 820 jam
2336 751 2530 804 volenti
2595 751 2815 804 credere
2856 766 2952 820 pro
3008 749 3210 805 meritis
3264 750 3416 803 home.
3460 751 3756 804 voluntatis

2165 845 2268 901 hoc
2305 845 2463 901 datur
2496 865 2508 898 :
2546 863 2610 901 an
2641 848 2813 918 potius
2839 858 2890 902 ut
2921 849 3134 911 credat,
3167 848 3279 918 ipsa
3310 849 3588 916 voluntas,
3613 852 3758 903 sicut

2164 935 2341 1004 Sauli,
2381 937 2611 1007 desuper
2647 939 2941 1004 excitatur,
2985 940 3142 994 etiam
3177 940 3220 993 si
3251 950 3354 993 tam
3383 941 3450 994 sit
3475 955 3694 995 aversus
3721 953 3754 993 τι

2168 1028 2271 1084 lide
2293 1071 2310 1096 ,
2356 1039 2413 1084 ut
2451 1031 2731 1086 credentes
2765 1032 2922 1086 etiam
2966 1033 3354 1103 persequatur?
3387 1034 3577 1104 thuid
3605 1035 3754 1088 enim

2168 1120 2322 1176 nobis
2360 1121 2616 1176 Dominus
2658 1123 2942 1192 przeeepit,
2975 1130 3033 1176 ut
3060 1138 3272 1177 oremus
3301 1139 3395 1193 pro
3422 1125 3500 1179 eis
3534 1126 3623 1195 qui
3654 1141 3756 1180 nos

2168 1223 2556 1285 persequuntur
2583 1213 2792 1286 (Matth.
2822 1232 2856 1268 v
2879 1257 2893 1280 ,
2922 1217 3010 1286 44)
3031 1217 3058 1270 ?
3078 1215 3344 1285 Numquid
3370 1217 3470 1272 hoc
3494 1232 3710 1272 oramus
3735 1259 3754 1282 ,

2166 1313 2226 1360 ut
2265 1306 2342 1362 eis
2381 1321 2475 1375 pro
2505 1305 2638 1360 bona
2665 1321 2848 1361 eorum
2877 1307 3145 1362 voluntate
3169 1308 3334 1377 gratia
3369 1309 3460 1364 Dei
3493 1309 3758 1365 retribua-

2168 1407 2253 1452 tnr
2274 1440 2289 1464 ,
2333 1413 2397 1453 ac
2437 1413 2542 1451 non
2568 1399 2742 1468 potius
2770 1406 2826 1452 nt
2852 1399 2986 1452 mala
3021 1399 3072 1452 in
3099 1401 3293 1455 bonum
3323 1400 3568 1455 voluntas
3592 1401 3706 1470 ipsa
3736 1401 3756 1434 ⁸

2168 1497 2399 1543 mutetur
2419 1489 2446 1529 7
2482 1487 2631 1544 Sicut
2668 1491 2936 1544 credimus
2959 1532 2974 1555 ,
3015 1500 3141 1546 tunc
3177 1507 3204 1544 a
3235 1493 3439 1546 sanctis
3468 1509 3602 1562 quos
3634 1509 3762 1563 per-

2166 1579 2508 1648 Sequebatur,
2541 1595 2647 1633 non
2676 1581 2903 1634 inmiter
2927 1590 3135 1635 oratum
3163 1597 3282 1637 esse
3307 1599 3401 1653 pro
3429 1584 3588 1638 Sanlo
3613 1585 3753 1655 (Act.

2169 1686 2278 1736 vn,
2317 1671 2442 1739 59),
2484 1678 2542 1724 ut
2579 1671 2646 1726 ad
2680 1671 2835 1725 ﬁdem
2865 1688 3022 1741 quam
3053 1673 3330 1741 vastabat,
3363 1675 3607 1729 voluntas
3638 1676 3760 1746 ejus

2169 1773 2589 1820 converteretur.
2637 1763 2705 1819 Et
2752 1765 2891 1820 illius
2933 1765 3148 1834 quidem
3195 1767 3476 1822 conversio
3524 1769 3763 1838 desuper

2169 1853 2328 1920 facta,
2361 1855 2646 1910 manifesto
2671 1857 2830 1909 etiam
2846 1853 3116 1910 'miraculo
3137 1859 3400 1926 apparuit.
3431 1858 3597 1926 Quam
3622 1859 3760 1914 mul-

2171 1944 2206 1999 ti
2251 1944 2448 1999 inimici
2490 1944 2687 2000 Christi
2723 1946 2958 2015 quotidie
2995 1948 3170 2001 subito
3209 1948 3303 2002 Dei
3351 1950 3556 2004 occulta
3587 1953 3758 2020 gratia

2169 2036 2451 2090 tralnmtur
2500 2037 2566 2090 ad
2620 2036 2936 2092 Christum?
2988 2037 3139 2106 Quod
3188 2039 3406 2094 verbum
3455 2041 3497 2094 si
3548 2057 3651 2094 non
3692 2058 3760 2096 ex

2169 2126 2459 2196 Evangelio
2500 2129 2792 2198 posuissem
2815 2171 2830 2196 ,
2857 2138 3052 2199 quanta
3093 2129 3160 2185 de
3191 2145 3275 2184 me
3298 2140 3517 2201 propter
3537 2131 3637 2186 hoc
3660 2132 3765 2186 iste

2168 2220 2428 2288 dixisset;
2471 2238 2588 2277 cum
2635 2222 2794 2278 etiam
2838 2239 2982 2280 nunc
3004 2225 3301 2280 obluctetur
3329 2243 3432 2281 non
3465 2227 3589 2283 mihi
3615 2270 3631 2293 ,
3663 2229 3764 2283 sed

2171 2313 2242 2366 illi
2267 2314 2355 2382 qui
2377 2315 2571 2368 clamat
2593 2356 2607 2379 ,
2636 2313 2802 2369 Nemo
2830 2325 2991 2385 potest
3019 2320 3186 2371 venire
3212 2319 3280 2370 ad
3305 2336 3420 2385 me,
3443 2321 3539 2374 nisi
3571 2319 3764 2386 Pater,

2169 2404 2254 2472 qui
2297 2403 2428 2456 misit
2473 2422 2580 2470 me,
2618 2407 2825 2460 traxerit
2849 2424 2963 2460 eum
2993 2407 3167 2480 (Joau.
3199 2425 3283 2474 vr,
3314 2410 3405 2478 44)
3428 2410 3450 2462 ?
3471 2410 3584 2463 Non
3611 2411 3764 2466 enim

2171 2496 2276 2559 ait,
2328 2494 2580 2561 Duxerit,
2614 2507 2670 2552 ut
2708 2498 2814 2552 illic
2843 2498 3022 2568 aliquo
3054 2501 3212 2555 modo
3242 2501 3589 2571 intelligamus
3620 2519 3768 2572 pra:-

2171 2587 2364 2642 ca-dere
2392 2588 2738 2644 voluntatem.
2768 2589 2898 2657 Quis
2925 2589 3183 2658 trahitur,
3213 2594 3256 2646 si
3279 2592 3388 2662 jam
3413 2595 3664 2648 volebat?
3696 2595 3766 2650 Et

2174 2687 2349 2732 tamen
2399 2694 2558 2734 nemo
2607 2679 2788 2745 venit,
2839 2681 2936 2734 nisi
2983 2681 3130 2736 velit.
3171 2682 3424 2737 Trahitur
3451 2699 3579 2754 ergo
3610 2685 3766 2738 miris

2174 2766 2345 2821 modis
2381 2778 2437 2822 ut
2474 2769 2639 2836 velit,
2680 2770 2747 2824 ab
2777 2770 2867 2824 illo
2893 2771 2980 2841 qui
3010 2773 3156 2827 novit
3183 2774 3323 2827 intus
3350 2774 3401 2827 in
3431 2774 3560 2844 ipsis
3589 2773 3766 2828 homi-

2175 2876 2300 2914 num
2344 2861 2596 2918 cordibus
2634 2864 2878 2934 operari,
2926 2880 3034 2919 non
3070 2873 3129 2920 ut
3159 2864 3400 2922 homines
3423 2909 3440 2933 ,
3472 2867 3613 2938 quod
3646 2866 3765 2922 fieri

2175 2967 2280 3006 non
2313 2963 2516 3022 potest,
2547 2955 2791 3010 nolentes
2818 2955 3078 3024 credant,
3104 2957 3196 3012 sed
3220 2969 3276 3012 ut
3303 2958 3539 3015 volentes
3568 2976 3633 3014 ex
3667 2975 3766 3014 uo-

2175 3044 2406 3102 lentibus
2435 3047 2579 3100 ﬁant.

2246 3136 2470 3192 CAPUT
2515 3136 2633 3192 XX.
2679 3169 2748 3179 —-
2792 3139 2881 3196 58.
2925 3138 3117 3196 Gratia:
3147 3139 3240 3194 Dei
3272 3142 3340 3195 vis
3366 3140 3764 3195 demonstratur.

2177 3226 2288 3284 lloc
2316 3243 2498 3282 verum
2520 3243 2641 3284 esse
2663 3245 2769 3284 non
2797 3232 3100 3299 conjectura
3129 3233 3462 3301 suspicamur
3492 3233 3727 3285 htnnana
3747 3273 3768 3298 ,

2173 3320 2266 3376 sed
2289 3320 2686 3376 evidentissima
2709 3321 3004 3376 divinarum
3029 3322 3421 3392 Scripturarum
3443 3325 3768 3378 auctoritate

2173 3410 2552 3480 dignoseimus.
2602 3410 2816 3482 Legitur
2864 3413 2915 3466 in
2962 3412 3404 3484 Paralipomenon
3449 3414 3645 3469 libris:
3693 3414 3768 3468 Et

2172 3504 2375 3572 quidem
2418 3504 2470 3557 in
2511 3501 2545 3556 Ι
2551 3505 2651 3556 uda
2681 3508 2816 3575 facta
2840 3516 2912 3559 est
2939 3522 3116 3558 manus
3147 3505 3242 3558 Dei
3251 3547 3266 3568 ,
3301 3515 3352 3559 ut
3378 3506 3516 3560 daret
3545 3507 3648 3560 illis
3677 3525 3770 3560 cor

2173 3610 2350 3660 unum,
2375 3604 2428 3647 ut
2448 3595 2668 3663 facerent
2690 3607 2998 3666 prwccptum
3021 3597 3151 3667 regis
3171 3610 3218 3650 ct
3236 3596 3518 3667 principum
3540 3597 3591 3650 in
3616 3601 3769 3650 verbo

2174 3682 2381 3739 Domini
2419 3684 2480 3757 (ΙΙ
2527 3685 2650 3740 Par.
2682 3703 2816 3753 xxx,
2847 3687 2954 3757 1‘2).
2991 3687 3119 3742 Item
3150 3703 3246 3757 per
3274 3687 3608 3742 Ezechielem
3639 3706 3771 3758 pro-

2173 3779 2385 3849 phetam
2420 3780 2672 3834 Dominus
2697 3780 2823 3834 dicit
2855 3799 2868 3835 :
2902 3779 3046 3833 Dabo
3083 3781 3154 3834 eis
3192 3797 3278 3835 cor
3314 3780 3488 3844 aliud,
3529 3793 3573 3834 et
3602 3783 3772 3850 spiri-

2174 3882 2279 3925 tum
2317 3889 2498 3926 norum
2536 3872 2665 3925 dabo
2703 3873 2803 3937 eis,
2845 3883 2891 3926 et
2929 3873 3135 3926 evellam
3173 3889 3261 3926 cor
3297 3889 3467 3926 eorum
3502 3871 3772 3940 lapideum

2173 3965 2236 4016 de
2272 3980 2420 4018 carne
2457 3981 2662 4029 corutu,
2701 3974 2746 4018 et
2785 3964 2914 4018 dabo
2947 3965 3015 4019 eis
3045 3981 3132 4018 cor
3160 3981 3396 4018 corneum
3419 3981 3440 4031 ;
3460 3975 3512 4017 ut
3539 3965 3593 4018 in
3625 3981 3771 4033 pra:-

2172 4056 2327 4126 ceptis
2381 4056 2502 4109 meis
2551 4055 2834 4120 ambulent,
2889 4064 2932 4110 et
2974 4057 3366 4126 justiﬁcationes
3413 4073 3547 4109 meas
3594 4056 3773 4110 obser-

2171 4158 2322 4213 vent,
2375 4157 2422 4201 et
2473 4149 2663 4218 faciant
2701 4165 2785 4202 cas
2825 4147 3036 4220 (Ezcclt.
3078 4165 3279 4214 xxxvi,
3320 4148 3425 4214 26,
3465 4149 3578 4221 9.7).
3623 4150 3771 4215 Quid

2174 4250 2258 4295 est
2307 4249 2482 4292 autem
2535 4239 2677 4310 quod
2732 4238 2925 4295 Esther
2964 4239 3053 4294 illa
3093 4241 3272 4310 regina
3311 4251 3426 4294 orat
3450 4283 3466 4306 ,
3505 4249 3561 4295 et
3595 4241 3769 4306 dicit,

2174 4329 2258 4384 Da
2294 4347 2572 4384 sermonem
2612 4332 2908 4385 concinnum
2951 4333 3003 4385 in
3042 4349 3097 4385 os
3136 4350 3300 4386 meum
3326 4375 3340 4399 ,
3383 4343 3426 4387 et
3465 4335 3611 4387 verba
3650 4353 3774 4389 mea

2173 4423 2400 4492 clariﬁca
2456 4424 2508 4476 in
2547 4435 2814 4494 conspectu
2854 4423 3044 4492 leonis,
3084 4436 3133 4478 et
3170 4437 3396 4480 converte
3435 4443 3522 4480 cor
3555 4429 3671 4493 eius
3715 4430 3772 4482 in

2175 4516 2348 4569 odium
2385 4517 2731 4588 itttpttgttatttis
2770 4517 2901 4571 nos?
2941 4517 3132 4587 Ulqttid
3175 4517 3270 4572 ista
3311 4519 3362 4572 itt
3403 4520 3644 4573 oratione
3688 4523 3778 4575 tli-

2174 4607 2246 4660 cit
2299 4607 2440 4671 Deo,
2499 4608 2542 4660 si
2592 4623 2694 4660 non
2736 4617 2985 4676 operatur
3027 4608 3165 4663 Dens
3205 4609 3253 4662 in
3294 4610 3546 4664 cordibus
3586 4610 3777 4666 homi-

2177 4715 2300 4752 num
2348 4699 2715 4754 voluntatem?
2757 4699 2859 4756 Sed
2905 4700 3040 4755 lorte
3079 4702 3179 4756 hoc
3226 4702 3415 4756 mulier
3451 4704 3781 4772 insipienter

2174 4792 2365 4846 oravit.
2393 4792 2679 4847 Videamus
2702 4808 2830 4864 ergo
2857 4803 3032 4848 utrum
3060 4794 3288 4850 inaniter
3316 4796 3622 4866 praemissus
3651 4797 3782 4853 lue-

2175 4887 2246 4941 rit
2269 4887 2473 4941 orantis
2517 4886 2738 4942 allectus
2761 4927 2780 4952 ,
2812 4895 2869 4942 et
2913 4896 3233 4942 consecutus
3280 4905 3384 4942 non
3417 4887 3575 4942 fuerit
3600 4904 3779 4944 exau-

2175 4977 2373 5033 dientis
2411 4978 2652 5033 ell'ectus.
2681 4978 2816 5033 Ecce
2843 4978 3137 5048 ingreditur
3163 4979 3228 5033 ad
3261 4995 3462 5049 regem.
3493 4979 3569 5037 Ne
3598 4983 3780 5038 inulta

2175 5068 2434 5124 dicamus.
2467 5069 2535 5124 Et
2562 5070 2682 5139 quia
2712 5085 2815 5124 non
2839 5070 3026 5123 ordine
3055 5085 3151 5122 suo
3179 5071 3602 5140 ingrediebatur,
3645 5089 3783 5128 ma-

2175 5176 2276 5232 gna
2325 5161 2643 5216 necessitate
2684 5162 2994 5229 compulsa,
3042 5161 3261 5216 intuitus
3302 5174 3381 5217 est
3427 5178 3544 5218 cam
3569 5205 3584 5229 ,
3626 5166 3784 5220 sicut

2173 5254 2430 5324 scriptum
2477 5263 2596 5320 est,
2645 5255 2789 5308 velut
2838 5262 3021 5307 taurus
3060 5253 3112 5306 in
3155 5254 3351 5323 impetu
3387 5257 3786 5326 indignationis

2174 5360 2305 5401 sum.
2339 5345 2404 5399 Et
2433 5345 2604 5399 timuit
2634 5345 2811 5415 regina
2833 5385 2847 5406 ,
2879 5354 2931 5399 et
2951 5359 3245 5398 conversus
3266 5355 3346 5399 est
3363 5348 3510 5400 color
3529 5347 3647 5417 ejus
3674 5365 3787 5418 per

2175 5438 2575 5493 dissolutionem
2601 5479 2615 5502 ,
2662 5446 2718 5493 et
2759 5437 3034 5492 inclinavit
3069 5451 3127 5491 se
3153 5453 3314 5506 super
3337 5451 3494 5508 caput
3523 5441 3643 5495 delit
3662 5457 3785 5498 aut:

2177 5544 2320 5594 suze,
2367 5544 2488 5599 qua:
2529 5528 2861 5598 prtecedebat
2904 5544 3042 5583 eam.
3087 5530 3150 5583 Et
3193 5533 3454 5585 convertit
3500 5532 3670 5597 Deus,
3720 5545 3784 5589 et

2177 5622 2443 5676 transtulit
2492 5621 2904 5690 indignationem
2948 5626 3063 5694 ejus
3110 5627 3160 5678 in
3209 5626 3499 5680 lenitatem.
3536 5623 3656 5678 Jam
3684 5641 3786 5681 se-

2175 5713 2390 5784 quentia
2418 5728 2839 5770 commemorare
2868 5718 2993 5786 quid
3021 5733 3150 5787 opus
3171 5727 3287 5783 est,
3316 5716 3402 5772 ubi
3427 5716 3594 5771 Deum
3619 5731 3788 5772 com-

2245 5848 2262 5881 ι
2293 5847 2432 5908 Edili,
2457 5860 2637 5898 eorum.
2666 5855 2788 5912 λιες»,
2818 5847 2937 5914 ipsa.
