4012 6468
241 487 470 560 pluvisse
493 485 638 556 quod
669 483 754 538 illa
783 491 1057 554 rogaverat
1077 523 1090 548 ,
1113 483 1286 538 divina
1309 483 1580 554 Scriptura
1603 493 1828 536 testatur

243 579 418 642 (Esth.
441 574 668 646 XIV-XVI)
685 617 702 640 ,
727 575 996 644 operando
1027 575 1077 629 in
1109 575 1268 630 corde
1295 577 1434 646 regis
1454 617 1468 640 ,
1497 575 1620 645 quid
1647 575 1788 628 aliud
1813 613 1828 638 ,

243 685 402 744 quam
428 671 754 722 voluntatem
777 709 790 728 ,
815 683 918 738 qua
939 668 1098 735 jussit
1124 677 1178 722 et
1199 667 1392 722 factum
1417 665 1657 737 estquod
1679 665 1746 719 ab
1767 679 1833 718 co

241 764 424 832 regina
455 759 806 829 peposcerat?
833 759 1002 827 Quam
1035 759 1172 812 Deus
1191 758 1300 828 jam
1319 800 1335 822 ,
1367 767 1425 811 ut
1451 759 1597 812 ﬁeret
1621 799 1636 820 ,
1663 771 1830 810 exau-

239 854 414 910 dierat
437 893 453 916 ,
491 851 582 920 qui
622 866 716 904 cor
752 851 891 920 regis
915 891 930 912 ,
957 857 1238 918 antequam
1267 847 1504 902 mulieris
1531 861 1830 900 sermonem

241 943 520 1013 poscentis
559 941 833 1004 audisset,
873 939 1228 994 occultissima
1259 949 1312 992 et
1337 937 1700 992 efﬁcacissima
1733 951 1832 1005 po-

243 1041 438 1088 testate
477 1032 744 1086 cortvcrtit
765 1071 782 1096 ,
811 1040 866 1085 et
897 1031 1162 1082 transtulit
1184 1029 1252 1084 ab
1277 1027 1636 1098 indignatione
1662 1026 1726 1080 ad
1755 1027 1833 1080 le-

241 1127 468 1178 nitatem
493 1162 510 1186 ,
541 1121 644 1176 hoc
671 1129 790 1186 est,
815 1135 846 1174 a
869 1121 1138 1174 voluntate
1159 1118 1384 1173 laedendi
1407 1117 1472 1172 ad
1503 1117 1830 1172 voluntatem

239 1211 459 1268 fovendi
490 1231 506 1268 :
533 1213 824 1268 secundum
851 1213 978 1268 illud
1007 1213 1244 1282 Apostoli
1261 1253 1276 1275 ,
1311 1211 1444 1266 Deus
1469 1221 1708 1280 operatur
1736 1213 1752 1242 ¹
1777 1211 1834 1264 in

240 1305 380 1360 vobis
406 1313 458 1360 et
483 1305 630 1358 velte.
655 1301 918 1372 Numquid
946 1303 1186 1358 homines
1217 1303 1308 1358 Dei
1337 1303 1426 1372 qui
1459 1302 1572 1356 haec
1599 1301 1830 1372 scripse-

241 1403 374 1452 runt
393 1436 410 1456 .
439 1395 550 1448 imo
577 1395 692 1464 ipse
717 1393 944 1463 Spiritus
975 1395 1066 1448 Dei
1091 1433 1105 1457 ,
1131 1408 1238 1464 quo
1259 1404 1474 1448 auctore
1495 1409 1590 1464 per
1610 1407 1704 1448 eos
1729 1393 1832 1448 ista

241 1485 544 1554 conscripta
591 1493 744 1548 sunt,
791 1485 1114 1556 oppugnavit
1151 1485 1374 1538 liberum
1416 1484 1646 1540 hominis
1684 1483 1832 1538 arbi—

245 1575 444 1630 trim?
485 1575 640 1630 Absit
667 1592 684 1629 :
711 1574 1222 1648 sedOmnipotentis
1247 1575 1300 1628 in
1325 1576 1574 1629 omnibus
1601 1583 1656 1630 et
1679 1574 1826 1642 indi-

247 1669 390 1722 cium
434 1666 788 1736 jnstissimum
819 1707 836 1732 ,
881 1675 934 1721 et
973 1667 1226 1721 auxilium
1271 1665 1828 1720 miscricordissimum

245 1757 661 1814 commendavit.
704 1756 912 1812 Sufﬁcit
951 1759 1092 1812 enim
1133 1759 1270 1812 scire
1309 1757 1508 1812 homini
1549 1759 1688 1828 quod
1723 1773 1828 1812 non

245 1859 332 1903 est
355 1849 606 1918 iniquitas
627 1835 766 1918 apud
793 1850 976 1904 Deum.
997 1849 1114 1904 Jam
1133 1849 1400 1920 quomodo
1417 1850 1516 1904 ista
1535 1851 1826 1919 dispenset,

247 1937 444 1992 faciens
491 1939 628 1992 alios
675 1939 966 1994 secundum
1019 1939 1268 1992 meritum
1303 1953 1429 1994 vasa
1472 1940 1596 2002 ine,
1635 1940 1770 1994 alios
1806 1942 1828 1974 ³

245 2029 536 2082 secundum
574 2030 796 2097 gratiam
837 2043 958 2082 vasa
999 2028 1376 2084 misericordia:
1405 2027 1578 2101 (Rom.
1611 2045 1668 2084 ts
1689 2069 1706 2096 ,
1737 2031 1826 2094 14».

245 2118 356 2183 21,
405 2117 538 2188 23);
592 2119 710 2188 quis
753 2119 1000 2187 cognovit
1034 2133 1252 2174 sensum
1293 2119 1534 2184 Domini,
1575 2127 1668 2174 aut
1703 2121 1830 2188 quis

245 2211 578 2264 consiliarius
616 2209 730 2278 ejus
769 2209 864 2264 fuit
902 2208 1012 2282 (Id.
1051 2227 1136 2276 ιι,
1177 2209 1266 2282 54)
1291 2211 1314 2264 ?
1341 2213 1395 2266 Si
1421 2227 1546 2281 ergo
1567 2212 1634 2266 ad
1657 2212 1831 2266 hono—

247 2317 360 2356 rem
397 2305 578 2370 gratiaa
619 2302 962 2370 pertinemus,
995 2319 1098 2356 non
1131 2304 1300 2358 simus
1337 2305 1554 2374 ingrati,
1595 2305 1832 2360 tribuen-

249 2391 318 2445 do
367 2393 519 2446 nobis
579 2393 718 2462 quod
771 2395 1092 2463 accepimus.
1151 2395 1287 2462 Quid
1339 2397 1484 2452 enim
1533 2397 1828 2466 habemus,

250 2483 388 2553 quod
429 2500 532 2536 non
571 2485 872 2552 accepimus
913 2485 953 2554 (Ι
993 2485 1110 2539 Cor.
1153 2501 1238 2549 tv,
1279 2487 1372 2556 7)?

321 2571 544 2628 CAPUT
595 2571 926 2630 XXl.—39.
973 2575 1160 2640 Quinta
1187 2575 1384 2630 Iuliani
1425 2577 1726 2644 antithesis,
1769 2577 1832 2632 de

247 2665 396 2736 iustis
432 2667 606 2719 veteris
635 2665 957 2720 Testamenti.
995 2685 1012 2720 ι
1051 2668 1315 2735 Dicimus,
1353 2688 1371 2720 ι
1409 2670 1606 2738 inquit,
1643 2689 1662 2722 ι
1703 2686 1828 2726 san-

251 2767 368 2812 ctos
385 2759 579 2812 veteris
610 2759 934 2814 Testamcuti
966 2759 1194 2828 perfecta
1223 2761 1342 2814 hinc
1363 2760 1565 2830 justitia
1590 2761 1656 2816 ad
1677 2769 1831 2817 teter-

251 2863 374 2902 nam
403 2849 662 2904 transisse
693 2849 849 2902 vitam
870 2891 884 2912 ,
921 2849 970 2904 id
1005 2859 1106 2913 est,
1139 2851 1314 2904 studio
1338 2853 1544 2906 virtutis
1569 2853 1634 2908 ab
1660 2853 1832 2906 omni-

253 2939 354 2994 bus
384 2941 670 2994 recessisse
699 2943 925 3010 peccatis
953 2960 966 2996 :
999 2943 1115 3011 quia
1145 2953 1194 2998 et
1221 2943 1294 2996 illi
1319 2957 1452 3012 quos
1483 2944 1705 3012 legimus
1733 2945 1831 2998 ali-

255 3031 378 3100 quid
405 3046 656 3100 pcccasse
679 3073 694 3095 ,
729 3045 906 3100 poswa
935 3039 1110 3087 tmnen
1139 3048 1231 3086 eos
1253 3033 1566 3088 emendasse
1585 3035 1834 3104 cognovi-

253 3136 385 3175 mus.
421 3140 442 3173 ›
471 3121 820 3186 Οιιαηιιιειὼθι
845 3121 1003 3176 fuisse
1027 3125 1232 3178 virtutis
1259 3123 1279 3154 ³
1307 3125 1552 3193 antiquos
1579 3125 1832 3192 prtedices

252 3211 444 3281 justas,
479 3227 582 3266 non
613 3227 708 3266 eos
737 3213 908 3266 salvos
931 3211 1052 3267 fecit
1079 3215 1178 3266 nisi
1211 3211 1338 3268 ﬁdes
1371 3215 1672 3270 Mediatoris
1694 3257 1707 3276 .
1742 3215 1832 3285 qui

257 3303 308 3356 in
347 3303 715 3356 remissionem
743 3312 1078 3372 peccatorum
1119 3305 1430 3373 sanguinem
1477 3304 1630 3357 fudit.
1685 3305 1830 3376 Ipso-

259 3410 370 3448 rum
393 3395 534 3448 cnim
567 3409 668 3447 vox
696 3406 775 3448 cst
804 3409 818 3446 :
853 3391 1075 3460 Credidi,
1109 3407 1312 3466 propter
1332 3396 1468 3468 quod
1497 3397 1692 3451 locutus
1717 3413 1829 3450 sunt

258 3483 436 3556 (Psal.
463 3502 589 3552 cxv,
623 3485 697 3555 l).
725 3485 876 3548 Unde
899 3487 969 3540 ait
996 3495 1049 3540 et
1073 3487 1344 3556 apostolus
1365 3488 1561 3542 Paulus
1587 3506 1599 3542 :
1633 3488 1834 3542 [laben-

259 3587 326 3628 tes
347 3587 518 3630 autem
548 3573 780 3630 eumdem
805 3577 1036 3642 spiritum
1069 3577 1188 3644 fidei
1206 3619 1220 3640 ,
1247 3577 1521 3632 secundum
1553 3579 1688 3650 quod
1706 3580 1834 3634 scri-

259 3677 398 3736 ptum
420 3677 494 3720 est
516 3708 530 3730 ,
567 3667 798 3732 Credidi,
831 3679 1036 3738 propter
1069 3669 1204 3738 quod
1247 3669 1438 3722 locutus
1477 3686 1585 3722 sum
1613 3687 1634 3734 ,'
1663 3681 1707 3722 et
1743 3687 1834 3725 nos

259 3758 540 3824 credimus,
585 3767 788 3828 propter
821 3759 958 3829 quod
983 3768 1028 3813 et
1061 3759 1313 3830 loquimur
1339 3759 1418 3832 (ll
1446 3759 1563 3814 Cor.
1594 3778 1672 3826 Iv,
1701 3763 1766 3818 15
1785 3767 1832 3834 ).

259 3850 390 3917 Quid
419 3859 522 3914 est,
553 3851 786 3904 eumdem
830 3852 1106 3920 spiritum;
1145 3853 1242 3906 nisi
1290 3869 1447 3924 quem
1473 3854 1600 3924 justi
1625 3871 1836 3926 quoque

263 3940 332 3994 illi
365 3941 698 4008 habuerunt,
729 3941 816 4012 qtti
839 3943 934 3996 ista
961 3943 1251 3996 dixerunt?
1283 3944 1415 3998 Dicit
1443 3946 1599 3999 etiam
1625 3956 1838 4014 aposto-

263 4029 340 4084 lus
385 4031 574 4086 Petrus
620 4049 633 4086 :
679 4031 810 4096 Quid
859 4033 1006 4086 vultis
1042 4034 1224 4104 jugum
1272 4035 1524 4103 imponere
1573 4033 1833 4100 Gentibus,

264 4124 394 4190 quod
414 4140 572 4190 neque
602 4141 692 4176 nos
722 4140 920 4193 portare
949 4128 1201 4196 potuimus
1219 4169 1232 4190 ,
1263 4143 1418 4194 neque
1443 4137 1608 4198 patres
1633 4131 1837 4184 nostri?

265 4213 364 4266 Sed
407 4232 498 4284 per
537 4213 755 4285 gratiam
787 4213 990 4268 Domini
1033 4215 1156 4270 Jesu
1205 4219 1390 4271 Christi
1427 4219 1678 4273 credimus
1711 4221 1838 4274 salvi

262 4305 368 4370 ﬁeri
389 4304 442 4372 ’⁵,
467 4306 888 4377 quemadmodum
918 4317 962 4359 et
990 4308 1065 4360 illi
1095 4307 1240 4380 (Act.
1275 4323 1347 4362 xv
1371 4350 1386 4374 ,
1427 4310 1492 4363 lO
1513 4350 1525 4371 ,
1552 4310 1608 4362 ll
1636 4311 1678 4380 ).
1727 4310 1838 4365 lloc

262 4411 354 4451 vos
381 4413 485 4450 non
525 4397 715 4463 vultis,
747 4397 942 4452 inimici
967 4399 1088 4452 huic
1115 4399 1296 4468 gratia:
1319 4399 1342 4430 ⁸
1361 4440 1376 4464 ,
1405 4409 1470 4452 ἰιι
1506 4399 1688 4454 cadem
1720 4416 1839 4470 gra-

263 4487 330 4540 tia
353 4489 479 4544 Jesu
505 4487 704 4543 Christi
731 4489 862 4543 salvi
884 4487 1004 4542 facti
1037 4491 1318 4544 credantur
1338 4489 1538 4560 antiqui
1571 4511 1583 4544 :
1613 4491 1704 4545 sed
1729 4491 1838 4546 dis-

263 4577 488 4632 tribuitis
513 4587 752 4647 tempora
781 4579 1068 4633 secundum
1101 4579 1362 4649 Pelagium
1387 4621 1402 4645 ,
1433 4581 1483 4634 iu
1509 4580 1660 4650 cujus
1689 4581 1838 4636 libris

265 4667 360 4724 hoc
389 4671 613 4740 legitur;
643 4679 696 4724 ct
724 4681 848 4726 ante
893 4671 1084 4741 Legem
1112 4671 1285 4727 dicitis
1311 4673 1485 4727 salvos
1519 4673 1686 4728 factos
1720 4689 1840 4730 esse

263 4769 442 4814 natura
463 4759 505 4826 ⁸,
535 4759 728 4816 deinde
759 4775 852 4830 per
877 4761 1091 4832 Legem,
1125 4772 1392 4830 postremo
1424 4780 1516 4832 per
1539 4763 1831 4830 Christum,

263 4853 408 4920 quasi
429 4853 739 4907 hominibus
764 4851 986 4906 duorum
1014 4853 1346 4922 superiorum
1375 4863 1692 4922 tmnpornm,
1717 4865 1836 4910 ante

263 4943 449 5014 Legem
479 4945 684 5000 scilicet
711 4953 764 4999 et
793 4945 842 4999 in
870 4945 1010 5016 Lege
1030 4989 1044 5012 ,
1077 4947 1293 5016 sanguis
1318 4945 1512 5002 Christi
1545 4964 1648 5000 non
1683 4947 1837 5003 fuerit

265 5039 590 5093 necessarius
621 5056 634 5092 :
667 5053 982 5095 evacuantes
1005 5040 1144 5110 quod
1174 5041 1372 5094 dictum
1392 5047 1506 5108 est,
1539 5037 1682 5094 Unus
1706 5042 1837 5094 enim

325 5197 340 5226 ι
375 5196 510 5267 editi,
543 5203 667 5247 Deus
683 5195 810 5247 enim
841 5195 924 5260 qui
944 5203 1188 5260 operatur.
1207 5199 1369 5258 Abest,
1393 5196 1520 5249 enim
1553 5211 1653 5262 qui,
1685 5211 1712 5249 a
1735 5213 1838 5250 ma-

265 5267 532 5306 Ιιυδστιικιιε.

326 5271 716 5384 ἧιέὲεξθιίωηξ
741 5325 790 5366 et
811 5319 1047 5379 Gallicani,
1088 5319 1268 5384 faciens
1289 5320 1388 5372 alia
1406 5320 1669 5372 secundum
1690 5322 1838 5373 meri-

263 5384 360 5426 tmn
383 5391 493 5427 uasa
514 5379 622 5436 inc,
650 5379 766 5436 alia,
791 5389 885 5430 etc.

325 5441 346 5504 ξ
381 5441 520 5504 \atic.
545 5451 672 5500 uss,
695 5441 981 5504 qmmtalibet
998 5440 1148 5504 misse
1165 5441 1352 5494 virtute.

324 5500 344 5530 ³
379 5503 457 5566 Hic
475 5504 624 5566 editio
648 5500 783 5566 tot},
801 5503 951 5552 salvos
978 5500 1104 5566 ﬁeri.
1133 5511 1184 5552 Al.
1211 5517 1372 5566 supra,
1411 5504 1458 5554 in
1483 5504 1604 5555 libro
1637 5506 1700 5556 de
1725 5513 1837 5556 Pec-

261 5569 369 5610 cato
391 5563 631 5634 originali,
655 5577 707 5611 n.
729 5563 808 5623 29,
837 5563 1059 5614 convenit
1081 5579 1192 5615 cum
1216 5563 1506 5617 editionihus
1527 5567 1634 5616 aliis
1658 5575 1708 5617 et
1729 5581 1837 5617 cum

261 5631 614 5685 tnuuuscrithS.

323 5685 346 5752 ξ
377 5685 450 5752 sic
474 5684 580 5752 uss.
605 5691 659 5735 At
677 5685 816 5752 editi,
841 5684 1022 5752 inimici
1054 5688 1227 5752 gratim
1261 5687 1464 5750 (luisti;
1489 5691 1678 5744 omisso.
1707 5691 1836 5740 lmir.

325 5745 690 5814 ‘lltagallicani
738 5755 788 5795 et
813 5749 1012 5796 Vaticani
1205 5757 1258 5798 At
1304 5745 1552 5814 rtiit..'per
1599 5761 1819 5802 natarum

256 5805 431 5858 mitior
451 5805 630 5858 librum
650 5807 716 5856 de
741 5815 934 5860 t‘eccato
953 5811 1192 5874 originali,
1229 5825 1274 5858 ιι.
1301 5813 1376 5860 iit}.

1621 367 1818 424 LIBER
1857 369 2131 426 PRIMUS.

3401 380 3512 437 570

1937 483 2091 544 Deus,
2127 501 2256 537 unus
2281 495 2328 539 et
2351 487 2594 541 mediator
2629 488 2720 544 Dei
2747 497 2794 543 et
2818 489 3074 546 hominum
3099 492 3248 546 homo
3275 491 3508 548 Christus

1933 571 2084 626 Iesus
2113 573 2160 640 (Ι
2188 573 2316 628 Tim.
2347 591 2404 636 lt,
2435 578 2528 648 5).

2005 669 2229 726 CAPUT
2271 670 2434 728 XXII.
2475 701 2546 712 -
2579 673 2666 728 40.
2709 673 2868 728 Sexta
2897 675 3194 740 antithesis,
3235 675 3300 731 ds
3341 677 3508 747 gratia

1935 762 2162 814 aninibus
2187 764 2464 816 necessaria
2493 773 2538 817 et
2571 765 2632 817 de
2659 763 2918 834 Baptismo
2949 768 3292 836 paruulorum.
3327 788 3348 822 ς
3373 769 3512 825 Gra-

1937 852 2060 905 tiam
2091 851 2323 920 Christi,
2360 871 2380 904 ›
2425 855 2702 922 inquiunt,
2739 873 2756 906 ι
2795 858 3038 912 omnibus
3075 859 3428 914 necessariam
3449 867 3508 914 et

1935 944 2224 1012 majoribus
2249 953 2300 998 et
2343 946 2576 1013 parvulis
2599 947 2913 1002 conﬁtemur
2939 964 2953 1014 ;
2987 959 3042 1004 et
3069 965 3164 1004 eos
3195 951 3284 1020 qui
3323 951 3506 1006 dicunt

1935 1033 2002 1087 de
2044 1033 2252 1090 duobus
2295 1035 2570 1104 baptizatis
2615 1047 2794 1090 natum
2837 1053 2940 1091 non
2980 1037 3174 1092 debere
3215 1039 3505 1108 baptizari,

1935 1123 2462 1182 anathematizamus.
2495 1145 2514 1178 ι
2539 1125 2790 1182 Novimus
2809 1130 3073 1197 quomodo
3095 1145 3196 1185 non
3215 1132 3504 1186 secundum

1935 1213 2154 1268 Paulum
2183 1217 2480 1282 apostolum
2505 1257 2521 1283 ,
2547 1217 2640 1272 sed
2669 1219 2956 1274 Secundum
2999 1219 3264 1290 Pelagium
3295 1221 3508 1276 lucreti-

1935 1319 2054 1357 cum
2085 1305 2182 1358 ista
2201 1305 2389 1360 dicatis
2417 1323 2430 1358 :
2454 1308 2686 1378 parvulis
2711 1307 2955 1362 videlicet
2983 1309 3306 1378 Baptismum
3329 1323 3509 1363 neces-

1933 1395 2152 1456 sarium,
2164 1409 2275 1448 non
2295 1405 2506 1464 propter
2521 1397 2884 1452 remissionem
2903 1409 3258 1467 peccatorum,
3275 1398 3368 1454 sed
3389 1407 3507 1452 tan-

1937 1486 2207 1538 tummodo
2243 1495 2458 1554 propter
2501 1502 2718 1556 regnum
2751 1489 3028 1543 caelorum.
3069 1489 3216 1544 Datis
3253 1491 3394 1544 enim
3427 1489 3510 1544 eis

1933 1585 2080 1628 extra
2102 1591 2320 1644 regnum
2337 1576 2431 1631 Dei
2453 1577 2624 1632 locum
2644 1579 2830 1634 salutis
2845 1589 2896 1633 et
2917 1579 3038 1634 vitae
3059 1589 3294 1641 aeternae.
3317 1580 3508 1634 etiam-

1933 1663 1980 1718 si
2007 1679 2109 1718 non
2137 1665 2332 1721 fuerint
2357 1668 2623 1736 baptizati.
2655 1669 2764 1724 Nec
2783 1669 3054 1726 attenditis
3082 1671 3224 1741 quod
3249 1672 3504 1740 scriptum

1931 1761 2016 1809 est
2049 1773 2061 1807 :
2097 1755 2196 1820 Qui
2223 1757 2486 1810 crediderit
2523 1769 2568 1811 et
2593 1759 2878 1830 baptizatus
2913 1761 3062 1829 fuerit
3097 1761 3266 1814 salvus
3311 1762 3404 1814 erit
3435 1761 3452 1792 ⁸
3487 1776 3504 1826 ς

1929 1843 2016 1912 qui
2041 1855 2208 1900 autem
2243 1863 2342 1900 non
2378 1847 2682 1915 crediderit,
2713 1849 3162 1919 condemnabitur(
3190 1849 3351 1904 Marc.
3381 1864 3468 1902 ινι
3487 1887 3506 1912 ,

1934 1935 2062 2004 16).
2093 1935 2314 2003 Pmpter
2355 1937 2494 2006 quod
2535 1937 2590 1992 in
2638 1937 2876 1994 Ecclesia
2917 1939 3205 1994 Salvatoris
3239 1955 3337 2010 per
3371 1939 3506 1996 alios

1933 2025 2136 2096 parvuli
2167 2027 2410 2090 credunt,
2440 2029 2576 2084 sicut
2601 2044 2668 2084 ex
2696 2029 2819 2084 aliis
2855 2045 2918 2086 ea
2959 2047 3076 2100 qua!
3103 2031 3206 2084 illis
3234 2032 3284 2084 in
3325 2031 3508 2100 Bapti-
3579 2033 3592 2044 '

1931 2132 2050 2176 suto
2069 2120 2406 2174 remittuntur
2427 2131 2638 2190 peccata
2651 2130 2938 2176 traxerunt.
2957 2121 3064 2176 Nec
3091 2121 3216 2176 illud
3240 2123 3505 2192 Cogitatis,

1931 2223 2026 2263 eos
2051 2209 2210 2264 vitam
2257 2211 2452 2266 habere
2493 2225 2596 2264 non
2645 2225 2842 2280 posse,
2875 2213 2964 2282 qui
3015 2211 3212 2266 fuerint
3254 2221 3506 2280 expertes

1929 2299 2170 2368 corporis
2221 2307 2277 2354 et
2321 2301 2594 2370 sanguinis
2633 2301 2868 2366 Christi,
2925 2301 3136 2356 dicente
3187 2301 3340 2372 ipso,
3387 2297 3507 2353 Nisi

1931 2387 2350 2444 ntar‘tducaveritis
2385 2407 2590 2444 carnem
2625 2407 2787 2444 meam
2811 2431 2827 2456 ,
2866 2401 2912 2444 et
2957 2393 3174 2446 biberitis
3211 2393 3510 2462 sanguineus

1931 2495 2118 2546 meum,
2141 2497 2242 2534 non
2271 2481 2507 2534 habebitis
2537 2483 2686 2536 vitam
2717 2483 2770 2536 in
2791 2482 2926 2535 vobis
2953 2481 3128 2556 (Jaan.
3159 2497 3234 2548 Vt,
3262 2482 3370 2552 54).
3401 2483 3508 2536 Aut

1933 2573 1978 2628 si
2007 2573 2328 2642 evangelicis
2357 2573 2574 2629 vocibus
2601 2573 2850 2643 cogimini
2887 2575 3128 2629 conﬁteri
3149 2615 3166 2640 ,
3205 2588 3305 2628 nec
3343 2573 3506 2628 vitam

1931 2663 2260 2733 salutemque
2287 2679 2444 2732 posse
2471 2663 2668 2720 habere
2691 2666 2940 2734 parvulos
2963 2665 3028 2718 de
3057 2679 3280 2732 corpore
3304 2679 3506 2719 exeun-

1935 2765 2015 2810 tes
2035 2798 2050 2822 ,
2079 2757 2176 2810 nisi
2205 2755 2402 2812 fuerint
2439 2755 2686 2825 baptizati
2719 2774 2734 2822 ;
2763 2760 2984 2828 quaerite
3009 2773 3104 2812 cur
3125 2759 3510 2826 compellantur

1935 2864 2040 2902 non
2073 2849 2318 2917 baptizati
2347 2849 2596 2904 secunda:
2625 2851 2812 2904 mortis
2838 2851 3014 2904 subire
3041 2849 3354 2919 supplicium
3379 2891 3396 2914 ,
3421 2850 3510 2918 ju-

1935 2937 2147 2994 dicante
2187 2939 2276 2994 illo
2302 2938 2390 3008 qui
2413 2939 2676 2998 neminem
2707 2939 2922 2994 damnat
2949 2939 3268 2994 in‘tmeritmn
3299 2955 3316 3004 ;
3343 2949 3396 2994 et
3425 2939 3510 2992 in-

1935 3027 2160 3083 venietis
2185 3029 2326 3098 quod
2355 3045 2460 3082 non
2494 3031 2653 3084 vultis
2675 3070 2691 3094 ,
2722 3030 2980 3100 originale
3013 3039 3306 3098 peccatum.

2006 3120 2229 3178 CAPUT
2269 3120 2646 3176 XXlll.—4l.
2687 3121 2916 3184 Septima
2965 3123 3226 3176 antithesis
3251 3163 3266 3188 ,
3297 3124 3357 3177 de
3401 3121 3510 3176 Ba-

1937 3212 2104 3280 ptismi
2131 3209 2327 3276 effectu.
2359 3230 2378 3262 t
2415 3213 2518 3266 Eos
2539 3213 2695 3266 etiam
2733 3212 2820 3280 qui
2851 3213 3054 3279 dicunt,
3087 3231 3108 3264 ι
3145 3213 3334 3282 inquit,
3364 3231 3380 3262 t
3421 3212 3512 3266 Ba-

1937 3303 2126 3370 ptisma
2165 3315 2268 3354 non
2311 3303 2486 3355 omnia
2529 3314 2740 3370 peccata
2788 3303 3004 3366 delere,
3049 3305 3508 3369 condemnanms;

1935 3393 2054 3461 quia
2087 3391 2288 3446 scimus
2327 3393 2532 3460 plenam
2573 3395 2938 3462 purgationem
2987 3410 3078 3463 per
3115 3397 3224 3464 ipsa
3253 3395 3506 3465 mysteria

1937 3483 2190 3538 conferri.
2227 3501 2246 3534 ι
2283 3483 2392 3538 lloc
2417 3483 2644 3538 dicimus
2665 3495 2716 3537 et
2739 3499 2834 3538 nos
2863 3501 2874 3536 :
2903 3485 2992 3538 sed
3024 3485 3271 3553 parvulos
3299 3499 3510 3554 quoque

1939 3589 2033 3642 per
2059 3574 2170 3644 ipsa
2201 3573 2470 3644 mysteria,
2505 3575 2687 3642 prima:
2716 3575 3005 3628 nativitatis
3033 3583 3086 3629 et
3115 3577 3356 3628 obnoxiae
3389 3591 3512 3630 suc-

1937 3665 2196 3720 cessionis
2244 3666 2466 3720 vinculis
2512 3667 2692 3732 solvi,
2739 3682 2844 3722 non
2887 3669 3062 3722 dicitis
3110 3683 3223 3722 vos.
3287 3667 3510 3738 Propter

1938 3756 2078 3826 quod
2117 3755 2183 3812 de
2213 3757 2444 3812 Ecclesia
2469 3757 2706 3821 Christi,
2745 3773 2864 3828 qua:
2891 3760 2990 3812 hoc
3015 3760 3305 3830 antiquitus
3329 3769 3470 3816 tenet
3491 3801 3510 3827 ,

1938 3855 2148 3915 oportet
2173 3855 2228 3902 ut
2253 3848 2387 3900 sicut
2423 3849 2510 3902 alii
2539 3847 2774 3904 haeretici
2803 3851 3154 3920 segregetnini
3187 3859 3242 3904 et
3269 3867 3384 3905 vos.

2009 3937 2232 3994 CAPUT
2269 3938 2460 3994 XXIV.
2487 3939 2662 3994 -42.
2715 3939 2912 3992 Juliani
2957 3939 3200 4009 Epistoltc
3233 3941 3514 3994 conclusio-

1939 4046 2052 4084 nem
2075 4029 2280 4100 refellit.
2307 4030 2422 4086 Jam
2451 4047 2576 4085 vero
2601 4031 2740 4100 quod
2779 4033 2847 4086 ita
2875 4033 3142 4086 cencludit
3181 4031 3468 4102 Eplalttlattl
3496 4075 3512 4098 ,

1941 4131 1998 4175 ut
2023 4120 2198 4184 dicat,
2239 4141 2259 4174 ι
2300 4121 2466 4176 Nemo
2489 4137 2616 4190 ergo
2657 4137 2754 4177 vos
2791 4123 3046 4186 seducat,
3075 4139 3174 4178 nec
3221 4139 3278 4178 se
3323 4135 3544 4192 negent-

1941 4213 2086 4280 impii
2113 4214 2210 4266 ista
2239 4215 2457 4268 sentire.
2489 4213 2592 4268 Sed
2623 4215 2666 4268 si
2695 4229 2876 4268 verum
2907 4215 3103 4276 dicunt,
3137 4224 3228 4268 aut
3249 4216 3514 4270 audientia

1939 4302 2094 4358 detur
2112 4344 2127 4367 ,
2157 4313 2246 4356 aut
2270 4311 2414 4358 certe
2440 4305 2522 4358 isti
2549 4305 2644 4372 ipsi
2675 4305 2928 4371 episc0pi,
2957 4305 3044 4372 qui
3071 4319 3208 4356 nunc
3229 4305 3510 4370 dissident,

1941 4395 2196 4447 damnent
2221 4409 2337 4461 quae
2363 4407 2522 4462 supra
2551 4393 2658 4447 dixi
2695 4407 2812 4446 cum
2843 4393 3144 4448 Maniclneis
3175 4394 3270 4447 ista
3299 4403 3512 4457 tenere,

1939 4485 2076 4538 sicut
2119 4499 2216 4538 nos
2247 4485 2344 4537 ista
2371 4484 2685 4538 damnamus
2713 4499 2832 4552 qua:
2876 4483 2941 4536 de
2987 4483 3140 4536 nobis
3173 4483 3412 4550 jactant;
3459 4491 3515 4536 et

1943 4576 2038 4631 ﬁt”
2079 4576 2232 4645 plena
2277 4575 2556 4630 concordia
2596 4592 2608 4628 :
2656 4573 2796 4646 quod
2843 4574 2888 4628 si
2921 4574 3136 4636 nolunt,
3186 4572 3372 4626 scitote
3418 4587 3512 4626 eos

1939 4683 2060 4722 esse
2089 4666 2436 4730 Maniclueos,
2467 4665 2614 4720 etab
2639 4679 2822 4720 eorum
2859 4679 2953 4718 vos
2989 4665 3248 4718 abstinete
3288 4679 3512 4718 consor-

1941 4759 2059 4822 tiis;
2099 4777 2118 4810 ι
2151 4757 2596 4813 contemnendum
2636 4764 2719 4811 est
2749 4757 2920 4824 potius
2962 4772 3118 4824 quam
3148 4754 3511 4808 refellendum.

1939 4849 2068 4918 Quis
2105 4851 2245 4905 enim
2278 4859 2515 4903 nostrum
2557 4849 2763 4903 dubitat
2801 4847 3082 4902 anathema
3126 4847 3305 4904 dicere
3345 4847 3516 4904 Mani-

1939 4941 2100 4996 chteis
2126 4981 2142 5007 ,
2172 4942 2260 5010 qui
2287 4940 2467 4995 dicunt
2487 4955 2516 4992 a
2549 4941 2688 4994 bono
2715 4941 2820 4994 Deo
2841 4955 2942 4995 nec
2979 4939 3222 4996 homines
3242 4982 3255 5003 .
3289 4955 3388 4994 nec
3417 4955 3517 4994 nu-

1943 5033 2076 5101 ptias
2113 5033 2414 5096 institutas,
2440 5046 2538 5086 nec
2563 5033 2730 5101 legem
2752 5031 2962 5095 datam,
3011 5047 3132 5101 qua:
3170 5047 3262 5101 per
3303 5031 3516 5103 Moysen

1942 5126 2164 5179 llehrmo
2188 5125 2383 5195 populo
2410 5125 2702 5178 ministrata
2726 5135 2808 5179 cst
2831 5125 2854 5179 ?
2878 5123 2982 5180 Sed
3015 5137 3067 5178 et
3095 5125 3388 5194 Pelagianis
3413 5141 3518 5178 non

1943 5215 2207 5269 immerito
2243 5215 2524 5269 anathema
2571 5215 2836 5280 dicimus,
2869 5215 2958 5284 qui
3004 5223 3108 5268 tam
3153 5223 3276 5268 sunt
3321 5213 3518 5268 inimici

1941 5307 2122 5376 gratim
2149 5307 2270 5372 Dei,
2291 5321 2408 5375 quae
2435 5307 2577 5360 venit
2603 5323 2698 5375 per
2725 5305 2906 5362 losum
2937 5306 3208 5362 Christum
3239 5307 3516 5360 Dominum

1943 5399 2226 5467 nostrum(
2261 5399 2407 5452 llam.
2435 5413 2527 5460 vn,
2557 5397 2628 5454 25
2650 5395 2669 5468 )
2690 5439 2702 5458 .
2733 5407 2792 5452 ut
2817 5413 2933 5452 eam
2961 5399 3136 5452 dicant
3171 5413 3274 5451 non
3313 5396 3478 5465 gratis
3501 5435 3516 5456 .

1943 5489 2035 5542 sed
2067 5489 2354 5542 secundum
2383 5491 2565 5541 merita
2597 5500 2772 5541 nostra
2802 5488 2946 5550 dari,
2989 5503 3052 5542 ac
3076 5490 3152 5540 sic
3187 5487 3354 5555 gratia
3399 5486 3512 5554 jam

1945 5597 2048 5634 non
2084 5581 2150 5632 sit
2193 5581 2360 5648 gratia
2407 5577 2531 5646 (Μ.
2563 5594 2612 5632 χι
2639 5619 2654 5641 ,
2679 5579 2748 5646 ti)
2783 5597 2797 5644 ;
2837 5587 3142 5645 tantunupte
3187 5577 3518 5630 constituunt

2009 5714 2022 5743 ι
2063 5712 2264 5761 vatio-aui
2301 5716 2440 5758 Mss:
2469 5707 2556 5769 oui
2590 5707 2854 5771 baptizatus
2905 5705 3050 5770 fuerit
3089 5707 3320 5770 credens,
3346 5697 3514 5764 salvus

1943 5779 2136 5881 enim.
2163 5841 2210 5883 ct
2237 5839 2364 5891 tom,
2388 5835 2432 5882 et
2458 5829 2534 5881 sit.
2563 5839 2660 5880 tu.
2687 5839 2738 5880 et
2759 5837 2888 5892 Mss,
2919 5833 2962 5878 ct
2985 5826 3060 5892 ﬁt.
