4012 6476
510 365 581 422 67
588 366 619 420 ί.

511 481 565 537 in
595 480 762 534 libero
784 475 1041 541 arbitrio,
1090 487 1197 542 quo
1231 471 1293 524 in
1327 465 1642 539 profundum
1680 460 1960 517 demersus
2003 464 2087 511 cst

517 570 680 625 homo
703 610 719 635 ,
757 576 814 621 ιιι
856 579 922 621 eo
965 562 1100 616 bene
1136 557 1334 614 utendo
1373 556 1550 612 dicant
1581 551 1852 608 hominem
1892 544 2088 602 mereri

512 662 735 734 gratiam
760 675 778 711 :
804 670 922 711 cum
944 668 1101 709 nemo
1122 653 1258 707 bene
1275 651 1365 706 illo
1390 649 1464 702 uti
1485 646 1652 718 possit
1674 684 1690 707 ,
1718 642 1819 698 nisi
1847 654 1945 734 per
1968 652 2090 734 gra-

515 729 643 807 tiam
666 787 685 816 ,
710 763 829 819 qua:
851 761 956 801 non
981 741 1270 800 secundum
1296 740 1532 796 debitum
1557 734 1828 801 redditur,
1855 730 1948 787 sed
1979 729 2090 784 Deo

514 841 686 914 gratis
708 839 998 894 miserante
1016 835 1263 890 donatur.
1287 831 1545 888 Parvulos
1566 839 1742 883 autem
1770 824 1842 880 ita
1866 830 2094 880 conten-

1161 351 1432 411 CONTRA
1475 345 1652 404 DUAS
1689 334 2056 398 EPISTULAS
2095 331 2646 399 PELAGIANORUM,
2685 331 2743 387 S.
2783 326 3148 386 AUGUSTINI

3653 330 3827 406 ius

2193 460 2327 510 dunt
2349 468 2467 511 esse
2483 454 2592 524 jam
2612 455 2809 519 salvos,
2837 464 2946 510 uta
2969 453 3241 510 Salvatore
3269 452 3288 487 ί
3314 451 3546 510 audeant
3565 466 3769 523 negare

2192 546 2493 604 salvandos.
2537 548 2605 603 Et
2623 546 2737 603 hmc
2762 545 3107 604 essecrabilia
3134 544 3382 616 dogmata
3420 553 3665 599 tenentes
3705 554 3768 599 et

2192 642 2537 704 setninantes.
2561 641 2736 696 adhuc
2757 639 2975 708 insuper
2994 638 3233 708 ﬂagitant
3260 634 3603 702 audientiam,
3633 648 3777 690 cum

2192 732 2427 789 damnati
2447 730 2676 786 debeant
2702 744 2860 800 agere
2887 726 3274 798 penitentiam.

2259 825 2279 857 ί
2308 825 2383 874 Sic
2401 829 2512 873 uss.
2534 821 2655 872 miti
2675 832 2814 879 vero,
2836 825 2891 870 ut
2904 814 3152 869 Saluatori.

521 940 3759 984 ____________________________.._____________.

1432 1050 1901 1165 LIBER
1982 1045 2162 1155 SE
2181 1041 2595 1150 CUND
2613 1039 2841 1149 US.

578 1224 833 1288 Epistulam
853 1222 1041 1288 Pelagia

1044 1233 1212 1272 norum
1228 1218 1448 1275 alteram,
1467 1214 1718 1268 calumniis
1756 1214 1805 1263 in
1824 1207 2091 1275 Catholicos
2111 1208 2260 1275 instar
2498 1203 2755 1275 refertam,
2790 1216 2904 1267 quae
3582 1203 3791 1254 nomine

1134 1264 1763 1347 ὁὲἀίιηβωωη
1784 1273 1999 1347 secius
2012 1270 2257 1347 99.95292
2274 1264 3787 1347 essenecaefkmasest

522 1325 1780 1408 ἑέἕῗᾶιὶἷιιἜιέιέἷαὶιπῖόεᾶῖᾱίᾷἰὶἑιςέδωημιτυ
1826 1325 2083 1408 ἒξεείβιὶίὶίὲ-
2091 1325 2276 1408 iis“?
2283 1329 2512 1408 W313".
2527 1325 2970 1408 ΞῩΞἏιὲζοὲξέἓίὲξξ·
2994 1325 3790 1408 (Ξὲἒίέφέιέἒίέιηὲἴὶεέἓὶίῖθξίοὲἓ,ἔξ¹

519 1384 793 1471 ﬁnge
809 1384 1437 1471 ἲνέῖὲἒὲῖοὲἷέἐιίῆῐιῗέἷιὶὗ
1452 1384 1966 1471 saevaenec.
1979 1390 2744 1471 s29.i5§;?_!£‘1|39_‘§“}.3ﬁ?'2?“1§

522 1448 1467 1530 ἴιῦἶεῑίιῖιίι”ηὸῖιὶἷὲ’ἓρῖ›ιῖἱιῖεὗῖ’ὶᾶᾱιέίεί
1483 1448 1651 1530 nam:
1671 1448 2664 1530 ειεωθιμίίίιὲειξίιξξέἓίειὶιέξιὲάέιέ-ἒὲὶιὶίὶὶὲἱι
2679 1448 3801 1530 9993-9991‘i81‘043‘.‘E‘..92’F‘§‘3£E!°3.°f395‘3§

518 1510 1519 1584 EuBs‘JJJBéErEHtﬁ’Ei-sﬁ‘ﬁ’mﬁmenec
1541 1523 1687 1584 latum
1705 1517 1856 1584 asseri
1878 1529 1906 1584 Ξ
1926 1510 2321 1584 Catholicis,'n_ec
2343 1524 2657 1584 personarum
2678 1510 3009 1584 acceptionem
3034 1510 3801 1584 neo_tribuigrevera

518 1572 1239 1662 ᾖῖίίεῖίῖὲἆῖιῖιῖἀτῖέθὲἐιῖἐ¹ὖπῇ
1251 1572 1263 1574 ⁷
1276 1585 1448 1633 ’πενίη
1467 1583 1708 1662 mimi“
1737 1572 3265 1662 άέεί,είέἓέιὶί,ι,ἒξ,Ἐυξὲξίὲἐέἱίὲθξῖωηὲτὲξξξὲωηὲἓξὲξὲξὶιἃ³,ςῖίέ’
3304 1572 3371 1621 ίι³
3393 1577 3450 1621 ¹³ί
3470 1572 3668 1622 “mh”
3687 1583 3793 1621 ¹¹⁰⁶¹

518 1633 960 1713 Melissae;
971 1633 1381 1698 bonum
1399 1643 1711 1703 commutari,
1734 1640 1830 1689 nisi
1848 1639 1940 1689 hoc
1954 1639 2008 1687 in
2027 1636 2110 1686 illo
2129 1642 2242 1699 agat
2262 1633 2476 1684 indebita
2501 1640 2553 1684 et
2573 1634 2783 1696 gratuita
2802 1633 3132 1683 misericordia
3153 1633 3257 1683 Dei.

1972 1744 2340 1801 0W0

591 1848 820 1917 CAPUT
843 1856 1127 1914 PRIMUM.
1146 1884 1219 1897 -
1242 1855 1294 1909 ι.
1329 1849 1594 1922 Pelagiani
1610 1846 1897 1904 Catholieos
1933 1842 2104 1898 Mani-

521 1950 774 2004 cluzorum
794 1950 994 2003 nomine
1011 1948 1363 2002 criminantur.
1378 1943 1493 1998 Jam
1514 1953 1654 1996 nunc
1678 1939 1859 2002 aliam,
1881 1951 1987 1991 non
2007 1933 2101 1989 Ju-

432 2018 441 2025 ’
523 2038 652 2093 liani
682 2046 884 2093 tantum
903 2079 918 2105 ,
958 2035 1055 2092 sed
1078 2036 1127 2092 ei
1154 2036 1171 2068 ⁸
1197 2046 1534 2089 communem
1561 2044 1682 2086 cum
1712 2025 1955 2098 plurimis
1993 2025 2098 2080 Pe-

524 2126 746 2197 lagianis
786 2126 1085 2198 episcopis,
1120 2138 1278 2195 quam
1326 2118 1755 2176 Thessalonicam
1800 2116 2100 2180 miserunt,

525 2217 923 2273 consideremus
952 2215 1237 2287 Epistulam
1256 2254 1272 2281 ,
1297 2213 1454 2283 eique
1476 2253 1491 2277 ,
1520 2210 1742 2265 Domino
1779 2206 2061 2278 adjuvantc
2079 2244 2097 2271 ,

525 2310 944 2380 respondeamus
968 2350 984 2372 .
1014 2317 1072 2363 ut
1096 2322 1395 2378 possumus.
1426 2302 1576 2371 Quod
1606 2315 1739 2371 opus
1766 2308 2004 2354 nostrum
2030 2310 2100 2352 ne

525 2401 735 2472 longius
772 2402 861 2456 liat
881 2442 895 2464 ,
923 2415 1082 2471 quam
1110 2412 1285 2453 causas
1322 2395 1487 2466 ipsius
1516 2392 1802 2448 necessitas
1827 2388 2056 2460 postulat
2080 2401 2098 2454 ;

526 2490 651 2561 quid
680 2505 815 2560 opus
838 2499 999 2546 estea
1025 2503 1236 2560 quoque
1265 2486 1509 2543 refellere
1533 2526 1546 2549 ,
1577 2498 1696 2555 quae
1719 2480 1981 2552 dogmatis
2005 2494 2101 2533 eo-

523 2597 642 2637 rum
682 2581 931 2638 insidiosa
974 2597 1178 2637 venena
1218 2594 1323 2635 non
1352 2577 1664 2644 continent,
1689 2575 1782 2632 sed
1809 2583 2014 2629 tantum
2047 2573 2100 2628 in

524 2673 776 2729 auxilium
801 2689 953 2730 suum
977 2714 994 2741 ,
1022 2673 1107 2729 vel
1134 2686 1231 2743 pro
1268 2670 1526 2728 catholica
1556 2669 1660 2724 lide
1699 2676 1883 2723 contra
1932 2665 2105 2720 Mani-

532 2763 799 2820 chteorum
825 2806 843 2832 ,
871 2765 1004 2819 sicut
1026 2764 1341 2834 loquuntur,
1369 2760 1739 2831 profanitatem
1756 2798 1771 2823 ,
1799 2757 2107 2812 consensio-

518 2858 651 2911 ’nem
683 2857 706 2889 ²
731 2855 1075 2912 Orientalium
1103 2853 1469 2925 episcoporum
1497 2851 1744 2905 videntur
1765 2861 2054 2916 exposcere
2084 2861 2101 2913 ;

528 2944 660 2999 nihil
687 2944 827 2998 aliud
866 2944 1122 3009 nitentes,
1153 2942 1253 2997 nisi
1283 2951 1344 2998 ut
1372 2940 1610 2995 horribili
1640 2937 1829 2994 ltmresi
1858 2936 2062 3021 objecta
2087 2977 2103 3003 ,

532 3036 685 3104 cujus
712 3050 771 3090 se
799 3034 1131 3091 adversarios
1154 3047 1275 3089 esse
1298 3031 1605 3102 contingunt
1628 3072 1643 3096 ,
1672 3030 1874 3086 lateant
1909 3028 2108 3084 inimici

528 3125 712 3195 gratia:
736 3124 788 3179 in
815 3124 971 3179 laude
992 3134 1191 3179 natura:
1213 3124 1238 3178 ἲ
1262 3123 1389 3192 Quis
1409 3124 1550 3178 enim
1570 3123 1648 3177 eis
1674 3120 1800 3176 hinc
1818 3121 2108 3177 commovit

527 3213 811 3285 aliquando
836 3213 1217 3284 quaestionem?
1238 3215 1339 3269 Aut
1355 3213 1438 3268 cui
1456 3212 1845 3267 Catholicorum
1868 3219 2107 3282 propter-

527 3319 592 3360 ea
620 3304 928 3376 displicent,
978 3305 1101 3376 quia
1136 3304 1389 3360 damnant
1417 3317 1511 3375 eos
1538 3318 1672 3373 quos
1696 3302 1937 3373 praedixit
1961 3303 2109 3373 Apo-

528 3397 698 3455 stolas
720 3412 1027 3453 recessuros
1062 3413 1093 3452 a
1134 3397 1268 3463 lide,
1316 3397 1658 3452 cauteriatam
1685 3395 1943 3452 habentes
1979 3410 2109 3450 con-

530 3488 806 3544 scientiam
828 3531 843 3555 ,
872 3489 1215 3560 prohibentes
1249 3489 1448 3545 nubere
1470 3530 1485 3553 ,
1514 3489 1841 3543 abstinentes
1869 3503 1898 3541 a
1927 3485 2063 3542 cibis
2089 3528 2105 3554 ,

532 3593 666 3649 quos
711 3580 1011 3633 immundos
1038 3587 1258 3649 putant,
1299 3593 1399 3634 nec
1439 3587 1682 3648 putantes
1708 3592 1740 3632 a
1777 3577 1886 3632 Deo
1922 3585 2106 3631 cuncta

531 3684 653 3725 esse
695 3669 952 3725 condita?
978 3669 1106 3737 Quis
1146 3684 1239 3724 eos
1282 3668 1562 3745 aliquando
1591 3683 1785 3737 negare
1818 3667 2105 3737 compulit,

532 3758 672 3828 quod
699 3759 871 3812 omnis
900 3768 1136 3812 creatura
1177 3757 1269 3811 Dei
1307 3758 1443 3812 bona
1473 3757 1543 3813 sit
1567 3756 1689 3827 (lT
1691 3759 1779 3810 im.
1819 3772 1868 3811 ιν
1888 3797 1904 3822 ,
1934 3756 2024 3810 1-4
2045 3755 2064 3826 )
2089 3799 2104 3821 ,

533 3857 587 3903 ct
607 3847 749 3902 nulla
770 3848 1056 3902 substantia
1079 3847 1148 3902 sit
1167 3862 1322 3917 quam
1347 3862 1451 3901 non
1479 3861 1717 3901 summus
1737 3845 1921 3901 fecerit
1942 3845 2104 3911 Deus,

533 3940 634 3993 nisi
667 3940 779 4009 ipse
810 3940 947 3994 Deus
971 3939 1059 4009 qui
1085 3953 1188 3993 non
1218 3948 1299 3993 cst
1323 3937 1391 3992 ab
1415 3938 1589 4007 aliquo
1615 3936 1820 3991 lactus?
1849 3936 1965 3991 Non
2005 3936 2106 3991 ista

532 4028 587 4083 in
620 4029 728 4095 eis,
755 4044 873 4100 qua:
914 4038 1121 4084 constat
1148 4044 1265 4082 esse
1307 4027 1599 4093 catholica,
1642 4026 2109 4095 reprehenduntur

532 4127 693 4188 atque
728 4120 1064 4177 damnantur.
1105 4118 1432 4190 lmpictatem
1465 4119 1661 4187 quippe
1697 4118 2103 4173 Maniclneorum

532 4210 752 4264 nimium
778 4210 799 4242 ⁸
824 4210 1036 4264 stultam
1064 4219 1115 4264 et
1137 4210 1344 4263 noxiam
1366 4248 1382 4273 ,
1413 4223 1515 4262 non
1558 4207 1726 4262 solum
1767 4206 1899 4263 fides
1923 4206 2106 4262 catho-

534 4300 633 4353 lica
674 4300 1006 4365 detestatur;
1048 4315 1230 4354 verum
1274 4302 1440 4354 etiam
1483 4298 1713 4352 lucretici
1752 4311 1973 4363 omnes,
2017 4298 2107 4367 qui

534 4406 640 4445 non
666 4402 787 4446 sunt
827 4391 1117 4446 Manichaei.
1157 4389 1310 4463 Unde
1336 4400 1391 4444 et
1421 4390 1503 4442 isti
1541 4389 1807 4458 Pelagiani
1845 4391 1944 4444 hoc
1972 4389 2107 4443 bene

532 4480 758 4546 faciunt,
787 4480 1086 4535 Mauiclncis
1110 4482 1388 4534 anathema
1415 4480 1593 4534 dicere
1626 4520 1640 4543 ,
1668 4487 1722 4534 et
1741 4494 1929 4533 eorum
1957 4494 2107 4534 erro-

531 4571 682 4625 ribus
706 4571 1091 4626 contradicere.
1121 4570 1224 4624 Sed
1270 4569 1469 4624 t‘aciuut
1494 4569 1600 4622 duo
1629 4568 1765 4623 mala
1788 4610 1803 4633 ,
1833 4570 2024 4639 quibus
2051 4580 2107 4626 et

536 4662 636 4729 ipsi
666 4662 1147 4718 anathematizaudi
1176 4670 1297 4716 sunt
1346 4679 1359 4715 :
1405 4677 1599 4725 unum,
1638 4661 1777 4730 quod
1804 4660 2107 4717 Catholicos

532 4752 938 4808 Manichaeorum
981 4752 1190 4806 nomine
1228 4752 1574 4806 criminantur
1610 4767 1626 4816 ;
1665 4744 1891 4805 alterum
1918 4791 1933 4816 ,
1966 4751 2105 4820 quod

533 4843 693 4896 etiam
744 4843 842 4910 ipsi
898 4842 1140 4896 hmrcsim
1196 4842 1324 4895 novi
1362 4843 1564 4896 erroris
1615 4840 1888 4896 inducunt.
1925 4840 2107 4912 Neque

496 4984 508 4996 ,
535 4933 679 4986 enim
709 4934 827 5001 quia
859 4931 1261 4986 Manichaeorum
1302 4933 1489 4986 morbo
1524 4946 1629 4986 non
1665 4932 1945 4999 laborant,
1987 4948 2109 5002 pro-

534 5033 711 5094 pterea
741 5021 860 5077 ﬁdei
891 5036 1034 5076 sana:
1057 5032 1199 5076 sunt.
1228 5021 1341 5076 Non
1370 5038 1530 5076 unum
1562 5022 1875 5091 pestilentiae
1902 5033 1984 5077 est
2011 5038 2106 5090 ge-

538 5131 635 5168 nus
658 5155 671 5178 ,
706 5112 1149 5184 quemadmodum
1182 5115 1233 5168 in
1262 5115 1607 5183 corporibus,
1639 5116 1706 5168 ita
1737 5123 1789 5168 et
1820 5115 1871 5167 in
1917 5115 2107 5170 menti-

533 5206 652 5259 bus.
684 5205 835 5260 Sicnt
873 5220 997 5276 ergo
1034 5205 1271 5260 medicus
1296 5204 1537 5273 corporis
1565 5221 1668 5258 non
1708 5205 1959 5259 continuo
1987 5221 2109 5275 pro-

532 5300 824 5354 nuntiasset
851 5313 879 5351 a
905 5298 1089 5352 mortis
1111 5296 1345 5366 periculo
1364 5295 1590 5352 liberum
1617 5294 1661 5361 ⁸,
1679 5311 1834 5365 quem
1863 5305 2107 5367 negasset

531 5388 895 5458 hydmpicum,
923 5386 970 5442 si
995 5387 1099 5442 alio
1126 5387 1307 5441 lcthali
1335 5386 1520 5441 morbo
1549 5387 1908 5455 perspexisset
1935 5401 2104 5455 ingru-

529 5487 640 5532 tum
675 5495 689 5532 :
717 5478 785 5531 ita
822 5478 937 5532 istis
965 5490 1067 5531 non
1099 5477 1217 5530 idco
1248 5477 1445 5530 veritas
1476 5475 1769 5544 gratulatur
1793 5514 1807 5537 .
1844 5476 1965 5546 quia
1995 5475 2106 5530 Ma—

528 5570 716 5623 nichmi
735 5584 837 5621 non
863 5579 1006 5630 sunt,
1028 5567 1072 5620 si
1095 5567 1200 5621 alio
1220 5581 1414 5636 genere
1436 5564 1799 5633 perversitatis
1816 5565 2101 5621 insaniunt.

590 5663 607 5691 ³
643 5659 776 5719 Editi,
797 5663 859 5708 el.
904 5656 1202 5719 Castigantur
1225 5669 1256 5719 a_
1270 5655 1623 5718 manttscriptis.

590 5721 611 5785 ξ
642 5716 859 5785 (hillicant
892 5724 1016 5785 atss.,
1032 5716 1424 5785 concessionem.’
1480 5773 1491 5784 _

591 5781 612 5813 ³
644 5783 780 5838 Editi,
802 5779 1014 5829 nimiam.
1042 5780 1205 5840 Aldina
1226 5786 1351 5834 Mssa,
1374 5779 1587 5826 nimium.

594 5842 615 5875 ⁵
646 5843 840 5892 ωαίευδ
860 5838 1096 5900 thlhcani',
1122 5838 1388 5890 liberatum.

2200 1841 2533 1913 Quapropter
2557 1842 2698 1898 aliud
2727 1852 2810 1898 est
2832 1843 2975 1914 quod
3003 1843 3511 1899 anathematizamus
3535 1860 3659 1900 cum
3685 1845 3790 1912 eis,

2200 1935 2344 1989 aliud
2386 1936 2528 2005 quod
2566 1936 2619 1990 in
2648 1936 2747 1991 eis.
2788 1936 3124 1992 Detestatnur
3162 1937 3303 1993 enim
3333 1952 3456 1993 cum
3483 1939 3563 1994 eis
3585 1978 3603 2005 ,
3636 1938 3788 2010 quod

2200 2035 2347 2081 recte
2373 2024 2620 2095 displicet
2651 2025 2810 2081 etiam
2842 2028 2971 2097 ipsis
3004 2042 3020 2093 ;
3054 2028 3123 2082 ita
3155 2039 3331 2084 tamen
3357 2038 3416 2085 ut
3450 2030 3789 2087 detestemur

2202 2115 2259 2170 in
2283 2118 2391 2183 eis,
2420 2117 2559 2173 unde
2582 2127 2726 2174 recte
2759 2116 3043 2188 displicent
3068 2119 3190 2189 ipsi.

2272 2228 2499 2287 CAPUT
2543 2230 2705 2285 ll.—
2744 2228 2802 2285 2.
2843 2230 3241 2287 Manicheam
3289 2240 3336 2287 el
3386 2231 3797 2305 Pelagianorum

2203 2320 2414 2376 hwreses
2451 2320 2546 2374 sibi
2568 2332 2742 2375 mutuo
2767 2322 2993 2376 adversce
3019 2332 3066 2376 et
3105 2338 3246 2394 atque
3269 2340 3300 2376 α
3326 2324 3577 2379 catholica
3601 2324 3792 2381 Eccle-

2203 2413 2281 2467 sia
2318 2413 2616 2482 reprobalw.
2663 2411 2933 2467 Manichari
2959 2421 3009 2467 et
3039 2411 3305 2485 Pelagiani
3343 2425 3585 2483 quatenus
3616 2434 3811 2473 errorel

2205 2504 2494 2575 conjuncti,
2520 2514 2760 2574 quatenus
2784 2505 3022 2575 separati.
3070 2504 3345 2560 Manichtei
3370 2505 3585 2573 dicunt,
3618 2506 3799 2564 Deum

2205 2596 2403 2651 bonum
2435 2612 2539 2652 non
2566 2597 2799 2650 omnimn
2832 2606 3138 2651 naturarum
3177 2607 3659 2679 esseacreatorem:
3692 2598 3799 2656 Pe-

2206 2687 2400 2757 lagiani
2443 2688 2659 2755 dicunt,
2711 2688 2872 2743 Deum
2914 2705 3020 2743 non
3059 2704 3180 2745 esse
3207 2675 3442 2745 omnium
3489 2675 3707 2746 a-tatum
3738 2692 3795 2746 in

2206 2776 2510 2833 hominibus
2550 2778 2954 2844 mundatorem,
3003 2780 3365 2848 salvatorem,
3419 2782 3790 2838 liberatorem.

2205 2867 2480 2924 Catholica
2518 2878 2771 2940 utrosque
2812 2872 3121 2941 redarguit,
3174 2881 3228 2928 ct
3254 2882 3438 2929 contra
3467 2870 3797 2932 Manichaeos

2207 2961 2499 3017 defendens
2526 2962 2618 3018 Dei
2640 2972 2936 3018 creaturam
2962 3004 2983 3032 ,η
3006 2979 3073 3020 nc
3099 2964 3168 3021 ab
3195 2966 3285 3020 illo
3309 2965 3546 3020 instituta
3570 2976 3797 3038 negetur

2208 3054 2312 3108 ulla
2342 3064 2530 3110 natura
2557 3071 2570 3118 ;
2595 3064 2648 3110 et
2671 3067 2854 3110 contra
2885 3055 3215 3127 Pelagianos,
3235 3059 3365 3111 utin
3386 3060 3636 3112 omnibus
3665 3068 3797 3112 a-ta-

2211 3145 2350 3200 tibus
2399 3146 2605 3217 perdita
2651 3147 2947 3217 requiratur
2989 3147 3217 3202 humana
3252 3156 3460 3203 natura.
3513 3148 3795 3203 Manichzei

2208 3240 2383 3294 carnis
2411 3240 2892 3309 concupiscentiam
2916 3256 3020 3295 non
3047 3251 3292 3311 tanquam
3311 3241 3561 3298 accidens
3579 3243 3793 3309 vitium,

2209 3330 2314 3386 sed
2345 3340 2592 3399 tanquam
2638 3342 2876 3386 naturam
2915 3332 2983 3387 ab
3007 3334 3301 3389 aeternitate
3341 3334 3534 3389 malam
3579 3336 3796 3405 vitupe-

2210 3428 2374 3474 rant:
2409 3421 2672 3490 Pelagiani
2714 3438 2831 3478 eam
2883 3431 3130 3494 tanquam
3174 3426 3374 3480 nullum
3425 3427 3646 3494 vitium,
3697 3429 3801 3483 sed

2210 3512 2448 3567 naturale
2486 3513 2554 3567 sit
2580 3514 2775 3568 bonum
2807 3515 3021 3584 insuper
3051 3515 3281 3570 laudant.
3314 3516 3583 3585 Catholica
3610 3505 3797 3573 utros-

2208 3617 2313 3672 que
2380 3602 2678 3675 redarguit,
2747 3605 3050 3661 Manichmis
3088 3606 3347 3677 'diecns,
3398 3607 3512 3663 Non
3558 3622 3803 3677 natura,

2209 3693 2305 3748 sed
2333 3694 2514 3749 vitium
2544 3701 2658 3761 cst;
2700 3695 2998 3767 Pelagianis
3021 3697 3203 3753 dicens
3222 3741 3241 3767 ,
3286 3698 3399 3754 Non
3420 3716 3449 3754 a
3472 3700 3662 3766 Patre,
3698 3703 3801 3757 sed

2209 3801 2274 3840 ex
2318 3787 2515 3841 mundo
2568 3797 2651 3842 est
2691 3799 2796 3841 :ut
2842 3804 2958 3842 eam
3004 3790 3157 3844 velut
3190 3792 3384 3844 malam
3432 3792 3801 3849 valetudinem

2210 3877 2384 3930 sanari
2407 3877 2615 3948 utrique
2640 3879 2972 3948 permittant,
3003 3879 3298 3936 desinendo
3326 3882 3398 3936 illi
3427 3894 3679 3953 tanquam
3713 3886 3804 3939 in-

2209 3967 2499 4022 sanabilem
2539 3968 2759 4024 credere
2782 4010 2798 4035 ,
2842 3970 2925 4023 isti
2963 3979 3209 4039 tanquam
3240 3971 3553 4027 laudabilem
3593 3974 3798 4041 pra-di-

2210 4072 2353 4111 eare.
2378 4057 2650 4113 Maniclnei
2673 4069 2865 4129 negant
2890 4059 3090 4115 homini
3118 4061 3258 4117 bono
3277 4078 3342 4116 ex
3377 4064 3544 4119 libero
3568 4065 3800 4119 arbitrio

2209 4147 2371 4202 fuisse
2399 4148 2606 4203 initium
2642 4150 2765 4204 mali
2798 4168 2817 4205 :
2846 4151 3105 4223 Pelagiani
3134 4151 3315 4208 dicunt
3338 4156 3495 4208 etiam
3519 4154 3801 4211 hominem

2209 4240 2408 4294 malum
2453 4239 2780 4296 sufﬁcienter
2822 4241 3018 4298 habere
3055 4243 3273 4299 liberum
3310 4246 3587 4300 arbitrium
3615 4247 3683 4302 ad
3716 4246 3805 4303 fa-

2210 4332 2460 4386 ciendum
2502 4343 2821 4403 pla-ceptum
2850 4334 3069 4389 bonum.
3116 4334 3388 4392 Catholica
3419 4347 3675 4408 utrosque
3707 4357 3805 4395 re-

2209 4422 2439 4493 darguit,
2471 4433 2526 4479 et
2570 4424 2672 4478 illis
2715 4424 2917 4490 dicens,
2972 4423 3114 4478 Fecit
3144 4425 3277 4479 Deus
3312 4428 3562 4481 hominem
3601 4440 3805 4483 rectum

2212 4511 2404 4585 (Eccle.
2425 4529 2521 4579 VII,
2550 4514 2640 4582 50)
2672 4534 2686 4569 :
2718 4523 2772 4569 el
2803 4516 2915 4568 istis
2949 4515 3164 4581 dicens,
3203 4514 3265 4571 Si
3290 4533 3374 4569 vos
3406 4515 3570 4572 Filius
3603 4518 3802 4573 libera-

2209 4605 2364 4668 verit,
2407 4619 2515 4656 vere
2553 4603 2694 4657 liberi
2719 4605 2852 4657 m‘tis
2886 4604 3060 4677 (Joan.
3090 4621 3182 4659 vnt
3202 4648 3217 4672 ,
3247 4605 3359 4675 56).
3406 4607 3683 4663 blanichwi
3714 4609 3806 4664 tli-

2209 4703 2374 4759 cunt,
2422 4692 2652 4769 animam
2700 4696 3005 4764 particulam
3051 4697 3139 4751 Dei
3166 4739 3181 4763 ,
3229 4709 3429 4752 natura:
3458 4699 3611 4753 mala:
3638 4717 3807 4757 eom—

2210 4783 2462 4838 mixtione
2482 4783 2677 4839 habere
2696 4796 2966 4853 peccatum
2993 4805 3006 4839 :
3035 4784 3300 4858 Pelagiani
3322 4789 3525 4855 dicunt,
3547 4792 3802 4849 animam

2203 4875 2434 4945 justam,
2464 4868 2803 4947 nonquidem
2831 4879 3142 4949 particulam
3172 4922 3186 4946 ,
3217 4880 3312 4936 sed
3339 4892 3635 4938 creaturam
3673 4885 3806 4955 Dei,

2209 4968 2366 5021 etiam
2395 4967 2446 5022 in
2486 4968 2585 5022 ista
2614 4970 2940 5039 corruptibili
2967 4972 3068 5024 vita
3099 4988 3202 5026 non
3244 4973 3440 5028 habere
3478 4986 3801 5045 peccatum.

2209 5060 2478 5115 Catholica
2506 5071 2756 5131 utrosque
2783 5062 3069 5132 redarguit,
3110 5063 3415 5120 Maniclneis
3438 5067 3621 5122 dicens
3639 5110 3658 5135 ,
3690 5070 3812 5127 ,ω

2209 5151 2359 5222 facile
2399 5150 2639 5229 arborem.
2667 5154 2846 5206 bonam
2874 5193 2890 5219 ,
2937 5163 2986 5207 et
3025 5158 3246 5225 fructum
3288 5158 3397 5226 ejus
3434 5157 3657 5225 bonum;
3704 5171 3811 5217 aut

2209 5242 2362 5324 facile
2386 5241 2611 5296 arborem
2633 5242 2818 5297 malam
2841 5282 2859 5308 ,
2898 5251 2944 5296 et
2976 5244 3194 5313 fructum
3220 5247 3331 5316 ejus
3359 5248 3546 5301 malum
3572 5247 3806 5322 (Uallis.

2209 5349 2284 5388 xu
2309 5376 2324 5400 ,
2352 5332 2483 5407 55);
2533 5334 2671 5405 quod
2701 5350 2803 5389 non
2831 5335 3097 5392 diceretur
3125 5335 3365 5404 homini,
3414 5340 3503 5410 qui
3543 5352 3809 5402 naturam

2211 5422 2384 5479 facere
2405 5440 2511 5479 non
2539 5434 2730 5494 potest,
2757 5425 2856 5481 nisi
2881 5427 3002 5497 quia
3027 5438 3297 5498 peccatum
3320 5445 3426 5484 non
3447 5441 3659 5500 natura,
3697 5437 3811 5493 sed

2207 5515 2391 5570 vitium
2418 5525 2499 5575 est
2527 5533 2540 5570 :
2573 5515 2867 5586 Pelagianis
2891 5518 3095 5585 dicens,
3129 5518 3190 5575 Si
3213 5520 3492 5576 dixerimus
3519 5523 3642 5594 quia
3673 5528 3819 5595 pec;

2207 5615 2372 5659 calum
2393 5622 2492 5659 non
2518 5605 2753 5661 habemus
2772 5648 2787 5672 ,
2826 5625 2918 5663 nos
2941 5609 3077 5679 ipsas
3100 5610 3383 5667 seducimus
3401 5646 3418 5678 φ
3446 5623 3493 5667 et
3524 5616 3718 5671 vetitas
3744 5619 3812 5674 in

2209 5697 2349 5753 nobis
2374 5714 2475 5751 non
2499 5707 2570 5752 est
2597 5698 2641 5769 (Ι
2666 5697 2821 5755 Joan.
2854 5717 2906 5766 ι,
2933 5701 3010 5771 8).
3061 5702 3152 5759 liis
3180 5706 3379 5760 morbis
3402 5706 3541 5764 inter
3566 5723 3627 5764 se
3653 5724 3808 5767 con-

2212 5787 2386 5845 trariis
2419 5787 2691 5847 Manichzei
2742 5791 3113 5865 Pclagianiquc
3154 5797 3484 5869 conﬂigunt,
3537 5800 3812 5862 dissimili
