4012 6474
513 363 618 422 575

511 477 616 532 hoc
650 475 934 531 tenendum
976 488 1130 538 esse,
1164 473 1303 542 quod
1351 473 1433 526 isti
1462 472 1528 526 de
1573 470 1802 539 parvulis
1824 469 2078 530 sentiunt,

511 581 778 634 nunquam
803 564 1012 628 dixerit,
1048 578 1312 632 nunquam
1347 563 1655 631 scripserit;
1685 564 1900 628 insuper
1924 561 2084 614 etiam

510 658 816 714 Celestium
853 671 914 710 se
951 670 1174 724 purgare
1215 656 1516 709 molientem
1541 653 1608 708 ad
1650 652 2086 708 consentiendmn

511 763 669 818 supra
714 748 867 801 dictis
903 746 1058 801 Sedis
1101 747 1421 815 Apostolicte
1458 746 1648 799 litteris
1694 745 1878 799 crebra
1923 745 2091 797 inter-

510 837 780 894 locutione
821 837 1198 890 constrinxerit
1236 852 1250 888 :
1295 836 1529 904 profecto
1581 835 1830 906 quidquid
1882 835 2086 888 interea

512 927 685 982 lenius
714 935 887 982 actum
909 937 989 981 est
1015 943 1133 981 cum
1170 925 1450 989 leestio,
1479 937 1683 980 servata
1713 927 1966 979 duntaxat
1987 941 2085 978 an-

512 1016 825 1086 tiquissima:
848 1025 902 1070 et
935 1016 1318 1072 robustissimae
1342 1017 1460 1070 ﬁdei
1490 1018 1736 1070 ﬁrmitate
1755 1059 1769 1078 ,
1799 1017 2091 1070 correctio-

512 1106 597 1160 nis
633 1104 731 1158 I'uit
757 1105 1171 1160 clementissima
1200 1108 1408 1172 suasio,
1438 1122 1541 1160 non
1571 1107 1880 1174 approbatio
1899 1107 2089 1160 exitio-

509 1195 718 1248 sissima
773 1196 1050 1263 pravitatis
1077 1197 1120 1248 ¹.
1168 1196 1236 1249 Ει
1281 1195 1421 1264 quod
1469 1195 1535 1248 ab
1582 1197 1767 1250 eodem
1813 1195 2088 1250 sacerdote

511 1291 697 1354 postea
764 1283 1048 1339 leestius
1102 1295 1154 1338 et
1207 1286 1447 1354 Pelagius
1505 1286 1725 1354 repetita
1779 1286 2088 1339 auctoritate

515 1369 750 1426 damnati
776 1382 928 1436 sunt,
971 1373 1236 1443 paululum
1283 1374 1618 1440 intermiss:e,
1656 1374 1764 1443 jam
1791 1376 2090 1428 necessario

516 1461 849 1530 proferenda:
888 1464 1024 1516 ratio
1061 1465 1357 1517 severitatis
1399 1463 1534 1530 fuit,
1583 1481 1688 1517 non
1728 1465 2090 1534 praevaricatio

514 1553 663 1621 prius
691 1554 916 1622 cognita:
943 1554 1024 1608 vei
1053 1570 1184 1609 nova
1213 1556 1445 1625 cognitio
1475 1557 1734 1610 veritatis.

586 1642 812 1698 CAPUT
850 1643 938 1697 IV.
958 1672 1033 1683 -—
1063 1645 1116 1698 6.
1149 1643 1292 1697 Idem
1322 1655 1561 1698 tractatur
1584 1655 1951 1716 argumentum.
1986 1645 2091 1700 Sed

515 1731 642 1800 quid
666 1746 798 1800 Opus
832 1743 913 1786 est
941 1747 1036 1786 nos
1061 1733 1129 1787 de
1159 1734 1256 1788 hac
1281 1750 1337 1789 re
1369 1735 1628 1804 loquendo
1664 1735 1861 1790 diutius
1904 1736 2091 1789 immo-

518 1820 624 1874 rari
653 1859 670 1885 ,
707 1837 826 1874 cum
868 1831 1079 1877 exstent
1120 1822 1243 1877 hinc
1289 1833 1446 1893 atque
1473 1826 1594 1880 inde
1629 1836 1777 1896 gesta
1808 1835 1862 1880 et
1895 1827 2089 1895 scripta

519 1910 722 1965 directa
748 1952 762 1974 ,
805 1912 891 1966 ubi
915 1915 1117 1981 possint
1136 1925 1322 1969 cuncta
1352 1917 1436 1970 illa
1460 1958 1473 1978 ,
1503 1917 1946 1986 quemadmodum
1974 1927 2090 1972 acta

519 2001 632 2056 sint
653 2041 670 2068 ,
715 2003 797 2057 vel
826 2006 1070 2074 cognosci
1098 2005 1179 2060 vel
1209 2008 1546 2076 recognosci?
1591 2007 2091 2076 Interrogationibus

516 2095 665 2150 enim
691 2097 859 2150 sancti
888 2101 1228 2165 praecessoris
1251 2099 1324 2152 tui
1350 2139 1365 2165 ,
1395 2109 1448 2154 ct
1470 2098 1704 2156 lecstii
1726 2101 2089 2169 reSponsioni-

521 2186 622 2241 bus
654 2187 844 2256 quibus
874 2203 933 2242 se
963 2189 1100 2244 beati
1129 2191 1281 2258 Papa:
1312 2191 1601 2246 Innocentii
1647 2194 1838 2246 litteris
1862 2208 2092 2248 consen-

522 2281 623 2334 tire
664 2281 935 2350 professus
974 2291 1093 2347 est,
1145 2286 1261 2352 quis
1307 2300 1408 2338 non
1441 2285 1615 2340 videat
1651 2287 2090 2356 quemadmodum

521 2374 592 2426 sit
618 2371 897 2427 Caelestius
941 2375 1213 2445 colligatus
1237 2418 1252 2442 ,
1303 2387 1356 2430 et
1393 2378 1602 2431 vinculo
1627 2379 1976 2433 saluberrimo
1999 2379 2098 2433 ob-

521 2468 770 2532 strictus,
799 2483 866 2520 ne
889 2468 1107 2522 ulterius
1133 2469 1418 2524 defendere
1442 2471 1659 2525 auderet
1694 2471 1747 2525 in
1775 2471 2094 2539 Baptismate

521 2557 860 2626 parvulorum
891 2575 992 2614 non
1033 2561 1224 2615 dimitti
1269 2564 1522 2632 originale
1568 2565 1877 2633 peceatum?
1917 2566 2087 2620 Vene-

522 2645 708 2716 rabilis
727 2651 921 2718 quippe
949 2651 1235 2706 Innocentii
1277 2654 1507 2722 CPlSCOpI
1539 2655 1604 2709 de
1639 2654 1736 2708 hac
1765 2671 1819 2708 re
1848 2657 1944 2710 ista
1975 2665 2096 2714 sunt

521 2740 684 2794 verba
705 2740 768 2794 ad
791 2743 1200 2813 Carthaginiense
1217 2747 1494 2800 concilium
1521 2766 1534 2800 :
1570 2767 1587 2798 ι
1613 2749 1856 2804 Liberum
1879 2753 2041 2815 enim,
2069 2772 2088 2804 ι

523 2828 724 2898 inquit,
758 2847 778 2881 ι
811 2832 1084 2886 arbitrium
1117 2835 1241 2888 olim
1272 2836 1358 2889 ille
1385 2853 1662 2906 perpessus
1682 2881 1694 2901 ,
1724 2841 1846 2892 dum
1876 2841 1984 2894 suis
2012 2841 2096 2894 in-

523 2921 818 2976 consultius
864 2926 1027 2977 utitur
1072 2925 1257 2992 bonis,
1309 2928 1506 2981 Cadens
1556 2930 1604 2982 in
1651 2933 2097 3000 prawaricationis

524 3011 780 3080 profunda
808 3013 1100 3078 demersus,
1135 3016 1267 3069 nihil
1293 3019 1734 3086 quetnathnoilum
1765 3023 1955 3076 exinde
1982 3040 2098 3076 sur-

523 3115 650 3167 gere
705 3111 885 3169 posset
928 3104 1127 3158 invenit
1159 3123 1174 3160 :
1206 3123 1403 3176 suaque
1455 3111 1505 3163 in
1552 3121 1806 3166 :cternum
1854 3114 2096 3172 libertate

525 3188 797 3260 deceptus,
832 3194 984 3263 hujus
1015 3198 1180 3250 ruinae
1203 3199 1457 3268 jaeuisset
1484 3207 1812 3272 oppressu’,
1847 3207 1942 3260 nisi
1973 3224 2092 3263 eum

528 3285 648 3347 post
682 3281 872 3337 Christi
913 3300 1011 3354 pro
1040 3301 1133 3340 sua
1178 3291 1339 3356 gratia
1386 3292 1659 3349 liberasset
1687 3296 1972 3363 adventus,
2005 3301 2095 3369 qui

526 3385 622 3440 per
645 3387 794 3426 nova:
821 3379 1233 3444 regenerationis
1253 3381 1665 3449 puriﬁcationem
1695 3401 1852 3440 oume
1881 3398 2098 3456 praeter-

526 3464 654 3518 itum
683 3465 704 3497 ⁸
735 3467 919 3522 vitium
962 3471 1039 3524 sui
1059 3471 1407 3540 'Baptismatis
1438 3475 1644 3530 lavacro
1675 3481 1912 3546 purgavit
1940 3480 2097 3543 »(1η·

525 3567 753 3623 nocent.,
799 3561 946 3628 epist.
987 3563 1078 3618 18I
1112 3606 1126 3624 ,
1178 3581 1229 3617 ιι.
1259 3566 1310 3630 7,
1347 3567 1487 3633 apud
1508 3567 1769 3640 August.).
1819 3571 1952 3638 Quid
1999 3575 2094 3630 ista

523 3646 676 3700 Sedis
705 3650 1020 3717 Apostolicre.
1049 3657 1307 3707 sententia
1337 3659 1527 3711 clarius
1551 3669 1706 3728 atque
1737 3664 2096 3718 manifestius?

528 3736 662 3792 lluic
690 3756 747 3793 se
776 3739 1058 3798 leestius
1084 3749 1386 3801 consentire
1425 3750 1694 3816 professus
1723 3765 1798 3807 est
1823 3795 1838 3818 ,
1887 3757 2096 3826 quando

528 3843 649 3884 cum
679 3831 801 3887 illia
829 3847 1011 3889 sancto
1055 3853 1375 3906 prmcessore
1419 3851 1508 3894 tuo
1536 3844 1730 3898 dictum
1757 3859 1923 3912 esset,
1958 3869 1975 3901 ι
2009 3851 2092 3905 Illa

525 3921 702 3974 omnia
748 3923 965 3978 damnas
1004 3942 1121 3995 quae.
1159 3929 1350 3996 jaetata
1393 3943 1514 3986 sunt
1552 3933 1618 3988 de
1664 3939 1877 3994 nomine
1909 3943 2037 3996 tuo?
2071 3962 2090 3994 ι

523 4008 641 4079 ipse
667 4015 967 4081 reSpondit,
1004 4036 1021 4069 ι
1061 4017 1261 4072 Damno
1281 4024 1568 4077 secundum
1591 4032 1904 4083 sententiam
1930 4033 2094 4088 beata:

524 4105 796 4158 memorice
845 4111 1180 4175 praecessoris
1213 4114 1283 4166 ttti
1329 4114 1634 4172 Innocentii.
1675 4138 1693 4171 ι
1739 4121 1878 4175 Inter
1902 4135 2092 4180 caetera

524 4204 698 4249 autem
729 4214 846 4266 qme
875 4201 943 4255 de
971 4204 1181 4258 nomine
1208 4207 1320 4272 ejus
1343 4207 1535 4276 jactata
1571 4210 1807 4281 fuerant,
1841 4215 2094 4274 diaconus

523 4283 771 4340 leestio
810 4290 1054 4345 Paulinus
1083 4295 1350 4361 objecerat
1373 4339 1387 4362 ,
1421 4301 1557 4368 quod
1584 4303 1815 4370 diceret,
1853 4325 1870 4356 ι
1911 4325 2094 4376 pecca-

523 4384 636 4430 tum
667 4379 793 4433 Ada:
836 4381 935 4451 ipsi
965 4385 1060 4437 soli
1089 4386 1320 4442 obfuisse
1340 4431 1354 4454 ,
1403 4401 1454 4444 et
1487 4408 1588 4445 non
1619 4397 1794 4462 generi
1821 4397 2088 4466 humano;

522 4471 738 4539 etquod
789 4473 1015 4530 infantes
1059 4494 1226 4546 nuper
1271 4483 1417 4547 nati,
1458 4485 1506 4536 in
1539 4501 1602 4538 eo
1630 4498 1808 4542 essent
1833 4501 1968 4545 statu
1991 4535 2006 4558 ,
2040 4494 2090 4548 in

522 4575 628 4628 quo
658 4562 824 4616 Adam
859 4566 951 4618 fuit
979 4578 1102 4621 ante
1144 4581 1433 4636 peccatum.
1472 4592 1490 4624 ι
1550 4577 1775 4632 Proinde
1811 4581 1854 4633 si
1887 4583 2090 4649 objecta

524 4649 764 4718 Paulini,
795 4656 1083 4711 secundum
1115 4665 1426 4716 sententiam
1457 4666 1590 4719 beati
1629 4667 1779 4737 Papae
1806 4670 2090 4729 Innocentii

521 4741 697 4793 veraci
735 4744 896 4799 corde
925 4755 1083 4815 atque
1107 4765 1199 4804 ore
1226 4751 1536 4819 damnaret;
1568 4759 1691 4826 quid
1717 4761 1764 4813 ei
1795 4775 2093 4819 remaneret

521 4829 772 4900 deinceps
797 4835 937 4891 unde
962 4841 1334 4908 contenderet,
1366 4848 1562 4900 nulhun
1595 4865 1712 4904 esse
1735 4869 1793 4905 ex
1826 4857 2089 4924 pr:rterita

522 4921 676 4988 primi
728 4924 958 4980 hominis
1012 4936 1431 5001 transgressione
1484 4938 1535 4992 in
1590 4921 1840 5008 parvulis
1871 4947 2086 5015 vitium,

520 5011 660 5079 quod
704 5030 798 5082 per
846 5031 994 5072 nova:
1035 5024 1451 5090 regenerationis
1493 5032 1909 5096 puriﬁcationem
1937 5053 2089 5094 sacro

520 5103 843 5194 baptismate
869 5115 1220 5179 purgaretur?
1249 5115 1352 5171 Sed
1379 5119 1500 5173 illud
1533 5136 1590 5176 se
1616 5127 1952 5194 reSpondiss'e
1987 5129 2088 5184 [ιι-

519 5192 707 5248 lacitcr
752 5201 1040 5256 novissimo
1083 5204 1226 5260 exitu
1272 5210 1535 5277 ostendit,
1578 5192 1802 5274 cumse
1829 5223 2088 5278 Subtraxit

577 5387 1251 5478 negglig-nisis:iniectio
1285 5401 1376 5463 fuit
1410 5403 1769 5460 clementissima
1807 5414 2088 5478 pravitatis;

513 5453 701 5499 omissis
724 5453 886 5503 verbis
906 5457 1222 5510 intennediis.

575 5531 603 5619 ἰ
629 5537 1250 5619 ΑιξιζίξζςζιὲηιμΙιἿςὶμιῇ.)
1267 5542 1416 5619 λΙιιᾴιιφ
1438 5547 1592 5619 ruina!
1606 5550 1820 5619 latuisset
1837 5568 2082 5619 appr-essu.

513 5591 811 5682 1433;,
829 5591 1201 5682 ritirutjartdssel
1218 5591 2084 5682 oppr'cénsltzohi

513 5651 695 5711 stolam,
721 5651 764 5716 ιιι
782 5657 842 5704 ιιι]
869 5651 1194 5721 Augustinum,
1220 5651 1422 5717 tuatui

574 5733 596 5764 ³
629 5737 832 5788 \‘Iticani
857 5747 980 5802 uss,
1015 5749 1260 5804 prtrtcrttt.

1144 361 1412 418 comas
1454 357 1631 415 uuas
1672 353 2040 412 EPISTOLAS
2079 351 2631 414 PEI..\GIA.\’ORU.\I.
2671 356 2732 413 s.
2775 355 3133 411 AUGUSTINI

3657 363 3769 425 876

2195 465 2463 530 examini,
2505 481 2572 522 ne
2595 467 2887 522 secundum
2916 469 3158 524 Africana
3200 471 3454 540 rescripta
3497 474 3608 544 ipsa
3635 491 3765 530 om-

2195 555 2321 608 nino
2357 555 2424 610 de
2461 555 2559 610 hac
2595 559 2886 627 quaestione
2910 560 3071 614 verba
3099 574 3516 619 commemorare
3540 575 3592 618 ct
3625 581 3769 620 ana-

2195 645 2573 712 thematizare,
2605 662 2722 716 quae
2748 647 2799 702 in
2830 649 3009 704 libello
3033 663 3132 704 suo
3170 651 3366 718 posuit,
3387 665 3686 722 cogeretur.

2263 739 2315 792 7.
2343 738 2478 805 Quid
2509 739 2636 792 illud
2662 740 2802 810 quod
2849 741 2986 796 idem
3022 741 3160 811 Papa
3191 743 3259 798 de
3313 746 3410 798 hac
3451 749 3560 814 ipsa
3593 763 3763 802 causa

2193 827 2349 881 etiam
2384 828 2640 883 Numidia:
2667 831 2935 902 rescripsit
2961 834 3240 901 episcopis,
3285 835 3404 904 quia
3436 836 3502 888 de
3531 841 3766 906 utroque

2192 918 2438 982 concilio,
2462 919 2596 973 etde
2625 920 3022 990 Carthaginensi
3045 921 3247 978 scilicet
3284 934 3336 977 et
3365 924 3430 978 de
3452 925 3762 980 Milevitana

2193 1009 2387 1077 scripta
2431 1019 2756 1080 susceperat,
2809 1026 2984 1065 nonne
3039 1013 3371 1081 apertissime
3417 1015 3484 1069 de
3529 1019 3770 1084 parvulis

2195 1102 2464 1171 loquitur?
2492 1102 2614 1156 [huc
2637 1104 2776 1157 enim
2821 1104 2938 1172 ejus
2981 1104 3148 1157 verba
3169 1114 3338 1160 sunt:
3383 1125 3400 1156 ι
3435 1108 3564 1161 Illud
3613 1125 3768 1171 vero,

2192 1193 2332 1263 quod
2361 1208 2454 1248 eos
2471 1205 2641 1248 vestra
2663 1195 2984 1250 Fraternitas
3010 1197 3201 1252 asserit
3227 1197 3535 1266 prtedicare,
3567 1217 3770 1268 parvu—

2195 1284 2277 1338 los
2303 1293 2514 1338 :eteruze
2543 1285 2662 1338 vita:
2691 1287 2922 1354 praemiis
2949 1287 3107 1356 etiam
3133 1289 3246 1340 sine
3280 1288 3614 1356 Baptismatis
3643 1307 3770 1359 gra-

2195 1373 2266 1427 tia
2298 1389 2454 1443 posse
2478 1374 2686 1438 donari,
2707 1373 3001 1444 perl‘atuum
3020 1386 3120 1430 est.
3151 1377 3263 1431 Nisi
3294 1379 3438 1432 enim
3472 1381 3771 1434 manduca—

2192 1464 2366 1518 verint
2393 1479 2608 1519 carnem
2651 1464 2770 1518 Filii
2812 1465 3064 1529 hominis,
3089 1476 3144 1520 et
3172 1467 3401 1521 biberint
3451 1472 3772 1538 sanguinein

2193 1551 2331 1622 ejus,
2360 1569 2464 1608 non
2513 1554 2783 1608 habebunt
2825 1556 2987 1609 vitam
3019 1556 3070 1609 in
3126 1557 3466 1629 semetipsis(
3496 1557 3654 1612 Joau.
3681 1577 3760 1623 vr,

2193 1643 2303 1713 54).
2327 1645 2425 1709 Qui
2451 1655 2625 1699 autem
2647 1645 2782 1700 banc
2795 1647 2876 1700 eis
2889 1647 3004 1699 sine
3028 1649 3430 1716 regeneratione
3449 1649 3770 1714 defendunt,

2192 1734 2437 1789 videntur
2463 1734 2588 1788 mihi
2621 1735 2790 1804 ipsum
2841 1735 3165 1805 Baptismum
3210 1738 3346 1792 velle
3378 1754 3610 1801 cassare.
3642 1756 3770 1796 cum

2194 1823 2495 1892 praedicant
2520 1823 2618 1878 hos
2647 1825 2863 1890 habere,
2888 1826 3031 1894 quod
3064 1827 3115 1879 in
3145 1841 3239 1881 eos
3266 1827 3532 1882 credimus
3554 1830 3771 1884 nonnisi

2195 1914 2515 1982 Baptismate
2539 1913 2924 1968 conferendum
2951 1935 2970 1966 ›
2999 1914 3368 1983 (Innocentius,
3393 1919 3535 1988 epist.
3558 1920 3680 1981 182.
3707 1938 3764 1974 n.

2192 2003 2247 2066 5,
2267 2005 2396 2056 inter
2423 2003 2821 2074 Augustinianas
2845 2004 2888 2076 ).
2919 2005 3055 2073 Quid
3082 2006 3148 2061 ad
3197 2007 3309 2062 lucc
3350 2008 3479 2064 dicit
3505 2009 3767 2080 ingratus,

2193 2094 2278 2146 cui
2303 2091 2472 2148 Sedes
2501 2095 2802 2161 Apostolica
2840 2094 2953 2164 jam
2979 2110 3070 2149 sua
3100 2097 3429 2166 prol‘eSsione
3454 2102 3604 2168 quasi
3631 2117 3769 2155 cor-

2195 2194 2340 2238 recto
2367 2185 2736 2254 benignissima
2769 2186 2987 2241 lenitate
3023 2189 3523 2256 pepercerat'iQuid
3553 2191 3618 2245 ad
3652 2191 3773 2247 lucc

2194 2274 2361 2328 dicit?
2383 2285 2554 2328 utrum
2583 2283 2704 2343 post
2753 2275 2909 2345 hujus
2939 2277 3058 2329 vita:
3091 2277 3246 2330 ﬁnem
3297 2281 3518 2346 parvuli,
3557 2282 3774 2336 etiamsi

2195 2364 2317 2419 dum
2349 2366 2649 2419 vivuntnon
2681 2365 3076 2435 baptizenturin
3104 2366 3332 2430 Christo,
3361 2369 3413 2422 in
3437 2370 3534 2422 vita
3565 2380 3775 2426 :eterna

2196 2463 2372 2523 erunt,
2412 2473 2478 2508 an
2530 2471 2633 2509 nou
2677 2457 2875 2511 erunt?
2905 2458 2960 2512 Si
3001 2458 3212 2522 dixerit,
3257 2459 3457 2512 Erunt:
3485 2463 3766 2530 quomodo

2196 2562 2322 2616 ergo
2349 2563 2467 2616 qua:
2513 2547 2580 2602 de
2637 2549 2852 2603 nomine
2899 2550 3016 2618 ejus
3066 2549 3256 2618 jactata
3282 2561 3424 2617 sunt,
3473 2553 3774 2607 secundum

2196 2641 2510 2694 sententiam
2540 2639 2708 2696 beata
2728 2642 2996 2694 memoria:
3044 2641 3333 2695 Innocentii
3381 2658 3439 2696 se
3486 2643 3776 2698 damnasse

2197 2729 2502 2800 respondit?
2535 2735 2668 2788 Ecce
2722 2735 2888 2789 beata:
2936 2736 3205 2789 memoriae
3244 2734 3579 2790 Innocentius
3629 2737 3774 2806 Papa

2198 2826 2313 2878 sine
2341 2825 2604 2893 liaptisnio
2635 2824 2853 2890 Christi,
2885 2835 2940 2880 et
2963 2827 3077 2880 sine
3105 2829 3502 2897 participatione
3526 2829 3776 2898 corporis

2198 2929 2252 2971 et
2277 2917 2544 2986 sanguinis
2559 2917 2751 2970 Christi
2781 2918 2939 2971 vitam
2971 2934 3074 2972 non
3107 2919 3303 2974 habere
3339 2920 3586 2989 parvulos
3614 2921 3768 2975 dicit.

2198 3007 2251 3062 Si
2281 3007 2490 3070 dixerit,
2519 3007 2633 3062 Non
2651 3017 2806 3066 erunt
2828 3027 2839 3062 :
2864 3010 3128 3079 quomodo
3155 3025 3281 3078 ergo
3313 3027 3414 3064 non
3434 3013 3766 3080 accipientes

2199 3109 2448 3152 mternam
2481 3100 2662 3162 vitam,
2715 3100 2894 3169 utique
2945 3110 3335 3170 consequenter
3359 3110 3554 3156 zeterna
3587 3111 3768 3158 morte

2198 3189 2532 3254 damnantur,
2569 3191 2612 3245 si
2641 3189 3074 3245 nulhnntrabuut
3102 3193 3354 3259 originale
3371 3193 3684 3259 peccatum?

2269 3283 2322 3336 8.
2345 3281 2481 3349 Quid
2533 3281 2598 3335 ad
2628 3282 2741 3335 lucc
2768 3281 2949 3336 dicunt
2980 3284 3086 3347 isti,
3127 3285 3213 3352 qtti
3241 3299 3364 3338 suas
3415 3285 3777 3339 calumnio~as

2199 3371 2494 3438 impietates
2517 3371 2710 3426 audent
2734 3374 2892 3426 etiam
2925 3373 3214 3437 'scribcrc,
3268 3374 3464 3428 audi-nt
3492 3384 3547 3429 et
3594 3377 3780 3430 orien-

2201 3465 2389 3517 talibus
2414 3464 2677 3533 episcopis
2722 3465 2967 3519 mittere?
3003 3465 3235 3520 'l'euetur
3257 3465 3538 3520 leesius
3566 3466 3767 3520 litteris

2205 3555 2520 3608 venerabilis
2546 3554 2833 3610 Innocentii
2865 3556 3152 3624 przebuisse
3187 3571 3505 3610 consensum
3537 3574 3548 3607 :
3585 3557 3776 3626 legun-

2198 3653 2285 3699 tur
2312 3647 2438 3714 ipsa:
2465 3649 2744 3701 memorati
2769 3649 3022 3702 antistitis
3063 3650 3270 3713 littera},
3329 3649 3615 3703 scribentis
3661 3666 3773 3703 non

2197 3737 2488 3806 baptizatos
2539 3737 2701 3791 vitam
2751 3739 2997 3806 parvulos
3026 3739 3220 3792 habere
3257 3754 3360 3792 non
3414 3753 3591 3806 posse.
3629 3738 3772 3804 Quis

2196 3835 2372 3880 autem
2401 3828 2605 3896 negabit
2625 3827 2673 3881 id
2690 3842 2808 3882 esse
2831 3843 3160 3897 consequens
3178 3841 3231 3882 ut
3257 3839 3480 3884 inortem
3509 3829 3770 3894 habeant,

2197 3919 2287 3987 qui
2319 3934 2420 3972 non
2454 3920 2648 3974 habent
2696 3920 2901 3973 vitam?
2938 3920 3087 3975 Unde
3116 3938 3241 3991 ergo
3273 3922 3637 3976 iit-infantibus
3671 3923 3777 3976 ista

2198 4010 2513 4064 miserabilis
2536 4026 2710 4078 paena,
2739 4013 2780 4064 si
2801 4013 2942 4066 nulla
2972 4013 3248 4082 originalis
3269 4024 3350 4067 est
3395 4015 3546 4081 culpa
3570 4013 3594 4066 ?
3621 4013 3778 4080 Quo-

2198 4102 2355 4155 modo
2381 4103 2536 4170 igitur
2551 4103 2618 4156 ab
2645 4104 2756 4156 istis
2792 4103 2910 4157 ﬁdei
2952 4105 3316 4159 desertoribus
3343 4115 3396 4159 et
3441 4115 3779 4173 oppugnata.

2197 4193 2342 4246 ribus
2365 4194 2565 4262 gratim,
2603 4195 2820 4248 Romani
2844 4195 3021 4249 clerici
3053 4196 3504 4264 prmvaricationis
3531 4211 3781 4266 arguun-

2200 4292 2284 4336 tur
2312 4285 2411 4336 sub
2431 4287 2676 4352 episc0p0
2699 4284 2936 4350 Zosimo,
2971 4287 3117 4355 quasi
3142 4287 3280 4340 aliud
3305 4288 3571 4340 senserint
3589 4288 3642 4340 in
3676 4288 3780 4342 da-

2198 4375 2465 4430 mnatione
2490 4378 2781 4445 posteriore
2809 4379 3042 4433 lecstii
3083 4387 3137 4433 et
3187 4380 3402 4449 Pelagii,
3443 4397 3598 4450 quam
3625 4381 3781 4450 (ιιιοά

2196 4467 2295 4520 sub
2320 4466 2624 4522 Innocentio
2655 4470 2704 4521 in
2735 4470 2906 4537 priore
2927 4478 3210 4524 senserunt
3234 4470 3256 4523 ?
3284 4472 3416 4539 Quia
3441 4473 3620 4540 utique
3641 4488 3782 4528 cum

2197 4557 2384 4611 litteris
2422 4561 2736 4612 venerabilis
2775 4559 3140 4613 lnnoeeutiide
3170 4563 3423 4630 parvulis,
3454 4563 3552 4615 nisi
3584 4563 3777 4634 bapti-

2197 4661 2442 4701 zarentur
2470 4649 2768 4714 iuChristo,
2816 4651 2866 4703 in
2899 4661 3095 4704 :rterna
3132 4661 3302 4706 morte
3332 4655 3614 4714 IllitIISllI‘lS,
3670 4670 3776 4708 ca-

2198 4740 2551 4794 tholicailidei
2590 4742 2814 4796 clareret
2863 4743 3455 4815 antiquivis;profecto
3511 4745 3784 4802 Ecclesia:

2199 4831 2451 4884 Romana:
2503 4834 2874 4900 prmvaricator
2921 4838 3094 4903 [mtius
3129 4846 3291 4902 esset,
3329 4837 3647 4906 quicumque
3707 4838 3784 4893 ab

2199 4921 2281 4974 illa
2311 4923 2570 4976 sententia
2598 4922 2861 4978 deviasset
2890 4942 2903 4977 :
2935 4925 3072 4992 quod
3104 4925 3212 4979 Deo
3233 4928 3480 4995 propitio,
3511 4930 3784 4996 quoniam

2197 5011 2389 5064 factum
2417 5027 2523 5066 non
2551 5023 2652 5076 esr,
2681 5013 2774 5066 sed
2793 5014 2904 5082 ipsa
2939 5025 3244 5069 constanter
3271 5018 3488 5084 ι’(ειιςιίιει
3516 5017 3780 5074 (Jmlestii

2193 5112 2248 5154 et
2283 5102 2476 5171 Pelagii
2503 5102 2842 5158 damnatione
2875 5115 3082 5158 servata
3125 5115 3238 5169 est;
3273 5106 3564 5175 intelligant
3587 5121 3648 5160 se
3684 5109 3788 5165 isti

2193 5205 2313 5244 esse
2343 5191 2480 5246 unde
2501 5194 2632 5246 alios
2651 5195 3016 5257 criminantur,
3040 5205 3091 5248 et
3119 5197 3400 5265 aliquando
3429 5214 3457 5250 a
3477 5196 3594 5251 ﬁdei
3624 5214 3785 5266 prmo

2193 5284 2512 5338 varicatione
2537 5295 2808 5338 sanentur.
2861 5285 3047 5338 Malam
3093 5287 3288 5356 quippe
3319 5286 3589 5340 hominum
3640 5304 3784 5344 esse

2194 5386 2457 5438 naturam,
2489 5392 2591 5428 non
2614 5376 2741 5429 dicit
2763 5376 3021 5431 catholica
3051 5377 3199 5441 ﬁdes,
3246 5379 3295 5430 in
3323 5388 3572 5446 quantum
3602 5377 3787 5433 homo

2192 5483 2219 5519 a
2245 5467 2493 5521 Creatore
2522 5469 2762 5536 primitus
2801 5470 3070 5522 institutus
3087 5479 3201 5532 est;
3232 5485 3401 5539 neque
3438 5485 3575 5523 nunc
3619 5474 3786 5538 quod

2193 5560 2242 5611 in
2267 5558 2353 5612 illa
2404 5559 2541 5613 Deus
2565 5571 2728 5624 creat,
2761 5577 2878 5615 cum
2917 5561 3155 5617 homines
3179 5577 3244 5616 cx
3277 5562 3574 5615 hominibus
3610 5561 3780 5631 facit,

2255 5709 2267 5738 ¹
2306 5707 2419 5816 t‘tiliti
2457 5710 2699 5770 omittunt,
2736 5713 2911 5763 audent
2949 5713 3107 5764 etiam.
3157 5713 3430 5763 ttestituitur
3481 5724 3543 5764 ex
3594 5725 3784 5764 mami-

2255 5783 2312 5816 'll't
2336 5784 2390 5816 l5.

2189 5782 2324 5830 sumpt
2336 5784 2390 5817 ts.
