4012 6472
213 339 311 394 m

212 454 310 507 hoc
326 461 408 507 est
433 452 632 510 malum
647 454 792 526 ejus;
819 453 912 510 sed
933 454 1076 527 quod
1105 470 1172 511 ex
1201 455 1294 512 illo
1320 456 1450 514 vitio
1481 461 1638 528 primi
1672 460 1771 513 lio-

209 544 362 600 Iuinis
397 543 584 598 trahit.

275 649 498 706 CAPUT
540 651 606 705 γ.
635 683 706 692 -
730 653 782 707 9.
822 651 1107 723 Respondet
1147 655 1217 709 ad
1262 654 1650 727 Pelagianorum
1696 674 1784 710 m-

207 741 439 794 iunuiias.
498 741 635 805 Quid
682 742 890 797 liberum
952 746 1214 799 arbitrium
1260 753 1367 800 sine
1420 750 1600 817 gratia.
1651 749 1786 815 Quid

204 831 414 884 sentiant
461 831 713 886 Catholici
763 834 827 886 de
876 838 1002 905 fato.
1059 836 1176 891 Jam
1222 853 1360 892 nunc
1411 839 1499 894 illa
1559 840 1782 893 videnda

204 930 342 984 sunt,
377 937 498 992 quae
536 925 588 977 in
632 924 868 994 Epistola
906 941 998 981 sua
1044 929 1196 984 nobis
1247 930 1558 999 objicientes
1584 972 1601 996 ,
1660 931 1781 986 bre-

206 1012 338 1065 viter
387 1024 715 1080 posuerunt,
759 1017 948 1084 quibus
987 1016 1100 1073 hac
1139 1029 1220 1074 est
1259 1033 1438 1075 nostra
1482 1023 1779 1091 responsio.

203 1101 422 1156 Peccato
441 1104 572 1159 Ada‘.
612 1105 885 1160 arbitrium
910 1107 1136 1164 liberum
1179 1110 1245 1164 de
1272 1110 1543 1166 hominum
1596 1123 1779 1167 natura

205 1193 422 1260 periisse
465 1210 569 1248 non
607 1196 830 1252 dicimus
863 1215 875 1250 :
907 1199 1000 1253 sed
1046 1199 1111 1253 ad
1139 1201 1462 1270 peccandum
1506 1204 1682 1258 valere
1726 1205 1778 1258 in

203 1281 500 1336 hominibus
529 1285 754 1339 subditis
791 1287 1042 1352 diabolo;
1071 1290 1136 1342 ad
1182 1291 1318 1344 bene
1365 1302 1541 1347 autem
1591 1295 1780 1364 pieque

200 1371 477 1425 vivendum
502 1389 604 1427 non
627 1375 820 1440 valere,
866 1377 963 1430 nisi
998 1378 1111 1446 ipsa
1137 1379 1380 1434 voluntas
1411 1381 1638 1436 hominis
1685 1383 1778 1438 Dei

197 1462 360 1529 gratia
377 1460 533 1517 fuerit
565 1463 805 1530 liberata,
822 1475 876 1520 et
896 1467 968 1520 ad
984 1483 1142 1522 omne
1163 1469 1354 1522 bonum
1368 1472 1591 1526 actionis
1611 1514 1626 1537 ,
1657 1488 1775 1526 ser-

199 1552 388 1617 monis,
426 1553 764 1623 eogitationis
808 1557 1007 1624 adjuta.
1047 1558 1318 1614 Neminem
1343 1561 1442 1615 nisi
1498 1562 1774 1618 Dominum

200 1642 358 1696 Deum
387 1642 614 1698 dicimus
642 1649 966 1701 nascentium
995 1649 1326 1704 conditorem
1350 1667 1366 1716 ;
1399 1668 1497 1707 nec
1536 1667 1564 1705 a
1594 1655 1776 1709 diabo-

203 1733 268 1798 lo,
293 1735 390 1789 sed
413 1736 482 1789 ab
509 1737 626 1804 ipso
655 1739 864 1807 nuptias
892 1740 1156 1795 institutas
1190 1760 1203 1796 :
1236 1759 1424 1798 omnes
1456 1755 1629 1801 tamen
1675 1749 1774 1802 sub

198 1834 409 1892 peccato
437 1827 582 1880 nasci
617 1837 829 1897 propter
845 1830 1150 1899 prepaginis
1169 1834 1388 1898 vitium;
1421 1843 1474 1888 et
1501 1836 1619 1910 ideo
1651 1853 1773 1892 esse

195 1914 288 1970 sub
311 1915 546 1981 diabolo,
595 1917 766 1973 donec
798 1931 1140 1976 renascantur
1179 1924 1230 1976 in
1273 1922 1506 1979 Christo.
1542 1925 1649 1980 Nec
1674 1928 1772 1981 sub

198 2005 404 2059 nomine
427 2009 612 2075 gratim
639 2007 799 2062 fatum
828 2013 1133 2078 asserimus,
1166 2014 1286 2083 quia
1316 2015 1471 2069 nullis
1497 2015 1770 2071 hominum

197 2096 394 2149 meritis
419 2097 512 2152 Dei
539 2099 759 2166 gratiam
802 2100 1023 2156 dicimus
1051 2105 1312 2158 antecedi.
1355 2106 1409 2160 Si
1436 2117 1609 2162 autem
1657 2110 1768 2178 qni-

195 2185 408 2242 busdam
429 2191 808 2258 omnipotentis
838 2193 930 2248 Dei
955 2195 1277 2250 voluntatem
1328 2198 1499 2266 placet
1540 2198 1632 2254 fati
1671 2217 1770 2276 nos

199 2277 332 2332 mine
367 2294 711 2350 nuncupare;
746 2282 992 2349 profanas
1044 2286 1257 2354 quidem
1287 2291 1568 2345 verborum
1615 2295 1766 2346 novi-

197 2379 320 2424 tates
345 2371 606 2425 evitamus
633 2372 652 2444 (
683 2373 700 2427 l
731 2373 859 2429 Tim.
887 2392 974 2445 vi,
1017 2377 1088 2434 20
1119 2379 1160 2449 ),
1188 2379 1282 2435 sed
1314 2380 1382 2438 de
1423 2382 1600 2438 verbis
1637 2400 1766 2438 con-

196 2460 406 2517 tendere
427 2479 531 2515 non
558 2479 816 2519 amamus.

263 2551 352 2606 10.
382 2551 535 2606 Unde
559 2561 734 2609 autem
755 2556 852 2610 hoc
877 2558 954 2612 eis
983 2558 1151 2614 visum
1181 2561 1337 2617 fuerit
1375 2565 1526 2619 nobis
1555 2567 1756 2638 objice.

197 2655 270 2703 re,
291 2642 437 2709 quod
465 2641 632 2698 fatum
671 2659 969 2702 asseramus
1009 2651 1106 2704 sub
1137 2653 1350 2709 nomine
1388 2657 1572 2725 gratiae
1597 2699 1612 2723 ,
1641 2674 1760 2714 cum

191 2731 457 2801 aliquanto
513 2737 769 2791 attentius
813 2739 1140 2807 cogitarem;
1175 2743 1316 2811 prius
1356 2760 1539 2800 eorum
1591 2751 1753 2805 verba

190 2837 297 2890 qua:
325 2836 730 2894 consequuntur
758 2830 980 2897 inspexi.
1017 2830 1104 2886 Sic
1129 2832 1268 2886 enim
1297 2835 1397 2890 hoc
1423 2839 1575 2892 nobis
1617 2839 1760 2908 obji-

189 2913 426 2968 ciendtun
475 2927 731 2986 putarunt
775 2935 790 2972 :
846 2937 866 2971 ‹
928 2921 1037 2976 Sub
1087 2925 1337 2992 nomine,
1397 2945 1417 2980 ›
1467 2929 1755 2998 inquiunt,

192 3007 416 3073 «gratim
434 3007 502 3060 ita
533 3009 693 3062 fatum
719 3021 983 3076 asserunt,
1018 3023 1070 3066 ut
1091 3013 1288 3081 dicant,
1316 3018 1436 3086 quia
1482 3020 1578 3073 nisi
1623 3022 1762 3076 Deus

190 3093 346 3150 invito
367 3107 419 3151 et
445 3098 722 3154 reluctanti
769 3101 967 3155 homini
997 3103 1487 3174 inspiraveritboni,
1522 3118 1575 3164 et
1597 3111 1762 3178 ipsius

190 3186 502 3256 imperfecti,
550 3192 915 3261 cupiditatem,
973 3211 1072 3251 nec
1099 3212 1128 3249 a
1159 3199 1299 3253 malo
1344 3201 1629 3270 declinare,
1661 3221 1760 3260 nec

188 3279 377 3334 bonum
443 3284 612 3351 possit
664 3285 917 3354 arripere.
954 3305 974 3340 ι
1012 3289 1209 3343 Deinde
1273 3292 1540 3363 aliquanto
1607 3305 1756 3364 post,

189 3369 262 3424 ubi
295 3372 398 3440 ipsi
425 3389 548 3442 qua:
585 3373 901 3443 defendant,
931 3393 1378 3449 commemorant,
1427 3386 1551 3450 quid
1577 3387 1761 3444 dehac

187 3476 240 3514 re
278 3462 349 3515 ab
370 3463 450 3517 eis
478 3463 762 3532 diceretur,
790 3469 1011 3524 attendi.
1044 3488 1063 3521 ‹
1089 3469 1374 3540 Baptisma,
1416 3493 1435 3526 ι
1492 3475 1757 3547 inquiunt,

185 3553 431 3610 omnibus
508 3559 868 3612 necessarium
922 3574 1043 3616 esse
1101 3564 1344 3619 :ctatibus
1397 3569 1756 3626 conﬁtemur:

185 3646 402 3713 gratiam
429 3661 643 3717 quoque
666 3649 914 3718 adjuvare
943 3653 1352 3724 uniuscujusque
1388 3657 1582 3714 bonum
1633 3677 1757 3730 pro-

185 3739 432 3804 positum,
463 3753 567 3793 non
610 3749 784 3796 tamen
828 3743 1104 3799 reluctanti
1134 3747 1364 3801 studium
1406 3748 1616 3805 virtutis
1656 3753 1759 3807 im-

185 3832 409 3897 mittere,
425 3833 546 3903 quia
565 3848 906 3903 personarum
930 3841 1165 3907 acceptio
1185 3855 1286 3895 non
1299 3850 1380 3896 est
1399 3844 1535 3912 apud
1559 3845 1720 3900 Deum
1735 3866 1753 3899 ι

188 3921 424 3991 (αισα.
476 3940 554 3988 m,
606 3925 743 3998 25).
795 3927 872 3982 Ex
918 3928 998 3983 his
1041 3946 1226 3986 eorum
1265 3933 1442 3989 verbis
1484 3937 1755 4006 intellexi,

183 4011 246 4065 ob
263 4013 372 4068 hoc
401 4014 518 4068 illos
557 4015 640 4069 vel
667 4023 852 4085 putare
872 4019 949 4071 vel
975 4020 1142 4087 putari
1171 4022 1324 4089 velle,
1350 4022 1511 4079 fatum
1544 4041 1640 4082 nos
1669 4043 1756 4081 as-

184 4117 362 4160 serere
379 4106 480 4160 sub
507 4108 724 4162 nomine
767 4111 968 4179 gratim.
993 4112 1112 4180 quia
1143 4115 1366 4182 gratiam
1396 4115 1491 4170 Dei
1533 4133 1636 4171 non
1668 4134 1756 4172 se-

185 4197 414 4250 cundum
446 4198 635 4252 merita
676 4210 854 4254 nostra
889 4201 1114 4256 dicimus
1160 4203 1294 4270 dari,
1326 4206 1418 4260 sed
1459 4209 1750 4264 secundum

187 4285 342 4354 ipsius
370 4289 918 4346 misericordissimam
973 4285 1316 4354 voluntatem.
1339 4298 1600 4367 quidixit,
1641 4300 1747 4354 Mi-

185 4382 379 4434 srrcbor
398 4383 483 4434 cui
500 4382 730 4436 misertus
771 4400 876 4449 ero,
905 4393 951 4438 et
979 4387 1371 4440 misericordiam
1399 4393 1641 4457 praestabo
1662 4394 1745 4446 cui

183 4474 462 4528 misericors
511 4478 673 4542 fuero.
731 4475 830 4530 Ubi
859 4487 1247 4546 consequenter
1299 4479 1604 4548 adjunctum
1635 4493 1749 4550 est,

182 4560 348 4632 Igitur
375 4581 476 4616 non
500 4565 709 4620 volentis
731 4606 746 4628 ,
792 4583 949 4635 neque
970 4570 1234 4635 currentis,
1263 4569 1353 4623 sed
1377 4572 1650 4628 miserantis
1676 4585 1748 4629 est

184 4653 318 4726 D¢i(
359 4655 509 4709 Rom.
539 4657 888 4728 Ix,15,16).
931 4659 1113 4712 Posset
1135 4661 1290 4714 etiam
1332 4661 1452 4716 hinc
1497 4666 1755 4734 quispiam

180 4745 424 4801 similiter
436 4746 630 4801 stultus
648 4745 738 4800 fati
767 4757 1086 4804 assertorem
1106 4752 1414 4820 Apostolmn
1459 4765 1647 4824 putare
1676 4759 1756 4813 vel

181 4831 382 4891 dicere.
412 4836 610 4891 Verum
638 4837 725 4892 hic
756 4852 816 4892 se
843 4837 930 4892 isti
975 4840 1104 4893 satis
1144 4842 1403 4910 aperiunt.
1436 4843 1566 4899 Cum
1614 4849 1754 4904 enim

181 4936 463 4997 propterea
511 4926 668 4981 nobis
710 4926 1097 4983 calumniantur
1125 4971 1140 4994 ,
1187 4931 1424 4988 dicentes
1454 4950 1550 4990 nos
1589 4935 1753 4992 fatum

179 5019 363 5085 gratim
388 5019 604 5072 nomine
629 5033 901 5084 asserere,
947 5022 1067 5089 quia
1098 5036 1200 5075 non
1228 5024 1519 5078 secundum
1567 5030 1754 5084 merita

180 5117 362 5162 nostra
398 5107 513 5162 dari
544 5107 768 5162 dicimus
798 5109 888 5164 Dci
914 5111 1134 5178 gratiam
1159 5127 1172 5173 ;
1205 5114 1385 5181 procul
1431 5115 1594 5170 dubio
1621 5132 1755 5171 con-

180 5200 397 5254 ﬁtentur
417 5199 560 5270 quod
592 5201 691 5269 ipsi
727 5217 843 5256 eam
871 5203 1160 5257 secundum
1187 5215 1362 5260 nostra
1400 5213 1588 5264 merita
1626 5213 1743 5268 dari

178 5289 362 5344 dicunt
393 5310 407 5346 :
441 5293 511 5344 ita
557 5293 770 5346 cuscilas
799 5309 979 5347 eorum
1024 5297 1290 5351 occultare
1326 5314 1388 5353 ac
1420 5300 1754 5361 dissimulare

181 5392 280 5434 non
305 5383 498 5450 potuit,
525 5381 627 5436 hoc
666 5396 725 5436 se
766 5397 952 5452 sapere
979 5395 1137 5454 atque
1178 5388 1376 5444 sentire
1401 5429 1417 5458 ,
1451 5392 1590 5460 quod
1651 5395 1754 5450 sibi

181 5470 441 5538 objcctum
486 5470 730 5540 Pelagius
770 5470 820 5526 in
871 5473 1157 5543 episcopali
1224 5475 1423 5545 judicio
1468 5479 1753 5539 Palaestino

179 5560 399 5614 subdolo
423 5562 619 5614 timore
659 5561 944 5616 damnavit.
999 5564 1269 5633 Objectutn
1322 5569 1514 5639 quippe
1559 5571 1630 5626 illi
1673 5583 1755 5630 est

181 5667 238 5704 cx
261 5653 432 5707 verbis
457 5649 675 5724 quidem
721 5652 961 5724 discipuli
1005 5657 1084 5710 sui
1111 5657 1367 5721 C(BICSIiI,
1409 5663 1548 5732 quod
1590 5666 1750 5722 etiam

182 5742 290 5809 ipse
312 5744 532 5808 diceret,
567 5760 586 5793 σ
617 5745 838 5812 gratiam
867 5745 954 5801 Dei
1003 5749 1291 5803 secundum
1348 5753 1528 5806 merita
1574 5766 1750 5810 nostra

1502 346 1705 401 LIBER
1741 348 2117 407 ειεειικυιέ.

1891 461 2026 516 dari.
2067 482 2084 514 ι
2119 464 2268 531 Quod
2289 466 2374 522 ille
2397 467 2686 537 detestans,
2719 475 2800 529 vel
2817 478 2964 547 quasi
2993 479 3266 541 detestans
3294 487 3334 554 ί,
3362 505 3466 546 oro

1890 550 2142 606 duntaxat
2160 556 2600 615 analhematizare
2630 580 2732 618 non
2762 567 2999 624 distulit:
3027 573 3120 628 scd
3171 550 3466 647 sicut-ejus

1891 640 2007 694 libri
2043 647 2358 709 posteriores
2383 647 2632 714 indicant,
2663 665 2716 708 et
2751 658 2967 712 istorum
2995 640 3456 738 sectatorumejus

1890 733 2050 786 nudat
2076 735 2357 802 ’assertio,
2408 741 2530 793 ﬁcto
2565 745 2722 798 corde
2755 752 3002 816 servavit,
3037 753 3208 810 donec
3248 733 3453 826 postea,

1887 823 2025 889 quod
2068 832 2190 879 tunc
2239 836 2382 882 metu
2430 839 2632 886 texerat
2674 840 2912 904 negantis
2936 845 3154 907 astutia,
3184 823 3342 902 etiam
3399 823 3452 905 iu

1889 911 2092 967 litteras
2121 915 2382 984 proferret
2408 921 2645 976 audacia.
2668 924 2735 978 Et
2755 926 2931 982 adhuc
2944 947 3047 985 non
3075 935 3444 1006 reformidant,

1886 1019 1984 1057 nec
2010 1005 2198 1059 saltem
2221 1011 2643 1067 verecundantur
2668 1015 2902 1086 episc0pi
2948 1021 3207 1091 Pelagiani
3242 1027 3451 1084 litteras

1883 1106 2008 1144 snas
2026 1097 2299 1151 catholicis
2324 1101 2668 1159 orientalibus
2692 1106 2956 1176 episcopis
2980 1112 3189 1169 mittere
3217 1157 3231 1180 ,
3262 1119 3454 1186 quibus

1883 1197 1980 1236 nos
2026 1196 2321 1243 assertores
2357 1189 2447 1244 fati
2477 1207 2596 1248 esse
2620 1197 2988 1265 criminantur,
3017 1204 3139 1273 quia
3185 1223 3288 1262 non
3315 1210 3454 1264 diei-

1883 1289 2000 1327 mus
2027 1280 2247 1345 gratiam
2279 1282 2370 1336 Dei
2412 1287 2702 1342 secundum
2733 1293 2918 1346 merita
2942 1305 3120 1350 nostra
3148 1298 3284 1366 dari,
3311 1302 3450 1370 quod

1882 1361 2120 1435 Pelagius
2145 1370 2426 1442 episcopos
2454 1374 2740 1432 orientales
2768 1392 3037 1452 metuens,
3059 1396 3114 1440 et
3137 1387 3317 1444 dicere
3343 1406 3454 1446 non

1877 1466 2060 1519 ausus,
2089 1465 2144 1510 et
2165 1458 2418 1516 damnare
2431 1466 2736 1532 compulsus
2761 1479 2862 1523 est.

1949 1543 2172 1601 CAPUT
2212 1549 2296 1602 Vl.
2325 1579 2400 1592 —-
2427 1553 2514 1608 il.
2545 1553 2666 1609 Fati
2705 1560 2991 1616 criminatio
3033 1575 3349 1636 retorquetur
3395 1573 3450 1626 in

1877 1632 2208 1690 adversarios.
2237 1639 2380 1695 Itane
2403 1657 2552 1710 vero,
2583 1645 2671 1700 ﬁlii
2709 1652 2990 1718 superbire,
3039 1632 3234 1713 inimici
3265 1663 3450 1730 gratim

1879 1722 1992 1790 Dei,
2021 1741 2054 1778 ο
2100 1730 2224 1782 novi
2283 1729 2514 1788 hmretici
2561 1736 2846 1807 Pelagiani,
2882 1745 3118 1814 quisquis
3143 1722 3295 1815 dicit:
3324 1769 3450 1822 gra-

1877 1815 1946 1868 tia
2002 1817 2088 1871 Dei
2119 1821 2294 1874 omnia
2347 1825 2578 1882 hominis
2611 1829 2747 1883 bona
2778 1834 2964 1888 merita
3016 1842 3314 1908 praeveniri,
3351 1861 3449 1899 nec

1873 1910 2094 1976 gratiam
2156 1911 2252 1966 Dei
2300 1917 2503 1972 meritis
2539 1919 2675 1985 dari,
2705 1937 2772 1977 ne
2822 1939 2925 1978 non
2955 1929 3023 1981 sit
3051 1931 3238 1997 gratia,
3270 1935 3312 1987 si
3340 1951 3446 1990 non

1873 1999 2037 2066 gratis
2067 1999 2240 2064 datur,
2279 2005 2373 2060 sed
2414 2006 2589 2062 debita
2622 2014 2948 2068 merentibus
2975 2019 3249 2087 redditur;
3282 2023 3446 2080 fatum

1873 2089 2021 2144 vobis
2051 2093 2261 2148 videtur
2297 2101 2578 2154 asserere?
2606 2101 2792 2158 Nonne
2817 2106 2977 2161 etiam
3025 2125 3118 2165 vos
3163 2112 3259 2184 ipsi
3309 2131 3444 2185 qua-

1877 2179 2006 2236 libet
2052 2183 2343 2241 intentione
2391 2195 2750 2248 necessarium
2825 2197 3146 2268 Baptismum
3184 2179 3444 2265 omnibus

1871 2273 2112 2327 aetatibus
2139 2275 2361 2332 dicitis?
2387 2279 2570 2336 Nonne
2597 2283 2647 2336 in
2681 2284 2780 2342 hac
2810 2288 2918 2356 ipsa
2952 2292 3183 2359 Epistola
3234 2309 3430 2366 vestra,

1870 2359 2023 2414 istam
2053 2363 2119 2417 de
2150 2365 2417 2436 Baptismo
2443 2375 2780 2441 sententiam,
2804 2387 2858 2430 et
2885 2379 2952 2432 de
2978 2384 3145 2450 gratia
3168 2385 3315 2452 juxta
3341 2359 3439 2456 po;

1869 2451 2092 2505 suistis?
2119 2454 2224 2508 Cur
2247 2471 2350 2510 non
2379 2472 2475 2512 vos
2505 2461 2822 2530 liaptismus,
2850 2470 2938 2534 qui
2951 2471 3106 2524 datur
3131 2451 3440 2540 infantibus,

1869 2539 1981 2609 ipsa
2021 2545 2288 2601 vicinitate
2313 2555 2659 2617 commonuit,
2685 2557 2808 2624 quid
2833 2562 3029 2615 sentire
3049 2563 3117 2617 de
3144 2567 3306 2634 gratia
3337 2539 3437 2623 de;

1867 2630 2234 2690 beatisillmc
2281 2638 2422 2692 enim
2473 2642 2631 2696 verba
2670 2654 2793 2699 sunt
2843 2661 3016 2703 vestra
3052 2667 3067 2704 :
3109 2672 3127 2704 ‹
3157 2630 3440 2732 Ἰὲειιιιὶεινει

1866 2723 2110 2776 οηιιιὶϋιιε
2139 2727 2494 2781 necessarium
2517 2746 2636 2786 esse
2657 2735 2896 2788 :ctatibus
2923 2742 3238 2796 conﬁtemur
3256 2723 3281 2798 7:
3309 2723 3432 2814 gra-

1869 2813 1990 2867 tiam
2007 2831 2216 2886 quoque
2265 2817 2514 2887 adjuvare
2543 2825 2956 2897 uniuscujusque
3007 2831 3203 2888 bonum
3238 2813 3436 2905 propo-

1865 2903 2044 2969 situm,
2078 2921 2180 2960 non
2209 2917 2382 2968 tamen
2412 2911 2690 2968 reluctanti
2722 2918 2952 2972 studium
2994 2923 3201 2978 virtutis
3231 2903 3432 2983 immit-

1866 3003 1997 3058 tere,
2019 2997 2141 3066 quia
2169 3012 2511 3067 personarum
2527 3007 2764 3076 accc-ptio
2791 3024 2892 3062 non
2910 3019 2992 3063 est
3013 3013 3149 3080 apud
3184 3015 3367 3070 Deum.
3405 3036 3426 3070 ι

1866 3083 1920 3137 in
1950 3085 2029 3138 liis
2054 3091 2302 3142 omnibus
2333 3091 2507 3145 verbis
2534 3096 2723 3150 vestris
2748 3097 2813 3150 de
2843 3099 3007 3168 gratia
3038 3103 3175 3170 quod
3204 3104 3433 3172 dixistis,

1866 3175 2072 3229 interim
2105 3187 2252 3232 taceo
2283 3197 2294 3232 :
2324 3179 2390 3234 de
2419 3181 2738 3251 Baptismate
2758 3188 2964 3243 reddite
2993 3191 3253 3247 rationein
3286 3211 3300 3258 ;
3341 3211 3438 3252 cur

1865 3266 1994 3320 illud
2046 3267 2235 3322 dicatis
2290 3271 2540 3326 omnibus
2580 3289 2701 3329 esse
2743 3278 2989 3335 artatibus
3039 3287 3424 3354 necessarimn,

1863 3373 2028 3427 quare
2051 3360 2121 3416 sit
2149 3361 2507 3417 neecssarium
2542 3367 2773 3433 parvulis
2815 3369 3006 3424 dicite:
3049 3372 3286 3441 profecto
3313 3378 3436 3444 quia

1863 3451 1942 3505 eis
1971 3450 2094 3505 boni
2123 3452 2319 3522 aliquid
2344 3455 2568 3521 confert,
2592 3468 2644 3512 et
2671 3459 2810 3513 idem
2832 3461 3025 3531 aliquid
3059 3480 3157 3518 nec
3183 3481 3428 3534 parvum,

1863 3555 1963 3594 nec
2008 3541 2297 3607 mediocre,
2329 3544 2422 3598 sed
2474 3562 2718 3616 magnum
2745 3559 2846 3604 est.
2891 3551 3022 3607 Nam
3048 3555 3146 3608 etsi
3176 3556 3196 3587 '
3219 3571 3314 3611 eos
3337 3573 3436 3612 ne-

1861 3631 1998 3700 gatis
2025 3631 2296 3688 attrahere
2318 3635 2456 3704 quod
2488 3637 2538 3690 in
2569 3638 2840 3708 Baptismo
2854 3645 3152 3700 remittatur
3176 3648 3436 3716 originale

1865 3733 2135 3792 peccatum
2169 3743 2182 3778 :
2212 3734 2387 3782 tamen
2415 3728 2506 3782 illo
2532 3734 2949 3802 regenerationis
2973 3735 3183 3792 lavacro
3209 3738 3436 3809 adopta.

1862 3815 1904 3868 ri
1927 3831 1991 3870 ex
2025 3815 2148 3871 ﬁliis
2174 3817 2446 3873 hominum
2491 3820 2544 3874 in
2595 3823 2684 3876 Dei
2717 3822 2851 3878 ﬁlios
2904 3841 3008 3880 non
3059 3831 3290 3898 negatis;
3318 3833 3427 3886 imo

1861 3907 2018 3962 etiam
2051 3907 2370 3976 praedicatis.
2425 3912 2591 3967 Dicite
2629 3927 2756 3984 ergo
2787 3916 2959 3982 nobis,
2990 3920 3312 3990 quicumque
3340 3923 3438 3977 ba-

1859 3997 2042 4067 ptizati
2084 3999 2134 4051 in
2164 3999 2373 4055 Christo
2424 4004 2625 4071 parvuli
2651 4004 2720 4059 de
2755 4020 2978 4076 corpore
3029 4009 3293 4077 exierunt,
3324 4012 3424 4067 hoc

1862 4095 1966 4138 tam
1990 4086 2216 4141 sublime
2262 4088 2462 4142 donum
2519 4091 2710 4160 quibus
2765 4097 3182 4162 praecedentibus
3225 4103 3431 4158 meritis

1859 4178 2219 4245 acceperunt?
2251 4179 2304 4232 Si
2353 4179 2592 4235 dixeritis
2615 4223 2630 4247 ,
2661 4181 2760 4236 hoc
2786 4199 2881 4239 eos
2931 4197 3207 4254 parentum
3241 4192 3435 4257 pietate

1861 4267 2118 4321 meruisse
2150 4284 2164 4320 :
2201 4269 2607 4336 respondebitur
2632 4270 2782 4325 vobis
2803 4312 2819 4336 ,
2875 4273 2982 4328 Cur
3007 4277 3288 4344 aliquando
3308 4281 3429 4349 pio-

1859 4373 1976 4412 rum
2003 4357 2123 4412 ﬁliis
2145 4370 2363 4428 negatur
2384 4359 2484 4413 hoc
2513 4363 2729 4428 bonum,
2769 4374 2824 4418 et
2864 4365 2984 4420 ﬁliis
3027 4369 3276 4424 tribuitur
3319 4372 3424 4425 im-

1859 4450 2502 4522 piorumiNonnunquam
2531 4456 2670 4508 enim
2698 4456 2765 4510 de
2798 4458 3060 4528 religiosis
3085 4471 3199 4515 orta
3244 4457 3425 4534 proles

1861 4544 1912 4598 in
1946 4553 2125 4598 tenera
2165 4554 2319 4600 tctate
2357 4561 2492 4615 aque
2507 4547 2576 4600 ab
2615 4557 2766 4601 utero
2795 4552 3159 4606 recentissima
3183 4553 3206 4582 ⁵
3233 4571 3435 4624 przcve-

1862 4635 2003 4688 nitur
2019 4642 2206 4699 morte,
2234 4645 2515 4706 antequam
2547 4639 2756 4694 lavacro
2792 4645 3209 4709 regenerationis
3247 4646 3434 4701 ablua-

1863 4733 1983 4787 tur;
2015 4733 2068 4777 et
2090 4726 2261 4780 infans
2304 4736 2456 4780 natus
2485 4743 2548 4782 ex
2583 4729 2808 4785 inimicis
2843 4729 3037 4786 Christi
3070 4735 3433 4792 misericordia

1861 4813 2276 4869 Christianorum
2325 4816 2623 4884 baptizatur
2647 4820 2698 4872 in
2729 4819 2944 4875 Christo
2977 4839 2989 4877 :
3024 4823 3221 4893 plangit
3257 4827 3431 4896 bapti-

1861 4913 1977 4957 sata
2001 4915 2171 4960 mater
2195 4921 2301 4958 non
2324 4907 2643 4976 baptizatum
2689 4911 2961 4979 proprium
2990 4922 3082 4977 ;et
3106 4915 3174 4969 ab
3205 4917 3435 4985 impudi-

1860 5009 1920 5048 ca
1949 4997 2271 5064 expositum,
2307 4999 2677 5068 baptizandum
2699 5013 2846 5056 casta
2877 5003 3036 5059 fetum
3066 5007 3265 5078 colligit
3300 5011 3433 5066 alie-

1861 5101 2010 5139 num.
2047 5086 2141 5140 llic
2167 5098 2311 5142 certe
2334 5092 2522 5144 merita
2560 5105 2838 5160 parentum
2883 5106 3090 5162 vacant,
3125 5111 3430 5156 vacantvo-

1863 5177 1943 5231 bis
1993 5177 2279 5234 fatentibus
2327 5181 2560 5251 ipsorum
2607 5185 2765 5239 etiam
2814 5189 3180 5254 parvulorum.
3227 5193 3434 5250 Scimus

1858 5268 1998 5322 enim
2023 5282 2120 5323 vos
2151 5284 2256 5322 non
2290 5269 2392 5324 hoc
2434 5270 2501 5326 de
2528 5274 2702 5327 anima
2735 5274 2963 5332 humana
3003 5281 3244 5348 credere,
3289 5283 3430 5352 quod

1923 5464 1943 5496 ι
1976 5465 2184 5533 Vaticani
2206 5471 2334 5526 Mss,
2357 5467 2484 5530 quod
2507 5465 2590 5518 ille
2611 5467 2751 5533 quasi
2771 5469 3042 5533 detestans;
3066 5485 3258 5533 omisso,
3297 5471 3431 5524 date-

1855 5528 1986 5576 stans
2007 5524 2093 5574 uel.
2320 5524 2328 5526 “
2369 5524 2380 5530 ’
2624 5524 2636 5533 ’

1920 5589 1941 5618 ⁸
1973 5588 2109 5643 mliti,
2132 5586 2329 5638 nudata.
2355 5589 2671 5642 Emendantur
2695 5604 2759 5641 ex
2783 5599 2886 5641 Mss.

1921 5646 2178 5720 {Eduini
2225 5650 2489 5720 Mss.,.etsi.
2557 5713 2584 5720 __
2971 5708 3000 5720 ,,
3055 5709 3066 5720 ,

1859 5767 1890 5816 d
1920 5707 1940 5738 δ
1961 5709 2095 5814 rimi,
2113 5711 2456 5816 (reccidissimo.
2485 5713 2648 5764 Melius
2670 5720 2796 5773 Mss,
2824 5708 3179 5776 recentissima;
3203 5714 3402 5767 referen

1891 5781 1922 5817 Ο
1945 5781 1990 5816 at
2024 5781 2112 5830 pro
2131 5783 2221 5818 cm.
