  <div class='ocr_page' id='page_1' title='image "/cluster/home/n/w/nwhite01/storage/ocr_20150623/44/hvd.32044015706336/295.png"; bbox 0 0 4012 6480; ppageno 0'>
   <div class='ocr_carea' id='block_1_1' title="bbox 537 355 644 412">
    <p class='ocr_par' dir='ltr' id='par_1_1' title="bbox 537 355 644 412">
     <span class='ocr_line' id='line_1_1' title="bbox 537 355 644 412; baseline -0.019 0"><span class='ocrx_word' id='word_1_1' title='bbox 537 355 644 412; x_wconf 63' lang='grc' dir='ltr'><strong>ως</strong></span> 
     </span>
    </p>
   </div>
   <div class='ocr_carea' id='block_1_2' title="bbox 538 450 2106 535">
    <p class='ocr_par' dir='ltr' id='par_1_2' title="bbox 538 450 2106 535">
     <span class='ocr_line' id='line_1_2' title="bbox 538 450 2106 535; baseline -0.015 -10"><span class='ocrx_word' id='word_1_2' title='bbox 538 477 663 525; x_wconf 79' lang='lat' dir='ltr'><strong>ante</strong></span> <span class='ocrx_word' id='word_1_3' title='bbox 687 479 878 535; x_wconf 88' lang='lat' dir='ltr'><strong>corpus</strong></span> <span class='ocrx_word' id='word_1_4' title='bbox 895 471 1162 516; x_wconf 81' lang='lat' dir='ltr'><strong>terrenum</strong></span> <span class='ocrx_word' id='word_1_5' title='bbox 1181 459 1197 490; x_wconf 84' lang='grc'>¹</span> <span class='ocrx_word' id='word_1_6' title='bbox 1222 457 1416 512; x_wconf 82' lang='lat' dir='ltr'><strong>alicubi</strong></span> <span class='ocrx_word' id='word_1_7' title='bbox 1442 454 1656 514; x_wconf 84' lang='lat' dir='ltr'><strong>vixerit,</strong></span> <span class='ocrx_word' id='word_1_8' title='bbox 1683 463 1738 507; x_wconf 87' lang='lat' dir='ltr'><strong>et</strong></span> <span class='ocrx_word' id='word_1_9' title='bbox 1760 450 1958 521; x_wconf 92' lang='lat' dir='ltr'><strong>aliquid</strong></span> <span class='ocrx_word' id='word_1_10' title='bbox 1977 465 2106 518; x_wconf 88' lang='lat' dir='ltr'><strong>ope-</strong></span> 
     </span>
    </p>
   </div>
   <div class='ocr_carea' id='block_1_3' title="bbox 540 539 2112 613">
    <p class='ocr_par' dir='ltr' id='par_1_3' title="bbox 540 539 2112 613">
     <span class='ocr_line' id='line_1_3' title="bbox 540 539 2112 613; baseline -0.013 0"><span class='ocrx_word' id='word_1_11' title='bbox 540 567 655 613; x_wconf 82' lang='lat' dir='ltr'><strong>rata</strong></span> <span class='ocrx_word' id='word_1_12' title='bbox 685 556 754 610; x_wconf 89' lang='lat' dir='ltr'><strong>sit</strong></span> <span class='ocrx_word' id='word_1_13' title='bbox 786 554 867 607; x_wconf 91' lang='lat' dir='ltr'><strong>vel</strong></span> <span class='ocrx_word' id='word_1_14' title='bbox 912 549 1036 604; x_wconf 88' lang='lat' dir='ltr'><strong>boni</strong></span> <span class='ocrx_word' id='word_1_15' title='bbox 1063 547 1143 602; x_wconf 88' lang='lat' dir='ltr'><strong>vel</strong></span> <span class='ocrx_word' id='word_1_16' title='bbox 1170 548 1313 610; x_wconf 88' lang='lat' dir='ltr'><strong>mali,</strong></span> <span class='ocrx_word' id='word_1_17' title='bbox 1333 545 1475 599; x_wconf 88' lang='lat' dir='ltr'><strong>unde</strong></span> <span class='ocrx_word' id='word_1_18' title='bbox 1503 544 1658 598; x_wconf 90' lang='lat' dir='ltr'><strong>istam</strong></span> <span class='ocrx_word' id='word_1_19' title='bbox 1687 544 1737 595; x_wconf 93' lang='lat' dir='ltr'><strong>in</strong></span> <span class='ocrx_word' id='word_1_20' title='bbox 1769 557 1930 595; x_wconf 90' lang='lat' dir='ltr'><strong>carne</strong></span> <span class='ocrx_word' id='word_1_21' title='bbox 1953 539 2112 594; x_wconf 74' lang='lat' dir='ltr'><strong>diffe-</strong></span> 
     </span>
    </p>
   </div>
   <div class='ocr_carea' id='block_1_4' title="bbox 541 630 2114 708">
    <p class='ocr_par' dir='ltr' id='par_1_4' title="bbox 541 630 2114 708">
     <span class='ocr_line' id='line_1_4' title="bbox 541 630 2114 708; baseline -0.011 -7"><span class='ocrx_word' id='word_1_22' title='bbox 541 650 697 708; x_wconf 90' lang='lat' dir='ltr'><strong>cilur,</strong></span> <span class='ocrx_word' id='word_1_23' title='bbox 726 644 815 698; x_wconf 89' lang='lat' dir='ltr'><strong>ubi</strong></span> <span class='ocrx_word' id='word_1_24' title='bbox 836 642 1056 696; x_wconf 86' lang='lat' dir='ltr'><strong>rentiain</strong></span> <span class='ocrx_word' id='word_1_25' title='bbox 1098 647 1409 691; x_wconf 88' lang='lat' dir='ltr'><strong>mereretur.</strong></span> <span class='ocrx_word' id='word_1_26' title='bbox 1435 635 1562 702; x_wconf 67' lang='grc' dir='ltr'><strong>ρυλε</strong></span> <span class='ocrx_word' id='word_1_27' title='bbox 1593 634 1749 702; x_wconf 86' lang='lat' dir='ltr'><strong>igitur</strong></span> <span class='ocrx_word' id='word_1_28' title='bbox 1793 645 1950 685; x_wconf 91' lang='lat' dir='ltr'><strong>causa</strong></span> <span class='ocrx_word' id='word_1_29' title='bbox 1992 630 2114 684; x_wconf 86' lang='lat' dir='ltr'><strong>huic</strong></span> 
     </span>
    </p>
   </div>
   <div class='ocr_carea' id='block_1_5' title="bbox 548 718 2117 805">
    <p class='ocr_par' dir='ltr' id='par_1_5' title="bbox 548 718 2117 805">
     <span class='ocr_line' id='line_1_5' title="bbox 548 718 2117 805; baseline -0.01 -20"><span class='ocrx_word' id='word_1_30' title='bbox 548 734 766 805; x_wconf 80' lang='lat' dir='ltr'><strong>parvulo</strong></span> <span class='ocrx_word' id='word_1_31' title='bbox 785 731 1102 799; x_wconf 85' lang='lat' dir='ltr'><strong>Baptismum</strong></span> <span class='ocrx_word' id='word_1_32' title='bbox 1118 727 1432 796; x_wconf 84' lang='lat' dir='ltr'><strong>procuravit.</strong></span> <span class='ocrx_word' id='word_1_33' title='bbox 1454 725 1524 776; x_wconf 91' lang='lat' dir='ltr'><strong>illi</strong></span> <span class='ocrx_word' id='word_1_34' title='bbox 1549 722 1792 791; x_wconf 84' lang='lat' dir='ltr'><strong>negavit?</strong></span> <span class='ocrx_word' id='word_1_35' title='bbox 1813 723 1893 774; x_wconf 87' lang='lat' dir='ltr'><strong>An</strong></span> <span class='ocrx_word' id='word_1_36' title='bbox 1911 720 2010 787; x_wconf 86' lang='lat' dir='ltr'><strong>ipsi</strong></span> <span class='ocrx_word' id='word_1_37' title='bbox 2049 718 2117 771; x_wconf 86' lang='lat' dir='ltr'><strong>fa-</strong></span> 
     </span>
    </p>
   </div>
   <div class='ocr_carea' id='block_1_6' title="bbox 545 811 2117 890">
    <p class='ocr_par' dir='ltr' id='par_1_6' title="bbox 545 811 2117 890">
     <span class='ocr_line' id='line_1_6' title="bbox 545 811 2117 890; baseline -0.012 -9"><span class='ocrx_word' id='word_1_38' title='bbox 545 839 656 881; x_wconf 90' lang='lat' dir='ltr'><strong>tum</strong></span> <span class='ocrx_word' id='word_1_39' title='bbox 707 825 916 884; x_wconf 80' lang='lat' dir='ltr'><strong>habent,</strong></span> <span class='ocrx_word' id='word_1_40' title='bbox 949 823 1068 890; x_wconf 91' lang='lat' dir='ltr'><strong>quia</strong></span> <span class='ocrx_word' id='word_1_41' title='bbox 1108 820 1348 873; x_wconf 89' lang='lat' dir='ltr'><strong>meritum</strong></span> <span class='ocrx_word' id='word_1_42' title='bbox 1380 833 1483 870; x_wconf 88' lang='lat' dir='ltr'><strong>ntm</strong></span> <span class='ocrx_word' id='word_1_43' title='bbox 1515 814 1748 868; x_wconf 84' lang='lat' dir='ltr'><strong>habent?</strong></span> <span class='ocrx_word' id='word_1_44' title='bbox 1779 822 1868 865; x_wconf 89' lang='lat' dir='ltr'><strong>ant</strong></span> <span class='ocrx_word' id='word_1_45' title='bbox 1889 812 1942 865; x_wconf 86' lang='lat' dir='ltr'><strong>in</strong></span> <span class='ocrx_word' id='word_1_46' title='bbox 1972 811 2052 863; x_wconf 91' lang='lat' dir='ltr'><strong>his</strong></span> <span class='ocrx_word' id='word_1_47' title='bbox 2068 819 2117 862; x_wconf 89' lang='lat' dir='ltr'><strong>st</strong></span> 
     </span>
    </p>
   </div>
   <div class='ocr_carea' id='block_1_7' title="bbox 551 898 2116 982">
    <p class='ocr_par' dir='ltr' id='par_1_7' title="bbox 551 898 2116 982">
     <span class='ocr_line' id='line_1_7' title="bbox 551 898 2116 982; baseline -0.012 -12"><span class='ocrx_word' id='word_1_48' title='bbox 551 916 788 982; x_wconf 83' lang='lat' dir='ltr'><strong>acceptio</strong></span> <span class='ocrx_word' id='word_1_49' title='bbox 815 929 844 966; x_wconf 88' lang='lat' dir='ltr'><strong>a</strong></span> <span class='ocrx_word' id='word_1_50' title='bbox 889 911 1110 963; x_wconf 89' lang='lat' dir='ltr'><strong>Domino</strong></span> <span class='ocrx_word' id='word_1_51' title='bbox 1139 905 1521 978; x_wconf 74' lang='lat' dir='ltr'><strong>personarum?</strong></span> <span class='ocrx_word' id='word_1_52' title='bbox 1553 903 1682 956; x_wconf 87' lang='lat' dir='ltr'><strong>Nam</strong></span> <span class='ocrx_word' id='word_1_53' title='bbox 1713 911 1994 968; x_wconf 87' lang='lat' dir='ltr'><strong>utrumque</strong></span> <span class='ocrx_word' id='word_1_54' title='bbox 2033 898 2116 951; x_wconf 90' lang='lat' dir='ltr'><strong>di-</strong></span> 
     </span>
    </p>
   </div>
   <div class='ocr_carea' id='block_1_8' title="bbox 553 1000 2112 1073">
    <p class='ocr_par' dir='ltr' id='par_1_8' title="bbox 553 1000 2112 1073">
     <span class='ocr_line' id='line_1_8' title="bbox 553 1000 2112 1073; baseline -0.013 -11"><span class='ocrx_word' id='word_1_55' title='bbox 553 1007 726 1070; x_wconf 88' lang='lat' dir='ltr'><strong>xistis,</strong></span> <span class='ocrx_word' id='word_1_56' title='bbox 746 1007 890 1073; x_wconf 90' lang='lat' dir='ltr'><strong>prius</strong></span> <span class='ocrx_word' id='word_1_57' title='bbox 922 1000 1478 1067; x_wconf 71' lang='lat' dir='ltr'><strong>ﬁttiim.acceptiotieni</strong></span> <span class='ocrx_word' id='word_1_58' title='bbox 1510 1003 1692 1064; x_wconf 86' lang='lat' dir='ltr'><strong>postea</strong></span> <span class='ocrx_word' id='word_1_59' title='bbox 1722 1004 2068 1062; x_wconf 85' lang='lat' dir='ltr'><strong>personarum</strong></span> <span class='ocrx_word' id='word_1_60' title='bbox 2097 1006 2112 1042; x_wconf 74' lang='grc' dir='ltr'>ε</span> 
     </span>
    </p>
   </div>
   <div class='ocr_carea' id='block_1_9' title="bbox 547 1087 2112 1165">
    <p class='ocr_par' dir='ltr' id='par_1_9' title="bbox 547 1087 2112 1165">
     <span class='ocr_line' id='line_1_9' title="bbox 547 1087 2112 1165; baseline -0.015 -10"><span class='ocrx_word' id='word_1_61' title='bbox 547 1110 606 1154; x_wconf 89' lang='lat' dir='ltr'><strong>ut</strong></span> <span class='ocrx_word' id='word_1_62' title='bbox 644 1099 890 1165; x_wconf 88' lang='lat' dir='ltr'><strong>quoniam</strong></span> <span class='ocrx_word' id='word_1_63' title='bbox 946 1103 1226 1162; x_wconf 87' lang='lat' dir='ltr'><strong>utrumque</strong></span> <span class='ocrx_word' id='word_1_64' title='bbox 1276 1087 1609 1143; x_wconf 86' lang='lat' dir='ltr'><strong>refutandutn</strong></span> <span class='ocrx_word' id='word_1_65' title='bbox 1667 1093 1776 1144; x_wconf 90' lang='lat' dir='ltr'><strong>est,</strong></span> <span class='ocrx_word' id='word_1_66' title='bbox 1840 1089 2112 1134; x_wconf 83' lang='lat' dir='ltr'><strong>remaneat</strong></span> 
     </span>
    </p>
   </div>
   <div class='ocr_carea' id='block_1_10' title="bbox 545 1173 2113 1259">
    <p class='ocr_par' dir='ltr' id='par_1_10' title="bbox 545 1173 2113 1259">
     <span class='ocr_line' id='line_1_10' title="bbox 545 1173 2113 1259; baseline -0.013 -18"><span class='ocrx_word' id='word_1_67' title='bbox 545 1189 684 1259; x_wconf 90' lang='lat' dir='ltr'><strong>quod</strong></span> <span class='ocrx_word' id='word_1_68' title='bbox 712 1187 868 1239; x_wconf 82' lang='lat' dir='ltr'><strong>vultis</strong></span> <span class='ocrx_word' id='word_1_69' title='bbox 896 1185 1148 1238; x_wconf 85' lang='lat' dir='ltr'><strong>adversus</strong></span> <span class='ocrx_word' id='word_1_70' title='bbox 1189 1180 1410 1249; x_wconf 73' lang='lat' dir='ltr'><strong>gratiam</strong></span> <span class='ocrx_word' id='word_1_71' title='bbox 1450 1175 1786 1230; x_wconf 90' lang='lat' dir='ltr'><strong>introducere</strong></span> <span class='ocrx_word' id='word_1_72' title='bbox 1831 1173 2113 1226; x_wconf 88' lang='lat' dir='ltr'><strong>meritum.</strong></span> 
     </span>
    </p>
   </div>
   <div class='ocr_carea' id='block_1_11' title="bbox 545 1262 2116 1349">
    <p class='ocr_par' dir='ltr' id='par_1_11' title="bbox 545 1262 2116 1349">
     <span class='ocr_line' id='line_1_11' title="bbox 545 1262 2116 1349; baseline -0.012 -15"><span class='ocrx_word' id='word_1_73' title='bbox 545 1277 884 1349; x_wconf 79' lang='lat' dir='ltr'><strong>ReSpondete</strong></span> <span class='ocrx_word' id='word_1_74' title='bbox 933 1274 1090 1343; x_wconf 81' lang='lat' dir='ltr'><strong>igitur</strong></span> <span class='ocrx_word' id='word_1_75' title='bbox 1114 1272 1181 1326; x_wconf 90' lang='lat' dir='ltr'><strong>de</strong></span> <span class='ocrx_word' id='word_1_76' title='bbox 1227 1270 1426 1324; x_wconf 89' lang='lat' dir='ltr'><strong>meritis</strong></span> <span class='ocrx_word' id='word_1_77' title='bbox 1463 1265 1844 1338; x_wconf 78' lang='lat' dir='ltr'><strong>parvulorum,</strong></span> <span class='ocrx_word' id='word_1_78' title='bbox 1887 1279 1982 1317; x_wconf 91' lang='lat' dir='ltr'><strong>cur</strong></span> <span class='ocrx_word' id='word_1_79' title='bbox 2029 1262 2116 1315; x_wconf 83' lang='lat' dir='ltr'><strong>alii</strong></span> 
     </span>
    </p>
   </div>
   <div class='ocr_carea' id='block_1_12' title="bbox 548 1357 2117 1438">
    <p class='ocr_par' dir='ltr' id='par_1_12' title="bbox 548 1357 2117 1438">
     <span class='ocr_line' id='line_1_12' title="bbox 548 1357 2117 1438; baseline -0.012 -14"><span class='ocrx_word' id='word_1_80' title='bbox 548 1369 817 1438; x_wconf 85' lang='lat' dir='ltr'><strong>baptizati,</strong></span> <span class='ocrx_word' id='word_1_81' title='bbox 873 1366 959 1420; x_wconf 85' lang='lat' dir='ltr'><strong>alii</strong></span> <span class='ocrx_word' id='word_1_82' title='bbox 1007 1380 1112 1418; x_wconf 92' lang='lat' dir='ltr'><strong>non</strong></span> <span class='ocrx_word' id='word_1_83' title='bbox 1145 1362 1388 1430; x_wconf 84' lang='lat' dir='ltr'><strong>baptizati</strong></span> <span class='ocrx_word' id='word_1_84' title='bbox 1424 1359 1492 1413; x_wconf 89' lang='lat' dir='ltr'><strong>de</strong></span> <span class='ocrx_word' id='word_1_85' title='bbox 1542 1357 1856 1426; x_wconf 88' lang='lat' dir='ltr'><strong>corporibus</strong></span> <span class='ocrx_word' id='word_1_86' title='bbox 1900 1362 2117 1416; x_wconf 80' lang='lat' dir='ltr'><strong>exeant,</strong></span> 
     </span>
    </p>
   </div>
   <div class='ocr_carea' id='block_1_13' title="bbox 551 1447 2116 1526">
    <p class='ocr_par' dir='ltr' id='par_1_13' title="bbox 551 1447 2116 1526">
     <span class='ocr_line' id='line_1_13' title="bbox 551 1447 2116 1526; baseline -0.011 -13"><span class='ocrx_word' id='word_1_87' title='bbox 551 1473 650 1514; x_wconf 90' lang='lat' dir='ltr'><strong>nec</strong></span> <span class='ocrx_word' id='word_1_88' title='bbox 699 1467 976 1526; x_wconf 89' lang='lat' dir='ltr'><strong>parentum</strong></span> <span class='ocrx_word' id='word_1_89' title='bbox 1025 1453 1230 1508; x_wconf 71' lang='lat' dir='ltr'><strong>meritis</strong></span> <span class='ocrx_word' id='word_1_90' title='bbox 1281 1451 1364 1502; x_wconf 89' lang='lat' dir='ltr'><strong>vel</strong></span> <span class='ocrx_word' id='word_1_91' title='bbox 1399 1449 1632 1518; x_wconf 89' lang='lat' dir='ltr'><strong>polleant</strong></span> <span class='ocrx_word' id='word_1_92' title='bbox 1660 1447 1739 1500; x_wconf 94' lang='lat' dir='ltr'><strong>vel</strong></span> <span class='ocrx_word' id='word_1_93' title='bbox 1768 1453 1986 1500; x_wconf 88' lang='lat' dir='ltr'><strong>careant</strong></span> <span class='ocrx_word' id='word_1_94' title='bbox 2013 1454 2116 1496; x_wconf 88' lang='lat' dir='ltr'><strong>tam</strong></span> 
     </span>
    </p>
   </div>
   <div class='ocr_carea' id='block_1_14' title="bbox 548 1532 2115 1607">
    <p class='ocr_par' dir='ltr' id='par_1_14' title="bbox 548 1532 2115 1607">
     <span class='ocr_line' id='line_1_14' title="bbox 548 1532 2115 1607; baseline -0.011 -5"><span class='ocrx_word' id='word_1_95' title='bbox 548 1547 827 1602; x_wconf 74' lang='lat' dir='ltr'><strong>cXCelleuti</strong></span> <span class='ocrx_word' id='word_1_96' title='bbox 861 1545 1019 1607; x_wconf 88' lang='lat' dir='ltr'><strong>bono,</strong></span> <span class='ocrx_word' id='word_1_97' title='bbox 1047 1553 1103 1594; x_wconf 90' lang='lat' dir='ltr'><strong>ut</strong></span> <span class='ocrx_word' id='word_1_98' title='bbox 1132 1541 1260 1593; x_wconf 83' lang='lat' dir='ltr'><strong>fiant</strong></span> <span class='ocrx_word' id='word_1_99' title='bbox 1284 1539 1375 1590; x_wconf 88' lang='lat' dir='ltr'><strong>filii</strong></span> <span class='ocrx_word' id='word_1_100' title='bbox 1419 1537 1508 1591; x_wconf 92' lang='lat' dir='ltr'><strong>Dei</strong></span> <span class='ocrx_word' id='word_1_101' title='bbox 1556 1553 1619 1590; x_wconf 87' lang='lat' dir='ltr'><strong>ex</strong></span> <span class='ocrx_word' id='word_1_102' title='bbox 1670 1537 1940 1588; x_wconf 86' lang='lat' dir='ltr'><strong>hominum</strong></span> <span class='ocrx_word' id='word_1_103' title='bbox 1974 1532 2115 1596; x_wconf 87' lang='lat' dir='ltr'><strong>filiis,</strong></span> 
     </span>
    </p>
   </div>
   <div class='ocr_carea' id='block_1_15' title="bbox 550 1623 2117 1702">
    <p class='ocr_par' dir='ltr' id='par_1_15' title="bbox 550 1623 2117 1702">
     <span class='ocr_line' id='line_1_15' title="bbox 550 1623 2117 1702; baseline -0.01 -13"><span class='ocrx_word' id='word_1_104' title='bbox 550 1636 706 1690; x_wconf 88' lang='lat' dir='ltr'><strong>nullis</strong></span> <span class='ocrx_word' id='word_1_105' title='bbox 734 1643 1029 1702; x_wconf 86' lang='lat' dir='ltr'><strong>parentum,</strong></span> <span class='ocrx_word' id='word_1_106' title='bbox 1059 1630 1214 1684; x_wconf 90' lang='lat' dir='ltr'><strong>nullis</strong></span> <span class='ocrx_word' id='word_1_107' title='bbox 1232 1628 1436 1682; x_wconf 90' lang='lat' dir='ltr'><strong>meritis</strong></span> <span class='ocrx_word' id='word_1_108' title='bbox 1461 1628 1589 1680; x_wconf 89' lang='lat' dir='ltr'><strong>suis.</strong></span> <span class='ocrx_word' id='word_1_109' title='bbox 1617 1625 1817 1692; x_wconf 82' lang='lat' dir='ltr'><strong>Nempe</strong></span> <span class='ocrx_word' id='word_1_110' title='bbox 1850 1623 2117 1684; x_wconf 88' lang='lat' dir='ltr'><strong>reticetis;</strong></span> 
     </span>
    </p>
   </div>
   <div class='ocr_carea' id='block_1_16' title="bbox 547 1715 2122 1794">
    <p class='ocr_par' dir='ltr' id='par_1_16' title="bbox 547 1715 2122 1794">
     <span class='ocr_line' id='line_1_16' title="bbox 547 1715 2122 1794; baseline -0.009 -14"><span class='ocrx_word' id='word_1_111' title='bbox 547 1736 601 1780; x_wconf 86' lang='lat' dir='ltr'><strong>et</strong></span> <span class='ocrx_word' id='word_1_112' title='bbox 623 1741 716 1777; x_wconf 84' lang='lat' dir='ltr'><strong>vos</strong></span> <span class='ocrx_word' id='word_1_113' title='bbox 744 1726 885 1794; x_wconf 89' lang='lat' dir='ltr'><strong>ipsos</strong></span> <span class='ocrx_word' id='word_1_114' title='bbox 907 1725 928 1754; x_wconf 78' lang='grc'>³</span> <span class='ocrx_word' id='word_1_115' title='bbox 958 1722 1130 1791; x_wconf 84' lang='lat' dir='ltr'><strong>potius</strong></span> <span class='ocrx_word' id='word_1_116' title='bbox 1159 1722 1208 1774; x_wconf 93' lang='lat' dir='ltr'><strong>in</strong></span> <span class='ocrx_word' id='word_1_117' title='bbox 1239 1735 1303 1774; x_wconf 93' lang='lat' dir='ltr'><strong>eo</strong></span> <span class='ocrx_word' id='word_1_118' title='bbox 1327 1719 1466 1787; x_wconf 82' lang='lat' dir='ltr'><strong>quod</strong></span> <span class='ocrx_word' id='word_1_119' title='bbox 1496 1718 1646 1770; x_wconf 86' lang='lat' dir='ltr'><strong>nobis</strong></span> <span class='ocrx_word' id='word_1_120' title='bbox 1672 1715 1924 1783; x_wconf 89' lang='lat' dir='ltr'><strong>ohjicitis,</strong></span> <span class='ocrx_word' id='word_1_121' title='bbox 1975 1715 2122 1766; x_wconf 87' lang='lat' dir='ltr'><strong>inve-</strong></span> 
     </span>
    </p>
   </div>
   <div class='ocr_carea' id='block_1_17' title="bbox 549 1810 2116 1874">
    <p class='ocr_par' dir='ltr' id='par_1_17' title="bbox 549 1810 2116 1874">
     <span class='ocr_line' id='line_1_17' title="bbox 549 1810 2116 1874; baseline -0.009 -5"><span class='ocrx_word' id='word_1_122' title='bbox 549 1816 692 1870; x_wconf 85' lang='lat' dir='ltr'><strong>nitis.</strong></span> <span class='ocrx_word' id='word_1_123' title='bbox 716 1815 842 1867; x_wconf 75' lang='lat' dir='ltr'><strong>Nam</strong></span> <span class='ocrx_word' id='word_1_124' title='bbox 870 1813 912 1866; x_wconf 93' lang='lat' dir='ltr'><strong>si</strong></span> <span class='ocrx_word' id='word_1_125' title='bbox 937 1813 1023 1865; x_wconf 91' lang='lat' dir='ltr'><strong>ubi</strong></span> <span class='ocrx_word' id='word_1_126' title='bbox 1055 1828 1158 1864; x_wconf 89' lang='lat' dir='ltr'><strong>non</strong></span> <span class='ocrx_word' id='word_1_127' title='bbox 1183 1819 1266 1864; x_wconf 81' lang='lat' dir='ltr'><strong>est</strong></span> <span class='ocrx_word' id='word_1_128' title='bbox 1291 1810 1556 1871; x_wconf 90' lang='lat' dir='ltr'><strong>meritum,</strong></span> <span class='ocrx_word' id='word_1_129' title='bbox 1581 1814 1971 1874; x_wconf 77' lang='lat' dir='ltr'><strong>consequenter</strong></span> <span class='ocrx_word' id='word_1_130' title='bbox 1995 1817 2116 1856; x_wconf 85' lang='lat' dir='ltr'><strong>esse</strong></span> 
     </span>
    </p>
   </div>
   <div class='ocr_carea' id='block_1_18' title="bbox 548 1894 2119 1980">
    <p class='ocr_par' dir='ltr' id='par_1_18' title="bbox 548 1894 2119 1980">
     <span class='ocr_line' id='line_1_18' title="bbox 548 1894 2119 1980; baseline -0.01 -19"><span class='ocrx_word' id='word_1_131' title='bbox 548 1907 722 1961; x_wconf 75' lang='lat' dir='ltr'><strong>dicitis</strong></span> <span class='ocrx_word' id='word_1_132' title='bbox 751 1905 935 1967; x_wconf 81' lang='lat' dir='ltr'><strong>fatum,</strong></span> <span class='ocrx_word' id='word_1_133' title='bbox 963 1913 1018 1958; x_wconf 93' lang='lat' dir='ltr'><strong>et</strong></span> <span class='ocrx_word' id='word_1_134' title='bbox 1046 1903 1115 1956; x_wconf 95' lang='lat' dir='ltr'><strong>ob</strong></span> <span class='ocrx_word' id='word_1_135' title='bbox 1143 1901 1242 1955; x_wconf 91' lang='lat' dir='ltr'><strong>hoc</strong></span> <span class='ocrx_word' id='word_1_136' title='bbox 1265 1902 1314 1954; x_wconf 93' lang='lat' dir='ltr'><strong>in</strong></span> <span class='ocrx_word' id='word_1_137' title='bbox 1342 1900 1508 1980; x_wconf 84' lang='lat' dir='ltr'><strong>gratia</strong></span> <span class='ocrx_word' id='word_1_138' title='bbox 1528 1898 1620 1951; x_wconf 90' lang='lat' dir='ltr'><strong>Dei</strong></span> <span class='ocrx_word' id='word_1_139' title='bbox 1653 1897 1902 1951; x_wconf 89' lang='lat' dir='ltr'><strong>meritum</strong></span> <span class='ocrx_word' id='word_1_140' title='bbox 1942 1894 2119 1947; x_wconf 87' lang='lat' dir='ltr'><strong>homi-</strong></span> 
     </span>
    </p>
   </div>
   <div class='ocr_carea' id='block_1_19' title="bbox 547 1986 2121 2062">
    <p class='ocr_par' dir='ltr' id='par_1_19' title="bbox 547 1986 2121 2062">
     <span class='ocr_line' id='line_1_19' title="bbox 547 1986 2121 2062; baseline -0.008 -11"><span class='ocrx_word' id='word_1_141' title='bbox 547 1999 631 2052; x_wconf 90' lang='lat' dir='ltr'><strong>nis</strong></span> <span class='ocrx_word' id='word_1_142' title='bbox 652 1996 808 2049; x_wconf 87' lang='lat' dir='ltr'><strong>vultis</strong></span> <span class='ocrx_word' id='word_1_143' title='bbox 836 1990 1073 2062; x_wconf 73' lang='lat' dir='ltr'><strong>intelligi,</strong></span> <span class='ocrx_word' id='word_1_144' title='bbox 1099 2008 1167 2046; x_wconf 91' lang='lat' dir='ltr'><strong>ne</strong></span> <span class='ocrx_word' id='word_1_145' title='bbox 1210 1990 1374 2044; x_wconf 88' lang='lat' dir='ltr'><strong>fatum</strong></span> <span class='ocrx_word' id='word_1_146' title='bbox 1401 1989 1660 2057; x_wconf 76' lang='lat' dir='ltr'><strong>cogamiui</strong></span> <span class='ocrx_word' id='word_1_147' title='bbox 1686 1986 1929 2042; x_wconf 88' lang='lat' dir='ltr'><strong>confiteri</strong></span> <span class='ocrx_word' id='word_1_148' title='bbox 1956 2003 1971 2051; x_wconf 87' lang='lat'><strong>;</strong></span> <span class='ocrx_word' id='word_1_149' title='bbox 1995 1999 2121 2039; x_wconf 84' lang='lat' dir='ltr'><strong>ecce</strong></span> 
     </span>
    </p>
   </div>
   <div class='ocr_carea' id='block_1_20' title="bbox 549 2077 2116 2155">
    <p class='ocr_par' dir='ltr' id='par_1_20' title="bbox 549 2077 2116 2155">
     <span class='ocr_line' id='line_1_20' title="bbox 549 2077 2116 2155; baseline -0.008 -15"><span class='ocrx_word' id='word_1_150' title='bbox 549 2101 642 2140; x_wconf 89' lang='lat' dir='ltr'><strong>vos</strong></span> <span class='ocrx_word' id='word_1_151' title='bbox 671 2086 842 2155; x_wconf 85' lang='lat' dir='ltr'><strong>potius</strong></span> <span class='ocrx_word' id='word_1_152' title='bbox 870 2084 1106 2138; x_wconf 86' lang='lat' dir='ltr'><strong>asseritis</strong></span> <span class='ocrx_word' id='word_1_153' title='bbox 1132 2081 1292 2135; x_wconf 85' lang='lat' dir='ltr'><strong>fatum</strong></span> <span class='ocrx_word' id='word_1_154' title='bbox 1318 2081 1368 2133; x_wconf 93' lang='lat' dir='ltr'><strong>in</strong></span> <span class='ocrx_word' id='word_1_155' title='bbox 1398 2081 1715 2148; x_wconf 85' lang='lat' dir='ltr'><strong>Baptismate</strong></span> <span class='ocrx_word' id='word_1_156' title='bbox 1753 2077 2116 2146; x_wconf 88' lang='lat' dir='ltr'><strong>parvulorum,</strong></span> 
     </span>
    </p>
   </div>
   <div class='ocr_carea' id='block_1_21' title="bbox 550 2168 2119 2247">
    <p class='ocr_par' dir='ltr' id='par_1_21' title="bbox 550 2168 2119 2247">
     <span class='ocr_line' id='line_1_21' title="bbox 550 2168 2119 2247; baseline -0.006 -17"><span class='ocrx_word' id='word_1_157' title='bbox 550 2192 773 2247; x_wconf 89' lang='lat' dir='ltr'><strong>quorum</strong></span> <span class='ocrx_word' id='word_1_158' title='bbox 825 2175 1024 2229; x_wconf 90' lang='lat' dir='ltr'><strong>nullum</strong></span> <span class='ocrx_word' id='word_1_159' title='bbox 1065 2189 1183 2228; x_wconf 90' lang='lat' dir='ltr'><strong>esse</strong></span> <span class='ocrx_word' id='word_1_160' title='bbox 1214 2173 1448 2226; x_wconf 80' lang='lat' dir='ltr'><strong>fatemini</strong></span> <span class='ocrx_word' id='word_1_161' title='bbox 1479 2172 1745 2224; x_wconf 87' lang='lat' dir='ltr'><strong>meritutn.</strong></span> <span class='ocrx_word' id='word_1_162' title='bbox 1783 2170 1838 2223; x_wconf 92' lang='lat' dir='ltr'><strong>Si</strong></span> <span class='ocrx_word' id='word_1_163' title='bbox 1862 2178 2038 2223; x_wconf 90' lang='lat' dir='ltr'><strong>autem</strong></span> <span class='ocrx_word' id='word_1_164' title='bbox 2067 2168 2119 2222; x_wconf 91' lang='lat' dir='ltr'><strong>in</strong></span> 
     </span>
    </p>
   </div>
   <div class='ocr_carea' id='block_1_22' title="bbox 549 2261 2118 2335">
    <p class='ocr_par' dir='ltr' id='par_1_22' title="bbox 549 2261 2118 2335">
     <span class='ocr_line' id='line_1_22' title="bbox 549 2261 2118 2335; baseline -0.005 -15"><span class='ocrx_word' id='word_1_165' title='bbox 549 2266 878 2335; x_wconf 83' lang='lat' dir='ltr'><strong>baptizandis</strong></span> <span class='ocrx_word' id='word_1_166' title='bbox 914 2265 1162 2334; x_wconf 88' lang='lat' dir='ltr'><strong>parvulis,</strong></span> <span class='ocrx_word' id='word_1_167' title='bbox 1186 2273 1240 2317; x_wconf 91' lang='lat' dir='ltr'><strong>et</strong></span> <span class='ocrx_word' id='word_1_168' title='bbox 1265 2262 1461 2316; x_wconf 84' lang='lat' dir='ltr'><strong>nullum</strong></span> <span class='ocrx_word' id='word_1_169' title='bbox 1477 2261 1719 2315; x_wconf 87' lang='lat' dir='ltr'><strong>meritum</strong></span> <span class='ocrx_word' id='word_1_170' title='bbox 1745 2261 1959 2316; x_wconf 88' lang='lat' dir='ltr'><strong>omnino</strong></span> <span class='ocrx_word' id='word_1_171' title='bbox 1979 2274 2118 2327; x_wconf 79' lang='lat' dir='ltr'><strong>pra:-</strong></span> 
     </span>
    </p>
   </div>
   <div class='ocr_carea' id='block_1_23' title="bbox 550 2349 2122 2420">
    <p class='ocr_par' dir='ltr' id='par_1_23' title="bbox 550 2349 2122 2420">
     <span class='ocr_line' id='line_1_23' title="bbox 550 2349 2122 2420; baseline -0.005 -10"><span class='ocrx_word' id='word_1_172' title='bbox 550 2357 762 2420; x_wconf 89' lang='lat' dir='ltr'><strong>ccdcre,</strong></span> <span class='ocrx_word' id='word_1_173' title='bbox 786 2365 837 2408; x_wconf 89' lang='lat' dir='ltr'><strong>et</strong></span> <span class='ocrx_word' id='word_1_174' title='bbox 857 2365 1031 2407; x_wconf 91' lang='lat' dir='ltr'><strong>tamen</strong></span> <span class='ocrx_word' id='word_1_175' title='bbox 1058 2353 1218 2407; x_wconf 89' lang='lat' dir='ltr'><strong>fatutr.</strong></span> <span class='ocrx_word' id='word_1_176' title='bbox 1252 2367 1356 2406; x_wconf 92' lang='lat' dir='ltr'><strong>non</strong></span> <span class='ocrx_word' id='word_1_177' title='bbox 1387 2367 1505 2405; x_wconf 90' lang='lat' dir='ltr'><strong>esse</strong></span> <span class='ocrx_word' id='word_1_178' title='bbox 1534 2349 1826 2405; x_wconf 89' lang='lat' dir='ltr'><strong>conceditis</strong></span> <span class='ocrx_word' id='word_1_179' title='bbox 1855 2365 1869 2413; x_wconf 89' lang='lat'><strong>;</strong></span> <span class='ocrx_word' id='word_1_180' title='bbox 1900 2364 1997 2402; x_wconf 90' lang='lat' dir='ltr'><strong>cur</strong></span> <span class='ocrx_word' id='word_1_181' title='bbox 2021 2362 2122 2402; x_wconf 87' lang='lat' dir='ltr'><strong>nos</strong></span> 
     </span>
    </p>
   </div>
   <div class='ocr_carea' id='block_1_24' title="bbox 550 2441 2121 2517">
    <p class='ocr_par' dir='ltr' id='par_1_24' title="bbox 550 2441 2121 2517">
     <span class='ocr_line' id='line_1_24' title="bbox 550 2441 2121 2517; baseline -0.004 -16"><span class='ocrx_word' id='word_1_182' title='bbox 550 2447 762 2517; x_wconf 84' lang='lat' dir='ltr'><strong>quando</strong></span> <span class='ocrx_word' id='word_1_183' title='bbox 791 2447 1012 2499; x_wconf 79' lang='lat' dir='ltr'><strong>dicimus</strong></span> <span class='ocrx_word' id='word_1_184' title='bbox 1026 2445 1246 2514; x_wconf 85' lang='lat' dir='ltr'><strong>gratiam</strong></span> <span class='ocrx_word' id='word_1_185' title='bbox 1264 2443 1354 2497; x_wconf 90' lang='lat' dir='ltr'><strong>Dei</strong></span> <span class='ocrx_word' id='word_1_186' title='bbox 1386 2452 1661 2512; x_wconf 88' lang='lat' dir='ltr'><strong>propterea</strong></span> <span class='ocrx_word' id='word_1_187' title='bbox 1691 2441 1854 2510; x_wconf 88' lang='lat' dir='ltr'><strong>gratis</strong></span> <span class='ocrx_word' id='word_1_188' title='bbox 1878 2441 2013 2503; x_wconf 87' lang='lat' dir='ltr'><strong>dari,</strong></span> <span class='ocrx_word' id='word_1_189' title='bbox 2052 2453 2121 2494; x_wconf 83' lang='lat' dir='ltr'><strong>ne</strong></span> 
     </span>
    </p>
   </div>
   <div class='ocr_carea' id='block_1_25' title="bbox 550 2533 2114 2608">
    <p class='ocr_par' dir='ltr' id='par_1_25' title="bbox 550 2533 2114 2608">
     <span class='ocr_line' id='line_1_25' title="bbox 550 2533 2114 2608; baseline -0.004 -18"><span class='ocrx_word' id='word_1_190' title='bbox 550 2539 718 2608; x_wconf 88' lang='lat' dir='ltr'><strong>gratia</strong></span> <span class='ocrx_word' id='word_1_191' title='bbox 749 2551 853 2590; x_wconf 92' lang='lat' dir='ltr'><strong>non</strong></span> <span class='ocrx_word' id='word_1_192' title='bbox 881 2537 968 2599; x_wconf 85' lang='lat' dir='ltr'><strong>sit,</strong></span> <span class='ocrx_word' id='word_1_193' title='bbox 999 2544 1054 2590; x_wconf 92' lang='lat' dir='ltr'><strong>et</strong></span> <span class='ocrx_word' id='word_1_194' title='bbox 1088 2551 1190 2589; x_wconf 92' lang='lat' dir='ltr'><strong>non</strong></span> <span class='ocrx_word' id='word_1_195' title='bbox 1221 2544 1469 2604; x_wconf 86' lang='lat' dir='ltr'><strong>tanquam</strong></span> <span class='ocrx_word' id='word_1_196' title='bbox 1499 2533 1729 2587; x_wconf 83' lang='lat' dir='ltr'><strong>debitam</strong></span> <span class='ocrx_word' id='word_1_197' title='bbox 1758 2533 1958 2586; x_wconf 89' lang='lat' dir='ltr'><strong>meritis</strong></span> <span class='ocrx_word' id='word_1_198' title='bbox 1977 2547 2114 2600; x_wconf 70' lang='lat' dir='ltr'><strong>pne-</strong></span> 
     </span>
    </p>
   </div>
   <div class='ocr_carea' id='block_1_26' title="bbox 553 2624 2119 2692">
    <p class='ocr_par' dir='ltr' id='par_1_26' title="bbox 553 2624 2119 2692">
     <span class='ocr_line' id='line_1_26' title="bbox 553 2624 2119 2692; baseline -0.006 -8"><span class='ocrx_word' id='word_1_199' title='bbox 553 2629 870 2684; x_wconf 89' lang='lat' dir='ltr'><strong>cedentibns</strong></span> <span class='ocrx_word' id='word_1_200' title='bbox 911 2627 1081 2689; x_wconf 90' lang='lat' dir='ltr'><strong>reddi,</strong></span> <span class='ocrx_word' id='word_1_201' title='bbox 1108 2627 1197 2681; x_wconf 89' lang='lat' dir='ltr'><strong>fati</strong></span> <span class='ocrx_word' id='word_1_202' title='bbox 1233 2634 1531 2680; x_wconf 85' lang='lat' dir='ltr'><strong>assertores</strong></span> <span class='ocrx_word' id='word_1_203' title='bbox 1585 2639 1706 2679; x_wconf 90' lang='lat' dir='ltr'><strong>esse</strong></span> <span class='ocrx_word' id='word_1_204' title='bbox 1730 2624 1938 2692; x_wconf 89' lang='lat' dir='ltr'><strong>jactatis</strong></span> <span class='ocrx_word' id='word_1_205' title='bbox 1963 2624 1986 2675; x_wconf 84' lang='lat'><strong>?</strong></span> <span class='ocrx_word' id='word_1_206' title='bbox 2014 2639 2119 2676; x_wconf 94' lang='lat' dir='ltr'><strong>non</strong></span> 
     </span>
    </p>
   </div>
   <div class='ocr_carea' id='block_1_27' title="bbox 552 2691 2120 2790">
    <p class='ocr_par' dir='ltr' id='par_1_27' title="bbox 552 2691 2120 2790">
     <span class='ocr_line' id='line_1_27' title="bbox 552 2691 2120 2790; baseline -0.004 -14"><span class='ocrx_word' id='word_1_207' title='bbox 552 2691 928 2790; x_wconf 44' lang='lat' dir='ltr'><strong>iti‘telligentes,</strong></span> <span class='ocrx_word' id='word_1_208' title='bbox 959 2720 1010 2773; x_wconf 93' lang='lat' dir='ltr'><strong>in</strong></span> <span class='ocrx_word' id='word_1_209' title='bbox 1039 2718 1060 2750; x_wconf 78' lang='grc'><strong><em>³</em></strong></span> <span class='ocrx_word' id='word_1_210' title='bbox 1080 2718 1431 2788; x_wconf 81' lang='lat' dir='ltr'><strong>justiﬁcandis</strong></span> <span class='ocrx_word' id='word_1_211' title='bbox 1458 2717 1650 2787; x_wconf 78' lang='lat' dir='ltr'><strong>impiis,</strong></span> <span class='ocrx_word' id='word_1_212' title='bbox 1678 2718 1814 2770; x_wconf 90' lang='lat' dir='ltr'><strong>sicut</strong></span> <span class='ocrx_word' id='word_1_213' title='bbox 1845 2725 2120 2784; x_wconf 84' lang='lat' dir='ltr'><strong>propterea</strong></span> 
     </span>
    </p>
   </div>
   <div class='ocr_carea' id='block_1_28' title="bbox 552 2809 2120 2879">
    <p class='ocr_par' dir='ltr' id='par_1_28' title="bbox 552 2809 2120 2879">
     <span class='ocr_line' id='line_1_28' title="bbox 552 2809 2120 2879; baseline -0.004 -13"><span class='ocrx_word' id='word_1_214' title='bbox 552 2813 740 2866; x_wconf 90' lang='lat' dir='ltr'><strong>merita</strong></span> <span class='ocrx_word' id='word_1_215' title='bbox 773 2826 878 2865; x_wconf 89' lang='lat' dir='ltr'><strong>non</strong></span> <span class='ocrx_word' id='word_1_216' title='bbox 927 2819 1070 2872; x_wconf 88' lang='lat' dir='ltr'><strong>sunt,</strong></span> <span class='ocrx_word' id='word_1_217' title='bbox 1101 2810 1221 2879; x_wconf 89' lang='lat' dir='ltr'><strong>quia</strong></span> <span class='ocrx_word' id='word_1_218' title='bbox 1253 2809 1342 2862; x_wconf 91' lang='lat' dir='ltr'><strong>Dei</strong></span> <span class='ocrx_word' id='word_1_219' title='bbox 1364 2809 1530 2876; x_wconf 86' lang='lat' dir='ltr'><strong>gratia</strong></span> <span class='ocrx_word' id='word_1_220' title='bbox 1569 2817 1684 2870; x_wconf 87' lang='lat' dir='ltr'><strong>est;</strong></span> <span class='ocrx_word' id='word_1_221' title='bbox 1710 2809 1778 2860; x_wconf 90' lang='lat' dir='ltr'><strong>ita</strong></span> <span class='ocrx_word' id='word_1_222' title='bbox 1835 2816 2120 2877; x_wconf 79' lang='lat' dir='ltr'><strong>propterea</strong></span> 
     </span>
    </p>
   </div>
   <div class='ocr_carea' id='block_1_29' title="bbox 553 2898 2122 2968">
    <p class='ocr_par' dir='ltr' id='par_1_29' title="bbox 553 2898 2122 2968">
     <span class='ocr_line' id='line_1_29' title="bbox 553 2898 2122 2968; baseline -0.003 -12"><span class='ocrx_word' id='word_1_223' title='bbox 553 2917 661 2956; x_wconf 85' lang='lat' dir='ltr'><strong>non</strong></span> <span class='ocrx_word' id='word_1_224' title='bbox 683 2916 804 2956; x_wconf 90' lang='lat' dir='ltr'><strong>esse</strong></span> <span class='ocrx_word' id='word_1_225' title='bbox 831 2901 1028 2962; x_wconf 89' lang='lat' dir='ltr'><strong>fatum,</strong></span> <span class='ocrx_word' id='word_1_226' title='bbox 1057 2899 1176 2968; x_wconf 90' lang='lat' dir='ltr'><strong>quia</strong></span> <span class='ocrx_word' id='word_1_227' title='bbox 1233 2898 1324 2952; x_wconf 86' lang='lat' dir='ltr'><strong>Dei</strong></span> <span class='ocrx_word' id='word_1_228' title='bbox 1375 2898 1540 2966; x_wconf 85' lang='lat' dir='ltr'><strong>gratia</strong></span> <span class='ocrx_word' id='word_1_229' title='bbox 1583 2899 1796 2955; x_wconf 89' lang='lat' dir='ltr'><strong>est;ita</strong></span> <span class='ocrx_word' id='word_1_230' title='bbox 1841 2906 2122 2968; x_wconf 88' lang='lat' dir='ltr'><strong>propterea</strong></span> 
     </span>
    </p>
   </div>
   <div class='ocr_carea' id='block_1_30' title="bbox 552 2987 2122 3058">
    <p class='ocr_par' dir='ltr' id='par_1_30' title="bbox 552 2987 2122 3058">
     <span class='ocr_line' id='line_1_30' title="bbox 552 2987 2122 3058; baseline -0.004 -11"><span class='ocrx_word' id='word_1_231' title='bbox 552 3009 658 3047; x_wconf 90' lang='lat' dir='ltr'><strong>non</strong></span> <span class='ocrx_word' id='word_1_232' title='bbox 711 3006 830 3047; x_wconf 85' lang='lat' dir='ltr'><strong>esse</strong></span> <span class='ocrx_word' id='word_1_233' title='bbox 858 2990 1217 3058; x_wconf 88' lang='lat' dir='ltr'><strong>acceptionem</strong></span> <span class='ocrx_word' id='word_1_234' title='bbox 1262 3003 1606 3058; x_wconf 89' lang='lat' dir='ltr'><strong>personarum</strong></span> <span class='ocrx_word' id='word_1_235' title='bbox 1631 3027 1647 3053; x_wconf 94' lang='lat'><strong>,</strong></span> <span class='ocrx_word' id='word_1_236' title='bbox 1680 2989 1800 3058; x_wconf 84' lang='lat' dir='ltr'><strong>quia</strong></span> <span class='ocrx_word' id='word_1_237' title='bbox 1837 2989 1929 3042; x_wconf 89' lang='lat' dir='ltr'><strong>Dei</strong></span> <span class='ocrx_word' id='word_1_238' title='bbox 1951 2987 2122 3058; x_wconf 88' lang='lat' dir='ltr'><strong>gratia</strong></span> 
     </span>
    </p>
   </div>
   <div class='ocr_carea' id='block_1_31' title="bbox 552 3091 654 3140">
    <p class='ocr_par' dir='ltr' id='par_1_31' title="bbox 552 3091 654 3140">
     <span class='ocr_line' id='line_1_31' title="bbox 552 3091 654 3140; baseline -0.039 0"><span class='ocrx_word' id='word_1_239' title='bbox 552 3091 654 3140; x_wconf 86' lang='lat' dir='ltr'><strong>est.</strong></span> 
     </span>
    </p>
   </div>
   <div class='ocr_carea' id='block_1_32' title="bbox 625 3169 2125 3241">
    <p class='ocr_par' dir='ltr' id='par_1_32' title="bbox 625 3169 2125 3241">
     <span class='ocr_line' id='line_1_32' title="bbox 625 3169 2125 3241; baseline -0.001 -14"><span class='ocrx_word' id='word_1_240' title='bbox 625 3171 712 3228; x_wconf 74' lang='grc'><strong>12.</strong></span> <span class='ocrx_word' id='word_1_241' title='bbox 753 3171 941 3227; x_wconf 88' lang='lat' dir='ltr'><strong>Fatum</strong></span> <span class='ocrx_word' id='word_1_242' title='bbox 972 3171 1166 3241; x_wconf 87' lang='lat' dir='ltr'><strong>quippe</strong></span> <span class='ocrx_word' id='word_1_243' title='bbox 1194 3171 1282 3240; x_wconf 90' lang='lat' dir='ltr'><strong>qui</strong></span> <span class='ocrx_word' id='word_1_244' title='bbox 1309 3169 1604 3233; x_wconf 86' lang='lat' dir='ltr'><strong>affirmant,</strong></span> <span class='ocrx_word' id='word_1_245' title='bbox 1627 3169 1694 3225; x_wconf 90' lang='lat' dir='ltr'><strong>de</strong></span> <span class='ocrx_word' id='word_1_246' title='bbox 1719 3170 1948 3225; x_wconf 76' lang='lat' dir='ltr'><strong>siderum</strong></span> <span class='ocrx_word' id='word_1_247' title='bbox 1977 3170 2125 3241; x_wconf 90' lang='lat' dir='ltr'><strong>posi-</strong></span> 
     </span>
    </p>
   </div>
   <div class='ocr_carea' id='block_1_33' title="bbox 556 3259 2122 3332">
    <p class='ocr_par' dir='ltr' id='par_1_33' title="bbox 556 3259 2122 3332">
     <span class='ocr_line' id='line_1_33' title="bbox 556 3259 2122 3332; baseline -0.002 -13"><span class='ocrx_word' id='word_1_248' title='bbox 556 3264 701 3320; x_wconf 87' lang='lat' dir='ltr'><strong>tione</strong></span> <span class='ocrx_word' id='word_1_249' title='bbox 725 3263 791 3318; x_wconf 90' lang='lat' dir='ltr'><strong>ad</strong></span> <span class='ocrx_word' id='word_1_250' title='bbox 819 3275 1026 3332; x_wconf 84' lang='lat' dir='ltr'><strong>tempus</strong></span> <span class='ocrx_word' id='word_1_251' title='bbox 1053 3278 1159 3331; x_wconf 91' lang='lat' dir='ltr'><strong>quo</strong></span> <span class='ocrx_word' id='word_1_252' title='bbox 1187 3259 1480 3330; x_wconf 89' lang='lat' dir='ltr'><strong>concipitur</strong></span> <span class='ocrx_word' id='word_1_253' title='bbox 1508 3262 1729 3331; x_wconf 84' lang='lat' dir='ltr'><strong>quisque</strong></span> <span class='ocrx_word' id='word_1_254' title='bbox 1757 3262 1841 3316; x_wconf 87' lang='lat' dir='ltr'><strong>vel</strong></span> <span class='ocrx_word' id='word_1_255' title='bbox 1868 3263 2122 3328; x_wconf 88' lang='lat' dir='ltr'><strong>nascitur,</strong></span> 
     </span>
    </p>
   </div>
   <div class='ocr_carea' id='block_1_34' title="bbox 554 3353 2127 3426">
    <p class='ocr_par' dir='ltr' id='par_1_34' title="bbox 554 3353 2127 3426">
     <span class='ocr_line' id='line_1_34' title="bbox 554 3353 2127 3426; baseline -0.001 -16"><span class='ocrx_word' id='word_1_256' title='bbox 554 3370 688 3426; x_wconf 84' lang='lat' dir='ltr'><strong>quas</strong></span> <span class='ocrx_word' id='word_1_257' title='bbox 730 3355 1159 3410; x_wconf 90' lang='lat' dir='ltr'><strong>constellationcs</strong></span> <span class='ocrx_word' id='word_1_258' title='bbox 1209 3362 1433 3419; x_wconf 91' lang='lat' dir='ltr'><strong>vocant,</strong></span> <span class='ocrx_word' id='word_1_259' title='bbox 1490 3369 1593 3406; x_wconf 91' lang='lat' dir='ltr'><strong>non</strong></span> <span class='ocrx_word' id='word_1_260' title='bbox 1651 3353 1821 3408; x_wconf 85' lang='lat' dir='ltr'><strong>solum</strong></span> <span class='ocrx_word' id='word_1_261' title='bbox 1877 3362 2027 3409; x_wconf 89' lang='lat' dir='ltr'><strong>actus</strong></span> <span class='ocrx_word' id='word_1_262' title='bbox 2071 3362 2127 3408; x_wconf 92' lang='lat' dir='ltr'><strong>et</strong></span> 
     </span>
    </p>
   </div>
   <div class='ocr_carea' id='block_1_35' title="bbox 553 3444 2126 3514">
    <p class='ocr_par' dir='ltr' id='par_1_35' title="bbox 553 3444 2126 3514">
     <span class='ocr_line' id='line_1_35' title="bbox 553 3444 2126 3514; baseline -0.002 -12"><span class='ocrx_word' id='word_1_263' title='bbox 553 3456 764 3512; x_wconf 82' lang='lat' dir='ltr'><strong>eventa,</strong></span> <span class='ocrx_word' id='word_1_264' title='bbox 786 3461 967 3500; x_wconf 89' lang='lat' dir='ltr'><strong>verum</strong></span> <span class='ocrx_word' id='word_1_265' title='bbox 993 3446 1151 3500; x_wconf 86' lang='lat' dir='ltr'><strong>etiam</strong></span> <span class='ocrx_word' id='word_1_266' title='bbox 1181 3444 1320 3514; x_wconf 87' lang='lat' dir='ltr'><strong>ipsas</strong></span> <span class='ocrx_word' id='word_1_267' title='bbox 1350 3456 1558 3498; x_wconf 87' lang='lat' dir='ltr'><strong>nostras</strong></span> <span class='ocrx_word' id='word_1_268' title='bbox 1581 3445 1874 3499; x_wconf 80' lang='lat' dir='ltr'><strong>voluntates</strong></span> <span class='ocrx_word' id='word_1_269' title='bbox 1897 3445 2126 3513; x_wconf 89' lang='lat' dir='ltr'><strong>pendere</strong></span> 
     </span>
    </p>
   </div>
   <div class='ocr_carea' id='block_1_36' title="bbox 556 3535 2124 3604">
    <p class='ocr_par' dir='ltr' id='par_1_36' title="bbox 556 3535 2124 3604">
     <span class='ocr_line' id='line_1_36' title="bbox 556 3535 2124 3604; baseline -0.003 -11"><span class='ocrx_word' id='word_1_270' title='bbox 556 3537 882 3593; x_wconf 75' lang='lat' dir='ltr'><strong>contendunt</strong></span> <span class='ocrx_word' id='word_1_271' title='bbox 910 3553 924 3589; x_wconf 92' lang='lat'><strong>:</strong></span> <span class='ocrx_word' id='word_1_272' title='bbox 954 3537 1045 3590; x_wconf 90' lang='lat' dir='ltr'><strong>Dei</strong></span> <span class='ocrx_word' id='word_1_273' title='bbox 1065 3551 1192 3589; x_wconf 91' lang='lat' dir='ltr'><strong>vero</strong></span> <span class='ocrx_word' id='word_1_274' title='bbox 1215 3537 1380 3604; x_wconf 87' lang='lat' dir='ltr'><strong>gratia</strong></span> <span class='ocrx_word' id='word_1_275' title='bbox 1409 3551 1513 3588; x_wconf 91' lang='lat' dir='ltr'><strong>non</strong></span> <span class='ocrx_word' id='word_1_276' title='bbox 1547 3536 1716 3588; x_wconf 87' lang='lat' dir='ltr'><strong>solum</strong></span> <span class='ocrx_word' id='word_1_277' title='bbox 1743 3535 1918 3588; x_wconf 89' lang='lat' dir='ltr'><strong>omnia</strong></span> <span class='ocrx_word' id='word_1_278' title='bbox 1950 3535 2124 3589; x_wconf 85' lang='lat' dir='ltr'><strong>sidera</strong></span> 
     </span>
    </p>
   </div>
   <div class='ocr_carea' id='block_1_37' title="bbox 557 3611 2128 3693">
    <p class='ocr_par' dir='ltr' id='par_1_37' title="bbox 557 3611 2128 3693">
     <span class='ocr_line' id='line_1_37' title="bbox 557 3611 2128 3693; baseline -0.003 -9"><span class='ocrx_word' id='word_1_279' title='bbox 557 3637 613 3684; x_wconf 86' lang='lat' dir='ltr'><strong>et</strong></span> <span class='ocrx_word' id='word_1_280' title='bbox 639 3611 825 3682; x_wconf 82' lang='lat' dir='ltr'><strong>omnes</strong></span> <span class='ocrx_word' id='word_1_281' title='bbox 849 3626 1034 3689; x_wconf 58' lang='lat' dir='ltr'><strong>caelos,</strong></span> <span class='ocrx_word' id='word_1_282' title='bbox 1068 3641 1248 3680; x_wconf 83' lang='lat' dir='ltr'><strong>verum</strong></span> <span class='ocrx_word' id='word_1_283' title='bbox 1278 3625 1437 3679; x_wconf 90' lang='lat' dir='ltr'><strong>etiam</strong></span> <span class='ocrx_word' id='word_1_284' title='bbox 1463 3640 1652 3679; x_wconf 91' lang='lat' dir='ltr'><strong>omnes</strong></span> <span class='ocrx_word' id='word_1_285' title='bbox 1684 3624 1914 3693; x_wconf 81' lang='lat' dir='ltr'><strong>Angelos</strong></span> <span class='ocrx_word' id='word_1_286' title='bbox 1941 3641 2128 3693; x_wconf 86' lang='lat' dir='ltr'><strong>supcr-</strong></span> 
     </span>
    </p>
   </div>
   <div class='ocr_carea' id='block_1_38' title="bbox 557 3713 2129 3787">
    <p class='ocr_par' dir='ltr' id='par_1_38' title="bbox 557 3713 2129 3787">
     <span class='ocr_line' id='line_1_38' title="bbox 557 3713 2129 3787; baseline -0.001 -17"><span class='ocrx_word' id='word_1_287' title='bbox 557 3717 811 3787; x_wconf 73' lang='lat' dir='ltr'><strong>greditur.</strong></span> <span class='ocrx_word' id='word_1_288' title='bbox 841 3715 1040 3770; x_wconf 90' lang='lat' dir='ltr'><strong>Deinde</strong></span> <span class='ocrx_word' id='word_1_289' title='bbox 1060 3713 1148 3782; x_wconf 85' lang='lat' dir='ltr'><strong>fati</strong></span> <span class='ocrx_word' id='word_1_290' title='bbox 1177 3713 1471 3768; x_wconf 88' lang='lat' dir='ltr'><strong>assertores</strong></span> <span class='ocrx_word' id='word_1_291' title='bbox 1489 3723 1543 3767; x_wconf 89' lang='lat' dir='ltr'><strong>et</strong></span> <span class='ocrx_word' id='word_1_292' title='bbox 1564 3715 1696 3768; x_wconf 88' lang='lat' dir='ltr'><strong>bona</strong></span> <span class='ocrx_word' id='word_1_293' title='bbox 1719 3722 1770 3766; x_wconf 91' lang='lat' dir='ltr'><strong>et</strong></span> <span class='ocrx_word' id='word_1_294' title='bbox 1791 3715 1927 3767; x_wconf 88' lang='lat' dir='ltr'><strong>mala</strong></span> <span class='ocrx_word' id='word_1_295' title='bbox 1959 3715 2129 3769; x_wconf 89' lang='lat' dir='ltr'><strong>homi-</strong></span> 
     </span>
    </p>
   </div>
   <div class='ocr_carea' id='block_1_39' title="bbox 562 3803 2126 3861">
    <p class='ocr_par' dir='ltr' id='par_1_39' title="bbox 562 3803 2126 3861">
     <span class='ocr_line' id='line_1_39' title="bbox 562 3803 2126 3861; baseline -0.002 0"><span class='ocrx_word' id='word_1_296' title='bbox 562 3822 688 3861; x_wconf 88' lang='lat' dir='ltr'><strong>num</strong></span> <span class='ocrx_word' id='word_1_297' title='bbox 721 3805 826 3859; x_wconf 85' lang='lat' dir='ltr'><strong>lato</strong></span> <span class='ocrx_word' id='word_1_298' title='bbox 847 3804 1082 3859; x_wconf 93' lang='lat' dir='ltr'><strong>tribuunt</strong></span> <span class='ocrx_word' id='word_1_299' title='bbox 1121 3819 1134 3856; x_wconf 89' lang='lat'><strong>:</strong></span> <span class='ocrx_word' id='word_1_300' title='bbox 1177 3804 1314 3858; x_wconf 87' lang='lat' dir='ltr'><strong>Deus</strong></span> <span class='ocrx_word' id='word_1_301' title='bbox 1353 3812 1526 3857; x_wconf 87' lang='lat' dir='ltr'><strong>autem</strong></span> <span class='ocrx_word' id='word_1_302' title='bbox 1573 3803 1624 3856; x_wconf 93' lang='lat' dir='ltr'><strong>in</strong></span> <span class='ocrx_word' id='word_1_303' title='bbox 1660 3803 1811 3857; x_wconf 87' lang='lat' dir='ltr'><strong>malis</strong></span> <span class='ocrx_word' id='word_1_304' title='bbox 1854 3803 2126 3859; x_wconf 87' lang='lat' dir='ltr'><strong>hominum</strong></span> 
     </span>
    </p>
   </div>
   <div class='ocr_carea' id='block_1_40' title="bbox 561 3893 2126 3962">
    <p class='ocr_par' dir='ltr' id='par_1_40' title="bbox 561 3893 2126 3962">
     <span class='ocr_line' id='line_1_40' title="bbox 561 3893 2126 3962; baseline -0.001 -13"><span class='ocrx_word' id='word_1_305' title='bbox 561 3894 747 3950; x_wconf 86' lang='lat' dir='ltr'><strong>merita</strong></span> <span class='ocrx_word' id='word_1_306' title='bbox 787 3908 970 3949; x_wconf 90' lang='lat' dir='ltr'><strong>eorum</strong></span> <span class='ocrx_word' id='word_1_307' title='bbox 1010 3893 1182 3948; x_wconf 87' lang='lat' dir='ltr'><strong>debita</strong></span> <span class='ocrx_word' id='word_1_308' title='bbox 1213 3893 1558 3948; x_wconf 86' lang='lat' dir='ltr'><strong>retributione</strong></span> <span class='ocrx_word' id='word_1_309' title='bbox 1603 3893 1956 3962; x_wconf 83' lang='lat' dir='ltr'><strong>persequitur,</strong></span> <span class='ocrx_word' id='word_1_310' title='bbox 1990 3894 2126 3948; x_wconf 92' lang='lat' dir='ltr'><strong>bona</strong></span> 
     </span>
    </p>
   </div>
   <div class='ocr_carea' id='block_1_41' title="bbox 561 3983 2128 4054">
    <p class='ocr_par' dir='ltr' id='par_1_41' title="bbox 561 3983 2128 4054">
     <span class='ocr_line' id='line_1_41' title="bbox 561 3983 2128 4054; baseline 0.001 -16"><span class='ocrx_word' id='word_1_311' title='bbox 561 3999 692 4040; x_wconf 92' lang='lat' dir='ltr'><strong>vero</strong></span> <span class='ocrx_word' id='word_1_312' title='bbox 727 4000 822 4054; x_wconf 88' lang='lat' dir='ltr'><strong>per</strong></span> <span class='ocrx_word' id='word_1_313' title='bbox 869 3984 1152 4038; x_wconf 89' lang='lat' dir='ltr'><strong>indebitam</strong></span> <span class='ocrx_word' id='word_1_314' title='bbox 1194 3985 1416 4052; x_wconf 89' lang='lat' dir='ltr'><strong>gratiam</strong></span> <span class='ocrx_word' id='word_1_315' title='bbox 1477 3983 1803 4037; x_wconf 88' lang='lat' dir='ltr'><strong>misericordi</strong></span> <span class='ocrx_word' id='word_1_316' title='bbox 1859 3985 2128 4041; x_wconf 84' lang='lat' dir='ltr'><strong>voluntate</strong></span> 
     </span>
    </p>
   </div>
   <div class='ocr_carea' id='block_1_42' title="bbox 562 4073 2127 4145">
    <p class='ocr_par' dir='ltr' id='par_1_42' title="bbox 562 4073 2127 4145">
     <span class='ocr_line' id='line_1_42' title="bbox 562 4073 2127 4145; baseline 0 -16"><span class='ocrx_word' id='word_1_317' title='bbox 562 4073 817 4145; x_wconf 87' lang='lat' dir='ltr'><strong>largitur;</strong></span> <span class='ocrx_word' id='word_1_318' title='bbox 850 4084 1130 4142; x_wconf 87' lang='lat' dir='ltr'><strong>utrumque</strong></span> <span class='ocrx_word' id='word_1_319' title='bbox 1175 4073 1373 4126; x_wconf 77' lang='lat' dir='ltr'><strong>faciens</strong></span> <span class='ocrx_word' id='word_1_320' title='bbox 1403 4087 1506 4126; x_wconf 92' lang='lat' dir='ltr'><strong>non</strong></span> <span class='ocrx_word' id='word_1_321' title='bbox 1552 4088 1644 4140; x_wconf 90' lang='lat' dir='ltr'><strong>per</strong></span> <span class='ocrx_word' id='word_1_322' title='bbox 1679 4074 1948 4128; x_wconf 91' lang='lat' dir='ltr'><strong>stellarum</strong></span> <span class='ocrx_word' id='word_1_323' title='bbox 1993 4083 2127 4129; x_wconf 84' lang='lat' dir='ltr'><strong>tem-</strong></span> 
     </span>
    </p>
   </div>
   <div class='ocr_carea' id='block_1_43' title="bbox 560 4165 2130 4238">
    <p class='ocr_par' dir='ltr' id='par_1_43' title="bbox 560 4165 2130 4238">
     <span class='ocr_line' id='line_1_43' title="bbox 560 4165 2130 4238; baseline 0 -16"><span class='ocrx_word' id='word_1_324' title='bbox 560 4167 740 4238; x_wconf 88' lang='lat' dir='ltr'><strong>porale</strong></span> <span class='ocrx_word' id='word_1_325' title='bbox 758 4167 1104 4229; x_wconf 86' lang='lat' dir='ltr'><strong>consortium,</strong></span> <span class='ocrx_word' id='word_1_326' title='bbox 1122 4165 1214 4220; x_wconf 89' lang='lat' dir='ltr'><strong>sed</strong></span> <span class='ocrx_word' id='word_1_327' title='bbox 1244 4180 1340 4233; x_wconf 87' lang='lat' dir='ltr'><strong>per</strong></span> <span class='ocrx_word' id='word_1_328' title='bbox 1355 4180 1463 4218; x_wconf 72' lang='lat' dir='ltr'><strong>sua:</strong></span> <span class='ocrx_word' id='word_1_329' title='bbox 1480 4166 1775 4219; x_wconf 84' lang='lat' dir='ltr'><strong>severitatis</strong></span> <span class='ocrx_word' id='word_1_330' title='bbox 1799 4173 1853 4220; x_wconf 89' lang='lat' dir='ltr'><strong>et</strong></span> <span class='ocrx_word' id='word_1_331' title='bbox 1880 4166 2130 4222; x_wconf 88' lang='lat' dir='ltr'><strong>bonitatis</strong></span> 
     </span>
    </p>
   </div>
   <div class='ocr_carea' id='block_1_44' title="bbox 560 4254 2129 4328">
    <p class='ocr_par' dir='ltr' id='par_1_44' title="bbox 560 4254 2129 4328">
     <span class='ocr_line' id='line_1_44' title="bbox 560 4254 2129 4328; baseline -0.001 -14"><span class='ocrx_word' id='word_1_332' title='bbox 560 4268 815 4314; x_wconf 66' lang='lat' dir='ltr'><strong>internum</strong></span> <span class='ocrx_word' id='word_1_333' title='bbox 833 4259 1097 4326; x_wconf 90' lang='lat' dir='ltr'><strong>altumque</strong></span> <span class='ocrx_word' id='word_1_334' title='bbox 1122 4256 1422 4310; x_wconf 85' lang='lat' dir='ltr'><strong>consilium.</strong></span> <span class='ocrx_word' id='word_1_335' title='bbox 1440 4254 1694 4309; x_wconf 88' lang='lat' dir='ltr'><strong>Neutrum</strong></span> <span class='ocrx_word' id='word_1_336' title='bbox 1716 4271 1842 4324; x_wconf 83' lang='lat' dir='ltr'><strong>ergo</strong></span> <span class='ocrx_word' id='word_1_337' title='bbox 1861 4258 2129 4328; x_wconf 87' lang='lat' dir='ltr'><strong>pertinere</strong></span> 
     </span>
    </p>
   </div>
   <div class='ocr_carea' id='block_1_45' title="bbox 560 4343 2127 4416">
    <p class='ocr_par' dir='ltr' id='par_1_45' title="bbox 560 4343 2127 4416">
     <span class='ocr_line' id='line_1_45' title="bbox 560 4343 2127 4416; baseline -0.001 -13"><span class='ocrx_word' id='word_1_338' title='bbox 560 4349 799 4405; x_wconf 86' lang='lat' dir='ltr'><strong>videmus</strong></span> <span class='ocrx_word' id='word_1_339' title='bbox 822 4347 886 4402; x_wconf 88' lang='lat' dir='ltr'><strong>ad</strong></span> <span class='ocrx_word' id='word_1_340' title='bbox 912 4345 1096 4400; x_wconf 87' lang='lat' dir='ltr'><strong>fatum.</strong></span> <span class='ocrx_word' id='word_1_341' title='bbox 1129 4345 1226 4400; x_wconf 84' lang='lat' dir='ltr'><strong>Hic</strong></span> <span class='ocrx_word' id='word_1_342' title='bbox 1267 4343 1354 4399; x_wconf 67' lang='lat' dir='ltr'><strong>si‘</strong></span> <span class='ocrx_word' id='word_1_343' title='bbox 1378 4345 1742 4415; x_wconf 79' lang='lat' dir='ltr'><strong>reSpondetis,</strong></span> <span class='ocrx_word' id='word_1_344' title='bbox 1785 4345 1922 4401; x_wconf 89' lang='lat' dir='ltr'><strong>hanc</strong></span> <span class='ocrx_word' id='word_1_345' title='bbox 1959 4347 2127 4416; x_wconf 89' lang='lat' dir='ltr'><strong>ipsam</strong></span> 
     </span>
    </p>
   </div>
   <div class='ocr_carea' id='block_1_46' title="bbox 563 4435 2128 4505">
    <p class='ocr_par' dir='ltr' id='par_1_46' title="bbox 563 4435 2128 4505">
     <span class='ocr_line' id='line_1_46' title="bbox 563 4435 2128 4505; baseline 0 -13"><span class='ocrx_word' id='word_1_346' title='bbox 563 4439 661 4494; x_wconf 88' lang='lat' dir='ltr'><strong>Dei</strong></span> <span class='ocrx_word' id='word_1_347' title='bbox 689 4436 1128 4501; x_wconf 87' lang='lat' dir='ltr'><strong>benevolentiam,</strong></span> <span class='ocrx_word' id='word_1_348' title='bbox 1144 4451 1246 4505; x_wconf 88' lang='lat' dir='ltr'><strong>qua</strong></span> <span class='ocrx_word' id='word_1_349' title='bbox 1267 4450 1372 4488; x_wconf 90' lang='lat' dir='ltr'><strong>non</strong></span> <span class='ocrx_word' id='word_1_350' title='bbox 1401 4435 1586 4490; x_wconf 88' lang='lat' dir='ltr'><strong>merita</strong></span> <span class='ocrx_word' id='word_1_351' title='bbox 1609 4437 1866 4503; x_wconf 84' lang='lat' dir='ltr'><strong>sequitur.</strong></span> <span class='ocrx_word' id='word_1_352' title='bbox 1886 4436 1978 4489; x_wconf 88' lang='lat' dir='ltr'><strong>sed</strong></span> <span class='ocrx_word' id='word_1_353' title='bbox 1992 4437 2128 4492; x_wconf 84' lang='lat' dir='ltr'><strong>bona</strong></span> 
     </span>
    </p>
   </div>
   <div class='ocr_carea' id='block_1_47' title="bbox 563 4525 2129 4597">
    <p class='ocr_par' dir='ltr' id='par_1_47' title="bbox 563 4525 2129 4597">
     <span class='ocr_line' id='line_1_47' title="bbox 563 4525 2129 4597; baseline -0.001 -15"><span class='ocrx_word' id='word_1_354' title='bbox 563 4527 796 4582; x_wconf 89' lang='lat' dir='ltr'><strong>indebita</strong></span> <span class='ocrx_word' id='word_1_355' title='bbox 825 4527 1052 4597; x_wconf 88' lang='lat' dir='ltr'><strong>gratuita</strong></span> <span class='ocrx_word' id='word_1_356' title='bbox 1080 4525 1313 4580; x_wconf 88' lang='lat' dir='ltr'><strong>bonitate</strong></span> <span class='ocrx_word' id='word_1_357' title='bbox 1343 4525 1594 4594; x_wconf 80' lang='lat' dir='ltr'><strong>largitur,</strong></span> <span class='ocrx_word' id='word_1_358' title='bbox 1621 4525 1780 4578; x_wconf 85' lang='lat' dir='ltr'><strong>fatum</strong></span> <span class='ocrx_word' id='word_1_359' title='bbox 1811 4527 1986 4594; x_wconf 78' lang='lat' dir='ltr'><strong>potius</strong></span> <span class='ocrx_word' id='word_1_360' title='bbox 2011 4541 2129 4580; x_wconf 78' lang='lat' dir='ltr'><strong>esse</strong></span> 
     </span>
    </p>
   </div>
   <div class='ocr_carea' id='block_1_48' title="bbox 561 4616 2127 4686">
    <p class='ocr_par' dir='ltr' id='par_1_48' title="bbox 561 4616 2127 4686">
     <span class='ocr_line' id='line_1_48' title="bbox 561 4616 2127 4686; baseline -0.002 -12"><span class='ocrx_word' id='word_1_361' title='bbox 561 4621 842 4676; x_wconf 88' lang='lat' dir='ltr'><strong>dicendum</strong></span> <span class='ocrx_word' id='word_1_362' title='bbox 867 4637 881 4672; x_wconf 89' lang='lat'><strong>:</strong></span> <span class='ocrx_word' id='word_1_363' title='bbox 905 4634 1025 4674; x_wconf 91' lang='lat' dir='ltr'><strong>cum</strong></span> <span class='ocrx_word' id='word_1_364' title='bbox 1057 4616 1192 4672; x_wconf 89' lang='lat' dir='ltr'><strong>hanc</strong></span> <span class='ocrx_word' id='word_1_365' title='bbox 1210 4618 1490 4686; x_wconf 82' lang='lat' dir='ltr'><strong>Apostolus</strong></span> <span class='ocrx_word' id='word_1_366' title='bbox 1501 4618 1720 4685; x_wconf 84' lang='lat' dir='ltr'><strong>gratiam</strong></span> <span class='ocrx_word' id='word_1_367' title='bbox 1737 4626 1906 4682; x_wconf 86' lang='lat' dir='ltr'><strong>vocet,</strong></span> <span class='ocrx_word' id='word_1_368' title='bbox 1925 4618 2127 4680; x_wconf 88' lang='lat' dir='ltr'><strong>dicens,</strong></span> 
     </span>
    </p>
   </div>
   <div class='ocr_carea' id='block_1_49' title="bbox 565 4707 2126 4779">
    <p class='ocr_par' dir='ltr' id='par_1_49' title="bbox 565 4707 2126 4779">
     <span class='ocr_line' id='line_1_49' title="bbox 565 4707 2126 4779; baseline -0.003 -15"><span class='ocrx_word' id='word_1_369' title='bbox 565 4709 742 4764; x_wconf 82' lang='lat' dir='ltr'><strong>Gratia</strong></span> <span class='ocrx_word' id='word_1_370' title='bbox 773 4710 898 4762; x_wconf 85' lang='lat' dir='ltr'><strong>salvi</strong></span> <span class='ocrx_word' id='word_1_371' title='bbox 927 4709 1048 4779; x_wconf 83' lang='lat' dir='ltr'><strong>[acti</strong></span> <span class='ocrx_word' id='word_1_372' title='bbox 1083 4709 1200 4761; x_wconf 87' lang='lat' dir='ltr'><strong>estis</strong></span> <span class='ocrx_word' id='word_1_373' title='bbox 1225 4719 1312 4776; x_wconf 72' lang='lat' dir='ltr'><strong>per</strong></span> <span class='ocrx_word' id='word_1_374' title='bbox 1338 4707 1506 4774; x_wconf 82' lang='lat' dir='ltr'><strong>ﬁdem,</strong></span> <span class='ocrx_word' id='word_1_375' title='bbox 1537 4717 1580 4760; x_wconf 87' lang='lat' dir='ltr'><strong>et</strong></span> <span class='ocrx_word' id='word_1_376' title='bbox 1611 4707 1704 4759; x_wconf 90' lang='lat' dir='ltr'><strong>hoc</strong></span> <span class='ocrx_word' id='word_1_377' title='bbox 1741 4723 1840 4760; x_wconf 89' lang='lat' dir='ltr'><strong>non</strong></span> <span class='ocrx_word' id='word_1_378' title='bbox 1879 4723 1943 4760; x_wconf 80' lang='lat' dir='ltr'><strong>ea:</strong></span> <span class='ocrx_word' id='word_1_379' title='bbox 1969 4709 2126 4772; x_wconf 86' lang='lat' dir='ltr'><strong>vobis,</strong></span> 
     </span>
    </p>
   </div>
   <div class='ocr_carea' id='block_1_50' title="bbox 564 4797 2133 4867">
    <p class='ocr_par' dir='ltr' id='par_1_50' title="bbox 564 4797 2133 4867">
     <span class='ocr_line' id='line_1_50' title="bbox 564 4797 2133 4867; baseline -0.002 -14"><span class='ocrx_word' id='word_1_380' title='bbox 564 4799 653 4853; x_wconf 82' lang='lat' dir='ltr'><strong>sed</strong></span> <span class='ocrx_word' id='word_1_381' title='bbox 682 4797 772 4852; x_wconf 88' lang='lat' dir='ltr'><strong>Dei</strong></span> <span class='ocrx_word' id='word_1_382' title='bbox 793 4799 981 4852; x_wconf 80' lang='lat' dir='ltr'><strong>donum</strong></span> <span class='ocrx_word' id='word_1_383' title='bbox 1007 4806 1112 4862; x_wconf 86' lang='lat' dir='ltr'><strong>est;</strong></span> <span class='ocrx_word' id='word_1_384' title='bbox 1142 4813 1240 4850; x_wconf 86' lang='lat' dir='ltr'><strong>non</strong></span> <span class='ocrx_word' id='word_1_385' title='bbox 1264 4812 1324 4851; x_wconf 67' lang='lat' dir='ltr'><strong>ea:</strong></span> <span class='ocrx_word' id='word_1_386' title='bbox 1342 4797 1591 4867; x_wconf 75' lang='lat' dir='ltr'><strong>operibus,</strong></span> <span class='ocrx_word' id='word_1_387' title='bbox 1615 4813 1675 4850; x_wconf 90' lang='lat' dir='ltr'><strong>ne</strong></span> <span class='ocrx_word' id='word_1_388' title='bbox 1699 4799 1828 4867; x_wconf 78' lang='lat' dir='ltr'><strong>forte</strong></span> <span class='ocrx_word' id='word_1_389' title='bbox 1851 4797 1962 4865; x_wconf 84' lang='lat' dir='ltr'><strong>quis</strong></span> <span class='ocrx_word' id='word_1_390' title='bbox 1981 4798 2133 4851; x_wconf 63' lang='lat' dir='ltr'><strong>atol-</strong></span> 
     </span>
    </p>
   </div>
   <div class='ocr_carea' id='block_1_51' title="bbox 565 4886 2131 4959">
    <p class='ocr_par' dir='ltr' id='par_1_51' title="bbox 565 4886 2131 4959">
     <span class='ocr_line' id='line_1_51' title="bbox 565 4886 2131 4959; baseline -0.003 -15"><span class='ocrx_word' id='word_1_391' title='bbox 565 4890 697 4944; x_wconf 86' lang='lat' dir='ltr'><strong>latur</strong></span> <span class='ocrx_word' id='word_1_392' title='bbox 720 4887 930 4959; x_wconf 83' lang='lat' dir='ltr'><strong>(Ephes.</strong></span> <span class='ocrx_word' id='word_1_393' title='bbox 962 4903 1019 4952; x_wconf 88' lang='lat' dir='ltr'><strong>ll,</strong></span> <span class='ocrx_word' id='word_1_394' title='bbox 1051 4888 1103 4951; x_wconf 88' lang='lat'><strong>8,</strong></span> <span class='ocrx_word' id='word_1_395' title='bbox 1135 4886 1227 4956; x_wconf 85' lang='lat'><strong>9);</strong></span> <span class='ocrx_word' id='word_1_396' title='bbox 1257 4901 1432 4940; x_wconf 90' lang='lat' dir='ltr'><strong>nonne</strong></span> <span class='ocrx_word' id='word_1_397' title='bbox 1459 4886 1751 4948; x_wconf 88' lang='lat' dir='ltr'><strong>attenditis.</strong></span> <span class='ocrx_word' id='word_1_398' title='bbox 1783 4902 1959 4942; x_wconf 90' lang='lat' dir='ltr'><strong>nonne</strong></span> <span class='ocrx_word' id='word_1_399' title='bbox 2010 4902 2131 4955; x_wconf 85' lang='lat' dir='ltr'><strong>per-</strong></span> 
     </span>
    </p>
   </div>
   <div class='ocr_carea' id='block_1_52' title="bbox 571 4977 2132 5048">
    <p class='ocr_par' dir='ltr' id='par_1_52' title="bbox 571 4977 2132 5048">
     <span class='ocr_line' id='line_1_52' title="bbox 571 4977 2132 5048; baseline 0 -14"><span class='ocrx_word' id='word_1_400' title='bbox 571 4979 796 5048; x_wconf 86' lang='lat' dir='ltr'><strong>spicitis,</strong></span> <span class='ocrx_word' id='word_1_401' title='bbox 822 4993 926 5032; x_wconf 87' lang='lat' dir='ltr'><strong>non</strong></span> <span class='ocrx_word' id='word_1_402' title='bbox 957 4993 989 5032; x_wconf 88' lang='lat' dir='ltr'><strong>a</strong></span> <span class='ocrx_word' id='word_1_403' title='bbox 1021 4977 1172 5032; x_wconf 86' lang='lat' dir='ltr'><strong>nobis</strong></span> <span class='ocrx_word' id='word_1_404' title='bbox 1199 4977 1389 5031; x_wconf 74' lang='lat' dir='ltr'><strong>divina:</strong></span> <span class='ocrx_word' id='word_1_405' title='bbox 1417 4978 1598 5046; x_wconf 69' lang='lat' dir='ltr'><strong>gratim</strong></span> <span class='ocrx_word' id='word_1_406' title='bbox 1633 4978 1846 5032; x_wconf 89' lang='lat' dir='ltr'><strong>nomine</strong></span> <span class='ocrx_word' id='word_1_407' title='bbox 1870 4977 2029 5031; x_wconf 82' lang='lat' dir='ltr'><strong>fatum</strong></span> <span class='ocrx_word' id='word_1_408' title='bbox 2048 4994 2132 5034; x_wconf 82' lang='lat' dir='ltr'><strong>as-</strong></span> 
     </span>
    </p>
   </div>
   <div class='ocr_carea' id='block_1_53' title="bbox 566 5065 2133 5138">
    <p class='ocr_par' dir='ltr' id='par_1_53' title="bbox 566 5065 2133 5138">
     <span class='ocr_line' id='line_1_53' title="bbox 566 5065 2133 5138; baseline -0.001 -14"><span class='ocrx_word' id='word_1_409' title='bbox 566 5070 693 5133; x_wconf 82' lang='lat' dir='ltr'><strong>seri,</strong></span> <span class='ocrx_word' id='word_1_410' title='bbox 716 5068 806 5124; x_wconf 85' lang='lat' dir='ltr'><strong>sed</strong></span> <span class='ocrx_word' id='word_1_411' title='bbox 831 5082 860 5120; x_wconf 90' lang='lat' dir='ltr'><strong>a</strong></span> <span class='ocrx_word' id='word_1_412' title='bbox 889 5069 1038 5124; x_wconf 87' lang='lat' dir='ltr'><strong>vobis</strong></span> <span class='ocrx_word' id='word_1_413' title='bbox 1068 5065 1498 5138; x_wconf 87' lang='lat' dir='ltr'><strong>potiusdivinam</strong></span> <span class='ocrx_word' id='word_1_414' title='bbox 1533 5066 1753 5136; x_wconf 87' lang='lat' dir='ltr'><strong>gratiam</strong></span> <span class='ocrx_word' id='word_1_415' title='bbox 1785 5068 1876 5121; x_wconf 79' lang='lat' dir='ltr'><strong>fati</strong></span> <span class='ocrx_word' id='word_1_416' title='bbox 1915 5069 2133 5124; x_wconf 87' lang='lat' dir='ltr'><strong>nomine</strong></span> 
     </span>
    </p>
   </div>
   <div class='ocr_carea' id='block_1_54' title="bbox 565 5157 892 5228">
    <p class='ocr_par' dir='ltr' id='par_1_54' title="bbox 565 5157 892 5228">
     <span class='ocr_line' id='line_1_54' title="bbox 565 5157 892 5228; baseline -0.015 -12"><span class='ocrx_word' id='word_1_417' title='bbox 565 5159 853 5228; x_wconf 81' lang='lat' dir='ltr'><strong>nuncupari</strong></span> <span class='ocrx_word' id='word_1_418' title='bbox 869 5157 892 5211; x_wconf 73' lang='grc' dir='ltr'><strong>’ἰ</strong></span> 
     </span>
    </p>
   </div>
   <div class='ocr_carea' id='block_1_55' title="bbox 633 5247 2134 5317">
    <p class='ocr_par' dir='ltr' id='par_1_55' title="bbox 633 5247 2134 5317">
     <span class='ocr_line' id='line_1_55' title="bbox 633 5247 2134 5317; baseline -0.003 -11"><span class='ocrx_word' id='word_1_419' title='bbox 633 5248 858 5306; x_wconf 82' lang='lat' dir='ltr'><strong>CAPUT</strong></span> <span class='ocrx_word' id='word_1_420' title='bbox 878 5247 986 5303; x_wconf 73' lang='lat' dir='ltr'><strong>Vll.</strong></span> <span class='ocrx_word' id='word_1_421' title='bbox 1001 5277 1076 5290; x_wconf 89' lang='lat'><strong>——</strong></span> <span class='ocrx_word' id='word_1_422' title='bbox 1093 5247 1175 5303; x_wconf 77' lang='lat' dir='ltr'><strong>l3.</strong></span> <span class='ocrx_word' id='word_1_423' title='bbox 1195 5247 1399 5317; x_wconf 77' lang='lat' dir='ltr'><strong>Refellit</strong></span> <span class='ocrx_word' id='word_1_424' title='bbox 1413 5247 1715 5302; x_wconf 80' lang='lat' dir='ltr'><strong>calumniam</strong></span> <span class='ocrx_word' id='word_1_425' title='bbox 1728 5247 1790 5300; x_wconf 88' lang='lat' dir='ltr'><strong>de</strong></span> <span class='ocrx_word' id='word_1_426' title='bbox 1809 5265 2134 5316; x_wconf 85' lang='lat' dir='ltr'><strong>personarum</strong></span> 
     </span>
    </p>
   </div>
   <div class='ocr_carea' id='block_1_56' title="bbox 629 5358 2135 5424">
    <p class='ocr_par' dir='ltr' id='par_1_56' title="bbox 629 5358 2135 5424">
     <span class='ocr_line' id='line_1_56' title="bbox 629 5358 2135 5424; baseline 0.001 -15"><span class='ocrx_word' id='word_1_427' title='bbox 629 5365 646 5394; x_wconf 76' lang='grc' dir='ltr'><strong>ι</strong></span> <span class='ocrx_word' id='word_1_428' title='bbox 674 5362 880 5412; x_wconf 78' lang='lat' dir='ltr'><strong>Vaticani</strong></span> <span class='ocrx_word' id='word_1_429' title='bbox 914 5366 1054 5420; x_wconf 71' lang='lat' dir='ltr'><strong>Mss,</strong></span> <span class='ocrx_word' id='word_1_430' title='bbox 1086 5362 1213 5424; x_wconf 88' lang='lat' dir='ltr'><strong>quod</strong></span> <span class='ocrx_word' id='word_1_431' title='bbox 1246 5367 1354 5410; x_wconf 82' lang='lat' dir='ltr'><strong>ante</strong></span> <span class='ocrx_word' id='word_1_432' title='bbox 1385 5372 1560 5423; x_wconf 84' lang='lat' dir='ltr'><strong>corpus</strong></span> <span class='ocrx_word' id='word_1_433' title='bbox 1589 5358 1850 5411; x_wconf 81' lang='lat' dir='ltr'><strong>humanum</strong></span> <span class='ocrx_word' id='word_1_434' title='bbox 1880 5359 1954 5411; x_wconf 78' lang='lat' dir='ltr'><strong>uel</strong></span> <span class='ocrx_word' id='word_1_435' title='bbox 1985 5367 2135 5411; x_wconf 85' lang='lat' dir='ltr'><strong>terre-</strong></span> 
     </span>
    </p>
   </div>
   <div class='ocr_carea' id='block_1_57' title="bbox 564 5436 2133 5556">
    <p class='ocr_par' dir='ltr' id='par_1_57' title="bbox 564 5436 2133 5556">
     <span class='ocr_line' id='line_1_57' title="bbox 564 5436 2133 5556; baseline 0.003 -26"><span class='ocrx_word' id='word_1_436' title='bbox 564 5436 890 5556; x_wconf 39' lang='lat' dir='ltr'><strong>Pu{Titianus-iul</strong></span> <span class='ocrx_word' id='word_1_437' title='bbox 934 5489 1064 5553; x_wconf 71' lang='lat' dir='ltr'><strong>uss,</strong></span> <span class='ocrx_word' id='word_1_438' title='bbox 1106 5481 1251 5556; x_wconf 75' lang='lat' dir='ltr'><strong>nullis</strong></span> <span class='ocrx_word' id='word_1_439' title='bbox 1289 5482 1495 5546; x_wconf 81' lang='lat' dir='ltr'><strong>prapru&#39;s</strong></span> <span class='ocrx_word' id='word_1_440' title='bbox 1528 5479 1712 5532; x_wconf 83' lang='lat' dir='ltr'><strong>meritis</strong></span> <span class='ocrx_word' id='word_1_441' title='bbox 1743 5493 1762 5531; x_wconf 92' lang='lat'><strong><em>:</em></strong></span> <span class='ocrx_word' id='word_1_442' title='bbox 1791 5489 1836 5533; x_wconf 90' lang='lat' dir='ltr'><strong>et</strong></span> <span class='ocrx_word' id='word_1_443' title='bbox 1869 5495 1946 5534; x_wconf 74' lang='lat' dir='ltr'><strong>vos</strong></span> <span class='ocrx_word' id='word_1_444' title='bbox 1975 5482 2133 5547; x_wconf 82' lang='lat' dir='ltr'><strong>ipsos;</strong></span> 
     </span>
    </p>
   </div>
   <div class='ocr_carea' id='block_1_58' title="bbox 567 5553 2133 5669">
    <p class='ocr_par' dir='ltr' id='par_1_58' title="bbox 567 5553 2133 5669">
     <span class='ocr_line' id='line_1_58' title="bbox 567 5553 1201 5602; baseline -0.005 -6"><span class='ocrx_word' id='word_1_445' title='bbox 567 5553 758 5600; x_wconf 81' lang='lat' dir='ltr'><strong>omisso,</strong></span> <span class='ocrx_word' id='word_1_446' title='bbox 785 5556 953 5602; x_wconf 83' lang='lat' dir='ltr'><strong>nempe</strong></span> <span class='ocrx_word' id='word_1_447' title='bbox 977 5553 1201 5594; x_wconf 64' lang='lat' dir='ltr'><strong>retractas.</strong></span> 
     </span>
     <span class='ocr_line' id='line_1_59' title="bbox 633 5602 2133 5669; baseline 0.002 -17"><span class='ocrx_word' id='word_1_448' title='bbox 633 5609 651 5638; x_wconf 84' lang='grc'>³</span> <span class='ocrx_word' id='word_1_449' title='bbox 676 5607 807 5658; x_wconf 65' lang='grc' dir='ltr'><strong>Μία.</strong></span> <span class='ocrx_word' id='word_1_450' title='bbox 826 5618 917 5654; x_wconf 89' lang='lat' dir='ltr'><strong>non</strong></span> <span class='ocrx_word' id='word_1_451' title='bbox 941 5602 1606 5667; x_wconf 72' lang='lat' dir='ltr'><strong>intelligentcsjnstiﬁctmdis;</strong></span> <span class='ocrx_word' id='word_1_452' title='bbox 1629 5605 1817 5663; x_wconf 89' lang='lat' dir='ltr'><strong>omisso,</strong></span> <span class='ocrx_word' id='word_1_453' title='bbox 1835 5605 1899 5665; x_wconf 90' lang='lat' dir='ltr'><strong>in,</strong></span> <span class='ocrx_word' id='word_1_454' title='bbox 1925 5606 2051 5669; x_wconf 84' lang='lat' dir='ltr'><strong>quod</strong></span> <span class='ocrx_word' id='word_1_455' title='bbox 2069 5619 2133 5656; x_wconf 88' lang='lat' dir='ltr'><strong>ex</strong></span> 
     </span>
    </p>
   </div>
   <div class='ocr_carea' id='block_1_59' title="bbox 570 5670 981 5717">
    <p class='ocr_par' dir='ltr' id='par_1_59' title="bbox 570 5670 981 5717">
     <span class='ocr_line' id='line_1_60' title="bbox 570 5670 981 5717; baseline 0 -1"><span class='ocrx_word' id='word_1_456' title='bbox 570 5676 673 5716; x_wconf 66' lang='lat' dir='ltr'><strong>litus.</strong></span> <span class='ocrx_word' id='word_1_457' title='bbox 699 5670 981 5717; x_wconf 76' lang='lat' dir='ltr'><strong>restituitur.</strong></span> 
     </span>
    </p>
   </div>
   <div class='ocr_carea' id='block_1_60' title="bbox 635 5727 1582 5789">
    <p class='ocr_par' dir='ltr' id='par_1_60' title="bbox 635 5727 1582 5789">
     <span class='ocr_line' id='line_1_61' title="bbox 635 5727 1582 5789; baseline -0.005 -12"><span class='ocrx_word' id='word_1_458' title='bbox 635 5731 655 5758; x_wconf 69' lang='grc'>⁸</span> <span class='ocrx_word' id='word_1_459' title='bbox 679 5729 967 5789; x_wconf 83' lang='lat' dir='ltr'><strong>I‘artieulaui,</strong></span> <span class='ocrx_word' id='word_1_460' title='bbox 997 5727 1054 5787; x_wconf 69' lang='lat' dir='ltr'><strong>si,</strong></span> <span class='ocrx_word' id='word_1_461' title='bbox 1072 5727 1370 5777; x_wconf 85' lang='lat' dir='ltr'><strong>restituimus</strong></span> <span class='ocrx_word' id='word_1_462' title='bbox 1394 5738 1454 5774; x_wconf 87' lang='lat' dir='ltr'><strong>ex</strong></span> <span class='ocrx_word' id='word_1_463' title='bbox 1481 5732 1582 5773; x_wconf 70' lang='lat' dir='ltr'><strong>uss.</strong></span> 
     </span>
    </p>
   </div>
   <div class='ocr_carea' id='block_1_61' title="bbox 1197 335 3196 404">
    <p class='ocr_par' dir='ltr' id='par_1_61' title="bbox 1197 335 3196 404">
     <span class='ocr_line' id='line_1_62' title="bbox 1197 335 3196 404; baseline -0.003 -4"><span class='ocrx_word' id='word_1_464' title='bbox 1197 342 1470 400; x_wconf 69' lang='lat' dir='ltr'><strong>CONTRA</strong></span> <span class='ocrx_word' id='word_1_465' title='bbox 1513 340 1694 396; x_wconf 76' lang='lat' dir='ltr'><strong>DUAS</strong></span> <span class='ocrx_word' id='word_1_466' title='bbox 1733 335 2103 393; x_wconf 74' lang='lat' dir='ltr'><strong>EPISTOLAS</strong></span> <span class='ocrx_word' id='word_1_467' title='bbox 2146 335 2698 404; x_wconf 66' lang='lat' dir='ltr'><strong>PELAGMNORUM,</strong></span> <span class='ocrx_word' id='word_1_468' title='bbox 2737 339 2794 394; x_wconf 89' lang='lat' dir='ltr'><strong>S.</strong></span> <span class='ocrx_word' id='word_1_469' title='bbox 2833 338 3196 396; x_wconf 74' lang='lat' dir='ltr'><strong>AUGUSTINI</strong></span> 
     </span>
    </p>
   </div>
   <div class='ocr_carea' id='block_1_62' title="bbox 2215 450 3792 521">
    <p class='ocr_par' dir='ltr' id='par_1_62' title="bbox 2215 450 3792 521">
     <span class='ocr_line' id='line_1_63' title="bbox 2215 450 3792 521; baseline 0.006 -21"><span class='ocrx_word' id='word_1_470' title='bbox 2215 450 2515 518; x_wconf 71' lang='lat' dir='ltr'><strong>acceptione.</strong></span> <span class='ocrx_word' id='word_1_471' title='bbox 2533 450 2783 520; x_wconf 89' lang='lat' dir='ltr'><strong>Itemque,</strong></span> <span class='ocrx_word' id='word_1_472' title='bbox 2801 453 3037 521; x_wconf 88' lang='lat' dir='ltr'><strong>acceptio</strong></span> <span class='ocrx_word' id='word_1_473' title='bbox 3057 453 3073 485; x_wconf 79' lang='grc'>⁸</span> <span class='ocrx_word' id='word_1_474' title='bbox 3091 465 3432 520; x_wconf 86' lang='lat' dir='ltr'><strong>personarum</strong></span> <span class='ocrx_word' id='word_1_475' title='bbox 3449 451 3520 506; x_wconf 89' lang='lat' dir='ltr'><strong>ibi</strong></span> <span class='ocrx_word' id='word_1_476' title='bbox 3541 461 3684 509; x_wconf 86' lang='lat' dir='ltr'><strong>recte</strong></span> <span class='ocrx_word' id='word_1_477' title='bbox 3708 455 3792 509; x_wconf 83' lang='lat' dir='ltr'><strong>di-</strong></span> 
     </span>
    </p>
   </div>
   <div class='ocr_carea' id='block_1_63' title="bbox 2215 539 3794 610">
    <p class='ocr_par' dir='ltr' id='par_1_63' title="bbox 2215 539 3794 610">
     <span class='ocr_line' id='line_1_64' title="bbox 2215 539 3794 610; baseline 0.006 -20"><span class='ocrx_word' id='word_1_478' title='bbox 2215 539 2374 603; x_wconf 88' lang='lat' dir='ltr'><strong>citur,</strong></span> <span class='ocrx_word' id='word_1_479' title='bbox 2395 539 2480 592; x_wconf 91' lang='lat' dir='ltr'><strong>ubi</strong></span> <span class='ocrx_word' id='word_1_480' title='bbox 2499 540 2584 593; x_wconf 93' lang='lat' dir='ltr'><strong>ille</strong></span> <span class='ocrx_word' id='word_1_481' title='bbox 2603 542 2690 608; x_wconf 90' lang='lat' dir='ltr'><strong>qui</strong></span> <span class='ocrx_word' id='word_1_482' title='bbox 2708 541 2905 609; x_wconf 90' lang='lat' dir='ltr'><strong>judicat</strong></span> <span class='ocrx_word' id='word_1_483' title='bbox 2925 541 3229 610; x_wconf 89' lang='lat' dir='ltr'><strong>relinquens</strong></span> <span class='ocrx_word' id='word_1_484' title='bbox 3250 556 3426 596; x_wconf 66' lang='lat' dir='ltr'><strong>causae</strong></span> <span class='ocrx_word' id='word_1_485' title='bbox 3450 543 3693 597; x_wconf 88' lang='lat' dir='ltr'><strong>meritum</strong></span> <span class='ocrx_word' id='word_1_486' title='bbox 3715 544 3794 598; x_wconf 80' lang='lat' dir='ltr'><strong>do</strong></span> 
     </span>
    </p>
   </div>
   <div class='ocr_carea' id='block_1_64' title="bbox 2217 629 3792 703">
    <p class='ocr_par' dir='ltr' id='par_1_64' title="bbox 2217 629 3792 703">
     <span class='ocr_line' id='line_1_65' title="bbox 2217 629 3792 703; baseline 0.005 -23"><span class='ocrx_word' id='word_1_487' title='bbox 2217 644 2319 696; x_wconf 85' lang='lat' dir='ltr'><strong>qua</strong></span> <span class='ocrx_word' id='word_1_488' title='bbox 2339 629 2559 697; x_wconf 90' lang='lat' dir='ltr'><strong>judicat,</strong></span> <span class='ocrx_word' id='word_1_489' title='bbox 2584 631 2737 684; x_wconf 87' lang='lat' dir='ltr'><strong>alteri</strong></span> <span class='ocrx_word' id='word_1_490' title='bbox 2761 640 2944 685; x_wconf 82' lang='lat' dir='ltr'><strong>contra</strong></span> <span class='ocrx_word' id='word_1_491' title='bbox 2965 633 3183 685; x_wconf 89' lang='lat' dir='ltr'><strong>alterum</strong></span> <span class='ocrx_word' id='word_1_492' title='bbox 3206 632 3536 702; x_wconf 80' lang='lat' dir='ltr'><strong>suﬂ&#39;ragatur,</strong></span> <span class='ocrx_word' id='word_1_493' title='bbox 3559 635 3680 703; x_wconf 86' lang='lat' dir='ltr'><strong>quia</strong></span> <span class='ocrx_word' id='word_1_494' title='bbox 3700 635 3792 688; x_wconf 80' lang='lat' dir='ltr'><strong>in-</strong></span> 
     </span>
    </p>
   </div>
   <div class='ocr_carea' id='block_1_65' title="bbox 2219 722 3796 792">
    <p class='ocr_par' dir='ltr' id='par_1_65' title="bbox 2219 722 3796 792">
     <span class='ocr_line' id='line_1_66' title="bbox 2219 722 3796 792; baseline 0.007 -22"><span class='ocrx_word' id='word_1_495' title='bbox 2219 722 2358 773; x_wconf 80' lang='lat' dir='ltr'><strong>venit</strong></span> <span class='ocrx_word' id='word_1_496' title='bbox 2387 722 2579 790; x_wconf 89' lang='lat' dir='ltr'><strong>aliqnid</strong></span> <span class='ocrx_word' id='word_1_497' title='bbox 2611 723 2662 775; x_wconf 91' lang='lat' dir='ltr'><strong>in</strong></span> <span class='ocrx_word' id='word_1_498' title='bbox 2700 737 2921 789; x_wconf 88' lang='lat' dir='ltr'><strong>persona</strong></span> <span class='ocrx_word' id='word_1_499' title='bbox 2948 722 3088 792; x_wconf 90' lang='lat' dir='ltr'><strong>quod</strong></span> <span class='ocrx_word' id='word_1_500' title='bbox 3116 723 3317 778; x_wconf 88' lang='lat' dir='ltr'><strong>honore</strong></span> <span class='ocrx_word' id='word_1_501' title='bbox 3341 725 3422 778; x_wconf 88' lang='lat' dir='ltr'><strong>vel</strong></span> <span class='ocrx_word' id='word_1_502' title='bbox 3449 725 3796 781; x_wconf 79' lang='lat' dir='ltr'><strong>miseratione</strong></span> 
     </span>
    </p>
   </div>
   <div class='ocr_carea' id='block_1_66' title="bbox 2219 811 3791 881">
    <p class='ocr_par' dir='ltr' id='par_1_66' title="bbox 2219 811 3791 881">
     <span class='ocr_line' id='line_1_67' title="bbox 2219 811 3791 881; baseline 0.003 -18"><span class='ocrx_word' id='word_1_503' title='bbox 2219 812 2288 863; x_wconf 87' lang='lat' dir='ltr'><strong>sit</strong></span> <span class='ocrx_word' id='word_1_504' title='bbox 2311 811 2522 878; x_wconf 75' lang='lat' dir='ltr'><strong>dignum</strong></span> <span class='ocrx_word' id='word_1_505' title='bbox 2569 811 2622 865; x_wconf 88' lang='lat' dir='ltr'><strong>Si</strong></span> <span class='ocrx_word' id='word_1_506' title='bbox 2644 823 2818 866; x_wconf 87' lang='lat' dir='ltr'><strong>autem</strong></span> <span class='ocrx_word' id='word_1_507' title='bbox 2845 813 3102 881; x_wconf 87' lang='lat' dir='ltr'><strong>quiSpiam</strong></span> <span class='ocrx_word' id='word_1_508' title='bbox 3130 812 3262 868; x_wconf 84' lang='lat' dir='ltr'><strong>duos</strong></span> <span class='ocrx_word' id='word_1_509' title='bbox 3279 813 3466 869; x_wconf 84' lang='lat' dir='ltr'><strong>habeat</strong></span> <span class='ocrx_word' id='word_1_510' title='bbox 3493 814 3791 878; x_wconf 87' lang='lat' dir='ltr'><strong>debitores,</strong></span> 
     </span>
    </p>
   </div>
   <div class='ocr_carea' id='block_1_67' title="bbox 2219 901 3792 972">
    <p class='ocr_par' dir='ltr' id='par_1_67' title="bbox 2219 901 3792 972">
     <span class='ocr_line' id='line_1_68' title="bbox 2219 901 3792 972; baseline 0.004 -19"><span class='ocrx_word' id='word_1_511' title='bbox 2219 909 2272 953; x_wconf 92' lang='lat' dir='ltr'><strong>et</strong></span> <span class='ocrx_word' id='word_1_512' title='bbox 2290 901 2438 954; x_wconf 85' lang='lat' dir='ltr'><strong>alteri</strong></span> <span class='ocrx_word' id='word_1_513' title='bbox 2458 903 2580 954; x_wconf 86' lang='lat' dir='ltr'><strong>velit</strong></span> <span class='ocrx_word' id='word_1_514' title='bbox 2605 901 2871 956; x_wconf 89' lang='lat' dir='ltr'><strong>dimittere</strong></span> <span class='ocrx_word' id='word_1_515' title='bbox 2898 902 3154 967; x_wconf 89' lang='lat' dir='ltr'><strong>debitum,</strong></span> <span class='ocrx_word' id='word_1_516' title='bbox 3174 903 3396 957; x_wconf 90' lang='lat' dir='ltr'><strong>alterum</strong></span> <span class='ocrx_word' id='word_1_517' title='bbox 3427 905 3669 972; x_wconf 82' lang='lat' dir='ltr'><strong>exigere;</strong></span> <span class='ocrx_word' id='word_1_518' title='bbox 3700 906 3792 959; x_wconf 88' lang='lat' dir='ltr'><strong>cui</strong></span> 
     </span>
    </p>
   </div>
   <div class='ocr_carea' id='block_1_68' title="bbox 2221 992 3793 1065">
    <p class='ocr_par' dir='ltr' id='par_1_68' title="bbox 2221 992 3793 1065">
     <span class='ocr_line' id='line_1_69' title="bbox 2221 992 3793 1065; baseline 0.003 -21"><span class='ocrx_word' id='word_1_519' title='bbox 2221 993 2331 1046; x_wconf 89' lang='lat' dir='ltr'><strong>vult</strong></span> <span class='ocrx_word' id='word_1_520' title='bbox 2356 992 2537 1055; x_wconf 89' lang='lat' dir='ltr'><strong>donat,</strong></span> <span class='ocrx_word' id='word_1_521' title='bbox 2566 993 2658 1046; x_wconf 89' lang='lat' dir='ltr'><strong>sed</strong></span> <span class='ocrx_word' id='word_1_522' title='bbox 2689 995 2952 1048; x_wconf 89' lang='lat' dir='ltr'><strong>neminem</strong></span> <span class='ocrx_word' id='word_1_523' title='bbox 2997 993 3201 1048; x_wconf 81' lang='lat' dir='ltr'><strong>fraudat</strong></span> <span class='ocrx_word' id='word_1_524' title='bbox 3225 1011 3238 1046; x_wconf 90' lang='lat'>:</span> <span class='ocrx_word' id='word_1_525' title='bbox 3264 1009 3362 1048; x_wconf 91' lang='lat' dir='ltr'><strong>nec</strong></span> <span class='ocrx_word' id='word_1_526' title='bbox 3401 995 3637 1065; x_wconf 88' lang='lat' dir='ltr'><strong>acceptio</strong></span> <span class='ocrx_word' id='word_1_527' title='bbox 3665 1010 3793 1062; x_wconf 85' lang='lat' dir='ltr'><strong>per-</strong></span> 
     </span>
    </p>
   </div>
   <div class='ocr_carea' id='block_1_69' title="bbox 2222 1085 3793 1154">
    <p class='ocr_par' dir='ltr' id='par_1_69' title="bbox 2222 1085 3793 1154">
     <span class='ocr_line' id='line_1_70' title="bbox 2222 1085 3793 1154; baseline 0.001 -17"><span class='ocrx_word' id='word_1_528' title='bbox 2222 1099 2468 1137; x_wconf 75' lang='lat' dir='ltr'><strong>Senarnm</strong></span> <span class='ocrx_word' id='word_1_529' title='bbox 2517 1085 2738 1138; x_wconf 87' lang='lat' dir='ltr'><strong>dicenda</strong></span> <span class='ocrx_word' id='word_1_530' title='bbox 2781 1095 2882 1150; x_wconf 88' lang='lat' dir='ltr'><strong>est,</strong></span> <span class='ocrx_word' id='word_1_531' title='bbox 2937 1085 3150 1154; x_wconf 92' lang='lat' dir='ltr'><strong>quando</strong></span> <span class='ocrx_word' id='word_1_532' title='bbox 3204 1086 3452 1153; x_wconf 90' lang='lat' dir='ltr'><strong>iniquitas</strong></span> <span class='ocrx_word' id='word_1_533' title='bbox 3498 1085 3637 1138; x_wconf 86' lang='lat' dir='ltr'><strong>nulla</strong></span> <span class='ocrx_word' id='word_1_534' title='bbox 3684 1097 3793 1138; x_wconf 90' lang='lat' dir='ltr'><strong>est.</strong></span> 
     </span>
    </p>
   </div>
   <div class='ocr_carea' id='block_1_70' title="bbox 2223 1176 3795 1244">
    <p class='ocr_par' dir='ltr' id='par_1_70' title="bbox 2223 1176 3795 1244">
     <span class='ocr_line' id='line_1_71' title="bbox 2223 1176 3795 1244; baseline 0 -15"><span class='ocrx_word' id='word_1_535' title='bbox 2223 1177 2465 1243; x_wconf 76' lang='lat' dir='ltr'><strong>Alioquin</strong></span> <span class='ocrx_word' id='word_1_536' title='bbox 2507 1179 2585 1228; x_wconf 87' lang='lat' dir='ltr'><strong>eis</strong></span> <span class='ocrx_word' id='word_1_537' title='bbox 2622 1177 2710 1241; x_wconf 90' lang='lat' dir='ltr'><strong>qui</strong></span> <span class='ocrx_word' id='word_1_538' title='bbox 2762 1191 2943 1243; x_wconf 88' lang='lat' dir='ltr'><strong>parum</strong></span> <span class='ocrx_word' id='word_1_539' title='bbox 2995 1176 3308 1243; x_wconf 83' lang='lat' dir='ltr'><strong>intelligunt,</strong></span> <span class='ocrx_word' id='word_1_540' title='bbox 3341 1185 3514 1244; x_wconf 85' lang='lat' dir='ltr'><strong>potest</strong></span> <span class='ocrx_word' id='word_1_541' title='bbox 3553 1177 3795 1244; x_wconf 80' lang='lat' dir='ltr'><strong>acceptio</strong></span> 
     </span>
    </p>
   </div>
   <div class='ocr_carea' id='block_1_71' title="bbox 2224 1265 3796 1336">
    <p class='ocr_par' dir='ltr' id='par_1_71' title="bbox 2224 1265 3796 1336">
     <span class='ocr_line' id='line_1_72' title="bbox 2224 1265 3796 1336; baseline 0.002 -18"><span class='ocrx_word' id='word_1_542' title='bbox 2224 1281 2566 1334; x_wconf 87' lang='lat' dir='ltr'><strong>personarum</strong></span> <span class='ocrx_word' id='word_1_543' title='bbox 2598 1265 2783 1330; x_wconf 89' lang='lat' dir='ltr'><strong>videri,</strong></span> <span class='ocrx_word' id='word_1_544' title='bbox 2811 1265 2900 1319; x_wconf 92' lang='lat' dir='ltr'><strong>ubi</strong></span> <span class='ocrx_word' id='word_1_545' title='bbox 2932 1265 3098 1320; x_wconf 69' lang='lat' dir='ltr'><strong>vinea:</strong></span> <span class='ocrx_word' id='word_1_546' title='bbox 3122 1266 3368 1320; x_wconf 91' lang='lat' dir='ltr'><strong>dominus</strong></span> <span class='ocrx_word' id='word_1_547' title='bbox 3396 1267 3673 1335; x_wconf 87' lang='lat' dir='ltr'><strong>operariis,</strong></span> <span class='ocrx_word' id='word_1_548' title='bbox 3700 1266 3796 1336; x_wconf 87' lang='lat' dir='ltr'><strong>qui</strong></span> 
     </span>
    </p>
   </div>
   <div class='ocr_carea' id='block_1_72' title="bbox 2225 1355 3796 1425">
    <p class='ocr_par' dir='ltr' id='par_1_72' title="bbox 2225 1355 3796 1425">
     <span class='ocr_line' id='line_1_73' title="bbox 2225 1355 3796 1425; baseline 0.003 -17"><span class='ocrx_word' id='word_1_549' title='bbox 2225 1370 2326 1408; x_wconf 89' lang='lat' dir='ltr'><strong>una</strong></span> <span class='ocrx_word' id='word_1_550' title='bbox 2358 1355 2486 1408; x_wconf 90' lang='lat' dir='ltr'><strong>hora</strong></span> <span class='ocrx_word' id='word_1_551' title='bbox 2517 1355 2624 1408; x_wconf 92' lang='lat' dir='ltr'><strong>illic</strong></span> <span class='ocrx_word' id='word_1_552' title='bbox 2651 1368 2784 1424; x_wconf 88' lang='lat' dir='ltr'><strong>opus</strong></span> <span class='ocrx_word' id='word_1_553' title='bbox 2814 1355 3068 1418; x_wconf 89' lang='lat' dir='ltr'><strong>fecerunt,</strong></span> <span class='ocrx_word' id='word_1_554' title='bbox 3097 1365 3300 1410; x_wconf 88' lang='lat' dir='ltr'><strong>tantum</strong></span> <span class='ocrx_word' id='word_1_555' title='bbox 3329 1356 3506 1421; x_wconf 89' lang='lat' dir='ltr'><strong>dedit,</strong></span> <span class='ocrx_word' id='word_1_556' title='bbox 3537 1367 3796 1425; x_wconf 88' lang='lat' dir='ltr'><strong>quantum</strong></span> 
     </span>
    </p>
   </div>
   <div class='ocr_carea' id='block_1_73' title="bbox 2226 1445 3800 1518">
    <p class='ocr_par' dir='ltr' id='par_1_73' title="bbox 2226 1445 3800 1518">
     <span class='ocr_line' id='line_1_74' title="bbox 2226 1445 3800 1518; baseline 0.004 -20"><span class='ocrx_word' id='word_1_557' title='bbox 2226 1445 2332 1498; x_wconf 92' lang='lat' dir='ltr'><strong>illis</strong></span> <span class='ocrx_word' id='word_1_558' title='bbox 2357 1449 2446 1514; x_wconf 90' lang='lat' dir='ltr'><strong>qui</strong></span> <span class='ocrx_word' id='word_1_559' title='bbox 2489 1447 2821 1514; x_wconf 88' lang='lat' dir='ltr'><strong>pertulerunt</strong></span> <span class='ocrx_word' id='word_1_560' title='bbox 2851 1447 3056 1516; x_wconf 88' lang='lat' dir='ltr'><strong>pondus</strong></span> <span class='ocrx_word' id='word_1_561' title='bbox 3091 1447 3200 1503; x_wconf 89' lang='lat' dir='ltr'><strong>diei</strong></span> <span class='ocrx_word' id='word_1_562' title='bbox 3240 1458 3296 1504; x_wconf 91' lang='lat' dir='ltr'><strong>et</strong></span> <span class='ocrx_word' id='word_1_563' title='bbox 3333 1458 3514 1513; x_wconf 67' lang='lat' dir='ltr'><strong>testes,</strong></span> <span class='ocrx_word' id='word_1_564' title='bbox 3561 1450 3800 1518; x_wconf 76' lang='lat' dir='ltr'><strong>:equales</strong></span> 
     </span>
    </p>
   </div>
   <div class='ocr_carea' id='block_1_74' title="bbox 2225 1533 3798 1609">
    <p class='ocr_par' dir='ltr' id='par_1_74' title="bbox 2225 1533 3798 1609">
     <span class='ocr_line' id='line_1_75' title="bbox 2225 1533 3798 1609; baseline 0.004 -22"><span class='ocrx_word' id='word_1_565' title='bbox 2225 1533 2423 1588; x_wconf 86' lang='lat' dir='ltr'><strong>faciens</strong></span> <span class='ocrx_word' id='word_1_566' title='bbox 2467 1535 2518 1588; x_wconf 93' lang='lat' dir='ltr'><strong>in</strong></span> <span class='ocrx_word' id='word_1_567' title='bbox 2573 1537 2837 1598; x_wconf 89' lang='lat' dir='ltr'><strong>mercede,</strong></span> <span class='ocrx_word' id='word_1_568' title='bbox 2870 1552 3096 1606; x_wconf 90' lang='lat' dir='ltr'><strong>quorum</strong></span> <span class='ocrx_word' id='word_1_569' title='bbox 3152 1548 3257 1592; x_wconf 89' lang='lat' dir='ltr'><strong>tam</strong></span> <span class='ocrx_word' id='word_1_570' title='bbox 3310 1554 3498 1609; x_wconf 89' lang='lat' dir='ltr'><strong>magna</strong></span> <span class='ocrx_word' id='word_1_571' title='bbox 3545 1539 3798 1594; x_wconf 81' lang='lat' dir='ltr'><strong>distantia</strong></span> 
     </span>
    </p>
   </div>
   <div class='ocr_carea' id='block_1_75' title="bbox 2225 1625 3799 1698">
    <p class='ocr_par' dir='ltr' id='par_1_75' title="bbox 2225 1625 3799 1698">
     <span class='ocr_line' id='line_1_76' title="bbox 2225 1625 3799 1698; baseline 0.005 -20"><span class='ocrx_word' id='word_1_572' title='bbox 2225 1625 2393 1679; x_wconf 89' lang='lat' dir='ltr'><strong>fuerat</strong></span> <span class='ocrx_word' id='word_1_573' title='bbox 2437 1627 2488 1680; x_wconf 88' lang='lat' dir='ltr'><strong>in</strong></span> <span class='ocrx_word' id='word_1_574' title='bbox 2528 1627 2726 1682; x_wconf 90' lang='lat' dir='ltr'><strong>labore.</strong></span> <span class='ocrx_word' id='word_1_575' title='bbox 2757 1628 2859 1682; x_wconf 91' lang='lat' dir='ltr'><strong>Sed</strong></span> <span class='ocrx_word' id='word_1_576' title='bbox 2897 1629 3021 1698; x_wconf 89' lang='lat' dir='ltr'><strong>quid</strong></span> <span class='ocrx_word' id='word_1_577' title='bbox 3065 1629 3337 1697; x_wconf 87' lang='lat' dir='ltr'><strong>respondit</strong></span> <span class='ocrx_word' id='word_1_578' title='bbox 3382 1632 3448 1685; x_wconf 88' lang='lat' dir='ltr'><strong>de</strong></span> <span class='ocrx_word' id='word_1_579' title='bbox 3491 1631 3589 1685; x_wconf 89' lang='lat' dir='ltr'><strong>hac</strong></span> <span class='ocrx_word' id='word_1_580' title='bbox 3631 1631 3799 1686; x_wconf 89' lang='lat' dir='ltr'><strong>veluti</strong></span> 
     </span>
    </p>
   </div>
   <div class='ocr_carea' id='block_1_76' title="bbox 2225 1719 3802 1791">
    <p class='ocr_par' dir='ltr' id='par_1_76' title="bbox 2225 1719 3802 1791">
     <span class='ocr_line' id='line_1_77' title="bbox 2225 1719 3802 1791; baseline 0.006 -23"><span class='ocrx_word' id='word_1_581' title='bbox 2225 1719 2532 1786; x_wconf 81' lang='lat' dir='ltr'><strong>acceptione</strong></span> <span class='ocrx_word' id='word_1_582' title='bbox 2559 1736 2900 1788; x_wconf 89' lang='lat' dir='ltr'><strong>personarum</strong></span> <span class='ocrx_word' id='word_1_583' title='bbox 2925 1720 3182 1775; x_wconf 86' lang='lat' dir='ltr'><strong>adversus</strong></span> <span class='ocrx_word' id='word_1_584' title='bbox 3203 1722 3634 1791; x_wconf 85' lang='lat' dir='ltr'><strong>patremfamilias</strong></span> <span class='ocrx_word' id='word_1_585' title='bbox 3653 1740 3802 1778; x_wconf 90' lang='lat' dir='ltr'><strong>mur-</strong></span> 
     </span>
    </p>
   </div>
   <div class='ocr_carea' id='block_1_77' title="bbox 2225 1811 3795 1885">
    <p class='ocr_par' dir='ltr' id='par_1_77' title="bbox 2225 1811 3795 1885">
     <span class='ocr_line' id='line_1_78' title="bbox 2225 1811 3795 1885; baseline 0.006 -25"><span class='ocrx_word' id='word_1_586' title='bbox 2225 1811 2586 1863; x_wconf 78' lang='lat' dir='ltr'><strong>murantibus?</strong></span> <span class='ocrx_word' id='word_1_587' title='bbox 2616 1812 2804 1874; x_wconf 75' lang='lat' dir='ltr'><strong>Amice,</strong></span> <span class='ocrx_word' id='word_1_588' title='bbox 2850 1812 3036 1881; x_wconf 86' lang='lat' dir='ltr'><strong>inquit,</strong></span> <span class='ocrx_word' id='word_1_589' title='bbox 3087 1830 3187 1867; x_wconf 89' lang='lat' dir='ltr'><strong>non</strong></span> <span class='ocrx_word' id='word_1_590' title='bbox 3233 1815 3370 1882; x_wconf 72' lang='lat' dir='ltr'><strong>facio</strong></span> <span class='ocrx_word' id='word_1_591' title='bbox 3406 1816 3493 1868; x_wconf 90' lang='lat' dir='ltr'><strong>tibi</strong></span> <span class='ocrx_word' id='word_1_592' title='bbox 3530 1816 3795 1885; x_wconf 82' lang='lat' dir='ltr'><strong>injuriam.</strong></span> 
     </span>
    </p>
   </div>
   <div class='ocr_carea' id='block_1_78' title="bbox 2226 1897 3798 1976">
    <p class='ocr_par' dir='ltr' id='par_1_78' title="bbox 2226 1897 3798 1976">
     <span class='ocr_line' id='line_1_79' title="bbox 2226 1897 3798 1976; baseline 0.006 -26"><span class='ocrx_word' id='word_1_593' title='bbox 2226 1897 2413 1952; x_wconf 77' lang='lat' dir='ltr'><strong>Nonne</strong></span> <span class='ocrx_word' id='word_1_594' title='bbox 2457 1916 2520 1953; x_wconf 72' lang='lat' dir='ltr'><strong>ex</strong></span> <span class='ocrx_word' id='word_1_595' title='bbox 2556 1901 2763 1954; x_wconf 87' lang='lat' dir='ltr'><strong>denario</strong></span> <span class='ocrx_word' id='word_1_596' title='bbox 2790 1904 3057 1957; x_wconf 75' lang='lat' dir='ltr'><strong>convenisti</strong></span> <span class='ocrx_word' id='word_1_597' title='bbox 3095 1905 3322 1958; x_wconf 77' lang='lat' dir='ltr'><strong>mecum?</strong></span> <span class='ocrx_word' id='word_1_598' title='bbox 3354 1904 3473 1959; x_wconf 87' lang='lat' dir='ltr'><strong>Tale</strong></span> <span class='ocrx_word' id='word_1_599' title='bbox 3492 1907 3626 1976; x_wconf 85' lang='lat' dir='ltr'><strong>quod</strong></span> <span class='ocrx_word' id='word_1_600' title='bbox 3653 1916 3798 1959; x_wconf 69' lang='lat' dir='ltr'><strong>tuum</strong></span> 
     </span>
    </p>
   </div>
   <div class='ocr_carea' id='block_1_79' title="bbox 2223 1989 3800 2050">
    <p class='ocr_par' dir='ltr' id='par_1_79' title="bbox 2223 1989 3800 2050">
     <span class='ocr_line' id='line_1_80' title="bbox 2223 1989 3800 2050; baseline 0.006 -8"><span class='ocrx_word' id='word_1_601' title='bbox 2223 1999 2316 2050; x_wconf 84' lang='lat' dir='ltr'><strong>est,</strong></span> <span class='ocrx_word' id='word_1_602' title='bbox 2340 2001 2386 2042; x_wconf 82' lang='lat' dir='ltr'><strong>et</strong></span> <span class='ocrx_word' id='word_1_603' title='bbox 2413 1991 2554 2043; x_wconf 82' lang='lat' dir='ltr'><strong>vade.</strong></span> <span class='ocrx_word' id='word_1_604' title='bbox 2596 1989 2720 2044; x_wconf 79' lang='lat' dir='ltr'><strong>Volo</strong></span> <span class='ocrx_word' id='word_1_605' title='bbox 2745 2002 2909 2045; x_wconf 78' lang='lat' dir='ltr'><strong>autent</strong></span> <span class='ocrx_word' id='word_1_606' title='bbox 2941 2003 2986 2046; x_wconf 88' lang='lat' dir='ltr'><strong>et</strong></span> <span class='ocrx_word' id='word_1_607' title='bbox 3025 1994 3139 2046; x_wconf 85' lang='lat' dir='ltr'><strong>huic</strong></span> <span class='ocrx_word' id='word_1_608' title='bbox 3163 1996 3428 2048; x_wconf 77' lang='lat' dir='ltr'><strong>nouissimo</strong></span> <span class='ocrx_word' id='word_1_609' title='bbox 3443 1997 3578 2050; x_wconf 84' lang='lat' dir='ltr'><strong>dare</strong></span> <span class='ocrx_word' id='word_1_610' title='bbox 3596 1997 3725 2050; x_wconf 77' lang='lat' dir='ltr'><strong>sicut</strong></span> <span class='ocrx_word' id='word_1_611' title='bbox 3750 2007 3800 2050; x_wconf 81' lang='lat' dir='ltr'><strong>et</strong></span> 
     </span>
    </p>
   </div>
   <div class='ocr_carea' id='block_1_80' title="bbox 2225 2080 3800 2152">
    <p class='ocr_par' dir='ltr' id='par_1_80' title="bbox 2225 2080 3800 2152">
     <span class='ocr_line' id='line_1_81' title="bbox 2225 2080 3800 2152; baseline 0.007 -22"><span class='ocrx_word' id='word_1_612' title='bbox 2225 2080 2334 2135; x_wconf 91' lang='lat' dir='ltr'><strong>tibi.</strong></span> <span class='ocrx_word' id='word_1_613' title='bbox 2364 2080 2542 2134; x_wconf 78' lang='lat' dir='ltr'><strong>Annon</strong></span> <span class='ocrx_word' id='word_1_614' title='bbox 2569 2082 2681 2134; x_wconf 86' lang='lat' dir='ltr'><strong>licet</strong></span> <span class='ocrx_word' id='word_1_615' title='bbox 2709 2083 2828 2136; x_wconf 89' lang='lat' dir='ltr'><strong>mihi</strong></span> <span class='ocrx_word' id='word_1_616' title='bbox 2854 2083 2987 2151; x_wconf 86' lang='lat' dir='ltr'><strong>quod</strong></span> <span class='ocrx_word' id='word_1_617' title='bbox 3017 2083 3126 2137; x_wconf 73' lang='lat' dir='ltr'><strong>colo</strong></span> <span class='ocrx_word' id='word_1_618' title='bbox 3157 2083 3360 2152; x_wconf 77' lang='lat' dir='ltr'><strong>facere?</strong></span> <span class='ocrx_word' id='word_1_619' title='bbox 3385 2084 3463 2138; x_wconf 75' lang='lat' dir='ltr'><strong>An</strong></span> <span class='ocrx_word' id='word_1_620' title='bbox 3485 2086 3659 2140; x_wconf 87' lang='lat' dir='ltr'><strong>oculus</strong></span> <span class='ocrx_word' id='word_1_621' title='bbox 3681 2097 3800 2141; x_wconf 83' lang='lat' dir='ltr'><strong>tuus</strong></span> 
     </span>
    </p>
   </div>
   <div class='ocr_carea' id='block_1_81' title="bbox 2225 2172 3800 2246">
    <p class='ocr_par' dir='ltr' id='par_1_81' title="bbox 2225 2172 3800 2246">
     <span class='ocr_line' id='line_1_82' title="bbox 2225 2172 3800 2246; baseline 0.006 -25"><span class='ocrx_word' id='word_1_622' title='bbox 2225 2185 2438 2238; x_wconf 87' lang='lat' dir='ltr'><strong>nequam</strong></span> <span class='ocrx_word' id='word_1_623' title='bbox 2461 2182 2556 2237; x_wconf 82' lang='lat' dir='ltr'><strong>est,</strong></span> <span class='ocrx_word' id='word_1_624' title='bbox 2585 2174 2702 2240; x_wconf 88' lang='lat' dir='ltr'><strong>quia</strong></span> <span class='ocrx_word' id='word_1_625' title='bbox 2737 2189 2830 2242; x_wconf 83' lang='lat' dir='ltr'><strong>ego</strong></span> <span class='ocrx_word' id='word_1_626' title='bbox 2854 2173 3010 2227; x_wconf 88' lang='lat' dir='ltr'><strong>bonus</strong></span> <span class='ocrx_word' id='word_1_627' title='bbox 3044 2172 3195 2244; x_wconf 83' lang='lat' dir='ltr'><strong>sum(</strong></span> <span class='ocrx_word' id='word_1_628' title='bbox 3224 2173 3408 2228; x_wconf 79' lang='lat' dir='ltr'><strong>Matth.</strong></span> <span class='ocrx_word' id='word_1_629' title='bbox 3441 2191 3534 2240; x_wconf 84' lang='lat' dir='ltr'><strong>xx,</strong></span> <span class='ocrx_word' id='word_1_630' title='bbox 3568 2178 3708 2232; x_wconf 84' lang='lat' dir='ltr'><strong>9-l5</strong></span> <span class='ocrx_word' id='word_1_631' title='bbox 3733 2179 3752 2246; x_wconf 94' lang='lat'><strong>)</strong></span> <span class='ocrx_word' id='word_1_632' title='bbox 3774 2178 3800 2230; x_wconf 78' lang='grc' dir='ltr'><strong><em>τ</em></strong></span> 
     </span>
    </p>
   </div>
   <div class='ocr_carea' id='block_1_82' title="bbox 2225 2259 3798 2336">
    <p class='ocr_par' dir='ltr' id='par_1_82' title="bbox 2225 2259 3798 2336">
     <span class='ocr_line' id='line_1_83' title="bbox 2225 2259 3798 2336; baseline 0.004 -22"><span class='ocrx_word' id='word_1_633' title='bbox 2225 2259 2426 2330; x_wconf 86' lang='lat' dir='ltr'><strong>Nempe</strong></span> <span class='ocrx_word' id='word_1_634' title='bbox 2464 2261 2549 2316; x_wconf 92' lang='lat' dir='ltr'><strong>hic</strong></span> <span class='ocrx_word' id='word_1_635' title='bbox 2584 2273 2691 2316; x_wconf 91' lang='lat' dir='ltr'><strong>tota</strong></span> <span class='ocrx_word' id='word_1_636' title='bbox 2729 2263 2931 2332; x_wconf 88' lang='lat' dir='ltr'><strong>justitia</strong></span> <span class='ocrx_word' id='word_1_637' title='bbox 2961 2273 3044 2319; x_wconf 90' lang='lat' dir='ltr'><strong>est</strong></span> <span class='ocrx_word' id='word_1_638' title='bbox 3075 2283 3088 2318; x_wconf 89' lang='lat'>:</span> <span class='ocrx_word' id='word_1_639' title='bbox 3117 2265 3230 2319; x_wconf 81' lang='lat' dir='ltr'><strong>Hoc</strong></span> <span class='ocrx_word' id='word_1_640' title='bbox 3256 2266 3395 2320; x_wconf 88' lang='lat' dir='ltr'><strong>volo.</strong></span> <span class='ocrx_word' id='word_1_641' title='bbox 3427 2266 3573 2329; x_wconf 90' lang='lat' dir='ltr'><strong>Tibi,</strong></span> <span class='ocrx_word' id='word_1_642' title='bbox 3605 2267 3798 2336; x_wconf 88' lang='lat' dir='ltr'><strong>inquit.</strong></span> 
     </span>
    </p>
   </div>
   <div class='ocr_carea' id='block_1_83' title="bbox 2226 2349 3803 2421">
    <p class='ocr_par' dir='ltr' id='par_1_83' title="bbox 2226 2349 3803 2421">
     <span class='ocr_line' id='line_1_84' title="bbox 2226 2349 3803 2421; baseline 0.004 -18"><span class='ocrx_word' id='word_1_643' title='bbox 2226 2349 2455 2416; x_wconf 90' lang='lat' dir='ltr'><strong>reddidi,</strong></span> <span class='ocrx_word' id='word_1_644' title='bbox 2490 2352 2608 2405; x_wconf 90' lang='lat' dir='ltr'><strong>huic</strong></span> <span class='ocrx_word' id='word_1_645' title='bbox 2651 2351 2842 2406; x_wconf 90' lang='lat' dir='ltr'><strong>donavi</strong></span> <span class='ocrx_word' id='word_1_646' title='bbox 2869 2370 2885 2418; x_wconf 88' lang='lat'><strong>;</strong></span> <span class='ocrx_word' id='word_1_647' title='bbox 2911 2369 3083 2421; x_wconf 88' lang='lat' dir='ltr'><strong>neque</strong></span> <span class='ocrx_word' id='word_1_648' title='bbox 3125 2363 3182 2409; x_wconf 91' lang='lat' dir='ltr'><strong>ut</strong></span> <span class='ocrx_word' id='word_1_649' title='bbox 3225 2355 3347 2408; x_wconf 91' lang='lat' dir='ltr'><strong>huic</strong></span> <span class='ocrx_word' id='word_1_650' title='bbox 3389 2355 3662 2420; x_wconf 84' lang='lat' dir='ltr'><strong>donarem,</strong></span> <span class='ocrx_word' id='word_1_651' title='bbox 3706 2356 3803 2410; x_wconf 89' lang='lat' dir='ltr'><strong>tibi</strong></span> 
     </span>
    </p>
   </div>
   <div class='ocr_carea' id='block_1_84' title="bbox 2225 2439 3803 2510">
    <p class='ocr_par' dir='ltr' id='par_1_84' title="bbox 2225 2439 3803 2510">
     <span class='ocr_line' id='line_1_85' title="bbox 2225 2439 3803 2510; baseline 0.006 -19"><span class='ocrx_word' id='word_1_652' title='bbox 2225 2439 2423 2508; x_wconf 89' lang='lat' dir='ltr'><strong>aliquid</strong></span> <span class='ocrx_word' id='word_1_653' title='bbox 2454 2440 2665 2504; x_wconf 86' lang='lat' dir='ltr'><strong>abstuli,</strong></span> <span class='ocrx_word' id='word_1_654' title='bbox 2693 2451 2782 2494; x_wconf 92' lang='lat' dir='ltr'><strong>aut</strong></span> <span class='ocrx_word' id='word_1_655' title='bbox 2811 2443 2950 2510; x_wconf 91' lang='lat' dir='ltr'><strong>quod</strong></span> <span class='ocrx_word' id='word_1_656' title='bbox 2979 2443 3236 2498; x_wconf 88' lang='lat' dir='ltr'><strong>debebam</strong></span> <span class='ocrx_word' id='word_1_657' title='bbox 3267 2446 3344 2499; x_wconf 89' lang='lat' dir='ltr'><strong>vel</strong></span> <span class='ocrx_word' id='word_1_658' title='bbox 3386 2445 3542 2499; x_wconf 90' lang='lat' dir='ltr'><strong>minui</strong></span> <span class='ocrx_word' id='word_1_659' title='bbox 3583 2445 3668 2500; x_wconf 88' lang='lat' dir='ltr'><strong>vel</strong></span> <span class='ocrx_word' id='word_1_660' title='bbox 3699 2462 3803 2501; x_wconf 86' lang='lat' dir='ltr'><strong>ne-</strong></span> 
     </span>
    </p>
   </div>
   <div class='ocr_carea' id='block_1_85' title="bbox 2225 2530 3802 2603">
    <p class='ocr_par' dir='ltr' id='par_1_85' title="bbox 2225 2530 3802 2603">
     <span class='ocr_line' id='line_1_86' title="bbox 2225 2530 3802 2603; baseline 0.006 -22"><span class='ocrx_word' id='word_1_661' title='bbox 2225 2530 2363 2600; x_wconf 79' lang='lat' dir='ltr'><strong>gavi.</strong></span> <span class='ocrx_word' id='word_1_662' title='bbox 2396 2531 2576 2584; x_wconf 80' lang='lat' dir='ltr'><strong>Annon</strong></span> <span class='ocrx_word' id='word_1_663' title='bbox 2604 2531 2714 2584; x_wconf 87' lang='lat' dir='ltr'><strong>licet</strong></span> <span class='ocrx_word' id='word_1_664' title='bbox 2738 2533 2860 2585; x_wconf 87' lang='lat' dir='ltr'><strong>mihi</strong></span> <span class='ocrx_word' id='word_1_665' title='bbox 2883 2537 3050 2603; x_wconf 79' lang='lat' dir='ltr'><strong>facere</strong></span> <span class='ocrx_word' id='word_1_666' title='bbox 3069 2535 3202 2603; x_wconf 87' lang='lat' dir='ltr'><strong>quod</strong></span> <span class='ocrx_word' id='word_1_667' title='bbox 3223 2535 3373 2589; x_wconf 78' lang='lat' dir='ltr'><strong>volo?</strong></span> <span class='ocrx_word' id='word_1_668' title='bbox 3395 2553 3459 2588; x_wconf 87' lang='lat' dir='ltr'><strong>an</strong></span> <span class='ocrx_word' id='word_1_669' title='bbox 3479 2535 3653 2590; x_wconf 89' lang='lat' dir='ltr'><strong>oculus</strong></span> <span class='ocrx_word' id='word_1_670' title='bbox 3679 2545 3802 2590; x_wconf 90' lang='lat' dir='ltr'><strong>tuus</strong></span> 
     </span>
    </p>
   </div>
   <div class='ocr_carea' id='block_1_86' title="bbox 2225 2621 3802 2696">
    <p class='ocr_par' dir='ltr' id='par_1_86' title="bbox 2225 2621 3802 2696">
     <span class='ocr_line' id='line_1_87' title="bbox 2225 2621 3802 2696; baseline 0.005 -22"><span class='ocrx_word' id='word_1_671' title='bbox 2225 2638 2437 2694; x_wconf 78' lang='lat' dir='ltr'><strong>nequam</strong></span> <span class='ocrx_word' id='word_1_672' title='bbox 2469 2630 2568 2685; x_wconf 83' lang='lat' dir='ltr'><strong>est,</strong></span> <span class='ocrx_word' id='word_1_673' title='bbox 2595 2623 2715 2691; x_wconf 83' lang='lat' dir='ltr'><strong>quia</strong></span> <span class='ocrx_word' id='word_1_674' title='bbox 2735 2638 2824 2692; x_wconf 86' lang='lat' dir='ltr'><strong>ego</strong></span> <span class='ocrx_word' id='word_1_675' title='bbox 2848 2621 3004 2677; x_wconf 85' lang='lat' dir='ltr'><strong>bonus</strong></span> <span class='ocrx_word' id='word_1_676' title='bbox 3027 2641 3138 2678; x_wconf 88' lang='lat' dir='ltr'><strong>sum</strong></span> <span class='ocrx_word' id='word_1_677' title='bbox 3161 2625 3187 2678; x_wconf 77' lang='lat'><strong><em>7</em></strong></span> <span class='ocrx_word' id='word_1_678' title='bbox 3216 2624 3359 2679; x_wconf 91' lang='lat' dir='ltr'><strong>Sicut</strong></span> <span class='ocrx_word' id='word_1_679' title='bbox 3380 2641 3508 2696; x_wconf 78' lang='lat' dir='ltr'><strong>ergo</strong></span> <span class='ocrx_word' id='word_1_680' title='bbox 3534 2625 3620 2679; x_wconf 89' lang='lat' dir='ltr'><strong>hic</strong></span> <span class='ocrx_word' id='word_1_681' title='bbox 3655 2626 3802 2682; x_wconf 71' lang='lat' dir='ltr'><strong>nulla</strong></span> 
     </span>
    </p>
   </div>
   <div class='ocr_carea' id='block_1_87' title="bbox 2228 2715 3805 2786">
    <p class='ocr_par' dir='ltr' id='par_1_87' title="bbox 2228 2715 3805 2786">
     <span class='ocr_line' id='line_1_88' title="bbox 2228 2715 3805 2786; baseline 0.002 -18"><span class='ocrx_word' id='word_1_682' title='bbox 2228 2724 2308 2768; x_wconf 88' lang='lat' dir='ltr'><strong>est</strong></span> <span class='ocrx_word' id='word_1_683' title='bbox 2330 2715 2566 2783; x_wconf 90' lang='lat' dir='ltr'><strong>acceptio</strong></span> <span class='ocrx_word' id='word_1_684' title='bbox 2588 2729 2967 2785; x_wconf 87' lang='lat' dir='ltr'><strong>personarum;</strong></span> <span class='ocrx_word' id='word_1_685' title='bbox 2992 2716 3112 2786; x_wconf 85' lang='lat' dir='ltr'><strong>quia</strong></span> <span class='ocrx_word' id='word_1_686' title='bbox 3140 2716 3216 2770; x_wconf 89' lang='lat' dir='ltr'><strong>sic</strong></span> <span class='ocrx_word' id='word_1_687' title='bbox 3243 2717 3374 2771; x_wconf 89' lang='lat' dir='ltr'><strong>alius</strong></span> <span class='ocrx_word' id='word_1_688' title='bbox 3391 2717 3556 2786; x_wconf 87' lang='lat' dir='ltr'><strong>gratis</strong></span> <span class='ocrx_word' id='word_1_689' title='bbox 3581 2719 3600 2748; x_wconf 84' lang='grc'><strong>¹</strong></span> <span class='ocrx_word' id='word_1_690' title='bbox 3628 2717 3805 2772; x_wconf 86' lang='lat' dir='ltr'><strong>hono-.</strong></span> 
     </span>
    </p>
   </div>
   <div class='ocr_carea' id='block_1_88' title="bbox 2226 2804 3801 2869">
    <p class='ocr_par' dir='ltr' id='par_1_88' title="bbox 2226 2804 3801 2869">
     <span class='ocr_line' id='line_1_89' title="bbox 2226 2804 3801 2869; baseline 0.005 -13"><span class='ocrx_word' id='word_1_691' title='bbox 2226 2813 2393 2869; x_wconf 89' lang='lat' dir='ltr'><strong>ratur,</strong></span> <span class='ocrx_word' id='word_1_692' title='bbox 2425 2813 2484 2859; x_wconf 91' lang='lat' dir='ltr'><strong>ut</strong></span> <span class='ocrx_word' id='word_1_693' title='bbox 2525 2806 2657 2858; x_wconf 78' lang='lat' dir='ltr'><strong>alius</strong></span> <span class='ocrx_word' id='word_1_694' title='bbox 2683 2804 2863 2861; x_wconf 87' lang='lat' dir='ltr'><strong>debito</strong></span> <span class='ocrx_word' id='word_1_695' title='bbox 2896 2821 3001 2860; x_wconf 92' lang='lat' dir='ltr'><strong>non</strong></span> <span class='ocrx_word' id='word_1_696' title='bbox 3042 2806 3313 2862; x_wconf 79' lang='lat' dir='ltr'><strong>fraudetur</strong></span> <span class='ocrx_word' id='word_1_697' title='bbox 3343 2825 3357 2862; x_wconf 88' lang='lat'><strong>:</strong></span> <span class='ocrx_word' id='word_1_698' title='bbox 3383 2809 3461 2864; x_wconf 88' lang='lat' dir='ltr'><strong>sic</strong></span> <span class='ocrx_word' id='word_1_699' title='bbox 3487 2809 3646 2863; x_wconf 87' lang='lat' dir='ltr'><strong>etiam</strong></span> <span class='ocrx_word' id='word_1_700' title='bbox 3675 2823 3801 2864; x_wconf 81' lang='lat' dir='ltr'><strong>cum</strong></span> 
     </span>
    </p>
   </div>
   <div class='ocr_carea' id='block_1_89' title="bbox 2225 2895 3800 2971">
    <p class='ocr_par' dir='ltr' id='par_1_89' title="bbox 2225 2895 3800 2971">
     <span class='ocr_line' id='line_1_90' title="bbox 2225 2895 3800 2971; baseline 0.005 -23"><span class='ocrx_word' id='word_1_701' title='bbox 2225 2895 2514 2948; x_wconf 84' lang='lat' dir='ltr'><strong>secundum</strong></span> <span class='ocrx_word' id='word_1_702' title='bbox 2549 2897 2875 2965; x_wconf 89' lang='lat' dir='ltr'><strong>propositum</strong></span> <span class='ocrx_word' id='word_1_703' title='bbox 2907 2897 3002 2951; x_wconf 88' lang='lat' dir='ltr'><strong>Dei</strong></span> <span class='ocrx_word' id='word_1_704' title='bbox 3043 2907 3265 2952; x_wconf 86' lang='lat' dir='ltr'><strong>vocatur</strong></span> <span class='ocrx_word' id='word_1_705' title='bbox 3284 2899 3421 2955; x_wconf 82' lang='lat' dir='ltr'><strong>alius</strong></span> <span class='ocrx_word' id='word_1_706' title='bbox 3451 2901 3469 2971; x_wconf 95' lang='lat'><strong>(</strong></span> <span class='ocrx_word' id='word_1_707' title='bbox 3500 2900 3650 2954; x_wconf 85' lang='lat' dir='ltr'><strong>Rom.</strong></span> <span class='ocrx_word' id='word_1_708' title='bbox 3682 2917 3800 2967; x_wconf 83' lang='lat' dir='ltr'><strong>vttt,</strong></span> 
     </span>
    </p>
   </div>
   <div class='ocr_carea' id='block_1_90' title="bbox 2225 2981 3805 3059">
    <p class='ocr_par' dir='ltr' id='par_1_90' title="bbox 2225 2981 3805 3059">
     <span class='ocr_line' id='line_1_91' title="bbox 2225 2981 3805 3059; baseline 0.006 -23"><span class='ocrx_word' id='word_1_709' title='bbox 2225 2981 2296 3038; x_wconf 76' lang='lat'><strong>28</strong></span> <span class='ocrx_word' id='word_1_710' title='bbox 2319 2983 2373 3055; x_wconf 88' lang='lat'><strong>),</strong></span> <span class='ocrx_word' id='word_1_711' title='bbox 2401 2985 2534 3038; x_wconf 90' lang='lat' dir='ltr'><strong>alius</strong></span> <span class='ocrx_word' id='word_1_712' title='bbox 2580 3001 2687 3038; x_wconf 90' lang='lat' dir='ltr'><strong>non</strong></span> <span class='ocrx_word' id='word_1_713' title='bbox 2731 2997 2968 3050; x_wconf 88' lang='lat' dir='ltr'><strong>vocatur,</strong></span> <span class='ocrx_word' id='word_1_714' title='bbox 2999 2997 3186 3042; x_wconf 86' lang='lat' dir='ltr'><strong>vocato</strong></span> <span class='ocrx_word' id='word_1_715' title='bbox 3210 2987 3364 3043; x_wconf 86' lang='lat' dir='ltr'><strong>datur</strong></span> <span class='ocrx_word' id='word_1_716' title='bbox 3388 2989 3669 3059; x_wconf 85' lang='lat' dir='ltr'><strong>gratuitum</strong></span> <span class='ocrx_word' id='word_1_717' title='bbox 3696 2998 3805 3046; x_wconf 81' lang='lat' dir='ltr'><strong>bo-</strong></span> 
     </span>
    </p>
   </div>
   <div class='ocr_carea' id='block_1_91' title="bbox 2227 3075 3804 3151">
    <p class='ocr_par' dir='ltr' id='par_1_91' title="bbox 2227 3075 3804 3151">
     <span class='ocr_line' id='line_1_92' title="bbox 2227 3075 3804 3151; baseline 0.006 -25"><span class='ocrx_word' id='word_1_718' title='bbox 2227 3089 2374 3138; x_wconf 90' lang='lat' dir='ltr'><strong>num,</strong></span> <span class='ocrx_word' id='word_1_719' title='bbox 2423 3075 2574 3145; x_wconf 89' lang='lat' dir='ltr'><strong>cujus</strong></span> <span class='ocrx_word' id='word_1_720' title='bbox 2617 3075 2738 3130; x_wconf 89' lang='lat' dir='ltr'><strong>boni</strong></span> <span class='ocrx_word' id='word_1_721' title='bbox 2778 3086 2865 3132; x_wconf 90' lang='lat' dir='ltr'><strong>est</strong></span> <span class='ocrx_word' id='word_1_722' title='bbox 2901 3079 3107 3145; x_wconf 80' lang='lat' dir='ltr'><strong>vocatio</strong></span> <span class='ocrx_word' id='word_1_723' title='bbox 3150 3079 3261 3150; x_wconf 82' lang='lat' dir='ltr'><strong>ipsa</strong></span> <span class='ocrx_word' id='word_1_724' title='bbox 3309 3081 3656 3151; x_wconf 86' lang='lat' dir='ltr'><strong>principium;</strong></span> <span class='ocrx_word' id='word_1_725' title='bbox 3690 3097 3804 3136; x_wconf 88' lang='lat' dir='ltr'><strong>non</strong></span> 
     </span>
    </p>
   </div>
   <div class='ocr_carea' id='block_1_92' title="bbox 2226 3165 3805 3238">
    <p class='ocr_par' dir='ltr' id='par_1_92' title="bbox 2226 3165 3805 3238">
     <span class='ocr_line' id='line_1_93' title="bbox 2226 3165 3805 3238; baseline 0.007 -20"><span class='ocrx_word' id='word_1_726' title='bbox 2226 3177 2414 3219; x_wconf 89' lang='lat' dir='ltr'><strong>vocato</strong></span> <span class='ocrx_word' id='word_1_727' title='bbox 2448 3165 2687 3220; x_wconf 90' lang='lat' dir='ltr'><strong>redditur</strong></span> <span class='ocrx_word' id='word_1_728' title='bbox 2727 3167 2942 3232; x_wconf 89' lang='lat' dir='ltr'><strong>malum,</strong></span> <span class='ocrx_word' id='word_1_729' title='bbox 2983 3170 3106 3238; x_wconf 90' lang='lat' dir='ltr'><strong>quia</strong></span> <span class='ocrx_word' id='word_1_730' title='bbox 3147 3185 3332 3226; x_wconf 90' lang='lat' dir='ltr'><strong>omnes</strong></span> <span class='ocrx_word' id='word_1_731' title='bbox 3372 3173 3450 3227; x_wconf 89' lang='lat' dir='ltr'><strong>rei</strong></span> <span class='ocrx_word' id='word_1_732' title='bbox 3493 3184 3702 3228; x_wconf 80' lang='lat' dir='ltr'><strong>suntex</strong></span> <span class='ocrx_word' id='word_1_733' title='bbox 3732 3190 3805 3230; x_wconf 86' lang='lat' dir='ltr'><strong>eo</strong></span> 
     </span>
    </p>
   </div>
   <div class='ocr_carea' id='block_1_93' title="bbox 2227 3257 3806 3332">
    <p class='ocr_par' dir='ltr' id='par_1_93' title="bbox 2227 3257 3806 3332">
     <span class='ocr_line' id='line_1_94' title="bbox 2227 3257 3806 3332; baseline 0.007 -22"><span class='ocrx_word' id='word_1_734' title='bbox 2227 3257 2369 3327; x_wconf 91' lang='lat' dir='ltr'><strong>quod</strong></span> <span class='ocrx_word' id='word_1_735' title='bbox 2401 3273 2493 3326; x_wconf 89' lang='lat' dir='ltr'><strong>per</strong></span> <span class='ocrx_word' id='word_1_736' title='bbox 2518 3274 2677 3312; x_wconf 91' lang='lat' dir='ltr'><strong>unum</strong></span> <span class='ocrx_word' id='word_1_737' title='bbox 2707 3259 2975 3315; x_wconf 89' lang='lat' dir='ltr'><strong>hominem</strong></span> <span class='ocrx_word' id='word_1_738' title='bbox 3011 3272 3282 3332; x_wconf 88' lang='lat' dir='ltr'><strong>peccatum</strong></span> <span class='ocrx_word' id='word_1_739' title='bbox 3315 3264 3529 3319; x_wconf 87' lang='lat' dir='ltr'><strong>intravit</strong></span> <span class='ocrx_word' id='word_1_740' title='bbox 3558 3266 3609 3320; x_wconf 90' lang='lat' dir='ltr'><strong>in</strong></span> <span class='ocrx_word' id='word_1_741' title='bbox 3638 3282 3806 3321; x_wconf 89' lang='lat' dir='ltr'><strong>mun-</strong></span> 
     </span>
    </p>
   </div>
   <div class='ocr_carea' id='block_1_94' title="bbox 2226 3347 3805 3424">
    <p class='ocr_par' dir='ltr' id='par_1_94' title="bbox 2226 3347 3805 3424">
     <span class='ocr_line' id='line_1_95' title="bbox 2226 3347 3805 3424; baseline 0.005 -21"><span class='ocrx_word' id='word_1_742' title='bbox 2226 3347 2351 3403; x_wconf 90' lang='lat' dir='ltr'><strong>dum</strong></span> <span class='ocrx_word' id='word_1_743' title='bbox 2385 3347 2492 3418; x_wconf 89' lang='lat' dir='ltr'><strong>(Id.</strong></span> <span class='ocrx_word' id='word_1_744' title='bbox 2525 3365 2575 3416; x_wconf 89' lang='lat' dir='ltr'><strong>v,</strong></span> <span class='ocrx_word' id='word_1_745' title='bbox 2605 3350 2720 3421; x_wconf 67' lang='grc' dir='ltr'><strong>η).</strong></span> <span class='ocrx_word' id='word_1_746' title='bbox 2745 3352 2808 3404; x_wconf 84' lang='grc' dir='ltr'><strong>Ει</strong></span> <span class='ocrx_word' id='word_1_747' title='bbox 2833 3352 2886 3405; x_wconf 88' lang='lat' dir='ltr'><strong>in</strong></span> <span class='ocrx_word' id='word_1_748' title='bbox 2918 3353 3006 3406; x_wconf 91' lang='lat' dir='ltr'><strong>illa</strong></span> <span class='ocrx_word' id='word_1_749' title='bbox 3033 3353 3242 3422; x_wconf 88' lang='lat' dir='ltr'><strong>quidem</strong></span> <span class='ocrx_word' id='word_1_750' title='bbox 3264 3356 3625 3424; x_wconf 84' lang='lat' dir='ltr'><strong>operariorum</strong></span> <span class='ocrx_word' id='word_1_751' title='bbox 3648 3357 3805 3411; x_wconf 84' lang='lat' dir='ltr'><strong>simi-</strong></span> 
     </span>
    </p>
   </div>
   <div class='ocr_carea' id='block_1_95' title="bbox 2228 3439 3805 3517">
    <p class='ocr_par' dir='ltr' id='par_1_95' title="bbox 2228 3439 3805 3517">
     <span class='ocr_line' id='line_1_96' title="bbox 2228 3439 3805 3517; baseline 0.007 -25"><span class='ocrx_word' id='word_1_752' title='bbox 2228 3439 2469 3503; x_wconf 89' lang='lat' dir='ltr'><strong>litudine,</strong></span> <span class='ocrx_word' id='word_1_753' title='bbox 2507 3440 2595 3495; x_wconf 91' lang='lat' dir='ltr'><strong>ubi</strong></span> <span class='ocrx_word' id='word_1_754' title='bbox 2637 3457 2799 3495; x_wconf 92' lang='lat' dir='ltr'><strong>unum</strong></span> <span class='ocrx_word' id='word_1_755' title='bbox 2849 3442 3126 3498; x_wconf 88' lang='lat' dir='ltr'><strong>denarium</strong></span> <span class='ocrx_word' id='word_1_756' title='bbox 3170 3457 3509 3515; x_wconf 88' lang='lat' dir='ltr'><strong>acceperunt,</strong></span> <span class='ocrx_word' id='word_1_757' title='bbox 3557 3449 3645 3517; x_wconf 89' lang='lat' dir='ltr'><strong>qui</strong></span> <span class='ocrx_word' id='word_1_758' title='bbox 3693 3463 3805 3503; x_wconf 81' lang='lat' dir='ltr'><strong>una</strong></span> 
     </span>
    </p>
   </div>
   <div class='ocr_carea' id='block_1_96' title="bbox 2230 3529 3810 3611">
    <p class='ocr_par' dir='ltr' id='par_1_96' title="bbox 2230 3529 3810 3611">
     <span class='ocr_line' id='line_1_97' title="bbox 2230 3529 3810 3611; baseline 0.008 -28"><span class='ocrx_word' id='word_1_759' title='bbox 2230 3529 2378 3598; x_wconf 90' lang='lat' dir='ltr'><strong>hora,</strong></span> <span class='ocrx_word' id='word_1_760' title='bbox 2405 3540 2460 3586; x_wconf 93' lang='lat' dir='ltr'><strong>et</strong></span> <span class='ocrx_word' id='word_1_761' title='bbox 2496 3533 2585 3602; x_wconf 90' lang='lat' dir='ltr'><strong>qui</strong></span> <span class='ocrx_word' id='word_1_762' title='bbox 2616 3532 2900 3589; x_wconf 88' lang='lat' dir='ltr'><strong>duodecies</strong></span> <span class='ocrx_word' id='word_1_763' title='bbox 2927 3545 3127 3590; x_wconf 91' lang='lat' dir='ltr'><strong>tantum</strong></span> <span class='ocrx_word' id='word_1_764' title='bbox 3155 3537 3546 3604; x_wconf 84' lang='lat' dir='ltr'><strong>laboraverunt,</strong></span> <span class='ocrx_word' id='word_1_765' title='bbox 3573 3541 3663 3611; x_wconf 92' lang='lat' dir='ltr'><strong>qui</strong></span> <span class='ocrx_word' id='word_1_766' title='bbox 3699 3543 3810 3596; x_wconf 85' lang='lat' dir='ltr'><strong>uti-</strong></span> 
     </span>
    </p>
   </div>
   <div class='ocr_carea' id='block_1_97' title="bbox 2228 3623 3807 3702">
    <p class='ocr_par' dir='ltr' id='par_1_97' title="bbox 2228 3623 3807 3702">
     <span class='ocr_line' id='line_1_98' title="bbox 2228 3623 3807 3702; baseline 0.011 -31"><span class='ocrx_word' id='word_1_767' title='bbox 2228 3635 2333 3690; x_wconf 90' lang='lat' dir='ltr'><strong>que</strong></span> <span class='ocrx_word' id='word_1_768' title='bbox 2375 3623 2664 3676; x_wconf 84' lang='lat' dir='ltr'><strong>sccundum</strong></span> <span class='ocrx_word' id='word_1_769' title='bbox 2706 3625 2939 3680; x_wconf 88' lang='lat' dir='ltr'><strong>rationes</strong></span> <span class='ocrx_word' id='word_1_770' title='bbox 2987 3626 3264 3693; x_wconf 88' lang='lat' dir='ltr'><strong>humanas,</strong></span> <span class='ocrx_word' id='word_1_771' title='bbox 3317 3630 3412 3684; x_wconf 91' lang='lat' dir='ltr'><strong>sed</strong></span> <span class='ocrx_word' id='word_1_772' title='bbox 3459 3647 3640 3696; x_wconf 87' lang='lat' dir='ltr'><strong>vanas,</strong></span> <span class='ocrx_word' id='word_1_773' title='bbox 3703 3648 3807 3702; x_wconf 91' lang='lat' dir='ltr'><strong>pro</strong></span> 
     </span>
    </p>
   </div>
   <div class='ocr_carea' id='block_1_98' title="bbox 2229 3711 3812 3790">
    <p class='ocr_par' dir='ltr' id='par_1_98' title="bbox 2229 3711 3812 3790">
     <span class='ocr_line' id='line_1_99' title="bbox 2229 3711 3812 3790; baseline 0.011 -29"><span class='ocrx_word' id='word_1_774' title='bbox 2229 3711 2519 3779; x_wconf 87' lang='lat' dir='ltr'><strong>quantitate</strong></span> <span class='ocrx_word' id='word_1_775' title='bbox 2544 3712 2739 3768; x_wconf 89' lang='lat' dir='ltr'><strong>laboris</strong></span> <span class='ocrx_word' id='word_1_776' title='bbox 2765 3714 2846 3768; x_wconf 92' lang='lat' dir='ltr'><strong>sui</strong></span> <span class='ocrx_word' id='word_1_777' title='bbox 2868 3713 3145 3770; x_wconf 90' lang='lat' dir='ltr'><strong>duodecim</strong></span> <span class='ocrx_word' id='word_1_778' title='bbox 3175 3717 3423 3774; x_wconf 90' lang='lat' dir='ltr'><strong>denarios</strong></span> <span class='ocrx_word' id='word_1_779' title='bbox 3447 3722 3689 3790; x_wconf 88' lang='lat' dir='ltr'><strong>accipere</strong></span> <span class='ocrx_word' id='word_1_780' title='bbox 3707 3721 3812 3777; x_wconf 81' lang='lat' dir='ltr'><strong>de-</strong></span> 
     </span>
    </p>
   </div>
   <div class='ocr_carea' id='block_1_99' title="bbox 2229 3800 3808 3878">
    <p class='ocr_par' dir='ltr' id='par_1_99' title="bbox 2229 3800 3808 3878">
     <span class='ocr_line' id='line_1_100' title="bbox 2229 3800 3808 3878; baseline 0.008 -24"><span class='ocrx_word' id='word_1_781' title='bbox 2229 3800 2477 3866; x_wconf 88' lang='lat' dir='ltr'><strong>buerunt,</strong></span> <span class='ocrx_word' id='word_1_782' title='bbox 2519 3803 2728 3872; x_wconf 89' lang='lat' dir='ltr'><strong>utrique</strong></span> <span class='ocrx_word' id='word_1_783' title='bbox 2757 3803 2808 3858; x_wconf 91' lang='lat' dir='ltr'><strong>in</strong></span> <span class='ocrx_word' id='word_1_784' title='bbox 2839 3804 2979 3860; x_wconf 90' lang='lat' dir='ltr'><strong>bono</strong></span> <span class='ocrx_word' id='word_1_785' title='bbox 3007 3808 3284 3876; x_wconf 67' lang='lat' dir='ltr'><strong>coasquati,</strong></span> <span class='ocrx_word' id='word_1_786' title='bbox 3312 3825 3417 3863; x_wconf 91' lang='lat' dir='ltr'><strong>non</strong></span> <span class='ocrx_word' id='word_1_787' title='bbox 3449 3811 3537 3864; x_wconf 88' lang='lat' dir='ltr'><strong>alii</strong></span> <span class='ocrx_word' id='word_1_788' title='bbox 3567 3811 3808 3878; x_wconf 87' lang='lat' dir='ltr'><strong>liberati,</strong></span> 
     </span>
    </p>
   </div>
   <div class='ocr_carea' id='block_1_100' title="bbox 2229 3892 3807 3971">
    <p class='ocr_par' dir='ltr' id='par_1_100' title="bbox 2229 3892 3807 3971">
     <span class='ocr_line' id='line_1_101' title="bbox 2229 3892 3807 3971; baseline 0.01 -27"><span class='ocrx_word' id='word_1_789' title='bbox 2229 3892 2318 3945; x_wconf 92' lang='lat' dir='ltr'><strong>alii</strong></span> <span class='ocrx_word' id='word_1_790' title='bbox 2347 3893 2580 3947; x_wconf 90' lang='lat' dir='ltr'><strong>damnati</strong></span> <span class='ocrx_word' id='word_1_791' title='bbox 2607 3905 2726 3949; x_wconf 91' lang='lat' dir='ltr'><strong>sunt</strong></span> <span class='ocrx_word' id='word_1_792' title='bbox 2757 3910 2772 3948; x_wconf 87' lang='lat'><strong>:</strong></span> <span class='ocrx_word' id='word_1_793' title='bbox 2804 3897 2925 3967; x_wconf 88' lang='lat' dir='ltr'><strong>quia</strong></span> <span class='ocrx_word' id='word_1_794' title='bbox 2950 3907 3003 3952; x_wconf 90' lang='lat' dir='ltr'><strong>et</strong></span> <span class='ocrx_word' id='word_1_795' title='bbox 3025 3899 3098 3952; x_wconf 93' lang='lat' dir='ltr'><strong>illi</strong></span> <span class='ocrx_word' id='word_1_796' title='bbox 3126 3899 3215 3968; x_wconf 92' lang='lat' dir='ltr'><strong>qui</strong></span> <span class='ocrx_word' id='word_1_797' title='bbox 3248 3902 3365 3969; x_wconf 89' lang='lat' dir='ltr'><strong>plus</strong></span> <span class='ocrx_word' id='word_1_798' title='bbox 3392 3901 3807 3971; x_wconf 88' lang='lat' dir='ltr'><strong>laboraverunt,</strong></span> 
     </span>
    </p>
   </div>
   <div class='ocr_carea' id='block_1_101' title="bbox 2229 3983 3812 4062">
    <p class='ocr_par' dir='ltr' id='par_1_101' title="bbox 2229 3983 3812 4062">
     <span class='ocr_line' id='line_1_102' title="bbox 2229 3983 3812 4062; baseline 0.011 -27"><span class='ocrx_word' id='word_1_799' title='bbox 2229 3992 2283 4036; x_wconf 92' lang='lat' dir='ltr'><strong>et</strong></span> <span class='ocrx_word' id='word_1_800' title='bbox 2306 3983 2447 4053; x_wconf 91' lang='lat' dir='ltr'><strong>quod</strong></span> <span class='ocrx_word' id='word_1_801' title='bbox 2477 3986 2552 4038; x_wconf 88' lang='lat' dir='ltr'><strong>sic</strong></span> <span class='ocrx_word' id='word_1_802' title='bbox 2581 3987 2753 4040; x_wconf 89' lang='lat' dir='ltr'><strong>vocati</strong></span> <span class='ocrx_word' id='word_1_803' title='bbox 2779 3997 2905 4042; x_wconf 91' lang='lat' dir='ltr'><strong>sunt</strong></span> <span class='ocrx_word' id='word_1_804' title='bbox 2932 3999 2988 4042; x_wconf 92' lang='lat' dir='ltr'><strong>ut</strong></span> <span class='ocrx_word' id='word_1_805' title='bbox 3013 3991 3289 4056; x_wconf 87' lang='lat' dir='ltr'><strong>venirent,</strong></span> <span class='ocrx_word' id='word_1_806' title='bbox 3316 4001 3372 4046; x_wconf 90' lang='lat' dir='ltr'><strong>et</strong></span> <span class='ocrx_word' id='word_1_807' title='bbox 3396 3993 3533 4061; x_wconf 90' lang='lat' dir='ltr'><strong>quod</strong></span> <span class='ocrx_word' id='word_1_808' title='bbox 3558 3995 3636 4049; x_wconf 89' lang='lat' dir='ltr'><strong>sic</strong></span> <span class='ocrx_word' id='word_1_809' title='bbox 3665 3998 3812 4062; x_wconf 83' lang='lat' dir='ltr'><strong>pasti</strong></span> 
     </span>
    </p>
   </div>
   <div class='ocr_carea' id='block_1_102' title="bbox 2231 4075 3810 4149">
    <p class='ocr_par' dir='ltr' id='par_1_102' title="bbox 2231 4075 3810 4149">
     <span class='ocr_line' id='line_1_103' title="bbox 2231 4075 3810 4149; baseline 0.01 -23"><span class='ocrx_word' id='word_1_810' title='bbox 2231 4084 2288 4126; x_wconf 92' lang='lat' dir='ltr'><strong>ut</strong></span> <span class='ocrx_word' id='word_1_811' title='bbox 2318 4090 2420 4128; x_wconf 93' lang='lat' dir='ltr'><strong>non</strong></span> <span class='ocrx_word' id='word_1_812' title='bbox 2459 4075 2779 4143; x_wconf 88' lang='lat' dir='ltr'><strong>delicerent,</strong></span> <span class='ocrx_word' id='word_1_813' title='bbox 2811 4079 2880 4133; x_wconf 89' lang='lat' dir='ltr'><strong>ab</strong></span> <span class='ocrx_word' id='word_1_814' title='bbox 2921 4079 3035 4149; x_wconf 76' lang='lat' dir='ltr'><strong>ipso</strong></span> <span class='ocrx_word' id='word_1_815' title='bbox 3065 4081 3440 4149; x_wconf 89' lang='lat' dir='ltr'><strong>patrefamilias</strong></span> <span class='ocrx_word' id='word_1_816' title='bbox 3480 4085 3810 4142; x_wconf 83' lang='lat' dir='ltr'><strong>habuerunt.</strong></span> 
     </span>
    </p>
   </div>
   <div class='ocr_carea' id='block_1_103' title="bbox 2236 4165 3814 4250">
    <p class='ocr_par' dir='ltr' id='par_1_103' title="bbox 2236 4165 3814 4250">
     <span class='ocr_line' id='line_1_104' title="bbox 2236 4165 3814 4250; baseline 0.008 -29"><span class='ocrx_word' id='word_1_817' title='bbox 2236 4165 2332 4221; x_wconf 91' lang='lat' dir='ltr'><strong>Ubi</strong></span> <span class='ocrx_word' id='word_1_818' title='bbox 2373 4176 2546 4222; x_wconf 89' lang='lat' dir='ltr'><strong>autem</strong></span> <span class='ocrx_word' id='word_1_819' title='bbox 2577 4168 2789 4234; x_wconf 90' lang='lat' dir='ltr'><strong>dicitur,</strong></span> <span class='ocrx_word' id='word_1_820' title='bbox 2821 4169 2956 4242; x_wconf 85' lang='lat' dir='ltr'><strong>Ergo</strong></span> <span class='ocrx_word' id='word_1_821' title='bbox 2983 4173 3066 4225; x_wconf 90' lang='lat' dir='ltr'><strong>cui</strong></span> <span class='ocrx_word' id='word_1_822' title='bbox 3097 4172 3200 4227; x_wconf 84' lang='lat' dir='ltr'><strong>vult</strong></span> <span class='ocrx_word' id='word_1_823' title='bbox 3246 4175 3524 4243; x_wconf 82' lang='lat' dir='ltr'><strong>miseretur,</strong></span> <span class='ocrx_word' id='word_1_824' title='bbox 3567 4189 3614 4232; x_wconf 85' lang='lat' dir='ltr'><strong>et</strong></span> <span class='ocrx_word' id='word_1_825' title='bbox 3651 4196 3814 4250; x_wconf 74' lang='lat' dir='ltr'><strong>quem</strong></span> 
     </span>
    </p>
   </div>
   <div class='ocr_carea' id='block_1_104' title="bbox 2231 4258 3816 4331">
    <p class='ocr_par' dir='ltr' id='par_1_104' title="bbox 2231 4258 3816 4331">
     <span class='ocr_line' id='line_1_105' title="bbox 2231 4258 3816 4331; baseline 0.009 -21"><span class='ocrx_word' id='word_1_826' title='bbox 2231 4259 2335 4312; x_wconf 75' lang='lat' dir='ltr'><strong>vult</strong></span> <span class='ocrx_word' id='word_1_827' title='bbox 2355 4258 2597 4324; x_wconf 84' lang='lat' dir='ltr'><strong>obdurat;</strong></span> <span class='ocrx_word' id='word_1_828' title='bbox 2621 4261 2708 4329; x_wconf 91' lang='lat' dir='ltr'><strong>qui</strong></span> <span class='ocrx_word' id='word_1_829' title='bbox 2738 4261 2878 4324; x_wconf 89' lang='lat' dir='ltr'><strong>facit,</strong></span> <span class='ocrx_word' id='word_1_830' title='bbox 2906 4261 3050 4315; x_wconf 88' lang='lat' dir='ltr'><strong>aliud</strong></span> <span class='ocrx_word' id='word_1_831' title='bbox 3079 4280 3164 4317; x_wconf 73' lang='lat' dir='ltr'><strong>tias</strong></span> <span class='ocrx_word' id='word_1_832' title='bbox 3193 4265 3244 4318; x_wconf 91' lang='lat' dir='ltr'><strong>in</strong></span> <span class='ocrx_word' id='word_1_833' title='bbox 3271 4266 3511 4321; x_wconf 76' lang='lat' dir='ltr'><strong>honorem</strong></span> <span class='ocrx_word' id='word_1_834' title='bbox 3532 4307 3546 4331; x_wconf 93' lang='lat'><strong>,</strong></span> <span class='ocrx_word' id='word_1_835' title='bbox 3576 4270 3726 4323; x_wconf 83' lang='lat' dir='ltr'><strong>aliud</strong></span> <span class='ocrx_word' id='word_1_836' title='bbox 3754 4271 3816 4325; x_wconf 81' lang='lat' dir='ltr'><strong>iis</strong></span> 
     </span>
    </p>
   </div>
   <div class='ocr_carea' id='block_1_105' title="bbox 2233 4351 3815 4429">
    <p class='ocr_par' dir='ltr' id='par_1_105' title="bbox 2233 4351 3815 4429">
     <span class='ocr_line' id='line_1_106' title="bbox 2233 4351 3815 4429; baseline 0.009 -25"><span class='ocrx_word' id='word_1_837' title='bbox 2233 4352 2585 4404; x_wconf 87' lang='lat' dir='ltr'><strong>contumeliam</strong></span> <span class='ocrx_word' id='word_1_838' title='bbox 2613 4351 2720 4420; x_wconf 88' lang='lat' dir='ltr'><strong>(Id.</strong></span> <span class='ocrx_word' id='word_1_839' title='bbox 2751 4369 2828 4420; x_wconf 84' lang='lat' dir='ltr'><strong>ix,</strong></span> <span class='ocrx_word' id='word_1_840' title='bbox 2864 4355 2950 4419; x_wconf 85' lang='lat' dir='ltr'><strong>l8,</strong></span> <span class='ocrx_word' id='word_1_841' title='bbox 2977 4354 3071 4424; x_wconf 67' lang='grc' dir='ltr'><strong>Ἠ)</strong></span> <span class='ocrx_word' id='word_1_842' title='bbox 3103 4372 3118 4408; x_wconf 93' lang='lat'><strong>:</strong></span> <span class='ocrx_word' id='word_1_843' title='bbox 3151 4356 3345 4412; x_wconf 89' lang='lat' dir='ltr'><strong>bonum</strong></span> <span class='ocrx_word' id='word_1_844' title='bbox 3366 4360 3577 4429; x_wconf 87' lang='lat' dir='ltr'><strong>quidem</strong></span> <span class='ocrx_word' id='word_1_845' title='bbox 3610 4361 3815 4418; x_wconf 86' lang='lat' dir='ltr'><strong>imme-</strong></span> 
     </span>
    </p>
   </div>
   <div class='ocr_carea' id='block_1_106' title="bbox 2233 4443 3813 4516">
    <p class='ocr_par' dir='ltr' id='par_1_106' title="bbox 2233 4443 3813 4516">
     <span class='ocr_line' id='line_1_107' title="bbox 2233 4443 3813 4516; baseline 0.006 -18"><span class='ocrx_word' id='word_1_846' title='bbox 2233 4443 2336 4498; x_wconf 88' lang='lat' dir='ltr'><strong>rito</strong></span> <span class='ocrx_word' id='word_1_847' title='bbox 2361 4453 2414 4498; x_wconf 91' lang='lat' dir='ltr'><strong>et</strong></span> <span class='ocrx_word' id='word_1_848' title='bbox 2436 4445 2598 4512; x_wconf 84' lang='lat' dir='ltr'><strong>gratis</strong></span> <span class='ocrx_word' id='word_1_849' title='bbox 2614 4445 2785 4510; x_wconf 88' lang='lat' dir='ltr'><strong>datur,</strong></span> <span class='ocrx_word' id='word_1_850' title='bbox 2810 4447 2930 4516; x_wconf 88' lang='lat' dir='ltr'><strong>quia</strong></span> <span class='ocrx_word' id='word_1_851' title='bbox 2959 4463 3021 4502; x_wconf 87' lang='lat' dir='ltr'><strong>ex</strong></span> <span class='ocrx_word' id='word_1_852' title='bbox 3040 4447 3224 4503; x_wconf 88' lang='lat' dir='ltr'><strong>eadem</strong></span> <span class='ocrx_word' id='word_1_853' title='bbox 3252 4466 3422 4504; x_wconf 89' lang='lat' dir='ltr'><strong>massa</strong></span> <span class='ocrx_word' id='word_1_854' title='bbox 3445 4462 3523 4505; x_wconf 87' lang='lat' dir='ltr'><strong>est</strong></span> <span class='ocrx_word' id='word_1_855' title='bbox 3547 4453 3632 4507; x_wconf 90' lang='lat' dir='ltr'><strong>cui</strong></span> <span class='ocrx_word' id='word_1_856' title='bbox 3663 4455 3813 4509; x_wconf 79' lang='lat' dir='ltr'><strong>non&#39;</strong></span> 
     </span>
    </p>
   </div>
   <div class='ocr_carea' id='block_1_107' title="bbox 2232 4535 3815 4612">
    <p class='ocr_par' dir='ltr' id='par_1_107' title="bbox 2232 4535 3815 4612">
     <span class='ocr_line' id='line_1_108' title="bbox 2232 4535 3815 4612; baseline 0.006 -22"><span class='ocrx_word' id='word_1_857' title='bbox 2232 4535 2406 4599; x_wconf 87' lang='lat' dir='ltr'><strong>datur,</strong></span> <span class='ocrx_word' id='word_1_858' title='bbox 2431 4536 2621 4588; x_wconf 89' lang='lat' dir='ltr'><strong>malum</strong></span> <span class='ocrx_word' id='word_1_859' title='bbox 2645 4551 2768 4590; x_wconf 82' lang='lat' dir='ltr'><strong>vero</strong></span> <span class='ocrx_word' id='word_1_860' title='bbox 2793 4538 2980 4592; x_wconf 85' lang='lat' dir='ltr'><strong>merito</strong></span> <span class='ocrx_word' id='word_1_861' title='bbox 3000 4548 3053 4592; x_wconf 91' lang='lat' dir='ltr'><strong>et</strong></span> <span class='ocrx_word' id='word_1_862' title='bbox 3077 4539 3308 4594; x_wconf 89' lang='lat' dir='ltr'><strong>debitum</strong></span> <span class='ocrx_word' id='word_1_863' title='bbox 3335 4542 3585 4602; x_wconf 85' lang='lat' dir='ltr'><strong>redditur,</strong></span> <span class='ocrx_word' id='word_1_864' title='bbox 3609 4542 3738 4612; x_wconf 71' lang='lat' dir='ltr'><strong>Quia</strong></span> <span class='ocrx_word' id='word_1_865' title='bbox 3757 4547 3815 4600; x_wconf 90' lang='lat' dir='ltr'><strong>in</strong></span> 
     </span>
    </p>
   </div>
   <div class='ocr_carea' id='block_1_108' title="bbox 2234 4625 3819 4698">
    <p class='ocr_par' dir='ltr' id='par_1_108' title="bbox 2234 4625 3819 4698">
     <span class='ocr_line' id='line_1_109' title="bbox 2234 4625 3819 4698; baseline 0.008 -19"><span class='ocrx_word' id='word_1_866' title='bbox 2234 4640 2404 4679; x_wconf 84' lang='lat' dir='ltr'><strong>massa</strong></span> <span class='ocrx_word' id='word_1_867' title='bbox 2438 4625 2746 4694; x_wconf 82' lang='lat' dir='ltr'><strong>pertlitiOnis</strong></span> <span class='ocrx_word' id='word_1_868' title='bbox 2776 4628 2970 4681; x_wconf 85' lang='lat' dir='ltr'><strong>malum</strong></span> <span class='ocrx_word' id='word_1_869' title='bbox 2998 4637 3137 4682; x_wconf 90' lang='lat' dir='ltr'><strong>tnalo</strong></span> <span class='ocrx_word' id='word_1_870' title='bbox 3162 4645 3264 4683; x_wconf 91' lang='lat' dir='ltr'><strong>non</strong></span> <span class='ocrx_word' id='word_1_871' title='bbox 3297 4630 3432 4686; x_wconf 88' lang='lat' dir='ltr'><strong>male</strong></span> <span class='ocrx_word' id='word_1_872' title='bbox 3453 4631 3727 4698; x_wconf 87' lang='lat' dir='ltr'><strong>redditur;</strong></span> <span class='ocrx_word' id='word_1_873' title='bbox 3758 4643 3819 4692; x_wconf 72' lang='lat' dir='ltr'><strong>el</strong></span> 
     </span>
    </p>
   </div>
   <div class='ocr_carea' id='block_1_109' title="bbox 2233 4714 3814 4792">
    <p class='ocr_par' dir='ltr' id='par_1_109' title="bbox 2233 4714 3814 4792">
     <span class='ocr_line' id='line_1_110' title="bbox 2233 4714 3814 4792; baseline 0.006 -22"><span class='ocrx_word' id='word_1_874' title='bbox 2233 4716 2280 4770; x_wconf 94' lang='lat' dir='ltr'><strong>ei</strong></span> <span class='ocrx_word' id='word_1_875' title='bbox 2307 4716 2390 4768; x_wconf 91' lang='lat' dir='ltr'><strong>cui</strong></span> <span class='ocrx_word' id='word_1_876' title='bbox 2421 4714 2658 4768; x_wconf 90' lang='lat' dir='ltr'><strong>redditur</strong></span> <span class='ocrx_word' id='word_1_877' title='bbox 2688 4717 2879 4770; x_wconf 89' lang='lat' dir='ltr'><strong>malum</strong></span> <span class='ocrx_word' id='word_1_878' title='bbox 2911 4727 2990 4773; x_wconf 89' lang='lat' dir='ltr'><strong>est</strong></span> <span class='ocrx_word' id='word_1_879' title='bbox 3009 4759 3024 4782; x_wconf 97' lang='lat'><strong>,</strong></span> <span class='ocrx_word' id='word_1_880' title='bbox 3054 4719 3174 4787; x_wconf 81' lang='lat' dir='ltr'><strong>quia</strong></span> <span class='ocrx_word' id='word_1_881' title='bbox 3201 4722 3514 4789; x_wconf 84' lang='lat' dir='ltr'><strong>supplicium</strong></span> <span class='ocrx_word' id='word_1_882' title='bbox 3543 4723 3660 4792; x_wconf 81' lang='lat' dir='ltr'><strong>ejus</strong></span> <span class='ocrx_word' id='word_1_883' title='bbox 3689 4735 3814 4790; x_wconf 82' lang='lat' dir='ltr'><strong>est;</strong></span> 
     </span>
    </p>
   </div>
   <div class='ocr_carea' id='block_1_110' title="bbox 2233 4807 3819 4874">
    <p class='ocr_par' dir='ltr' id='par_1_110' title="bbox 2233 4807 3819 4874">
     <span class='ocr_line' id='line_1_111' title="bbox 2233 4807 3819 4874; baseline 0.007 -15"><span class='ocrx_word' id='word_1_884' title='bbox 2233 4811 2281 4860; x_wconf 90' lang='lat' dir='ltr'><strong>ei</strong></span> <span class='ocrx_word' id='word_1_885' title='bbox 2304 4821 2429 4859; x_wconf 80' lang='lat' dir='ltr'><strong>vcro</strong></span> <span class='ocrx_word' id='word_1_886' title='bbox 2451 4821 2480 4859; x_wconf 91' lang='lat' dir='ltr'><strong>a</strong></span> <span class='ocrx_word' id='word_1_887' title='bbox 2509 4823 2612 4874; x_wconf 86' lang='lat' dir='ltr'><strong>quo</strong></span> <span class='ocrx_word' id='word_1_888' title='bbox 2641 4807 2896 4868; x_wconf 86' lang='lat' dir='ltr'><strong>redditur,</strong></span> <span class='ocrx_word' id='word_1_889' title='bbox 2932 4809 3124 4861; x_wconf 90' lang='lat' dir='ltr'><strong>bonum</strong></span> <span class='ocrx_word' id='word_1_890' title='bbox 3155 4821 3257 4874; x_wconf 89' lang='lat' dir='ltr'><strong>est,</strong></span> <span class='ocrx_word' id='word_1_891' title='bbox 3293 4812 3410 4874; x_wconf 87' lang='lat' dir='ltr'><strong>quia</strong></span> <span class='ocrx_word' id='word_1_892' title='bbox 3439 4823 3583 4867; x_wconf 89' lang='lat' dir='ltr'><strong>recte</strong></span> <span class='ocrx_word' id='word_1_893' title='bbox 3610 4814 3819 4870; x_wconf 76' lang='lat' dir='ltr'><strong>factum</strong></span> 
     </span>
    </p>
   </div>
   <div class='ocr_carea' id='block_1_111' title="bbox 2234 4896 3821 4968">
    <p class='ocr_par' dir='ltr' id='par_1_111' title="bbox 2234 4896 3821 4968">
     <span class='ocr_line' id='line_1_112' title="bbox 2234 4896 3821 4968; baseline 0.007 -18"><span class='ocrx_word' id='word_1_894' title='bbox 2234 4897 2348 4965; x_wconf 84' lang='lat' dir='ltr'><strong>ejus</strong></span> <span class='ocrx_word' id='word_1_895' title='bbox 2369 4905 2468 4949; x_wconf 88' lang='lat' dir='ltr'><strong>est.</strong></span> <span class='ocrx_word' id='word_1_896' title='bbox 2501 4896 2608 4950; x_wconf 88' lang='lat' dir='ltr'><strong>Nec</strong></span> <span class='ocrx_word' id='word_1_897' title='bbox 2641 4898 2743 4950; x_wconf 87' lang='lat' dir='ltr'><strong>ulla</strong></span> <span class='ocrx_word' id='word_1_898' title='bbox 2774 4907 2855 4952; x_wconf 82' lang='lat' dir='ltr'><strong>est</strong></span> <span class='ocrx_word' id='word_1_899' title='bbox 2878 4899 3115 4966; x_wconf 90' lang='lat' dir='ltr'><strong>acceptio</strong></span> <span class='ocrx_word' id='word_1_900' title='bbox 3147 4916 3488 4968; x_wconf 62' lang='lat' dir='ltr'><strong>personarum</strong></span> <span class='ocrx_word' id='word_1_901' title='bbox 3523 4903 3573 4956; x_wconf 92' lang='lat' dir='ltr'><strong>in</strong></span> <span class='ocrx_word' id='word_1_902' title='bbox 3598 4903 3821 4961; x_wconf 87' lang='lat' dir='ltr'><strong>duobus</strong></span> 
     </span>
    </p>
   </div>
   <div class='ocr_carea' id='block_1_112' title="bbox 2236 4987 3825 5058">
    <p class='ocr_par' dir='ltr' id='par_1_112' title="bbox 2236 4987 3825 5058">
     <span class='ocr_line' id='line_1_113' title="bbox 2236 4987 3825 5058; baseline 0.006 -16"><span class='ocrx_word' id='word_1_903' title='bbox 2236 4987 2563 5042; x_wconf 90' lang='lat' dir='ltr'><strong>debitoribus</strong></span> <span class='ocrx_word' id='word_1_904' title='bbox 2592 4989 2865 5056; x_wconf 77' lang='lat' dir='ltr'><strong>:cqualiter</strong></span> <span class='ocrx_word' id='word_1_905' title='bbox 2890 4989 3016 5053; x_wconf 84' lang='lat' dir='ltr'><strong>rcis,</strong></span> <span class='ocrx_word' id='word_1_906' title='bbox 3055 4991 3097 5042; x_wconf 84' lang='lat' dir='ltr'><strong>si</strong></span> <span class='ocrx_word' id='word_1_907' title='bbox 3125 4991 3276 5045; x_wconf 87' lang='lat' dir='ltr'><strong>alteri</strong></span> <span class='ocrx_word' id='word_1_908' title='bbox 3304 4991 3619 5058; x_wconf 89' lang='lat' dir='ltr'><strong>dimittitur,</strong></span> <span class='ocrx_word' id='word_1_909' title='bbox 3668 4995 3825 5051; x_wconf 81' lang='lat' dir='ltr'><strong>alter</strong></span> 
     </span>
    </p>
   </div>
   <div class='ocr_carea' id='block_1_113' title="bbox 2235 5075 3523 5149">
    <p class='ocr_par' dir='ltr' id='par_1_113' title="bbox 2235 5075 3523 5149">
     <span class='ocr_line' id='line_1_114' title="bbox 2235 5075 3523 5149; baseline 0.005 -19"><span class='ocrx_word' id='word_1_910' title='bbox 2235 5077 2460 5146; x_wconf 82' lang='lat' dir='ltr'><strong>exigitur</strong></span> <span class='ocrx_word' id='word_1_911' title='bbox 2487 5075 2509 5106; x_wconf 67' lang='grc'><strong><em>⁸</em></strong></span> <span class='ocrx_word' id='word_1_912' title='bbox 2527 5117 2543 5142; x_wconf 85' lang='grc'><strong>,</strong></span> <span class='ocrx_word' id='word_1_913' title='bbox 2567 5077 2703 5145; x_wconf 87' lang='lat' dir='ltr'><strong>quod</strong></span> <span class='ocrx_word' id='word_1_914' title='bbox 2734 5079 2928 5146; x_wconf 78' lang='lat' dir='ltr'><strong>pariter</strong></span> <span class='ocrx_word' id='word_1_915' title='bbox 2950 5079 3016 5130; x_wconf 91' lang='lat' dir='ltr'><strong>ab</strong></span> <span class='ocrx_word' id='word_1_916' title='bbox 3038 5088 3258 5149; x_wconf 91' lang='lat' dir='ltr'><strong>utroque</strong></span> <span class='ocrx_word' id='word_1_917' title='bbox 3281 5080 3523 5140; x_wconf 90' lang='lat' dir='ltr'><strong>debetur.</strong></span> 
     </span>
    </p>
   </div>
   <div class='ocr_carea' id='block_1_114' title="bbox 2309 5165 3830 5241">
    <p class='ocr_par' dir='ltr' id='par_1_114' title="bbox 2309 5165 3830 5241">
     <span class='ocr_line' id='line_1_115' title="bbox 2309 5165 3830 5241; baseline 0.004 -19"><span class='ocrx_word' id='word_1_918' title='bbox 2309 5171 2394 5222; x_wconf 74' lang='lat' dir='ltr'><strong>l-t.</strong></span> <span class='ocrx_word' id='word_1_919' title='bbox 2435 5165 2539 5222; x_wconf 87' lang='lat' dir='ltr'><strong>Sed</strong></span> <span class='ocrx_word' id='word_1_920' title='bbox 2566 5176 2621 5219; x_wconf 91' lang='lat' dir='ltr'><strong>ut</strong></span> <span class='ocrx_word' id='word_1_921' title='bbox 2646 5166 2697 5220; x_wconf 91' lang='lat' dir='ltr'><strong>id</strong></span> <span class='ocrx_word' id='word_1_922' title='bbox 2723 5167 2862 5236; x_wconf 90' lang='lat' dir='ltr'><strong>quod</strong></span> <span class='ocrx_word' id='word_1_923' title='bbox 2891 5168 3114 5222; x_wconf 89' lang='lat' dir='ltr'><strong>dicimus</strong></span> <span class='ocrx_word' id='word_1_924' title='bbox 3133 5171 3354 5239; x_wconf 89' lang='lat' dir='ltr'><strong>alicujus</strong></span> <span class='ocrx_word' id='word_1_925' title='bbox 3383 5173 3610 5241; x_wconf 79' lang='lat' dir='ltr'><strong>exempli</strong></span> <span class='ocrx_word' id='word_1_926' title='bbox 3638 5175 3830 5229; x_wconf 70' lang='lat' dir='ltr'><strong>mani-</strong></span> 
     </span>
    </p>
   </div>
   <div class='ocr_carea' id='block_1_115' title="bbox 2301 5359 3314 5424">
    <p class='ocr_par' dir='ltr' id='par_1_115' title="bbox 2301 5359 3314 5424">
     <span class='ocr_line' id='line_1_116' title="bbox 2301 5359 3314 5424; baseline 0.006 -18"><span class='ocrx_word' id='word_1_927' title='bbox 2301 5364 2317 5424; x_wconf 50' lang='lat'><strong><em>?</em></strong></span> <span class='ocrx_word' id='word_1_928' title='bbox 2343 5360 2543 5424; x_wconf 36' lang='grc' dir='ltr'><strong>εἱς-ωδε.</strong></span> <span class='ocrx_word' id='word_1_929' title='bbox 2566 5367 2617 5410; x_wconf 78' lang='lat' dir='ltr'><strong>Al.</strong></span> <span class='ocrx_word' id='word_1_930' title='bbox 2637 5361 2776 5424; x_wconf 63' lang='lat' dir='ltr'><strong>editi,</strong></span> <span class='ocrx_word' id='word_1_931' title='bbox 2798 5359 2930 5424; x_wconf 86' lang='lat' dir='ltr'><strong>item,</strong></span> <span class='ocrx_word' id='word_1_932' title='bbox 2953 5373 3062 5423; x_wconf 70' lang='lat' dir='ltr'><strong>qua:</strong></span> <span class='ocrx_word' id='word_1_933' title='bbox 3081 5361 3314 5424; x_wconf 79' lang='lat' dir='ltr'><strong>acceptio.</strong></span> 
     </span>
    </p>
   </div>
   <div class='ocr_carea' id='block_1_116' title="bbox 2299 5420 3558 5487">
    <p class='ocr_par' dir='ltr' id='par_1_116' title="bbox 2299 5420 3558 5487">
     <span class='ocr_line' id='line_1_117' title="bbox 2299 5420 3558 5487; baseline 0.004 -20"><span class='ocrx_word' id='word_1_934' title='bbox 2299 5420 2554 5487; x_wconf 52' lang='lat' dir='ltr'><strong>{Gallicani</strong></span> <span class='ocrx_word' id='word_1_935' title='bbox 2574 5428 2684 5487; x_wconf 68' lang='lat' dir='ltr'><strong>tuss.</strong></span> <span class='ocrx_word' id='word_1_936' title='bbox 2711 5423 2833 5471; x_wconf 82' lang='lat' dir='ltr'><strong>alius</strong></span> <span class='ocrx_word' id='word_1_937' title='bbox 2855 5420 3132 5487; x_wconf 82' lang='lat' dir='ltr'><strong>honoratur;</strong></span> <span class='ocrx_word' id='word_1_938' title='bbox 3165 5420 3360 5487; x_wconf 79' lang='lat' dir='ltr'><strong>oinisso,</strong></span> <span class='ocrx_word' id='word_1_939' title='bbox 3391 5424 3558 5487; x_wconf 82' lang='lat' dir='ltr'><strong>gratis.</strong></span> 
     </span>
    </p>
   </div>
   <div class='ocr_carea' id='block_1_117' title="bbox 2301 5483 3836 5557">
    <p class='ocr_par' dir='ltr' id='par_1_117' title="bbox 2301 5483 3836 5557">
     <span class='ocr_line' id='line_1_118' title="bbox 2301 5483 3836 5557; baseline 0.007 -28"><span class='ocrx_word' id='word_1_940' title='bbox 2301 5483 2426 5553; x_wconf 51' lang='lat' dir='ltr'><strong>{Hic</strong></span> <span class='ocrx_word' id='word_1_941' title='bbox 2469 5483 2712 5557; x_wconf 40' lang='lat' dir='ltr'><strong>particula.</strong></span> <span class='ocrx_word' id='word_1_942' title='bbox 2740 5497 2927 5545; x_wconf 78' lang='lat' dir='ltr'><strong>negans</strong></span> <span class='ocrx_word' id='word_1_943' title='bbox 2955 5483 3227 5534; x_wconf 84' lang='lat' dir='ltr'><strong>restituitur</strong></span> <span class='ocrx_word' id='word_1_944' title='bbox 3267 5483 3606 5535; x_wconf 78' lang='lat' dir='ltr'><strong>Gallicanorum</strong></span> <span class='ocrx_word' id='word_1_945' title='bbox 3644 5501 3836 5540; x_wconf 80' lang='lat' dir='ltr'><strong>manu-</strong></span> 
     </span>
    </p>
   </div>
   <div class='ocr_carea' id='block_1_118' title="bbox 2236 5551 3836 5670">
    <p class='ocr_par' dir='ltr' id='par_1_118' title="bbox 2236 5551 3836 5670">
     <span class='ocr_line' id='line_1_119' title="bbox 2236 5551 2836 5604; baseline -0.002 -10"><span class='ocrx_word' id='word_1_946' title='bbox 2236 5551 2520 5604; x_wconf 69' lang='lat' dir='ltr'><strong>scriptorum</strong></span> <span class='ocrx_word' id='word_1_947' title='bbox 2534 5551 2836 5595; x_wconf 83' lang='lat' dir='ltr'><strong>auctoritate.</strong></span> 
     </span>
     <span class='ocr_line' id='line_1_120' title="bbox 2239 5603 3836 5670; baseline 0.008 -19"><span class='ocrx_word' id='word_1_948' title='bbox 2239 5665 2252 5670; x_wconf 88' lang='lat'><strong>_</strong></span> <span class='ocrx_word' id='word_1_949' title='bbox 2302 5605 2322 5635; x_wconf 68' lang='grc'><strong>⁸</strong></span> <span class='ocrx_word' id='word_1_950' title='bbox 2341 5612 2470 5670; x_wconf 60' lang='lat' dir='ltr'><strong>l.ov._.</strong></span> <span class='ocrx_word' id='word_1_951' title='bbox 2489 5603 2627 5670; x_wconf 75' lang='lat' dir='ltr'><strong>alteri</strong></span> <span class='ocrx_word' id='word_1_952' title='bbox 2645 5606 2872 5670; x_wconf 54' lang='lat' dir='ltr'><strong>egigimr.</strong></span> <span class='ocrx_word' id='word_1_953' title='bbox 2898 5607 3066 5656; x_wconf 63' lang='grc' dir='ltr'><strong>ςεριωί</strong></span> <span class='ocrx_word' id='word_1_954' title='bbox 3091 5605 3220 5670; x_wconf 82' lang='lat' dir='ltr'><strong>libri,</strong></span> <span class='ocrx_word' id='word_1_955' title='bbox 3241 5607 3362 5658; x_wconf 81' lang='lat' dir='ltr'><strong>alter</strong></span> <span class='ocrx_word' id='word_1_956' title='bbox 3381 5605 3610 5670; x_wconf 73' lang='lat' dir='ltr'><strong>eaigitttr.</strong></span> <span class='ocrx_word' id='word_1_957' title='bbox 3629 5612 3836 5664; x_wconf 64' lang='lat' dir='ltr'><strong>Putem</strong></span> 
     </span>
    </p>
   </div>
   <div class='ocr_carea' id='block_1_119' title="bbox 2239 5665 3836 5737">
    <p class='ocr_par' dir='ltr' id='par_1_119' title="bbox 2239 5665 3836 5737">
     <span class='ocr_line' id='line_1_121' title="bbox 2239 5665 3836 5737; baseline 0.006 -23"><span class='ocrx_word' id='word_1_958' title='bbox 2239 5665 2466 5737; x_wconf 63' lang='lat' dir='ltr'><strong>loquendi</strong></span> <span class='ocrx_word' id='word_1_959' title='bbox 2502 5666 2644 5732; x_wconf 78' lang='lat' dir='ltr'><strong>modo</strong></span> <span class='ocrx_word' id='word_1_960' title='bbox 2663 5665 2786 5718; x_wconf 64' lang='lat' dir='ltr'><strong>divit</strong></span> <span class='ocrx_word' id='word_1_961' title='bbox 2820 5680 2983 5729; x_wconf 65' lang='lat' dir='ltr'><strong>supra,</strong></span> <span class='ocrx_word' id='word_1_962' title='bbox 3010 5683 3058 5716; x_wconf 82' lang='grc' dir='ltr'><strong>ιι.</strong></span> <span class='ocrx_word' id='word_1_963' title='bbox 3093 5669 3170 5726; x_wconf 70' lang='lat' dir='ltr'><strong>lii,</strong></span> <span class='ocrx_word' id='word_1_964' title='bbox 3206 5670 3408 5720; x_wconf 84' lang='lat' dir='ltr'><strong>alterunt</strong></span> <span class='ocrx_word' id='word_1_965' title='bbox 3442 5665 3495 5721; x_wconf 71' lang='grc' dir='ltr'><strong>έξι</strong></span> <span class='ocrx_word' id='word_1_966' title='bbox 3507 5669 3672 5734; x_wconf 80' lang='lat' dir='ltr'><strong>igere;</strong></span> <span class='ocrx_word' id='word_1_967' title='bbox 3711 5687 3836 5737; x_wconf 78' lang='lat' dir='ltr'><strong>pro,</strong></span> 
     </span>
    </p>
   </div>
   <div class='ocr_carea' id='block_1_120' title="bbox 2241 5729 2701 5790">
    <p class='ocr_par' dir='ltr' id='par_1_120' title="bbox 2241 5729 2701 5790">
     <span class='ocr_line' id='line_1_122' title="bbox 2241 5729 2701 5790; baseline -0.009 -12"><span class='ocrx_word' id='word_1_968' title='bbox 2241 5729 2302 5778; x_wconf 85' lang='lat' dir='ltr'><strong>ab</strong></span> <span class='ocrx_word' id='word_1_969' title='bbox 2319 5729 2468 5776; x_wconf 71' lang='lat' dir='ltr'><strong>altera</strong></span> <span class='ocrx_word' id='word_1_970' title='bbox 2489 5729 2701 5790; x_wconf 66' lang='lat' dir='ltr'><strong>exigere.</strong></span> 
     </span>
    </p>
   </div>
  </div>
