4012 6474
210 363 319 429 sat
1556 358 1756 413 LIBER
1795 357 2171 415 secuxuus.

228 474 500 531 festatione
547 474 830 541 clarescat,
875 474 1257 531 constituamus
1301 476 1505 544 aliquos
1536 476 1602 529 ab
1630 476 1803 543 aliqua

230 568 501 622 meretrice
539 567 785 636 geminos
822 566 1015 630 editos,
1066 577 1223 638 atque
1254 578 1307 622 ut
1352 568 1418 621 ab
1444 568 1561 621 aliis
1587 570 1804 639 collige-

228 668 403 712 rentnr
446 660 725 726 expositos
754 676 768 713 :
798 659 984 711 borum
1034 659 1149 711 sine
1202 658 1469 726 Baptismo
1519 661 1805 727 exspiravit

229 765 381 810 unus,
425 749 563 800 alius
595 748 909 816 baptizatus.
962 747 1114 814 Quod
1158 747 1243 801 liic
1284 748 1442 800 fatum
1472 748 1803 803 fortunamve

224 840 382 893 fuisse
401 839 667 903 dicamus,
693 855 810 909 qua)
835 840 1050 892 omnino
1071 840 1210 892 nulla
1240 840 1402 893 sunt?
1428 842 1592 905 Quam
1624 856 1805 909 perso-

226 947 406 985 narum
447 932 835 999 acceptionem,
873 946 993 985 cum
1037 931 1174 999 apud
1219 932 1383 986 Deum
1428 934 1567 986 nulla
1612 942 1753 987 esset
1784 933 1800 963 ⁸

222 1025 377 1077 etiam
406 1024 451 1076 si
496 1024 548 1076 in
586 1024 704 1076 istis
743 1023 846 1078 ulla
875 1038 994 1077 esse
1022 1024 1280 1090 potuisset
1310 1041 1322 1075 :
1351 1024 1439 1093 qui
1468 1025 1645 1093 utique
1671 1024 1801 1078 nihil

222 1114 504 1177 habebant,
550 1114 693 1169 unde
742 1116 877 1169 alter
916 1115 1070 1169 alteri
1108 1116 1465 1184 pra-ferretur.
1512 1117 1800 1185 meritaque

221 1206 359 1259 nulla
382 1207 616 1275 prOpria,
648 1207 762 1261 sive
789 1206 924 1259 bona
946 1248 961 1271 ,
989 1206 1181 1277 quibus
1209 1215 1505 1273 mereretur
1543 1209 1676 1261 alius
1702 1209 1799 1261 ba-

221 1296 435 1364 ptizari;
486 1296 600 1349 sive
657 1297 817 1359 mala,
874 1297 1067 1366 quibus
1122 1297 1257 1351 alius
1308 1298 1423 1351 sine
1480 1298 1799 1366 Baptismate

219 1387 507 1441 moriiAn
559 1387 731 1457 aliqua
775 1397 1047 1455 parentum
1102 1388 1329 1453 fuerunt,
1378 1388 1463 1443 ubi
1512 1387 1799 1443 fornicator

218 1486 389 1547 pater,
420 1479 676 1532 meretrix
697 1477 901 1532 mater?
926 1478 1030 1533 Sed
1056 1479 1460 1549 qualiacumque
1482 1480 1564 1532 illa
1582 1479 1795 1542 fuerint,

218 1581 324 1620 non
366 1566 551 1635 utique
580 1567 695 1621 istis
725 1576 828 1621 tam
860 1567 1066 1622 diversa
1110 1570 1413 1624 eomlitione
1452 1571 1797 1624 morientibus

220 1657 322 1710 ulla
346 1656 580 1723 diversa,
610 1658 701 1711 sed
735 1660 943 1727 utrique
980 1660 1303 1714 communia.
1332 1662 1385 1716 Si
1427 1678 1555 1731 ergo
1589 1678 1686 1716 nec
1722 1663 1797 1716 fa-

218 1754 353 1811 tum,
379 1747 501 1814 quia
534 1748 690 1801 nulla:
717 1749 886 1802 stella:
916 1750 1014 1804 ista
1052 1752 1380 1816 decernunt;
1414 1769 1511 1807 nec
1550 1754 1753 1808 fortuna
1778 1795 1794 1820 ,

216 1837 335 1907 quia
364 1853 470 1891 non
503 1837 705 1892 fortuiti
732 1854 887 1895 easus
914 1839 1026 1894 haec
1053 1852 1242 1910 agunt;
1286 1858 1384 1897 nec
1414 1860 1755 1913 personarum
1776 1887 1793 1913 ,

212 1942 319 1982 nec
360 1928 669 1982 meritormu
700 1928 979 1984 diversitas
1000 1929 1101 1984 hoc
1128 1929 1367 1986 fecerunt
1397 1950 1409 1985 :
1434 1934 1559 2002 quid
1597 1943 1791 2001 restat,

216 2030 471 2087 quantum
513 2019 579 2073 ad
616 2018 933 2089 baptizatum
960 2020 1181 2086 adtinet,
1214 2024 1313 2077 nisi
1342 2025 1508 2092 gratia
1552 2025 1646 2079 Dei
1673 2042 1791 2095 quae

218 2113 355 2165 vasis
386 2111 538 2165 factis
565 2112 615 2165 in
640 2112 895 2167 honorem
924 2114 1087 2183 gratis
1115 2113 1301 2180 datur;
1330 2124 1584 2183 quantum
1613 2127 1791 2171 autem

212 2202 277 2255 ad
305 2218 411 2254 non
445 2201 765 2271 baptizatum
787 2242 803 2269 ,
836 2204 908 2257 ira
941 2203 1055 2265 Dei,
1086 2218 1201 2273 qua:
1232 2205 1372 2261 vasis
1399 2204 1551 2260 factis
1579 2206 1630 2260 in
1660 2221 1793 2260 con-

216 2294 489 2348 tumeliam
517 2310 614 2364 pro
638 2294 806 2365 ipsius
846 2312 1033 2350 massa:
1064 2297 1266 2351 meritis
1292 2298 1562 2353 redditur?
1604 2300 1706 2353 Sed
1740 2300 1792 2354 in

215 2388 302 2444 illo
328 2389 417 2459 qui
442 2388 737 2458 baptizatus
759 2398 860 2456 est,
886 2391 1108 2460 gratiam
1138 2391 1230 2445 Dei
1256 2406 1352 2446 vos
1382 2392 1623 2446 confiteri
1646 2392 1794 2461 cogi-

216 2494 352 2544 mus,
400 2488 456 2533 et
502 2480 748 2533 meritum
796 2480 912 2549 ejus
952 2482 1153 2534 nullum
1200 2484 1534 2551 praecessisse
1570 2485 1793 2539 convin-

218 2570 420 2623 cimus:
452 2569 519 2624 de
547 2570 635 2623 illo
662 2580 838 2625 autem
868 2572 984 2628 sine
1010 2572 1332 2641 Baptismate
1362 2586 1590 2640 mortuo,
1623 2590 1716 2628 cur
1742 2575 1793 2630 ei

214 2659 443 2713 defuerit
468 2660 890 2726 Sacramenlum,
922 2662 1060 2731 quod
1083 2673 1136 2717 et
1163 2678 1257 2717 vos
1280 2663 1517 2719 fatemini
1544 2666 1793 2721 omnibus

217 2752 462 2804 :ctatibns
484 2751 866 2817 necessarium,
899 2761 952 2806 ct
977 2753 1102 2822 quid
1133 2753 1236 2807 isto
1271 2754 1430 2807 modo
1462 2754 1513 2808 in
1541 2769 1608 2809 eo
1636 2756 1796 2809 fuerit

216 2839 560 2905 vindicitum,
594 2854 690 2895 vos
713 2841 948 2896 videritis
968 2844 1057 2912 qui
1086 2858 1191 2897 non
1214 2844 1371 2898 vultis
1398 2860 1515 2899 esse
1538 2846 1795 2915 originale

215 2930 487 2985 delictum.

281 3025 373 3079 15.
414 3022 583 3077 Nobis
640 3024 690 3077 in
743 3023 950 3079 duobus
996 3024 1110 3080 istis
1159 3025 1384 3096 geminis
1422 3043 1579 3081 unam
1612 3028 1793 3097 procul

215 3112 373 3166 dubio
426 3113 745 3168 habentibus
792 3129 1029 3182 causam,
1084 3115 1445 3171 difficultatem
1485 3119 1794 3188 quaestionis

215 3220 305 3260 cur
331 3206 476 3261 alius
505 3207 586 3261 sic
606 3248 620 3272 ,
663 3206 798 3261 alius
823 3209 1065 3271 vero,sic
1097 3218 1334 3263 mortuus
1360 3218 1475 3273 est,
1514 3211 1658 3264 velut
1689 3226 1793 3265 non

215 3296 472 3350 solvendo
502 3296 662 3351 solvit
693 3298 980 3366 Apostolus
1014 3316 1028 3352 :
1060 3300 1149 3369 qui
1189 3316 1307 3353 cum
1340 3310 1393 3355 et
1422 3301 1534 3369 ipse
1563 3300 1629 3355 de
1654 3301 1793 3355 duo-

215 3387 305 3440 bus
333 3388 566 3457 geminis
597 3388 699 3442 tale
724 3388 918 3458 aliquid
946 3391 1312 3459 prd'posuisset
1330 3432 1344 3455 ,
1377 3400 1591 3460 propter
1610 3391 1749 3460 quod
1772 3393 1792 3423 '

216 3494 313 3533 non
345 3495 409 3532 ex
436 3481 709 3547 Operibns,
737 3481 857 3549 quia
884 3482 1115 3536 nondum
1134 3484 1334 3551 operati
1359 3483 1567 3538 fuerant
1594 3484 1793 3555 aliquid

215 3567 333 3622 boni
361 3570 446 3622 vel
479 3569 624 3633 mali,
660 3569 752 3623 sed
789 3586 853 3624 ex
884 3580 1105 3625 vocante
1130 3572 1330 3627 dictum
1358 3584 1461 3640 est,
1492 3574 1663 3646 Major
1685 3592 1791 3627 scr-

214 3659 302 3711 εἰει
346 3659 534 3711 minori
550 3672 571 3723 ,'
597 3668 671 3725 et,
696 3657 857 3713 Jacob
893 3661 1068 3725 dilexi,
1096 3661 1236 3716 Esau
1262 3674 1426 3717 autem
1452 3666 1565 3718 odio
1593 3665 1744 3719 liabui
1774 3682 1792 3720 :

215 3759 265 3803 et
289 3750 453 3820 hujus
493 3748 1166 3820 profunditatishorrorem
1214 3770 1381 3824 usque
1424 3756 1488 3808 ad
1531 3756 1632 3810 hoc
1678 3774 1795 3825 per-

214 3842 474 3909 duxisset,
496 3853 553 3897 ut
574 3843 794 3909 diceret,
825 3843 962 3915 Ergo
989 3846 1133 3914 cujus
1159 3849 1262 3900 vult
1284 3849 1562 3912 miseretur,
1584 3859 1629 3903 et
1648 3867 1794 3919 quem

213 3934 312 3986 vult
334 3932 557 3987 obdurat
584 3948 605 3987 :
631 3936 799 3989 sensit
838 3936 1090 3991 continuo
1132 3938 1256 4007 quid
1299 3951 1556 4004 moveret,
1597 3950 1651 3995 et
1693 3942 1791 3996 sibi

212 4025 372 4078 verba
438 4024 879 4090 contradicentis,
943 4042 1063 4096 qua:
1125 4030 1414 4097 apostolica
1476 4033 1791 4087 auctoritate

212 4122 509 4181 coerceret,
556 4125 823 4185 opposuit.
876 4118 962 4171 Ait
1014 4118 1157 4172 enim
1200 4137 1213 4173 :
1249 4119 1385 4175 Dicis
1431 4122 1600 4191 itaque
1643 4125 1787 4188 mihi,

217 4204 351 4272 Quid
373 4206 543 4259 adhuc
571 4208 931 4273 conqueritur?
958 4226 1075 4261 nam
1105 4208 1350 4263 voluntati
1393 4211 1500 4281 ejus
1526 4214 1639 4281 quis
1664 4215 1792 4266 resi-

213 4298 341 4352 stit?
388 4297 788 4367 Responditque
828 4300 923 4352 ista
966 4300 1159 4354 dicenti
1194 4319 1207 4354 :
1240 4301 1284 4355 0
1313 4302 1461 4356 homo
1482 4344 1498 4369 ,
1527 4314 1578 4356 tu
1607 4306 1715 4373 quis
1744 4322 1795 4359 es

212 4390 292 4454 qui
311 4389 624 4459 respondeas
650 4388 755 4444 Deo
772 4390 798 4443 .’
828 4389 1088 4461 Numquid
1109 4394 1230 4447 dicit
1257 4394 1547 4465 ﬁgmentum
1570 4397 1619 4450 ei
1642 4398 1727 4466 qui
1744 4415 1797 4451 se

210 4478 382 4545 ﬁnxit,
415 4478 588 4545 Quare
610 4480 682 4533 sic
702 4498 780 4533 me
798 4484 1000 4554 fecisti?
1025 4483 1205 4539 Annon
1244 4486 1389 4540 habet
1416 4499 1707 4557 potestatem
1734 4492 1797 4559 [i-

210 4570 361 4639 gultts
395 4570 492 4623 luti
522 4585 587 4623 ea:
616 4571 790 4625 eadem
826 4589 993 4627 massa
1014 4574 1035 4605 ³
1060 4579 1226 4645 facere
1248 4579 1392 4631 aliud
1413 4580 1609 4649 quidem
1630 4597 1716 4636 uas
1744 4583 1796 4636 in

212 4661 478 4722 honorem,
509 4661 651 4714 aliud
681 4662 733 4715 in
773 4664 1167 4721 contumeliam?
1193 4668 1391 4724 Deinde
1415 4681 1655 4735 secutus,
1690 4683 1796 4728 tam

210 4766 466 4822 magnum
496 4752 841 4824 abditumque
868 4768 1151 4823 secretum,
1171 4769 1423 4827 quantum
1454 4765 1796 4832 aperiendum

209 4855 331 4896 esse
384 4840 989 4911 hominibusjudicavit,
1041 4848 1247 4916 aperuit
1283 4850 1591 4907 dicens:Si
1629 4866 1798 4909 autem

210 4935 384 4988 volens
409 4933 549 4987 Deus
586 4935 844 4990 ostendere
885 4938 1032 5001 iram,
1076 4950 1122 4992 et
1147 4939 1491 4997 demonstrare
1528 4948 1800 5014 potentiam

209 5042 381 5092 suam,
411 5026 581 5079 attulit
618 5027 671 5080 in
696 5027 854 5080 multa
876 5030 1118 5098 patientia
1143 5046 1262 5085 vasa
1286 5033 1393 5097 irae,
1432 5050 1544 5105 qua:
1579 5038 1799 5105 perfecta

209 5126 333 5169 sunt
366 5117 417 5169 in
446 5117 776 5183 perditionem
801 5159 817 5184 ,
859 5130 904 5172 et
944 5131 997 5174 ut
1024 5133 1167 5176 notas
1193 5126 1375 5193 faceret
1401 5127 1600 5179 divitias
1623 5128 1800 5197 gloria:

208 5222 321 5259 sua:
349 5206 402 5259 in
445 5222 569 5260 uasa
611 5208 987 5272 misericordiae,
1019 5228 1133 5283 quae
1168 5217 1469 5284 prwparavit
1505 5218 1557 5270 in
1584 5219 1799 5287 gloriam

210 5296 396 5367 (Rom.
427 5314 506 5364 ιι,
541 5299 748 5370 11-23).
775 5300 885 5355 Hoc
909 5313 989 5356 est
1011 5302 1228 5373 ‘gratizn
1241 5306 1353 5371 Dei,
1379 5323 1482 5361 non
1504 5309 1676 5361 solum
1701 5309 1798 5362 ad-

208 5388 494 5457 jutorinm,
544 5404 730 5445 verum
783 5392 943 5446 etiam
994 5392 1373 5451 documentum
1416 5414 1429 5451 :
1475 5399 1797 5469 adjutoriutn

280 5563 297 5627 ξ
324 5562 458 5620 Editi,
480 5563 736 5627 φησι)μά
765 5572 912 5615 Deum
936 5570 1069 5616 nulla
1092 5578 1178 5621 t‘st.

280 5626 303 5690 ξ
325 5638 391 5673 sic
414 5634 520 5675 atat.
546 5634 601 5676 At
627 5626 765 5685 cditi,
790 5637 981 5688 propter
1005 5644 1137 5690 qui».

285 5686 375 5749 {tu
400 5695 529 5746 διδ»,
548 5701 613 5737 ex
633 5686 800 5738 canem
822 5686 1175 5749 commntum.

289 5746 314 5777 ι
343 5750 542 5799 \sucani
560 5749 770 5811 wivees,
789 5750 865 5801 Inc
889 5746 977 5802 est.

3370 378 3485 436 589

1914 477 2120 531 scilicet
2170 479 2222 533 in
2264 480 2402 535 vasis
2448 482 2875 551 misericordias;
2913 486 2965 541 in
2995 488 3134 544 vasis
3175 499 3349 545 autem
3382 494 3478 549 ira)

1908 566 2283 624 documentum
2309 588 2321 624 :
2354 573 2404 625 in
2435 575 2511 626 eis
2540 576 2680 627 enim
2708 576 2938 631 oStendit
2968 579 3135 643 iram,
3160 589 3214 633 ct
3249 581 3476 637 demon-

1908 670 2041 713 Strat
2073 664 2359 728 potentiam
2404 680 2576 729 suam,
2614 670 2733 735 quia
2780 680 2883 720 tam
2928 678 3115 737 potens
3142 679 3225 724 est
3268 673 3476 727 bonitas

1908 750 2041 816 ejus,
2074 765 2127 805 ut
2152 754 2283 807 bene
2310 766 2484 808 utatur
2512 760 2667 810 etiam
2698 760 2877 819 malis;
2906 772 2960 814 et
3002 763 3051 815 in
3077 763 3155 817 eis
3183 772 3333 818 notas
3358 766 3479 820 facit
3554 754 3557 757 Δ

1906 841 2114 894 divitias
2150 845 2331 911 gloria:
2375 860 2484 899 sua:
2526 848 2575 899 in
2610 862 2731 901 vasa
2777 851 3186 919 misericordim,
3224 856 3474 923 quoniam

1904 931 2044 998 quod
2084 934 2151 985 ab
2180 935 2269 986 ira:
2300 937 2437 988 vasis
2464 938 2625 1005 exigit
2663 940 2866 1006 justitia
2902 941 3183 1009 punientis,
3216 944 3313 998 hoc
3336 945 3475 998 vasis

1905 1022 2278 1079 misericordite
2300 1026 2517 1081 dimittit
2536 1030 2702 1097 gratia
2722 1030 2991 1084 liberantis
3011 1048 3137 1087 :nec
3159 1032 3472 1089 beneficium

1902 1113 2043 1180 quod
2070 1116 2379 1179 quibusdam
2402 1121 2564 1185 gratis
2588 1119 2851 1185 tribuitur,
2874 1133 3174 1192 appareret,
3202 1125 3302 1178 nisi
3334 1125 3474 1180 Deus

1901 1202 2017 1254 aliis
2038 1218 2102 1256 ex
2127 1206 2310 1259 eadem
2342 1223 2513 1260 massa
2543 1212 2737 1277 pariter
2765 1212 2868 1265 reis
2888 1212 3032 1280 justo
3061 1215 3319 1283 supplicio
3339 1231 3475 1268 eon-

1900 1290 2182 1359 demnatis,
2211 1296 2336 1365 quid
2366 1300 2604 1367 utrisque
2641 1300 2953 1366 deberetur,
2983 1305 3309 1359 08tenderet.
3349 1303 3477 1371 Quis

1898 1383 2030 1435 enim
2051 1393 2098 1437 te
2122 1384 2357 1439 discernit
2379 1387 2404 1440 ?
2426 1388 2498 1441 ait
2520 1389 2656 1443 idem
2686 1391 2973 1459 apostolus,
2999 1391 3199 1447 bomini
3225 1402 3472 1464 tanquam

1898 1472 1965 1527 de
1992 1479 2279 1545 semetipso
2305 1485 2359 1531 et
2386 1477 2454 1533 de
2482 1495 2579 1534 suo
2591 1482 2804 1549 pr0prio
2833 1482 2968 1536 bono
2990 1484 3233 1554 glorianti
3258 1487 3272 1517 ¹
3300 1504 3315 1540 :
3346 1486 3473 1553 Quis

1899 1564 2029 1614 enim
2050 1574 2097 1617 te
2117 1564 2403 1621 discernit?
2426 1569 2602 1637 utique
2630 1571 2697 1623 ab
2728 1572 2818 1624 ira:
2850 1574 3007 1636 vasis,
3032 1589 3060 1627 a
3092 1590 3262 1629 massa
3296 1577 3472 1644 perdi-

1901 1652 2076 1717 tionis,
2108 1669 2225 1722 quaa
2256 1671 2350 1724 per
2378 1674 2536 1710 unum
2571 1676 2757 1714 OllllICS
2785 1663 2926 1715 misit
2972 1664 3022 1715 in
3054 1666 3470 1720 damnationem.

1902 1741 2027 1805 Quis
2053 1751 2100 1795 te
2131 1744 2401 1799 discernit?
2422 1746 2487 1800 Et
2515 1758 2763 1817 tanquam
2795 1752 3175 1819 respondisset,
3209 1755 3473 1809 Discernit

1900 1848 1985 1885 me
2017 1832 2149 1887 fides
2179 1850 2317 1900 mea,
2357 1840 2684 1906 propositum
2730 1856 2903 1893 meum
2928 1884 2941 1905 ,
2972 1844 3215 1895 meritum
3247 1859 3421 1897 meum
3453 1883 3468 1897 .

1901 1923 2037 1990 Quid
2057 1927 2186 1977 enim
2210 1925 2380 1989 habes,
2413 1929 2601 1997 iuqttit,
2630 1932 2763 1999 quod
2793 1949 2892 1986 non
2912 1935 3185 2003 accepisti?
3217 1936 3275 1989 Si
3303 1946 3471 1990 autem

1898 2021 1943 2064 et
1962 2014 2215 2083 accepisti,
2240 2016 2359 2084 quid
2380 2018 2612 2087 gloriaris
2632 2022 2774 2089 quasi
2804 2039 2902 2075 non
2926 2026 3173 2094 acceperis
3191 2024 3234 2093 (Ι
3258 2024 3373 2080 Cor.
3394 2040 3471 2092 tv,

1900 2099 1988 2173 7)?
2020 2102 2118 2157 hoc
2146 2113 2248 2169 est,
2284 2108 2433 2175 quasi
2460 2109 2525 2161 de
2556 2122 2644 2162 tuo
2677 2113 2765 2175 sit,
2793 2112 2930 2167 unde
2958 2114 3297 2170 disvemeris.
3330 2117 3470 2186 Ergo

1897 2190 1987 2245 ille
2016 2192 2290 2261 discernit,
2321 2197 2408 2265 qui
2445 2198 2583 2252 unde
2617 2200 2933 2256 disceruaris
2964 2205 3216 2275 impertit,
3257 2221 3472 2276 penam

1896 2284 2127 2338 debitam
2170 2290 2512 2353 removendo,
2560 2292 2844 2347 indebitam
2881 2297 3104 2364 gratiam
3144 2299 3416 2366 largiendo
3455 2317 3469 2355 :

1898 2374 1985 2428 ille
2010 2375 2282 2444 discernit,
2311 2381 2398 2449 qui
2423 2398 2542 2435 eum
2570 2384 2801 2438 tenebrze
2818 2397 2995 2441 essent
3025 2403 3183 2456 super
3196 2391 3472 2461 abyssum,

1895 2464 2047 2531 dixit,
2079 2466 2195 2520 Fiat
2218 2468 2324 2535 lux,
2349 2482 2395 2523 et
2416 2476 2551 2542 facta
2581 2484 2651 2527 est
2681 2474 2769 2528 lux
2792 2515 2807 2529 .
2836 2487 2882 2529 et
2910 2478 3096 2542 divisit,
3130 2479 3231 2535 hoc
3253 2491 3336 2536 est
3360 2482 3476 2535 dis-

1896 2556 2079 2623 crevit,
2113 2559 2240 2612 inter
2258 2563 2419 2615 lucem
2448 2572 2495 2616 et
2536 2566 2758 2619 tenebras
2780 2564 2930 2635 (Gen.
2953 2583 2991 2634 ι,
3018 2570 3071 2633 5,
3094 2570 3173 2638 4).
3192 2570 3303 2624 Νοιι
3331 2572 3475 2626 enim

1896 2664 2017 2703 cum
2048 2652 2174 2704 solae
2198 2663 2378 2707 essent
2418 2656 2648 2709 tenebrze
2668 2699 2683 2722 ,
2716 2658 2841 2728 quid
2872 2660 3199 2716 discerneret
3228 2662 3429 2717 invenit
3456 2678 3472 2715 :

1896 2740 1990 2795 sed
2020 2741 2187 2794 lucem
2211 2743 2452 2799 faciendo
2473 2746 2753 2812 discrevit;
2784 2761 2839 2803 ut
2862 2751 3158 2820 jnstiflcatis
3188 2754 3361 2823 impiis
3390 2755 3475 2807 di-

1898 2841 2066 2895 catur,
2101 2830 2293 2887 Fuistis
2324 2836 2456 2889 enim
2483 2837 2755 2905 aliquando
2778 2841 3013 2906 tenebrae,
3038 2859 3169 2896 nunc
3196 2854 3360 2897 autem
3388 2845 3480 2898 lux

1895 2921 1949 2974 in
1981 2922 2198 2977 Domino
2225 2923 2440 2996 (Ep/tes.
2465 2944 2517 2993 ν,
2548 2930 2605 2999 8)
2635 2946 2647 2981 :
2674 2945 2738 2985 ac
2761 2932 2837 2985 sic
2868 2934 2953 3003 qui
2982 2935 3256 3002 gloriatur,
3287 2950 3391 2989 non
3422 2936 3475 2990 in

1898 3029 1958 3067 se
1989 3016 2124 3084 ipso,
2158 3018 2248 3071 sed
2275 3020 2325 3071 in
2355 3019 2579 3075 Domino
2606 3022 2866 3091 glorietur
2892 3024 2969 3095 (Il
2990 3024 3107 3079 Cor.
3134 3042 3188 3091 ι,
3221 3028 3285 3081 l7
3312 3030 3349 3097 ).
3381 3028 3477 3084 Ille

1898 3104 2173 3177 discernit,
2226 3112 2313 3180 qui
2366 3111 2434 3167 de
2492 3116 2724 3169 nondum
2766 3119 2903 3171 natis
2933 3134 3103 3189 neque
3146 3122 3233 3190 qui
3276 3122 3476 3191 aliquid

1897 3208 2121 3267 egerant
2153 3200 2272 3255 boni
2302 3212 2393 3257 aut
2435 3206 2577 3270 mali,
2610 3214 2667 3259 ut
2689 3208 2979 3263 secundum
3009 3211 3321 3266 electionem
3350 3228 3478 3282 pro-

1897 3293 2126 3360 positum
2170 3294 2285 3363 ejus
2318 3307 2594 3365 maneret,
2628 3314 2733 3353 non
2781 3316 2846 3355 ex
2890 3302 3173 3371 aperibns,
3205 3304 3297 3359 sed
3324 3320 3389 3360 ex
3418 3321 3479 3361 se

1899 3384 2013 3451 ipso
2042 3386 2063 3415 '
2088 3396 2309 3441 vocante
2345 3388 2497 3455 dixit,
2528 3390 2699 3461 Major
2719 3395 2893 3445 serviet
2930 3394 3113 3447 minori
3143 3394 3162 3467 (
3190 3394 3317 3449 Gen.
3340 3412 3475 3462 xxv,

1895 3472 1967 3527 25
1992 3474 2010 3543 )
2037 3490 2051 3529 :
2077 3484 2235 3545 atque
2266 3476 2491 3545 idipsnm
2519 3480 2897 3535 commendans
2922 3493 3101 3551 postea
3133 3500 3227 3553 per
3246 3484 3478 3554 prophe-

1898 3574 2033 3627 tam;
2074 3563 2255 3630 Jacob,
2301 3566 2489 3637 inquit,
2537 3569 2711 3633 dilexi,
2764 3568 2904 3624 Esau
2958 3583 3123 3627 autent
3175 3576 3289 3627 odio
3324 3576 3479 3630 ltubul

1899 3651 1919 3723 (
1947 3653 2173 3707 Malaclt.
2206 3671 2243 3717 ι.
2271 3655 2307 3709 2
2412 3658 2737 3713 Electionem
2766 3659 2788 3691 ⁸
2817 3663 3009 3730 quippe
3039 3662 3190 3727 dixit,
3222 3665 3307 3718 ubi
3338 3665 3479 3720 Deus

1898 3762 2001 3797 non
2025 3746 2090 3800 ab
2116 3747 2220 3801 alio
2251 3746 2447 3803 factum
2479 3750 2619 3820 quod
2646 3752 3032 3827 eligatinvenit
3053 3797 3067 3821 ,
3100 3756 3190 3809 sed
3219 3757 3361 3827 quod
3390 3758 3475 3811 in-

1897 3839 2073 3892 veniat
2118 3840 2229 3908 ipse
2274 3840 2435 3895 facit:
2470 3845 2603 3897 sicut
2632 3844 2699 3899 de
2748 3846 2981 3915 reliquiis
3021 3846 3177 3903 Israel
3223 3852 3477 3919 scriptum

1896 3937 1996 3992 est,
2022 3929 2268 4000 Reliquiae
2287 3950 2377 4001 per
2396 3933 2681 3989 electionem
2702 3938 2881 4005 gratia:
2909 3936 3057 4007 factm
3081 3950 3216 3993 sunt.
3237 3942 3298 3996 Si
3312 3952 3480 3997 autem

1896 4023 2080 4091 gratia,
2112 4025 2225 4093 jam
2264 4041 2363 4078 non
2404 4042 2465 4079 ea:
2492 4030 2754 4096 aperibus;
2784 4031 3003 4101 alioquin
3043 4036 3225 4103 gratia,
3240 4038 3353 4104 jam
3379 4054 3481 4091 non

1897 4124 1968 4166 est
1992 4116 2155 4183 gratia
2185 4114 2358 4188 (Rom.
2394 4133 2469 4180 XI,
2504 4120 2535 4171 5
2555 4160 2569 4184 ,
2603 4118 2678 4189 6).
2711 4121 2935 4190 Propter
2957 4125 3095 4192 quod
3127 4128 3360 4193 profecto
3384 4128 3479 4184 de-

1898 4204 2092 4271 sipitis,
2123 4206 2211 4274 qui
2253 4206 2465 4261 dicente
2501 4210 2743 4273 veritate,
2779 4210 2899 4264 Non
2926 4229 2988 4265 ex
3013 4215 3276 4279 aperibus,
3304 4218 3391 4271 sed
3416 4233 3481 4272 ea;

1897 4304 2105 4347 vocante
2137 4295 2325 4348 dictum
2357 4306 2462 4359 est;
2492 4314 2585 4352 vos
2625 4300 2833 4367 dicitis,
2876 4302 2951 4355 Ex
2991 4301 3179 4357 futuris
3204 4307 3474 4374 operibus,

1898 4400 2017 4451 quze
2056 4384 2195 4439 Deus
2239 4387 2381 4440 illum
2433 4385 2699 4443 facturum
2745 4406 2864 4446 esse
2917 4394 3257 4463 prresciebat,
3309 4396 3475 4452 Jacob

1898 4477 2062 4533 fuisse
2089 4478 2337 4534 dilectum
2366 4498 2378 4533 :
2413 4492 2572 4552 atque
2600 4484 2669 4539 ita
2698 4488 3058 4544 contradicitis
3098 4492 3351 4559 Apostolo
3388 4492 3475 4547 di-

1899 4571 2060 4635 centi,
2090 4570 2209 4625 Non
2239 4590 2300 4627 ea:
2327 4576 2557 4644 aperibus
2586 4592 2604 4630 :
2629 4579 2776 4646 quasi
2800 4595 2903 4633 non
2930 4591 3109 4650 posset
3137 4582 3334 4645 dicere,
3361 4584 3476 4639 Non

1901 4675 1963 4714 ex
1994 4663 2365 4730 przeseutibus,
2394 4665 2485 4718 sed
2511 4664 2699 4721 futuris
2729 4670 2996 4737 operibus.
3020 4667 3125 4725 Sed
3154 4672 3245 4735 ait,
3268 4672 3389 4728 Non
3416 4690 3477 4728 ea:

1901 4754 2151 4821 operibus,
2192 4765 2246 4807 ut
2292 4756 2511 4823 gratiam
2556 4760 2952 4815 commendaret
2980 4777 2994 4814 :
3019 4762 3080 4816 Si
3102 4772 3269 4817 autent
3290 4767 3475 4834 gratia,

1892 4843 2005 4914 jam
2036 4862 2133 4897 non
2156 4862 2217 4898 ex
2236 4854 2497 4916 operibus;
2523 4865 2745 4915 auoqum
2766 4852 2930 4921 gratia
2945 4852 3061 4922 jam
3082 4871 3181 4907 non
3197 4866 3267 4909 est
3291 4857 3474 4927 gratia.

1903 4938 2161 4991 Praecedit
2193 4954 2438 5007 namque,
2470 4958 2571 4994 non
2600 4942 2797 5008 debita,
2821 4944 2912 4998 sed
2943 4948 3170 5015 gratuita
3198 4950 3385 5017 gratia,
3418 4958 3476 5005 ut

1903 5041 1997 5095 per
2028 5027 2166 5080 illam
2200 5030 2324 5082 fiant
2352 5028 2373 5060 ⁸
2403 5030 2536 5083 bona
2564 5046 2722 5100 opera
2754 5052 2766 5086 :
2795 5050 2860 5087 ne
2881 5035 2926 5089 si
2950 5040 3317 5105 pnecesserint
3342 5040 3480 5094 bona

1904 5134 2088 5186 opera,
2122 5128 2367 5186 tanquam
2397 5122 2647 5190 Operibus
2680 5124 2928 5179 reddatur
2954 5130 3143 5195 gratia,
3171 5143 3233 5181 ac
3258 5130 3335 5181 sic
3357 5144 3480 5197 gra-

1906 5210 1971 5261 tia
1998 5210 2106 5277 jam
2131 5226 2233 5263 non
2262 5212 2329 5264 sit
2354 5212 2542 5280 gratia.

1906 5343 1986 5453 bri
2013 5350 2214 5391 \‘attt‘mn
2241 5354 2366 5406 mss,
2383 5356 2431 5397 et
2451 5356 2513 5397 ue
2532 5361 2620 5399 suo
2641 5349 2837 5415 vroprio
2858 5351 3084 5415 gleiianti
3096 5367 3113 5414 ;
3128 5357 3300 5405 omissa
3334 5369 3474 5417 voce,

1964 5416 2042 5452 no.

1964 5416 2042 5452 ηο.

1907 5466 2144 5575 1.“.Apud
2160 5473 2292 5528 tam,
2314 5469 2401 5519 sed
2421 5484 2486 5521 ea:
2508 5475 2650 5534 tpso;
2681 5476 2877 5536 omisso,
2893 5488 2963 5527 se.
2982 5478 3195 5527 ttabetnr
3217 5480 3265 5526 in
3285 5483 3480 5527 caeteris

1927 5540 2060 5575 λιιι-15.

1947 5542 2013 5574 ·›ι·ι
2048 5563 2060 5574 .

1927 5543 1995 5655 Lf
2018 5542 2090 5655 :ic
2112 5602 2284 5655 omnes
2308 5600 2408 5642 MSS.
2432 5598 2567 5655 miti,
2590 5593 2833 5647 electione.

1971 5647 1992 5679 ⁸
2011 5652 2083 5697 sic
2107 5654 2308 5703 \‘atieaui
2338 5664 2383 5703 et
2407 5647 2625 5706 Militaui
2672 5666 2774 5707 ass.
2803 5659 2918 5707 ι]ιίιὶ
2954 5666 3136 5716 autem,
3160 5660 3349 5708 omissis
3370 5673 3482 5709 ver-

1910 5710 2267 5784 liis._m°a,ft_'edtt
2304 5730 2525 5784 namque,
2552 5721 2840 5784 nongdcln'ta,
2866 5722 2949 5770 sed
2972 5710 3213 5784 gratuita;
3236 5722 3480 5781 ferebant,

1910 5778 2067 5838 gratia
2094 5774 2268 5839 t'tith,
2295 5786 2341 5827 1;!
2366 5774 2449 5839 per
2477 5780 2605 5829 .llum
2620 5778 2759 5844 ﬁam.
