4038 6476
509 377 620 434 583

586 491 670 547 16.
699 490 804 548 Sed
843 497 899 544 ut
926 487 1076 543 vobis
1105 485 1408 540 auferretur
1429 485 1604 538 onmis
1630 495 1822 537 vestrae
1862 483 2104 551 caliginis

510 585 744 649 latebra,
775 591 1050 652 propterea
1073 577 1311 646 geminos
1342 575 1474 629 tales
1497 574 1746 643 proposui
1771 614 1786 638 ,
1819 574 1906 642 qui
1931 587 2103 641 neque

511 684 786 746 parentum
818 670 1020 724 meritis
1040 669 1373 738 juvarentur,
1401 677 1453 720 et
1483 679 1640 718 amno
1671 666 1904 719 infantia:
1934 667 2100 734 prim-

509 768 661 822 ordio
683 780 817 819 unus
845 763 1158 830 baptizatus,
1186 760 1319 813 alter
1340 759 1455 812 sine
1479 759 1800 825 Baptismate
1832 771 2104 810 moreren-

511 869 628 921 tur;
654 873 718 910 ue
747 853 996 909 diceretis
1024 852 1212 913 Deum,
1237 851 1372 904 sicut
1393 849 1459 902 de
1482 847 1647 902 Jaeob
1673 857 1725 902 et
1758 848 1894 900 Esau
1918 856 2102 900 contra

507 949 824 1016 Apostolum
875 945 1080 1009 dicitis,
1128 957 1289 1012 epeia
1339 955 1523 995 eormn
1577 939 1746 992 futura
1802 938 2099 1006 praescisse.

508 1041 787 1109 Quomodo
815 1039 956 1094 enim
987 1036 1250 1107 przeseivit
1290 1051 1352 1090 ea
1396 1032 1564 1086 futura
1587 1074 1602 1095 ,
1635 1047 1754 1101 qua:
1787 1033 1890 1084 illis
1929 1031 1978 1084 in
2023 1031 2105 1084 iu-

508 1137 672 1191 fanfia
718 1133 1021 1196 morituris,
1063 1131 1183 1200 quia
1231 1128 1562 1198 pm‘scientia
1585 1127 1700 1194 ejus
1731 1123 1836 1180 falli
1869 1141 1974 1178 non
2003 1141 2101 1192 po-

509 1235 646 1288 test,
697 1222 963 1293 pra'seivit
1009 1222 1180 1291 potius
1229 1235 1330 1272 non
1359 1217 1574 1271 futura?
1605 1218 1708 1271 Aut
1731 1216 1854 1286 quid
1886 1217 2103 1284 prodest

507 1319 586 1372 eis
615 1318 702 1387 qui
733 1317 1010 1384 rapiuntur
1030 1329 1094 1366 ex
1132 1311 1230 1365 hac
1255 1312 1357 1364 vita
1383 1352 1397 1373 ,
1430 1326 1497 1364 ne
1526 1308 1723 1362 malitia
1755 1316 1922 1362 mutet
1945 1308 2103 1362 intel-

508 1411 700 1465 lectum
732 1423 952 1469 eorum,
998 1415 1089 1458 aut
1119 1420 1184 1457 ne
1221 1403 1362 1456 fictio
1388 1401 1619 1471 decipiat
1655 1401 1884 1454 animam
1915 1417 2099 1456 eorum

505 1502 658 1569 (Sap.
685 1515 754 1561 tv,
789 1497 899 1568 Η),
923 1497 964 1550 si
998 1505 1270 1565 peccatum
1299 1495 1458 1548 etiam
1479 1493 1620 1562 quod
1652 1509 1756 1546 non
1779 1501 1859 1546 est
1882 1491 2098 1560 factum,

504 1589 704 1645 dictum
729 1631 744 1652 ,
773 1590 1060 1658 cogitatum
1081 1629 1095 1650 ,
1125 1597 1372 1655 tanquam
1403 1583 1746 1638 commissum
1791 1584 1988 1650 fuerit,
2025 1585 2103 1638 sic

507 1683 756 1754 punitur?
787 1679 936 1748 Quod
963 1681 1006 1734 si
1033 1678 1470 1733 absurdissimum
1496 1719 1510 1740 ,
1541 1677 1946 1732 insulsissimnm
1965 1719 1978 1741 ,
2007 1677 2101 1732 de-

509 1773 896 1826 meutissinmm
927 1780 1028 1835 est,
1056 1769 1320 1840 quoslibet
1351 1769 1593 1823 homines
1619 1785 1682 1823 ex
1717 1769 1799 1823 his
1829 1771 2098 1839 peccatis,

506 1880 731 1933 quorum
755 1877 852 1916 nec
874 1871 1076 1914 rnatum
1099 1876 1161 1914 ex
1195 1860 1500 1928 parentibus
1531 1859 1741 1914 trahere
1761 1902 1776 1920 ,
1805 1861 1938 1914 sicut
1965 1861 2100 1916 dici-

509 1953 596 2016 tis,
633 1968 730 2006 nec
750 1969 808 2006 ea
842 1966 946 2004 non
978 1951 1148 2004 solum
1173 1951 1528 2015 committere,
1559 1951 1650 2004 sed
1679 1966 1778 2004 nec
1799 1953 1985 2005 saltem
2013 1967 2102 2006 co-

507 2045 676 2114 gitare
712 2051 1013 2112 potuerunt,
1047 2055 1166 2096 esse
1194 2039 1554 2102 damnandos;
1586 2039 1805 2095 reditad
1833 2057 1928 2095 vos
1950 2042 1966 2074 ¹
1999 2041 2104 2096 fra-

510 2145 593 2188 ter
629 2134 718 2188 ille
754 2132 999 2202 geminus
1038 2131 1284 2200 baptizati
1327 2148 1431 2184 non
1465 2130 1788 2202 baptizatus,
1820 2141 1873 2185 et
1912 2133 2102 2186 tacitus

508 2225 699 2295 quan-it
737 2238 765 2276 a
795 2223 939 2276 vobis
964 2261 979 2288 ,
1013 2223 1151 2275 unde
1199 2221 1353 2276 fuerit
1393 2238 1420 2274 a
1464 2221 1692 2276 fraterna
1723 2222 1972 2278 felicitate
1995 2223 2104 2277 dis-

424 2371 431 2376 ,
509 2326 720 2380 cretus,
767 2331 862 2368 cur
904 2315 988 2368 illa
1028 2313 1334 2368 infelicitate
1365 2315 1612 2383 punitus,
1638 2324 1694 2368 ut
1721 2315 1809 2367 illo
1841 2316 1890 2368 in
1925 2315 2012 2368 Dei
2040 2315 2102 2368 li-

508 2408 636 2462 lium
664 2406 912 2476 adoptato
934 2407 975 2469 ’,
1019 2404 1132 2474 ipse
1160 2422 1264 2457 non
1295 2406 1559 2474 acciperet
1587 2407 1833 2459 omnibus
1858 2407 2102 2460 mtatibus

509 2502 865 2556 necessarium
888 2539 901 2562 ,
929 2499 1063 2551 sicut
1087 2497 1320 2552 fatemini
1343 2540 1357 2563 ,
1383 2497 1817 2561 Sacramentum;
1849 2500 1892 2552 si
1917 2516 2105 2567 quem-

509 2591 792 2645 admodum
822 2590 961 2644 nnlla
992 2599 1074 2643 est
1105 2588 1312 2642 fortuna
1337 2590 1419 2642 vel
1445 2590 1629 2655 fatum,
1661 2591 1744 2644 vel
1773 2590 1909 2658 apud
1935 2591 2100 2645 Deum

509 2683 748 2751 acceptio
777 2695 1154 2750 personarum,
1202 2680 1270 2733 ita
1302 2681 1501 2733 nullum
1528 2690 1611 2735 est
1635 2682 1818 2750 gratize
1849 2682 1962 2736 sine
1995 2698 2103 2736 tne-

509 2777 626 2828 ritis
651 2773 870 2835 donum;
900 2773 1099 2825 nullum
1128 2771 1384 2841 originale
1405 2782 1700 2841 peccatum.
1734 2772 1863 2826 lluie
1886 2788 2104 2842 prorsus

511 2863 696 2918 infanti
740 2863 975 2931 linguam
1003 2871 1233 2915 vestram
1275 2878 1568 2930 vocemque
1606 2862 1950 2929 submittitis,
1978 2862 2105 2918 huic

510 2971 615 3009 non
647 2954 879 3022 loquenti
906 2953 1029 3022 quid
1063 2953 1348 3022 loquamini
1383 2967 1484 3006 n0n
1516 2952 1743 3005 habetis.

581 3045 809 3101 CAPUT
837 3044 965 3099 VIII.
992 3076 1065 3086 —
1090 3047 1174 3099 Π.
1206 3043 1336 3098 Boni
1364 3047 1512 3099 etiam
1541 3047 1820 3118 imperfecti
1855 3048 2104 3119 cupiditas

511 3141 697 3192 donum
721 3137 895 3207 gratia:
913 3148 1006 3201 est;
1031 3136 1254 3206 alioquin
1281 3136 1444 3207 gratia
1466 3137 1737 3190 secundum
1761 3138 1935 3191 merita
1951 3140 2104 3193 dare-

512 3239 614 3281 tur.
644 3226 759 3282 Jam
800 3242 938 3281 nunc
967 3227 1274 3292 videamus,
1318 3235 1376 3281 ut
1416 3241 1732 3297 possumus,
1779 3227 1880 3282 hoc
1927 3228 2102 3297 ipsum

511 3319 654 3389 quod
684 3320 868 3372 volunt
896 3318 1199 3388 prtecedcre
1221 3319 1271 3373 in
1297 3317 1530 3384 homine,
1558 3329 1614 3374 ut
1633 3320 1896 3390 adjutorio
1920 3322 2104 3391 gratim

511 3412 702 3479 dignus
731 3409 986 3464 habeatur
1009 3451 1023 3474 ,
1053 3420 1106 3464 et
1133 3410 1216 3465 cui
1240 3411 1431 3464 merito
1455 3411 1571 3480 ejus
1599 3427 1703 3466 non
1729 3423 1978 3482 tanquam
2023 3413 2104 3467 in-

512 3500 689 3556 debita
732 3502 992 3556 tribuatur
1013 3544 1026 3565 ,
1065 3501 1158 3555 sed
1186 3501 1361 3556 debita
1399 3503 1569 3572 gratia
1601 3503 1927 3558 retribuatur
1954 3503 2010 3570 ';
2039 3518 2105 3560 ac

513 3595 592 3648 sic
620 3595 787 3664 gratia
811 3594 920 3662 jam
961 3609 1066 3648 non
1103 3595 1173 3648 sit
1213 3595 1381 3664 gratia
1417 3594 1734 3649 :vidcamus
1772 3605 1949 3650 tamen
1979 3597 2103 3666 quid

514 3685 642 3740 illud
673 3685 760 3738 sit.
787 3685 894 3739 Sub
919 3685 1119 3738 nomine
1138 3725 1152 3747 ,
1185 3685 1448 3754 inquiunt,
1480 3686 1658 3755 gratiae
1681 3687 1752 3739 ita
1777 3690 1938 3757 fatum
1964 3705 2103 3742 asse-

514 3787 654 3840 runt,
675 3786 732 3830 ut
755 3777 954 3839 dicant,
979 3777 1098 3846 quia
1124 3777 1218 3829 nisi
1243 3777 1395 3829 inuito
1421 3786 1466 3830 ct
1505 3777 1774 3831 reluctanti
1799 3779 1990 3832 homini
2019 3780 2102 3832 in-

513 3869 777 3938 spiraverit
803 3867 921 3921 boni
941 3909 956 3932 ,
984 3878 1029 3920 et
1057 3867 1215 3938 ipsius
1244 3869 1526 3940 imperfecti
1547 3911 1560 3932 ,
1594 3871 1920 3938 cupiditatem
1941 3871 1983 3941 ⁸,
2015 3890 2104 3928 nec

516 3975 549 4011 a
578 3959 712 4012 malo
743 3957 995 4012 declinare
1016 3999 1028 4020 ,
1061 3975 1151 4012 nec
1175 3957 1362 4012 bonum
1399 3965 1557 4030 possit
1598 3963 1838 4030 arripere.
1881 3963 1996 4018 Jam
2035 3966 2104 4021 de

515 4049 627 4103 fato
674 4058 725 4103 et
771 4050 938 4118 gratia
988 4066 1144 4119 quam
1194 4052 1366 4106 inania
1415 4053 1697 4124 loquantur
1725 4056 2102 4114 ostendimus:

517 4155 660 4196 nunc
688 4141 814 4195 illud
847 4149 932 4196 est
960 4142 1098 4211 quod
1125 4141 1384 4198 debemus
1403 4144 1678 4200 advertere
1699 4188 1712 4210 ,
1741 4158 1914 4202 utrum
1939 4149 2103 4203 invito

515 4245 570 4288 et
599 4235 876 4290 reluctanti
907 4235 1104 4289 homini
1135 4235 1273 4292 Deus
1301 4235 1522 4306 inspiret
1561 4237 1684 4292 boni
1720 4239 2063 4308 cupiditatem
2085 4283 2100 4309 ,

518 4336 575 4381 ut
598 4327 707 4397 jam
736 4343 841 4382 non
865 4329 933 4382 sit
962 4329 1249 4392 reluctans,
1283 4344 1387 4383 non
1415 4330 1484 4384 sit
1514 4331 1727 4396 invitus,
1759 4332 1854 4388 sed
1875 4349 2104 4389 consen-

517 4417 656 4474 tiens
683 4419 843 4485 bono,
867 4425 921 4474 et
947 4420 1128 4476 volens
1155 4419 1371 4476 bonum.
1400 4421 1488 4476 lsti
1515 4423 1656 4476 enim
1684 4425 1887 4489 volunt,
1921 4427 1972 4479 in
2002 4424 2105 4480 ho-

519 4510 662 4565 mine
691 4509 760 4564 ab
788 4510 902 4579 ipso
932 4509 1144 4564 homine
1191 4511 1423 4580 incipere
1467 4514 1808 4578 cupiditatem
1855 4515 2015 4582 boni,
2047 4528 2106 4574 ut

519 4600 676 4671 lmjns
703 4600 862 4670 empti
891 4600 1136 4655 meritum
1167 4601 1326 4655 etiam
1371 4601 1675 4671 perficiendi
1717 4606 1884 4675 gratia
1924 4621 2107 4662 conse-

519 4700 712 4760 quatur
742 4707 757 4744 :
787 4691 831 4744 si
861 4701 1038 4744 tamen
1063 4687 1168 4744 hoc
1207 4690 1392 4744 saltem
1434 4692 1637 4747 volunt.
1678 4693 1920 4765 Pelagius
1961 4697 2102 4752 enim

520 4780 722 4836 facilius
750 4781 877 4834 dicit
903 4779 1109 4850 impleri
1134 4780 1271 4850 quod
1300 4780 1495 4836 bonum
1523 4793 1639 4848 est,
1676 4785 1718 4838 si
1750 4785 1962 4854 adjuvet
1987 4803 2108 4857 gra-

519 4875 612 4927 tia.
635 4872 751 4941 Quo
775 4873 1165 4940 additamento,
1204 4874 1254 4929 id
1284 4885 1366 4930 est
1386 4917 1400 4941 ,
1441 4876 1685 4932 addendo
1715 4878 1976 4946 Facilius,
2006 4879 2108 4932 uti-

519 4979 623 5032 que
651 4963 914 5033 signitieat
942 4963 1044 5019 hoc
1065 4978 1124 5019 se
1158 4979 1344 5035 sapere
1363 5007 1377 5030 ,
1411 4967 1549 5038 quod
1575 4968 1779 5023 etiamsi
1805 4970 1989 5039 gratia:
2013 4970 2108 5026 de-

520 5055 676 5110 fuerit
698 5053 1017 5124 adjutorium
1037 5095 1051 5121 ,
1084 5064 1276 5126 potest,
1299 5058 1542 5128 quamvis
1567 5057 1831 5114 difficilius
1851 5099 1865 5125 ,
1898 5061 2104 5130 impleri

587 5229 605 5259 ³
631 5225 854 5277 Gallicani
878 5233 984 5277 Mss.
1011 5229 1252 5284 omittunt,
1275 5227 1403 5279 redit
1426 5229 1492 5280 ad
1513 5242 1608 5280 vos.

520 5292 605 5402 In!
629 5290 836 5399 \l'qtimqi
856 5298 906 5339 et
927 5289 1150 5402 (ξεινίαιιή
1179 5295 1306 5350 Mss,
1329 5290 1381 5342 in
1406 5291 1494 5342 Dei
1513 5290 1638 5357 ﬁlios
1660 5291 1904 5357 adoptato.
1939 5296 2011 5345 sic
2031 5296 2106 5343 in-

597 5387 612 5402 .
659 5364 765 5400 lil'O
820 5388 834 5402 .
861 5365 912 5400 η.
971 5388 983 5400 .

597 5387 612 5408 ,
639 5364 765 5400 tmro
787 5364 834 5410 4,
861 5365 912 5400 n.
936 5364 983 5402 ι.

586 5415 607 5446 ³
632 5421 678 5462 In
705 5413 1079 5478 editisdeerant
1097 5411 1178 5462 illa
1201 5416 1368 5472 verba,
1391 5420 1436 5478 ct
1461 5413 1541 5478 cui
1561 5414 1732 5478 merito
1753 5415 1858 5478 ejus
1882 5429 1975 5478 non
1998 5425 2106 5467 tan-

521 5487 668 5538 quam
703 5473 916 5541 indebita
953 5474 1220 5541 tribuatur,
1267 5478 1352 5525 sed
1396 5475 1553 5541 debita
1591 5477 1750 5541 gratia
1772 5473 2104 5541 'retribuutnr.

526 5537 724 5586 Exstant
767 5539 816 5586 in
869 5538 1103 5586 \‘alicanis
1148 5543 1253 5586 Mss.
1311 5545 1358 5586 tn
1410 5537 1658 5586 Gallicanis
1696 5553 1814 5586 vero
1882 5540 1984 5588 hmc
2038 5539 2108 5590 le-

524 5607 724 5664 guntur,
749 5605 792 5647 et
815 5597 893 5648 cui
916 5596 1088 5664 merito
1101 5597 1230 5664 ejus,
1255 5611 1348 5648 non
1368 5607 1597 5659 tanquam
1617 5600 1848 5660 indebita,
1860 5600 2020 5664 grati:
2036 5617 2110 5653 re-

521 5659 556 5708 ti
570 5660 792 5718 tbuutnr;
815 5673 871 5710 ac
895 5660 962 5710 sic
982 5659 1109 5722 grati
1129 5659 1157 5716 τ,
1179 5668 1273 5708 etc.

589 5723 611 5752 ⁸
641 5724 713 5772 sic
759 5729 863 5773 Mss.
913 5719 1140 5773 Att—eniti
1167 5756 1181 5782 ,
1232 5729 1276 5771 tt
1330 5719 1482 5786 ipsum
1537 5720 1810 5786 imperfecti
1862 5723 2103 5790 cupidi“-

521 5785 636 5831 tein.

1140 367 1411 424 CONTRA
1456 365 1633 421 ουλε
1674 363 2054 420 EPiSTOL.\S
2093 363 2655 432 PEl..\GI.\NORU.\l,
2698 365 2754 422 S.
2795 366 3170 425 AUGUSTINI

3699 373 3810 430 58f

2216 482 2410 536 bonum
2441 497 2533 550 per
2560 481 2783 537 liberum
2811 486 3108 544 arbitrium.
3132 489 3235 546 Sed
3267 492 3379 546 istis
3400 536 3414 560 ,
3456 493 3581 564 quid
3620 494 3672 548 in
3707 494 3818 548 hac

2211 588 2270 626 re
2296 572 2560 640 sentiant,
2604 575 2800 629 nonde
2841 577 2933 631 illo
2961 590 3178 637 auctore
3221 583 3376 652 hujus
3418 585 3636 640 lmresis
3668 601 3815 654 prm-

2209 665 2505 719 scribamus
2539 683 2551 719 :
2586 669 2953 736 permittamus
2978 688 3073 728 eos
3098 691 3219 730 eum
3260 693 3356 730 suo
3379 679 3549 733 libero
3578 679 3814 733 arbitrio

2211 770 2328 809 esse
2358 757 2552 811 liberos
2576 767 2631 812 et
2659 758 2727 812 ab
2757 759 2871 829 ipso
2895 761 3140 834 Pelagio;
3170 776 3328 836 atque
3372 769 3469 823 ista
3511 769 3668 823 verba
3713 785 3814 823 eo-

2210 861 2362 912 rum,
2394 863 2512 917 quae
2561 849 2610 902 in
2660 848 2759 903 hae
2787 852 2870 904 cui
2913 855 3296 923 respondemus
3327 857 3563 928 Epistola
3609 874 3816 930 posue-

2209 946 2365 999 runt,
2399 939 2571 1006 potius
2597 939 2955 996 attendamus.

2282 1029 2367 1081 l8.
2398 1027 2508 1082 lloe
2559 1031 2699 1083 enim
2752 1033 2904 1085 nobis
2933 1034 3288 1102 obiiciendum
3339 1049 3622 1108 putarunt,
3663 1042 3814 1112 quod

2207 1117 2360 1170 invito
2379 1129 2427 1170 et
2451 1120 2720 1173 reluctanti
2745 1123 2934 1176 homini
2955 1123 3117 1178 Deum
3143 1127 3372 1184 dicamus
3400 1130 3668 1200 inspirare,
3695 1149 3810 1188 non

2207 1211 2615 1279 quanticumque
2642 1211 2792 1277 boni,
2834 1215 2927 1268 sed
2967 1226 3013 1269 et
3047 1218 3208 1288 ipsius
3237 1219 3515 1290 imperfecti
3543 1224 3812 1293 cupidita-

2207 1308 2324 1352 tem.
2372 1298 2635 1356 Fortassis
2673 1319 2800 1373 ergo
2830 1305 2926 1374 ipsi
2969 1323 3034 1362 eo
3061 1310 3220 1363 modo
3255 1313 3441 1366 saltem
3473 1325 3693 1369 servant
3725 1317 3812 1370 lo-

2205 1405 2327 1444 cum
2369 1395 2588 1461 gratiae,
2622 1405 2680 1448 ut
2708 1397 2824 1450 sine
2854 1398 2938 1452 illa
2982 1411 3169 1468 putent
3209 1401 3478 1460 hominem
3509 1422 3670 1478 posse
3709 1409 3814 1464 ha-

2206 1480 2333 1537 bere
2361 1483 2504 1546 boni,
2529 1485 2622 1539 sed
2654 1485 2949 1555 imperfecti
2973 1493 3340 1562 cupiditatem;
3374 1496 3589 1566 perfecti
3619 1509 3808 1556 autem

2207 1587 2311 1626 non
2344 1572 2549 1629 facilius
2574 1590 2671 1645 per
2700 1577 2845 1632 illam
2877 1596 3065 1649 posse,
3096 1583 3188 1639 sed
3221 1586 3322 1640 nisi
3365 1603 3459 1656 per
3502 1589 3644 1644 illam
3686 1607 3812 1646 orn-

2207 1663 2335 1716 niuo
2364 1679 2467 1719 non
2499 1681 2677 1735 posse.
2708 1667 2903 1724 Verum
2931 1681 2984 1726 et
3012 1675 3088 1728 sie
3112 1677 3335 1745 gratiam
3365 1678 3456 1734 Dei
3485 1679 3671 1736 dicunt
3710 1697 3806 1738 se-

2205 1756 2436 1810 cundum
2461 1758 2647 1812 merita
2677 1768 2856 1815 nostra
2883 1761 2994 1818 dari
3027 1781 3042 1818 :
3071 1766 3210 1834 quod
3239 1767 3289 1820 in
3313 1767 3534 1824 Oriente
3560 1771 3808 1844 Pelagius

2205 1846 2581 1904 erelesizistieis
2625 1848 2802 1905 Gestis
2848 1852 3089 1909 damnari
3141 1856 3375 1913 timendo
3421 1861 3712 1917 damnavit.
3747 1865 3804 1919 SI

2206 1938 2347 1991 enim
2395 1939 2509 1994 sine
2538 1941 2628 1994 Dei
2668 1942 2835 2011 gratia
2871 1959 2966 2013 per
2995 1960 3092 2001 nos
3136 1945 3319 2018 incipit
3343 1952 3606 2020 cupiditas
3635 1954 3802 2021 boni;

2207 2030 2379 2100 ipsum
2410 2042 2641 2102 emptum
2673 2034 2774 2088 erit
2800 2037 3046 2091 meritum
3066 2080 3082 2104 ,
3121 2039 3206 2093 cui
3236 2052 3484 2108 tanquam
3525 2061 3588 2100 ex
3618 2044 3806 2102 debito

2205 2122 2388 2189 gratia:
2413 2124 2591 2178 veniat
2616 2124 2937 2193 adjutorium
2982 2147 2996 2183 :
3026 2137 3089 2183 ac
3115 2131 3192 2184 sic
3219 2132 3385 2200 gratia
3425 2134 3516 2190 Dei
3547 2153 3652 2190 non
3683 2154 3807 2207 gra-

2207 2213 2274 2266 tis
2299 2212 2610 2280 donabitur,
2657 2215 2750 2270 sed
2782 2218 3072 2274 secundum
3106 2223 3352 2277 meritum
3381 2234 3622 2280 nostrum
3651 2228 3808 2283 dabi-

2207 2311 2312 2357 tur.
2349 2304 2601 2358 Dominus
2630 2318 2806 2362 autem
2848 2319 2905 2362 ut
2947 2313 3291 2382 reSpondcret
3335 2314 3512 2370 futuro
3541 2318 3760 2385 Pelagio
3785 2363 3804 2389 ,

2204 2407 2310 2446 non
2339 2392 2414 2445 ait
2438 2435 2452 2458 ,
2481 2392 2606 2448 Sine
2633 2411 2717 2450 me
2748 2397 2962 2452 difficile
2989 2403 3212 2468 potestis
3238 2404 3433 2474 aliquid
3462 2410 3667 2474 facere;
3700 2412 3805 2466 sed

2207 2485 2318 2550 ait,
2355 2484 2482 2539 Sine
2509 2503 2586 2540 me
2610 2487 2740 2541 nihil
2764 2492 2970 2559 potestis
2989 2496 3153 2563 facere
3178 2494 3356 2568 (Joan.
3389 2514 3491 2564 xv,
3533 2500 3608 2571 5).
3644 2502 3713 2557 ΕΙ,
3745 2516 3811 2560 ιιι

2206 2577 2555 2646 responderet
2577 2578 2766 2634 futuris
2790 2583 2949 2636 etiam
2978 2584 3093 2640 istis
3121 2587 3170 2640 in
3199 2589 3383 2644 eadem
3427 2592 3536 2661 ipSa
3563 2611 3807 2667 evange-

2207 2668 2306 2723 lica
2329 2670 2611 2736 sententia,
2636 2687 2742 2726 non
2768 2674 2862 2741 ait,
2892 2674 3018 2730 Sine
3044 2695 3122 2732 me
3148 2680 3278 2736 nihil
3293 2685 3496 2750 potestis
3520 2687 3803 2757 perficere;

2206 2758 2300 2814 sed
2319 2801 2332 2824 ,
2364 2764 2547 2829 facere.
2575 2760 2706 2816 Nam
2734 2763 2779 2818 si
2812 2764 3072 2822 Perfieere
3097 2768 3337 2840 dixisset,
3372 2787 3586 2844 possent
3613 2778 3698 2834 isti
3719 2781 3807 2835 di-

2205 2868 2351 2918 cere,
2379 2869 2483 2908 non
2512 2855 2578 2908 ad
2610 2855 2970 2926 incipiendum
2998 2861 3195 2917 bonum
3217 2907 3231 2930 ,
3262 2867 3402 2935 quod
3433 2885 3462 2922 a
3494 2871 3647 2925 nobis
3675 2885 3757 2927 est
3784 2891 3802 2941 ;

2207 2945 2298 2999 sed
2316 2945 2380 3000 ad
2405 2946 2806 3016 perficiendum,
2822 2965 2941 3005 esse
2964 2952 3054 3006 Dei
3069 2952 3390 3024 adjutorium
3414 2963 3805 3021 necessarium.

2208 3034 2406 3090 Verum
2435 3037 2650 3091 audiant
2675 3047 2728 3093 et
2751 3040 3084 3109 Apostolum.
3106 3043 3364 3101 Dominus
3388 3049 3531 3102 enim
3555 3066 3678 3105 cum
3701 3054 3803 3121 ait,

2208 3125 2336 3181 Sine
2362 3143 2441 3180 me
2469 3128 2596 3182 nihil
2622 3131 2825 3198 potestis
2855 3130 3061 3198 facere;
3091 3133 3191 3188 hoc
3233 3151 3338 3189 uno
3376 3138 3544 3193 verbo
3588 3142 3805 3199 initium

2208 3215 2474 3287 finemque
2517 3218 2942 3287 comprehendit.
2993 3222 3278 3292 Apostolus
3323 3242 3487 3290 vero,
3543 3239 3808 3302 tanquam

2207 3309 2484 3363 sententiae
2509 3309 2790 3364 dominica:
2820 3313 3359 3384 expositor,apertius
3387 3326 3671 3392 utrumque
3699 3324 3811 3379 dis-

2207 3400 2400 3466 tinxit,
2429 3399 2612 3455 dicens
2645 3419 2658 3455 :
2697 3401 2944 3467 Quoniam
2969 3405 3056 3476 qui
3077 3405 3129 3459 in
3178 3407 3314 3463 vobis
3342 3426 3471 3480 opus
3499 3413 3685 3468 bonum
3705 3432 3814 3470 caa-

2206 3497 2311 3564 pit,
2341 3495 2564 3566 perﬁciet
2590 3512 2744 3564 usque
2766 3497 2819 3550 in
2845 3498 2976 3551 diem
2999 3495 3188 3554 Christi
3211 3499 3337 3556 Iesu
3365 3502 3622 3576 (Philipp.
3655 3523 3694 3574 ι,
3724 3510 3806 3580 6).

2205 3583 2308 3639 Sed
2357 3586 2410 3639 in
2449 3585 2739 3656 Scripturis
2764 3587 2964 3642 sanctis
3002 3590 3142 3659 apud
3187 3592 3433 3648 eumdem
3475 3599 3804 3666 apostolum,

2208 3675 2309 3731 isto
2357 3677 2498 3732 unde
2545 3679 2836 3748 loquimur,
2883 3683 3111 3750 amplius
3159 3685 3476 3743 invenimus.
3509 3689 3811 3762 Loqainiur
3873 3730 3877 3733 ι

2205 3771 2348 3826 enim
2373 3787 2512 3826 nunc
2538 3772 2605 3828 de
2635 3774 2756 3828 boni
2786 3776 3091 3845 cupiditate,
3120 3795 3275 3848 quam
3303 3782 3346 3834 si
3371 3783 3555 3838 volunt
3578 3801 3608 3838 a
3641 3789 3806 3845 nobis

2211 3862 2470 3931 incipere,
2498 3878 2527 3916 a
2556 3863 2782 3919 Domino
2813 3868 3019 3934 perfici,
3047 3868 3261 3923 videant
3285 3871 3410 3940 quid
3439 3875 3812 3945 respondeant

2207 3952 2404 4005 dicenti
2435 3953 2692 4022 Apostolo
2725 3973 2738 4009 :
2774 3953 2892 4009 Non
2920 3957 3038 4028 quia
3067 3959 3234 4014 idonei
3254 3978 3428 4017 sumus
3454 3966 3680 4036 cogitare
3698 3969 3811 4021 ali-

2206 4041 2329 4110 quid
2351 4043 2367 4073 ¹
2397 4042 2543 4111 quasi
2564 4058 2625 4096 ex
2649 4043 3045 4116 nobismetipsis,
3072 4048 3160 4102 sed
3185 4050 3484 4121 sufﬁcientia
3527 4067 3704 4110 nostra
3743 4074 3812 4112 ea:

2209 4130 2317 4184 Deo
2353 4141 2426 4185 est
2458 4131 2532 4204 (ll
2561 4131 2678 4186 Cor.
2711 4149 2794 4201 in,
2825 4135 2899 4206 5).
2931 4135 3195 4208 Cogitare,
3233 4142 3336 4208 ait,
3365 4145 3592 4213 aliquid,
3619 4147 3813 4218 utique

2206 4223 2402 4277 bonum
2431 4242 2442 4276 :
2477 4225 2654 4280 minus
2682 4236 2764 4281 est
2787 4239 2963 4282 autem
2990 4231 3222 4299 cogitare
3251 4249 3410 4302 quam
3439 4251 3658 4306 cupere.
3701 4239 3814 4294 Co-

2206 4315 2435 4384 gitamus
2460 4317 2656 4385 quippe
2682 4332 2841 4372 omne
2868 4319 3006 4387 quod
3031 4322 3296 4390 cupimus,
3320 4340 3418 4379 nec
3446 4336 3622 4382 tamen
3652 4332 3814 4400 cupi-

2208 4420 2325 4459 mus
2353 4421 2511 4460 onme
2534 4405 2674 4476 quod
2698 4408 3024 4476 cogitamus;
3056 4414 3304 4481 quoniam
3338 4432 3722 4488 nonnunquam
3753 4432 3813 4476 et

2208 4495 2347 4566 quod
2385 4512 2488 4549 non
2517 4498 2762 4566 cuiiimus
2809 4499 3123 4569 Cogitamus.
3157 4503 3291 4558 Cum
3323 4506 3480 4576 igitur
3509 4511 3690 4564 minus
3737 4513 3816 4568 sit

2207 4589 2440 4656 cogitare
2477 4603 2635 4656 quam
2679 4604 2874 4658 cupere
2914 4608 2926 4643 :
2973 4602 3147 4661 potest
3185 4596 3326 4650 enim
3359 4596 3519 4652 homo
3564 4602 3816 4672 cogitare

2209 4679 2427 4742 bonum,
2455 4679 2595 4748 quod
2625 4681 2859 4734 nondum
2884 4685 3049 4752 cupit;
3073 4695 3125 4740 et
3155 4689 3480 4755 proficiendo
3503 4702 3688 4762 postea
3713 4711 3818 4749 cn-

2207 4784 2336 4841 pere
2358 4811 2372 4834 ,
2415 4769 2555 4838 quod
2600 4782 2754 4824 antea
2786 4787 2891 4825 non
2919 4774 3185 4844 cupiendo
3214 4781 3461 4848 cogitavit
3491 4799 3503 4835 :
3528 4787 3818 4851 quomodo

2209 4858 2274 4912 ad
2301 4857 2352 4912 id
2381 4858 2519 4928 quod
2548 4860 2722 4914 minus
2748 4871 2866 4927 cSt,
2901 4862 2951 4915 id
2991 4873 3111 4930 est,
3143 4867 3206 4920 ad
3235 4871 3568 4937 cogitandum
3602 4874 3817 4944 aliquid

2209 4947 2332 5002 boui
2356 4963 2458 5001 non
2494 4963 2676 5003 sumus
2695 4951 2871 5006 idonei
2899 4961 3146 5022 tanquam
3169 4973 3230 5012 es
3265 4961 3684 5032 nobismetipsis,
3710 4969 3822 5024 sed

2210 5040 2521 5094 sufficientia
2555 5052 2730 5096 nostra
2759 5059 2822 5098 ex
2853 5045 2960 5100 Deo
2983 5059 3100 5112 e5t;
3131 5060 3184 5105 et
3221 5051 3285 5105 ad
3313 5052 3362 5107 id
3392 5057 3532 5126 quod
3563 5068 3645 5113 est
3691 5077 3825 5116 am-

2211 5133 2348 5201 plius
2369 5174 2382 5193 .
2412 5131 2463 5186 id
2511 5143 2625 5198 est,
2654 5135 2720 5190 ad
2750 5138 3068 5206 cupiendum
3096 5143 3293 5213 aliquid
3323 5146 3446 5203 boni
3476 5151 3592 5206 sine
3620 5153 3826 5212 divino

2211 5223 2472 5292 adjutorio
2531 5226 2703 5280 idonei
2753 5245 2936 5284 sumus
2982 5248 3047 5287 ex
3098 5234 3265 5289 libero
3314 5238 3570 5295 arbitrio?
3621 5243 3826 5316 Neque

2211 5317 2351 5368 enim
2379 5327 2431 5370 et
2455 5316 2542 5372 hic
2563 5320 2849 5386 Apostolus
2871 5325 2962 5385 ait,
2991 5325 3245 5395 Nonquia
3267 5329 3432 5383 idonei
3461 5349 3632 5387 sumus
3658 5341 3826 5406 (agi-

2212 5418 2319 5462 tare
2345 5410 2484 5478 quod
2518 5411 2806 5478 perfectum
2835 5425 2936 5478 est,
2972 5427 3220 5487 tanquam
3253 5438 3316 5476 ex
3359 5424 3774 5496 nobismetipsis
3809 5451 3826 5488 :

2211 5500 2303 5553 sed
2347 5503 2598 5572 cogitare,
2634 5505 2734 5569 ait,
2776 5508 3001 5578 aliquid;
3045 5513 3126 5565 cui
3171 5519 3492 5571 contrarium
3533 5531 3616 5574 est
3648 5525 3827 5580 nihil.

2212 5590 2362 5646 Unde
2387 5603 2466 5643 cst
2496 5593 2619 5646 illud
2666 5596 2872 5651 Domini
2907 5617 2918 5652 :
2963 5599 3090 5655 Sine
3119 5621 3197 5657 me
3234 5607 3361 5659 nihil
3387 5612 3591 5678 potestis
3616 5616 3831 5682 facere.

2280 5681 2506 5736 CAPUT
2539 5683 2628 5736 ΙΧ.
2656 5715 2725 5725 -—
2754 5688 2838 5741 19.
2872 5690 3163 5762 Scripturas
3194 5697 3584 5772 interpretatur,
3618 5681 3833 5776 quibus

2277 5795 2291 5825 ι
2323 5793 2529 5843 \aticaai
2548 5796 2738 5847 codices
2756 5799 2832 5849 hic
2851 5799 3048 5858 addunt.
3075 5817 3106 5856 α
3123 5805 3270 5859 nobis.
