4038 6514
235 408 324 465 sas
1528 408 1734 466 unus
1791 408 2165 485 sucensus.

233 521 494 576 abutuntur
526 521 819 593 Pelagiani.
860 519 968 577 Sed
988 521 1239 576 nimirum
1262 520 1404 591 quod
1428 522 1683 591 scriptum
1710 529 1827 591 est,

239 612 461 668 Hominis
487 625 565 669 est
595 631 885 688 preparare
906 631 995 669 cor
1014 655 1031 681 ,
1056 624 1105 668 et
1129 632 1161 667 a
1186 613 1405 668 Domino
1438 616 1698 686 responsio
1724 616 1827 670 lin—

233 720 334 775 guai
357 703 544 776 (Prov.
574 722 704 773 xvx,
734 708 821 778 l),
852 721 960 761 non
986 706 1123 761 bene
1150 705 1497 776 intelligendo
1532 705 1789 760 falluntur
1810 747 1826 773 ,

235 798 611 855 utexistiment
633 814 726 853 cor
742 813 1061 869 praeparare,
1090 798 1191 853 hoc
1210 805 1311 863 est,
1330 799 1526 853 bonum
1548 797 1823 863 inchoare,

233 891 342 946 sine
364 890 639 961 adjutorio
655 893 843 963 gratiae
873 892 969 946 Dei
994 890 1062 945 ad
1094 891 1363 945 hominem
1405 892 1691 960 pertinere.
1717 890 1828 945 Ab-

234 982 295 1037 sit
322 991 380 1036 ut
401 981 484 1037 sic
514 983 820 1053 intelligant
858 981 954 1036 ﬁlii
984 980 1388 1051 promissionis,
1425 991 1675 1050 tanquam
1705 994 1826 1034 cum

235 1074 497 1129 audierint
528 1075 812 1130 Dominmn
857 1074 1123 1130 dicentem
1152 1114 1165 1137 ,
1200 1072 1326 1129 Sine
1351 1089 1429 1127 me
1457 1072 1585 1126 nihil
1623 1072 1830 1144 potestis

234 1168 430 1238 facere;
457 1168 611 1239 quasi
636 1168 961 1223 convincunt
1003 1183 1123 1222 eum
1153 1166 1422 1230 dicentes,
1468 1164 1607 1220 Ecce
1632 1164 1749 1219 sine
1778 1171 1830 1218 te

236 1278 517 1334 possumus
547 1277 642 1317 cor
668 1276 971 1332 praeparare
1000 1279 1013 1313 :
1047 1269 1140 1315 aut
1167 1275 1291 1315 cum
1315 1258 1585 1313 audierint
1609 1273 1640 1311 a
1665 1256 1830 1311 Paulo

234 1357 499 1427 apostolo,
528 1354 652 1410 Non
676 1357 797 1426 quia
818 1355 988 1409 idonei
1006 1370 1180 1409 sumus
1204 1354 1426 1425 cogitare
1459 1351 1653 1421 aliquid
1686 1350 1830 1421 quasi

236 1468 288 1507 es
309 1453 684 1522 nobismetipsis
703 1494 719 1520 ,
745 1454 836 1508 sed
854 1452 1149 1524 suﬁcientia
1167 1461 1341 1505 nostra
1365 1466 1428 1505 ea:
1447 1448 1556 1503 Deo
1582 1455 1654 1502 est
1671 1463 1690 1512 ;
1714 1455 1830 1501 tan-

235 1561 390 1616 quam
423 1556 482 1602 et
508 1548 684 1617 ipsum
711 1547 1030 1602 convincant
1058 1544 1299 1600 dicentes
1320 1583 1337 1610 ,
1365 1542 1506 1597 Ecce
1536 1540 1712 1596 idonei
1750 1555 1832 1593 su-

235 1656 347 1696 mus
370 1657 439 1697 ex
485 1640 888 1711 nobismetipsis
927 1653 1231 1709 praeparare
1255 1652 1383 1702 cor,
1411 1649 1475 1691 ac
1512 1648 1610 1705 per
1636 1633 1739 1688 hoc
1776 1643 1833 1687 et

235 1733 352 1789 boni
386 1733 590 1805 aliquid
633 1734 887 1804 cogitare.
915 1732 1043 1801 Quis
1081 1732 1226 1787 enim
1256 1737 1433 1801 potest
1478 1728 1595 1785 sine
1627 1728 1646 1760 ί
1690 1727 1831 1782 bona

234 1827 558 1896 cogitatione
582 1824 651 1879 ad
674 1825 872 1881 bonum
900 1839 992 1879 cor
1019 1822 1361 1893 praeparare?
1384 1821 1537 1876 Absit
1564 1826 1623 1874 ut
1649 1819 1727 1873 sic
1750 1819 1832 1873 in-

237 1920 479 1990 telligant
500 1961 515 1983 ,
561 1918 665 1974 nisi
700 1918 912 1987 superbi
944 1918 1027 1972 sui
1056 1914 1257 1971 arbitrii
1286 1913 1598 1970 defensores
1622 1920 1678 1966 et
1708 1910 1831 1966 ﬁdei

235 2012 509 2067 catholicae
539 2011 865 2067 desertores.
901 2010 1025 2066 Ideo
1051 2011 1248 2081 quippe
1291 2007 1547 2078 scriptum
1574 2016 1684 2071 est,
1718 2003 1830 2058 Ho-

235 2103 381 2157 minis
401 2112 477 2157 est
500 2118 793 2173 prteparare
821 2118 928 2168 cor,
952 2110 998 2156 el
1020 2117 1053 2155 a
1084 2100 1299 2154 Domino
1325 2099 1584 2169 responsio
1606 2098 1830 2167 lingua;

236 2196 349 2265 quia
379 2194 541 2250 homo
571 2204 831 2265 praeparat
874 2209 968 2248 cor
990 2234 1006 2260 ,
1054 2207 1159 2248 non
1200 2202 1377 2247 tamen
1408 2191 1524 2245 sine
1563 2188 1830 2259 adjutorio

236 2286 359 2352 Dei,
393 2288 482 2357 qui
528 2288 607 2342 sic
646 2287 814 2357 tangit
839 2300 966 2351 cor,
995 2292 1053 2339 ut
1097 2284 1257 2338 homo
1284 2290 1549 2353 praeparet
1571 2295 1665 2336 eor
1693 2280 1736 2333 ’.
1770 2278 1829 2333 1η

235 2380 584 2449 responsione
602 2388 780 2433 autem
812 2378 1025 2448 linguae,
1049 2376 1101 2431 id
1128 2384 1243 2441 est,
1277 2376 1329 2430 in
1354 2390 1421 2431 eo
1449 2372 1590 2445 quod
1620 2387 1827 2443 prtepa-

234 2482 344 2527 rato
370 2470 520 2527 cordi
545 2472 722 2541 lingua
748 2470 923 2525 divina
951 2468 1274 2539 respondet,
1301 2466 1433 2521 nihil
1460 2466 1637 2536 operis
1668 2464 1830 2520 habet

238 2565 413 2630 homo,
435 2564 533 2619 sed
567 2573 733 2619 totum
762 2572 843 2619 est
867 2578 896 2616 a
923 2562 1152 2617 Domino
1181 2560 1308 2615 Deo.

294 2658 390 2713 20.
415 2657 550 2712 Nam
579 2657 718 2712 sicut
738 2656 936 2711 dictum
976 2664 1079 2720 est,
1109 2652 1351 2707 Hominis
1406 2659 1479 2705 est
1535 2664 1829 2719 praparare

237 2765 336 2817 cor,
365 2758 412 2803 et
433 2766 466 2802 a
494 2747 713 2803 Domino
746 2747 1006 2817 responsio
1038 2745 1262 2817 lingua;
1301 2744 1372 2797 ita
1416 2743 1576 2797 etiam
1627 2740 1827 2795 dictum

242 2851 336 2907 est,
390 2842 548 2911 Aperi
594 2857 671 2907 os,
716 2850 761 2895 el
810 2838 1091 2909 adimplebo
1140 2836 1272 2891 illud
1326 2834 1497 2907 (Psal.
1528 2832 1824 2903 LXXXJI).

238 2934 487 3004 Quamvis
516 2936 662 2990 enim
692 2935 793 2991 nisi
815 2934 1096 3004 adjuvante
1124 2932 1235 2997 illo,
1263 2931 1379 2985 sine
1410 2945 1517 3001 quo
1537 2928 1669 2984 nihil
1702 2942 1826 2998 pos-

240 3030 420 3082 sumus
444 3026 646 3092 facere,
677 3042 738 3081 os
764 3043 869 3081 non
897 3040 1178 3095 possumus
1204 3024 1414 3093 aperire
1456 3040 1468 3075 :
1501 3031 1679 3077 tamen
1729 3035 1827 3077 nos

239 3121 505 3188 aperimus
528 3120 671 3173 illius
717 3118 1027 3188 adjumento
1070 3126 1124 3173 et
1158 3131 1322 3186 opere
1375 3122 1591 3179 nostro;
1643 3113 1829 3184 implet

238 3220 407 3266 autem
437 3211 568 3266 illud
596 3211 855 3265 Dominus
905 3210 1024 3265 sine
1076 3224 1241 3279 opere
1271 3215 1472 3261 nostro.
1523 3205 1656 3261 Nam
1702 3204 1829 3275 quid

240 3312 312 3358 est
337 3319 648 3374 praeparare
672 3318 785 3369 eor,
817 3312 870 3359 et
885 3318 948 3358 os
976 3303 1206 3373 aperire,
1248 3300 1349 3355 nisi
1380 3298 1707 3353 voluntatem
1739 3311 1830 3367 pa-

240 3399 394 3453 rare?
418 3397 488 3451 Et
510 3406 692 3452 tamen
720 3398 774 3451 in
803 3396 1006 3451 eisdem
1050 3393 1269 3451 Litteris
1310 3392 1520 3463 legitur,
1548 3388 1827 3463 Prtepara—

242 3500 314 3544 tur
350 3492 592 3546 uoluntas
642 3506 674 3543 a
724 3488 943 3544 Domino
998 3487 1179 3560 (Prov.
1208 3502 1335 3552 vm,
1370 3502 1472 3541 sec.
1512 3483 1702 3554 LXX);
1753 3490 1827 3550 et,

238 3580 393 3635 Labia
422 3599 537 3636 mea
580 3582 795 3652 aperies,
844 3590 891 3637 et
936 3598 993 3635 os
1035 3596 1201 3634 meum
1251 3576 1570 3633 annuntiabit
1627 3574 1832 3629 laudem

240 3682 371 3728 tuam
400 3673 577 3746 (Psal.
608 3690 661 3741 ι,
688 3671 800 3746 l7).
833 3674 975 3730 Ecce
1006 3674 1142 3728 Deus
1173 3671 1445 3738 admonet,
1474 3680 1531 3725 ut
1561 3684 1831 3740 praepare-

239 3780 353 3820 mus
374 3766 708 3821 voluntatem
738 3766 787 3819 in
815 3781 880 3821 eo
900 3764 1043 3837 quod
1062 3764 1308 3835 legimus,
1340 3762 1576 3817 Hominis
1600 3770 1673 3816 est
1694 3775 1831 3831 prte-

242 3871 422 3924 parare
446 3874 537 3910 cor
568 3873 588 3910 :
614 3866 670 3911 et
709 3865 883 3910 tamen
938 3865 996 3909 ut
1044 3855 1146 3909 hoc
1193 3854 1347 3909 faciat
1392 3852 1575 3921 homo,
1613 3852 1833 3922 adjuvat

239 3946 406 4012 Deus;
436 3949 560 4017 quia
593 3956 911 4018 prteparatur
953 3947 1183 4000 voluntas
1216 3962 1248 3999 a
1270 3944 1512 3999 Domino.
1560 3944 1647 4011 Et,
1675 3943 1830 4014 Aperi

238 4052 309 4103 os,
342 4040 416 4093 ita
440 4038 571 4093 dicit
595 4039 834 4109 jubendo
864 4039 905 4103 ⁸,
935 4047 991 4092 ut
1013 4054 1171 4093 nemo
1201 4039 1370 4107 possit
1394 4038 1497 4092 nisi
1523 4037 1639 4107 ipse
1668 4036 1721 4090 id
1756 4035 1833 4089 fa-

238 4130 338 4184 ciat
367 4130 698 4199 adjuvaudo,
728 4132 813 4186 cui
842 4132 1057 4197 dicitur,
1091 4129 1252 4184 Labia
1277 4146 1387 4183 mea
1424 4128 1636 4199 aperies.
1664 4127 1834 4182 Num-

239 4223 358 4290 quid
390 4222 615 4278 istorum
655 4223 818 4293 aliqui
845 4225 916 4277 ita
944 4220 1288 4292 desipiunt‘,
1321 4230 1377 4276 ιιι
1401 4222 1545 4276 aliud
1575 4236 1657 4287 os,
1685 4221 1825 4275 aliud

237 4310 373 4367 labia
404 4330 525 4369 esse
551 4314 898 4381 contendant,
926 4324 981 4369 et
1009 4314 1237 4369 mirabili
1281 4314 1514 4368 vanitate
1558 4313 1831 4369 hominem

238 4405 419 4461 dicant
461 4422 525 4461 os
552 4408 786 4477 aperire,
820 4407 957 4461 labia
992 4407 1223 4461 hominis
1270 4405 1474 4461 Deum?
1515 4405 1830 4477 Quanquam

238 4499 382 4556 Deus
411 4502 531 4557 illos
559 4512 615 4557 et
655 4502 722 4556 ab
761 4500 863 4555 hac
904 4501 1234 4555 absurditate
1266 4499 1578 4568 compescit,
1622 4499 1707 4553 ubi
1765 4497 1833 4553 ad

234 4572 457 4664 Moysen
486 4592 740 4647 famulum
773 4608 925 4647 suum
955 4591 1102 4655 dicit,
1141 4589 1253 4661 Ego
1299 4592 1523 4662 aperiam
1567 4607 1622 4645 os
1668 4601 1831 4656 tuum,

236 4694 281 4739 et
309 4688 564 4741 instruam
587 4697 634 4740 te
661 4702 773 4757 quae
793 4685 973 4739 debeas
993 4684 1131 4749 loqui
1154 4682 1350 4753 (Exod.
1374 4700 1447 4751 tv,
1480 4683 1589 4753 η).
1620 4683 1676 4738 1η
1707 4699 1834 4740 sen-
1869 4684 1879 4723 ἴ

234 4782 406 4834 tentia
422 4795 552 4851 ergo
584 4780 674 4834 illa
697 4779 784 4833 ubi
815 4778 1028 4844 dicitur,
1078 4776 1234 4847 Aperi
1254 4793 1330 4843 os,
1371 4784 1416 4830 et
1441 4776 1727 4847 adimplebo
1767 4780 1833 4834 il-

234 4872 327 4924 lud
349 4888 373 4937 ;
437 4873 593 4943 quasi
662 4886 825 4927 unum
909 4885 1095 4926 eorum
1158 4867 1368 4924 videtur
1423 4868 1491 4924 ad
1561 4868 1831 4927 hominem

296 5115 315 5145 ι
349 5113 482 5175 Apud
509 5121 611 5162 Am.
651 5119 725 5162 Er.
748 5119 801 5164 et
836 5121 947 5175 nov.
972 5113 1202 5175 omissum
1222 5108 1518 5175 erat,
1546 5114 1833 5175 Restitutum

226 5172 323 5223 fuit
502 5176 802 5238 posteriores
824 5173 1008 5238 aliquot
1022 5174 1279 5235 editiones,
1305 5174 1485 5237 quibus
1504 5173 1832 5238 sum-agantur

226 5241 342 5286 las.
362 5236 593 5286 Gallicani
614 5245 665 5287 et
679 5237 902 5288 Vaticani.

297 5300 321 5330 ²
347 5310 453 5347 sm.
476 5313 497 5363 Δε
526 5299 639 5363 (mis
661 5304 706 5348 te
730 5297 920 5363 tangit?
954 5310 1054 5348 cor.
1082 5305 1232 5347 Homo
1264 5303 1508 5363 prmparet
1530 5311 1629 5349 cor.
1650 5306 1739 5363 tr.
1779 5308 1832 5352 et

226 5365 368 5432 ιρι,
401 5359 661 5432 qui
698 5359 965 5432 cor,_'lwmo
998 5364 1241 5432 praeparat
1268 5359 1378 5409 eor;
1406 5367 1456 5432 tn
1479 5360 1830 5432 posterioribus

226 5421 424 5485 aliquot
447 5421 745 5485 editio'uibus
766 5425 837 5473 sic
860 5436 924 5473 ex
946 5422 1224 5483 conjectura
1239 5421 1531 5485 correctum,
1557 5422 1704 5485 quisi
1721 5429 1827 5473 lanr

266 5481 295 5532 ῐι
314 5481 431 5545 eor,
454 5484 990 5549 hornoprteparat_cor
1030 5481 1048 5532 ἑ
1080 5490 1219 5549 recte
1251 5484 1477 5549 quidem,
1514 5481 1603 5533 sed
1627 5483 1832 5535 alteram

222 5490 295 5593 fu
320 5495 431 5545 cor,
454 5490 597 5533 homo
618 5490 867 5549 praeparat
906 5496 990 5534 cor
1030 5495 1048 5532 .'
1080 5490 1219 5533 recte
1251 5490 1477 5556 quidem,
1514 5490 1603 5533 sed
1627 5490 1831 5535 alteram

243 5550 503 5595 ectionem
524 5546 703 5609 idcirco
727 5546 1043 5609 pratulimus,
1085 5544 1213 5609 quod
1245 5552 1533 5609 auctoritate
1556 5553 1831 5597 nostrorum

479 5615 586 5657 Mss.
607 5607 955 5680 Gallicanorum
979 5615 1042 5680 et.
1056 5608 1389 5680 vat‘icanortim
1403 5608 1734 5680 conﬁrmetur.

290 5670 313 5702 ³
325 5669 575 5781 Et
590 5668 773 5735 aperiet
794 5683 863 5732 os,
886 5668 955 5720 ita
963 5666 1179 5729 jubendo
1192 5681 1209 5728 ,'
1222 5669 1415 5730 omisso,
1434 5668 1570 5719 dicit.
1586 5670 1831 5733 Castigan-

290 5745 306 5780 ι·
520 5768 533 5781 .

288 5794 400 5859 {In
421 5794 583 5843 Gallic.
621 5800 673 5844 et
685 5794 832 5859 vatio.
855 5806 872 5859 _:
902 5801 1024 5840 Mss.:
1054 5803 1122 5841 ,m
1142 5791 1377 5859 numquid
1402 5791 1482 5843 isti
1532 5792 1654 5845 adeo
1684 5808 1832 5859 usque

526 5862 669 5905 Forte
690 5853 984 5917 legendum:
1017 5859 1106 5903 Λιιε
1126 5853 1377 5917 nunquid,
1405 5862 1499 5906 etc.

519 5964 752 6025 Sanus.
795 5960 1073 6022 Anaus'r.
1111 5960 1188 6021 X.

1937 522 2225 592 pertinere,
2278 524 2502 579 alterum
2550 525 2617 580 ad
2676 528 2843 583 Deum
2891 546 2906 582 :
2947 527 3001 582 in
3048 528 3151 584 hac
3209 540 3389 587 autem
3438 533 3529 589 ubi

1936 612 2151 681 dicitur,
2185 613 2298 685 Ego
2335 617 2563 684 aperiam
2583 634 2639 671 os
2658 630 2823 688 tuum,
2846 629 2892 673 et
2931 620 3178 675 instruant
3225 630 3306 690 te;
3322 632 3530 678 utrum-

1936 719 2040 774 que
2087 706 2155 760 ad
2204 705 2393 762 Deum.
2450 708 2623 775 Quare
2678 710 2797 778 hoc,
2850 712 3089 784 nisiquia
3132 714 3187 769 in
3238 730 3347 772 uno
3399 717 3531 772 isto-

1935 810 2053 849 rum
2080 804 2401 867 cooperatur
2429 799 2632 856 homini
2662 802 2897 872 facienti,
2925 807 3151 862 alterum
3180 809 3329 864 solus
3356 810 3526 866 facit?

2006 890 2095 945 21.
2124 888 2462 962 Quapropter
2482 896 2647 950 multa
2675 896 2818 964 Deus
2841 897 2970 953 facit
3002 900 3054 954 in
3096 900 3313 959 homine
3357 903 3519 969 bona,

1935 994 2054 1049 quas
2080 996 2185 1035 non
2212 982 2338 1037 facit
2366 984 2527 1040 homo
2556 1004 2569 1039 :
2598 987 2739 1042 nulla
2766 1004 2891 1043 vero
2907 988 3032 1045 facit
3058 992 3238 1060 homo,
3266 1009 3389 1065 qua:
3409 1010 3519 1051 non

1935 1070 2064 1126 facit
2090 1072 2229 1129 Deus
2244 1083 2305 1129 ut
2332 1076 2492 1131 faciat
2518 1077 2697 1134 homo.
2719 1080 2953 1137 Proinde
2972 1084 3234 1153 cupiditas
3258 1086 3385 1158 boni
3415 1100 3523 1141 non

1934 1163 2138 1221 homini
2163 1180 2192 1221 a
2234 1167 2462 1224 Domino
2498 1181 2662 1238 esset,
2694 1174 2741 1228 si
2764 1172 2962 1229 bonum
2992 1190 3100 1230 non
3143 1186 3290 1233 esset
3318 1194 3332 1231 :
3359 1178 3407 1234 si
3432 1194 3529 1231 au-

1936 1263 2043 1310 tem
2093 1256 2290 1312 bonum
2330 1270 2432 1324 est,
2476 1277 2583 1316 non
2641 1263 2743 1319 nisi
2804 1266 2871 1320 ab
2912 1266 3007 1320 illo
3064 1267 3219 1324 nobis
3282 1279 3385 1337 est,
3435 1272 3528 1341 qui

1936 1363 2147 1406 summe
2175 1361 2335 1422 atque
2360 1353 2867 1412 incommutabiliter
2907 1358 3077 1415 bonus
3121 1369 3224 1416 est.
3255 1359 3392 1429 Quid
3446 1373 3531 1418 est

1935 1442 2078 1496 enim
2110 1442 2234 1498 boni
2255 1444 2537 1514 cupiditas,
2590 1447 2690 1502 nisi
2729 1448 2985 1517 Charitas,
3033 1451 3102 1506 de
3132 1467 3235 1521 qua
3292 1452 3530 1510 Joannes

1934 1538 2210 1605 apostolus
2232 1539 2348 1595 sine
2374 1542 2718 1612 ambiguitate
2759 1544 2993 1615 loquitur
3034 1545 3240 1613 dicens,
3297 1548 3529 1603 Charitas

1935 1645 1999 1684 ea:
2018 1629 2127 1685 Deo
2153 1642 2224 1686 est
2254 1633 2299 1701 (Ι
2328 1633 2483 1689 Joan.
2514 1652 2585 1702 tv,
2619 1634 2701 1709 7)?
2728 1637 2836 1693 Nec
2866 1639 3075 1694 initium
3103 1642 3219 1711 ejus
3246 1658 3316 1697 ex
3350 1644 3524 1711 nobis,

1933 1730 1989 1775 et
2010 1723 2266 1793 perleCtio
2294 1726 2409 1796 ejus
2439 1743 2508 1782 ex
2533 1728 2677 1794 Deo;
2703 1729 2795 1784 sed
2816 1731 2861 1785 si
2880 1730 3113 1788 Charitas
3133 1748 3203 1787 ex
3238 1734 3369 1802 Deo,
3416 1745 3532 1792 tota

1935 1814 2088 1869 nobis
2114 1831 2182 1870 ex
2211 1817 2320 1872 Deo
2338 1827 2438 1873 est.
2470 1820 2687 1875 Avertat
2716 1821 2859 1875 enim
2885 1822 3025 1876 Deus
3052 1825 3188 1878 hanc
3214 1827 3526 1893 amentiam,

1936 1915 1993 1959 ut
2032 1906 2086 1960 in
2106 1907 2263 1961 donis
2291 1908 2409 1979 ejus
2454 1924 2552 1965 nos
2597 1911 2804 1981 priores
2843 1912 3123 1976 faciamus.
3171 1918 3526 1984 posteriorem

1933 1996 2108 2066 ipsum
2144 2012 2157 2050 :
2186 2002 2438 2070 quoniam
2470 2004 2813 2059 misericordia
2840 2007 2948 2076 ejus
2965 2009 3232 2078 praueniet
3251 2026 3332 2063 me
3354 2008 3527 2083 (Psal.

1934 2103 2079 2156 ινιιι,
2106 2091 2219 2162 ll);
2244 2102 2297 2147 et
2325 2093 2440 2164 ipse
2475 2104 2559 2149 est
2596 2096 2681 2150 cui
2732 2096 2964 2152 ﬁdeliter
2986 2100 3355 2171 veraciterque
3397 2116 3528 2157 can-

1936 2188 2094 2247 tatur,
2129 2182 2385 2250 Quoniam
2410 2188 2695 2255 prwvenisti
2738 2205 2851 2242 eum
2893 2190 2948 2243 in
2974 2192 3318 2248 benedictione
3351 2194 3527 2249 dulce-

1933 2274 2068 2330 dinis
2102 2276 2271 2348 (Psal.
2315 2294 2405 2344 xx,
2436 2279 2516 2352 4).
2558 2280 2627 2335 Et
2663 2282 2790 2352 quid
2831 2283 2917 2338 hic
2966 2286 3141 2354 aptius
3188 2287 3524 2359 intelligitur,

1933 2384 2091 2439 quam
2137 2370 2251 2440 ipsa
2299 2371 2369 2428 de
2424 2390 2526 2443 qua
2554 2374 2824 2446 loquimur
2862 2378 3125 2447 cupiditas
3164 2379 3332 2435 boni?
3379 2380 3533 2437 Tunc

1932 2465 2077 2515 enlm
2108 2462 2308 2517 bonum
2359 2466 2662 2535 concupisci
2709 2467 2914 2537 incipit,
2965 2470 3179 2539 quando
3221 2471 3531 2529 duleeseere

1931 2552 2175 2621 casperit.
2209 2554 2436 2622 Quando
2461 2567 2640 2612 autem
2690 2558 2884 2615 timore
2940 2576 3133 2630 prauae,
3184 2578 3291 2617 non
3342 2580 3531 2621 amore

1927 2641 2149 2711 iustitiae
2170 2644 2227 2699 ﬁt
2246 2646 2461 2711 bonum,
2498 2648 2734 2704 nondum
2752 2650 2887 2707 bene
2912 2653 2971 2707 ﬁt
3001 2654 3229 2720 bonum;
3262 2672 3361 2712 nec
3392 2658 3451 2711 ﬁt
3475 2658 3531 2715 in

1932 2737 2097 2791 corde
2125 2740 2266 2809 quod
2289 2742 2402 2795 ﬁeri
2424 2741 2636 2798 videtur
2663 2744 2713 2797 in
2731 2762 2911 2814 Opere,
2934 2748 3147 2816 quando
3169 2752 3350 2806 mallet
3368 2752 3530 2809 homo

1934 2846 2043 2885 non
2066 2830 2264 2899 facere,
2298 2836 2341 2889 si
2384 2847 2564 2905 posset
2612 2838 2849 2907 impune.
2887 2841 3026 2911 Ergo
3066 2843 3370 2902 benedictio
3414 2847 3532 2902 dul-

1932 2921 2157 2988 cedinis,
2185 2932 2269 2979 est
2297 2927 2463 2994 gratia
2513 2927 2625 2991 Dei,
2662 2945 2765 2999 qua
2794 2931 2851 2983 ﬁt
2875 2931 2927 2984 in
2973 2934 3125 2988 nobis
3155 2944 3211 2989 ut
3251 2952 3347 2991 nos
3377 2938 3526 2994 dele-

1933 3022 2042 3069 ctet
2065 3025 2120 3071 et
2135 3016 2433 3086 cupiamus,
2469 3019 2569 3075 hoc
2595 3029 2699 3084 est,
2723 3037 2967 3079 amemus
2995 3026 3138 3095 quod
3171 3032 3412 3100 praecipit
3435 3047 3531 3086 no-

1933 3105 2046 3173 bis;
2075 3108 2127 3162 in
2157 3124 2258 3180 qua
2280 3111 2324 3165 si
2357 3126 2455 3165 nos
2486 3128 2590 3166 non
2616 3115 2876 3183 praevenit
2898 3116 3059 3183 Deus,
3094 3133 3200 3173 non
3223 3121 3396 3176 solum
3419 3140 3527 3179 non

1934 3193 2233 3263 perficitur,
2266 3196 2362 3251 sed
2389 3213 2489 3252 nec
2518 3198 2798 3254 inchoatur
2837 3216 2902 3256 ex
2930 3203 3100 3257 nobis.
3143 3204 3200 3259 Si
3242 3206 3387 3262 enim
3414 3209 3532 3264 sine

1934 3283 2026 3338 illo
2052 3284 2185 3339 nihil
2212 3301 2496 3355 possumus
2523 3288 2722 3355 facere,
2756 3292 3001 3361 profecto
3024 3310 3122 3350 nec
3153 3297 3412 3368 incipere,
3431 3316 3532 3355 nec

1935 3378 2195 3447 perﬁcere
2234 3397 2247 3433 :
2289 3382 2413 3451 quia
2454 3391 2512 3436 ut
2539 3383 2877 3452 incipiamus,
2935 3386 3135 3441 dictum
3177 3398 3292 3455 est,
3327 3390 3532 3445 Miseri-

1935 3469 2112 3524 cordia
2132 3471 2241 3541 ejus
2269 3474 2535 3541 praeveniet
2562 3491 2662 3539 me;
2692 3485 2747 3529 nt
2793 3478 3156 3546 perﬁciamus,
3189 3481 3391 3536 dictum
3421 3493 3527 3552 est,

1937 3560 2291 3617 Misericordia
2317 3566 2427 3635 ejus
2451 3567 2779 3639 subsequelur
2805 3587 2885 3624 me
2912 3571 3084 3641 (Psal.
3122 3590 3248 3639 ult,
3279 3576 3359 3647 6).

2006 3653 2233 3711 CAPUT
2262 3655 2329 3712 Χ.
2357 3663 2427 3701 -—'-
2451 3658 2543 3713 22.
2575 3660 2864 3716 Secundum
2885 3665 3031 3735 cujus
3071 3668 3387 3738 propositum
3434 3687 3526 3725 uo-

1936 3756 2111 3801 centur
2135 3748 2299 3802 electi.
2333 3750 2469 3818 Quid
2491 3760 2575 3807 est
2600 3768 2751 3824 ergo,
2783 3757 2924 3825 quod
2956 3758 3007 3812 in
3047 3764 3523 3831 consequentibus,

1939 3840 2026 3895 ubi
2070 3856 2130 3897 ea
2178 3858 2297 3913 qua:
2322 3844 2422 3915 ipsi
2468 3848 2706 3901 sentiunt
2747 3863 3192 3920 commemorant,
3242 3855 3427 3912 dicunt
3470 3874 3530 3914 se

1937 3935 2201 4004 conﬁteri,
2236 3956 2253 3989 ι
2291 3940 2514 4009 gratiam
2540 3956 2754 4013 quoque
2804 3944 3058 4014 adjuvare
3105 3948 3530 4023 uniuscujusque

1938 4026 2137 4082 bonum
2181 4031 2534 4099 propositum,
2582 4048 2688 4087 non
2731 4043 2907 4091 tamen
2958 4038 3243 4096 reluctanti
3294 4043 3531 4099 studium

1941 4120 2155 4173 virtutis
2172 4120 2480 4175 immittere?
2505 4142 2524 4175 ι
2547 4123 2656 4178 Hoc
2676 4126 2871 4195 quippe
2892 4129 2962 4182 ita
2980 4130 3182 4199 dicunt,
3209 4134 3353 4189 velut
3368 4135 3532 4192 homo

1938 4224 1968 4263 a
1990 4224 2050 4265 se
2078 4210 2193 4279 ipso
2222 4212 2338 4265 sine
2368 4213 2632 4283 adjutorio
2654 4216 2745 4270 Dei
2766 4217 2961 4273 habeat
2976 4224 3308 4293 propositum
3330 4228 3529 4283 bonum

1938 4302 2281 4373 studiumque
2307 4306 2536 4371 virtutis,
2586 4324 2691 4377 quo
2722 4312 2916 4365 merito
2958 4316 3293 4382 praecedente
3338 4320 3531 4392 dignus

1939 4395 2007 4450 sit
2031 4396 2273 4465 adjuvari
2305 4398 2395 4452 Dei
2424 4400 2594 4467 gratia
2624 4404 3001 4473 subsequente.
3026 4406 3222 4463 Putant
3251 4413 3393 4466 enim
3413 4412 3529 4469 l'or-

1942 4498 2082 4545 lasse
2109 4492 2179 4546 ita
2206 4493 2406 4549 dixisse
2447 4496 2783 4564 Apostolum,
2818 4497 3020 4555 Scimus
3056 4504 3175 4572 quia
3203 4504 3529 4576 diligentibus

1940 4579 2108 4636 Deum
2135 4585 2304 4637 omnia
2331 4598 2632 4656 cooperator
2653 4589 2669 4619 ¹
2699 4590 2751 4642 in
2774 4590 2978 4655 bonum,
3027 4594 3089 4648 iis
3127 4596 3216 4665 qui
3253 4601 3531 4656 secundum

1924 4675 2256 4743 propositum
2286 4678 2449 4730 vocati
2480 4688 2627 4743 sunt;
2658 4688 2715 4733 ιιι
2744 4684 3073 4753 prepositum
3106 4685 3341 4745 hominis
3370 4693 3530 4751 vellet

1942 4765 2186 4839 intelligi,
2212 4770 2352 4839 quod
2383 4775 2716 4842 propositum
2749 4784 2997 4845 tanquam
3031 4778 3229 4837 bonum
3275 4787 3524 4844 meritum

1941 4870 2196 4928 sequatur
2216 4863 2582 4918 misericordia
2607 4868 2845 4923 vocantis
2876 4868 2968 4923 Dei
3002 4888 3014 4922 :
3056 4872 3362 4943 ignorantes
3409 4880 3530 4937 ideo

1940 4952 2141 5007 dictum
2167 4967 2309 5018 esse,
2342 4955 2429 5023 qui
2457 4956 2735 5011 secundum
2763 4960 3078 5030 prapositum
3106 4968 3268 5020 vocati
3304 4981 3441 5035 sunt,
3473 4982 3531 5027 ut

1942 5043 2057 5111 Dei,
2105 5061 2209 5098 non
2259 5045 2488 5101 hominis
2538 5051 2871 5118 propositum
2922 5052 3268 5126 intelligatur,
3301 5078 3406 5131 quo
3435 5080 3531 5119 eos

1938 5153 2060 5207 quos
2125 5138 2371 5206 praesciuit
2421 5148 2465 5191 et
2522 5140 2894 5210 prwdestinavit
2963 5151 3246 5219 conformes
3294 5152 3529 5225 imaginis

1942 5226 2065 5284 Filii
2086 5232 2163 5284 sui
2195 5229 2368 5301 (Rom.
2402 5248 2510 5295 vnt,
2539 5232 2629 5299 28,
2662 5234 2775 5305 ΞΟ),
2808 5237 2965 5307 elegit
2987 5250 3110 5294 ante
3166 5245 3347 5297 mundi
3393 5262 3527 5300 con—

1940 5324 2269 5379 Stitutionem
2298 5324 2511 5395 (Ep/tes.
2536 5343 2574 5391 ι,
2605 5328 2685 5401 4).
2705 5329 2819 5384 Non
2841 5332 2983 5386 enim
3003 5348 3190 5389 omnes
3215 5339 3409 5403 vocati,
3443 5355 3517 5395 se-

1938 5416 2169 5471 cundum
2201 5420 2530 5487 propositum
2561 5430 2689 5476 sunt
2717 5425 2890 5477 vocati
2924 5442 2936 5476 :
2967 5428 3215 5495 quosnam
3256 5429 3408 5484 multi
3438 5447 3521 5485 vo-

1938 5508 2062 5573 cati,
2094 5509 2244 5578 pauci
2268 5510 2419 5564 electi
2444 5510 2653 5579 (Matth.
2684 5529 2773 5576 xx,
2811 5514 2918 5587 16).
2951 5515 3053 5586 Ipsi
3077 5534 3204 5587 ergo
3229 5521 3520 5577 secundum

1941 5601 2272 5671 propositum
2326 5604 2520 5670 vocati,
2578 5605 2669 5675 qui
2714 5606 2870 5662 electi
2917 5620 3040 5666 ante
3088 5614 3521 5673 constitutionem

1936 5816 2141 5929 Υ
2166 5822 2242 5867 Er.
2269 5824 2321 5867 et
2342 5818 2558 5870 nonnulli
2584 5819 2787 5871 ecallic.
2812 5829 2919 5874 Mss.
2962 5824 3041 5875 hic
3087 5835 3137 5877 et
3172 5828 3323 5892 infra,
3357 5845 3523 5899 coope-

2835 5974 3077 6049 (υἱέι-η
3086 5982 3242 6059 cui.)
