4038 6478
536 373 638 430 591

532 483 840 546 inﬁrmitate
866 501 881 537 :
907 495 1043 553 quos
1083 491 1258 536 tamen
1297 480 1438 535 Deus
1461 494 1490 532 a
1518 479 1639 534 ﬁliis
1663 477 1858 534 diaboli
1887 492 1993 533 non
2022 490 2107 532 so-

534 578 642 632 lum
669 578 878 631 lavacro
902 572 1342 643 regenerationis,
1370 570 1464 625 sed
1494 569 1658 640 ipsius
1684 569 1843 623 etiam
1869 583 1987 638 quae
2019 581 2113 637 per

533 668 868 729 dilectionem
915 670 1164 732 operatur
1215 659 1408 732 (Gatat.
1454 675 1507 726 v,
1548 658 1626 730 6),
1675 657 1799 714 ﬁdei
1853 657 2111 727 probitate

532 759 815 820 discernit;
843 755 966 826 quia
990 754 1163 824 justus
1189 769 1254 809 ex
1286 752 1388 808 ﬁde
1414 752 1542 806 vivit
1570 749 1744 823 (Rom.
1776 766 1815 815 ι,
1841 749 1953 820 l7).
1988 749 2112 802 Haec

477 832 486 837 ”
533 861 709 905 autem
735 846 1063 911 inﬁrmitas‘,
1087 861 1206 900 cum
1229 861 1331 915 qua
1354 859 1519 912 usque
1539 842 1606 897 ad
1627 842 1864 910 corporis
1884 849 2112 895 mortem

531 944 737 1000 defectu
785 951 837 997 et
881 941 1120 1010 profectu
1163 939 1456 993 alternante
1485 935 1873 1000 contendimus,
1907 933 2113 1004 magni-

530 1053 632 1109 que
673 1037 896 1092 interest
931 1033 1055 1104 quid
1083 1032 1259 1086 vincat
1285 1030 1338 1084 in
1368 1031 1540 1096 nobis,
1583 1029 1984 1099 regeneratione
2011 1027 2113 1081 alia

531 1143 909 1195 consumetur;
952 1129 1018 1183 de
1041 1143 1143 1197 qua
1173 1129 1424 1182 Dominus
1449 1126 1596 1193 dicit,
1626 1124 1693 1179 In
1717 1123 2110 1196 regeneratione,

481 1282 486 1286 ,
530 1242 646 1279 cum
689 1223 873 1278 sederit
927 1220 1090 1274 Filius
1139 1221 1354 1273 hominis
1401 1220 1453 1272 in
1499 1220 1614 1271 sede
1663 1217 1942 1288 majestatis
1984 1229 2109 1280 sate,

529 1314 760 1371 sedebitis
811 1323 857 1366 et
909 1329 994 1366 vos
1041 1327 1191 1381 super
1241 1309 1379 1364 sedes
1432 1309 1692 1363 duodecim
1736 1307 1948 1382 (Matth.
2001 1321 2109 1372 xu,

529 1406 646 1479 28),
691 1415 793 1461 etc.
843 1404 1318 1474 Regenerationem
1366 1402 1560 1472 quippe
1608 1400 1711 1455 hoc
1763 1400 1901 1466 loco,
1941 1397 2112 1452 ambi-

529 1505 688 1568 gente
713 1497 875 1561 nullo,
903 1495 1242 1548 novissimam
1269 1492 1713 1546 resurrectionem
1737 1498 1920 1544 vocat:
1953 1501 2112 1558 quam

531 1589 727 1643 Paulus
756 1602 968 1657 quoque
1002 1585 1273 1655 apostolus
1316 1593 1370 1638 et
1414 1583 1751 1651 ad0ptionem
1799 1589 1855 1636 et
1898 1578 2112 1637 redem-

531 1682 768 1752 ptionem
811 1689 1098 1748 nuncupat,
1128 1678 1331 1743 dicens,
1357 1677 1461 1730 Sed
1489 1678 1639 1730 etiam
1667 1693 1757 1729 nos
1800 1675 1900 1746 ipsi
1939 1674 2115 1744 primi-

529 1773 624 1826 tias
653 1773 861 1843 spiritus
891 1771 1150 1834 habentes,
1174 1778 1220 1822 et
1240 1768 1338 1840 ipsi
1363 1770 1416 1821 in
1437 1766 1803 1838 nobismetipsis
1829 1763 2114 1836 ingemisci-

530 1881 662 1930 mus,
693 1863 1015 1934 adeptionem
1054 1869 1418 1928 exspectantes,
1462 1857 1856 1928 redemptionem
1891 1855 2115 1925 corporis

529 1958 685 2011 nostri
724 1956 900 2027 (Rom.
931 1970 1038 2017 Vlll,
1089 1953 1204 2027 23).
1251 1951 1515 2022 Numquid
1559 1966 1662 2006 non
1708 1966 1803 2022 per
1843 1949 2112 2005 lavacrum

528 2060 769 2106 Sanctum
801 2050 1120 2118 regenerati,
1149 2046 1384 2116 adoptati
1414 2053 1468 2100 et
1491 2043 1750 2114 redempti
1778 2041 2005 2098 sumus?
2050 2041 2116 2094 Et

531 2151 708 2196 tamen
750 2148 918 2195 restat
961 2139 1313 2208 regeneratio,
1341 2137 1580 2203 adOptio,
1609 2133 1924 2204 redemptio,
1957 2147 2113 2203 quam

531 2236 582 2289 in
608 2235 711 2287 ﬁne
737 2241 1011 2288 venturam
1039 2247 1178 2285 nunc
1214 2231 1475 2300 patienter
1502 2237 1814 2298 exspectare
1834 2226 2111 2292 debemus,

531 2335 584 2380 ut
616 2333 743 2378 tunc
781 2323 871 2377 ﬁlii
911 2322 1068 2391 hujus
1103 2321 1282 2375 saeculi
1320 2336 1386 2375 ex
1415 2319 1558 2373 nulla
1602 2326 1750 2388 parte
1785 2318 1894 2387 jam
1925 2317 2111 2372 simus.

530 2415 780 2484 Quisquis
815 2414 974 2483 igitur
1003 2413 1313 2482 Baptismati
1363 2411 1602 2480 derogat,
1629 2409 1770 2479 quod
1817 2408 1975 2463 modo
2023 2423 2117 2477 per

531 2505 660 2562 illud
709 2505 1048 2576 percipimus,
1091 2502 1385 2572 corrumpit
1424 2501 1581 2556 ﬁdem
1610 2519 1625 2556 :
1653 2501 1893 2572 quisquis
1939 2507 2114 2554 autem

526 2598 637 2666 jam
665 2611 806 2651 nunc
834 2595 883 2650 ei
913 2595 1111 2658 tribuit,
1135 2593 1276 2664 quod
1303 2591 1515 2662 quidem
1555 2607 1647 2661 per
1675 2591 1867 2660 ipsum,
1897 2590 1990 2645 sed
2033 2599 2114 2643 ta-

533 2705 654 2743 men
702 2697 883 2757 postea
926 2684 1224 2756 percepturi
1265 2698 1471 2749 sumus,
1508 2691 1744 2753 amputat
1780 2696 1952 2752 spem.
1982 2679 2116 2735 Nam

530 2782 576 2835 si
615 2796 645 2835 a
677 2795 762 2834 me
802 2780 1078 2850 quisquam
1120 2777 1411 2848 quresierit,
1443 2785 1619 2831 utrum
1666 2791 1761 2845 per
1789 2775 2114 2844 Baptismum

529 2870 660 2925 salvi
722 2869 842 2925 facti
901 2869 1190 2932 fuerimus;
1241 2882 1436 2936 negare
1493 2881 1600 2920 non
1643 2873 1862 2935 potero,
1908 2864 2118 2918 dicente

529 2961 806 3031 Apostolo,
853 2960 1036 3014 Salvos
1062 2974 1152 3012 nos
1174 2958 1290 3028 fecit
1323 2974 1412 3026 per
1440 2957 1697 3012 tavacnnn
1725 2955 2116 3028 regenerationis

527 3059 576 3104 et
617 3049 950 3104 renovationis
1000 3048 1224 3116 Spiritus
1270 3047 1434 3101 sancti
1483 3047 1607 3118 (Tit.
1664 3062 1745 3113 nt,
1793 3045 1872 3119 v).
1919 3045 2025 3102 Sed
2070 3046 2115 3100 si

528 3139 826 3208 quaesierit,
874 3147 1049 3190 utrum
1100 3152 1191 3206 per
1238 3137 1378 3191 idem
1409 3137 1674 3192 lavacrum
1711 3137 1856 3193 omni
1895 3151 2115 3207 prorsus

530 3230 692 3284 modo
707 3228 817 3299 jam
845 3243 943 3282 nos
965 3227 1154 3283 fecerit
1175 3228 1381 3294 salvos;
1413 3227 1766 3298 respondebo,
1784 3228 1899 3284 Non
1921 3229 1990 3282 ita
2012 3236 2113 3283 est.

528 3321 672 3378 idem
701 3321 896 3392 quippe
920 3321 1046 3374 item
1072 3321 1198 3376 dicit
1217 3321 1490 3391 apostolus
1515 3339 1530 3376 :
1552 3321 1658 3394 Spe
1684 3323 1816 3376 enim
1841 3322 1969 3377 salui
1994 3321 2118 3391 facti

525 3432 719 3470 sumus.
764 3414 894 3484 Spes
933 3425 1098 3468 autem
1139 3431 1253 3487 qua:
1294 3416 1507 3479 videtur,
1539 3431 1640 3470 non
1682 3424 1752 3470 est
1780 3430 1931 3487 spes;
1979 3415 2117 3489 quod

525 3509 659 3563 enim
683 3508 813 3561 videt
844 3507 979 3578 quis,
1005 3506 1128 3580 quid
1155 3507 1366 3578 sperat?
1409 3507 1471 3562 Si
1497 3516 1664 3562 autem
1688 3509 1822 3578 quod
1849 3525 1951 3563 non
1978 3509 2117 3565 vide-

526 3615 636 3652 mus
659 3615 941 3669 speramus,
971 3613 1064 3668 per
1104 3599 1396 3666 patientiam
1422 3607 1770 3669 exspectamus
1795 3599 1968 3670 (Rom.
1997 3616 2111 3668 vm,

525 3690 597 3746 24
618 3701 668 3745 et
684 3690 802 3760 25).
827 3690 984 3745 Salus
1007 3705 1135 3761 ergo
1161 3690 1391 3745 hominis
1417 3690 1471 3746 in
1493 3691 1813 3763 Baptismate
1851 3693 1984 3749 facta
2007 3703 2110 3763 est,

525 3780 650 3849 quia
679 3779 957 3835 dimissum
983 3790 1067 3836 est
1095 3781 1235 3852 quod
1266 3783 1503 3852 peccati'
1532 3798 1563 3837 a
1598 3786 1905 3854 parentibus
1932 3789 2109 3857 traxit,

526 3871 615 3926 vel
637 3871 894 3943 quidquid
921 3872 1080 3926 etiam
1105 3873 1318 3943 proprie
1340 3883 1465 3930 ante
1491 3874 1817 3946 Baptismum
1841 3879 1953 3949 ipse
1984 3895 2112 3950 pec-

526 3965 708 4023 cavit:
737 3967 882 4022 salus
914 3981 1045 4022 vero
1091 3966 1206 4038 ejus
1247 3977 1391 4023 tanta
1436 3977 1556 4039 post
1599 3970 1754 4036 erit',
1795 3982 1852 4026 ut
1891 3987 2111 4041 peccare

525 4057 746 4114 omnino
771 4072 877 4112 non
903 4056 1091 4129 possit.

600 4147 830 4206 CAPUT
869 4147 958 4204 IV.
985 4178 1058 4190 —
1083 4148 1137 4206 6.
1170 4148 1438 4204 Calumnia
1466 4151 1528 4205 de
1545 4154 1695 4207 veteri
1727 4152 2040 4209 Testamento
2063 4164 2110 4210 et

530 4240 747 4310 antiquis
757 4241 933 4310 justis.
975 4239 1123 4295 Vetus
1158 4240 1527 4297 Testamentum
1565 4245 1732 4317 ﬁgura
1759 4247 1893 4302 novi.
1928 4247 2110 4303 Sancti

525 4331 700 4384 ueteris
729 4327 1028 4384 Testamenti
1069 4330 1136 4384 ad
1185 4348 1368 4386 novum
1413 4335 1678 4404 pertinent.
1710 4337 1911 4403 Quibus
1942 4339 2010 4392 ita
2049 4354 2108 4394 se

526 4420 864 4488 habentibus,
893 4438 960 4476 ex
982 4421 1064 4476 his
1084 4424 1244 4478 etiam
1264 4425 1350 4479 illa
1376 4441 1496 4496 quae
1523 4427 1775 4498 deinceps
1797 4430 1948 4485 nobis
1973 4431 2109 4502 obji-

523 4513 671 4568 ciunt
696 4513 1026 4570 reielluntur.
1068 4515 1195 4580 Quis
1239 4517 1379 4571 enim
1410 4518 1704 4573 catholicus
1741 4519 1920 4588 dicat,
1964 4522 2103 4592 quod

523 4620 624 4659 nos
649 4603 827 4660 dicere
850 4605 1133 4674 iactitant,
1179 4625 1198 4657 ι
1231 4607 1485 4677 Spiritum
1517 4623 1756 4664 sanctum
1804 4613 2101 4681 adjutorem

525 4694 736 4748 virtutis
776 4695 827 4748 in
859 4695 1024 4749 veteri
1054 4695 1394 4752 Testamento
1425 4715 1528 4754 non
1557 4701 1752 4768 fuisse;
1797 4724 1814 4756 ι
1855 4707 1953 4758 nisi
1983 4722 2101 4762 cum

523 4793 675 4840 vetus
700 4785 1097 4841 Testamentum
1132 4789 1209 4844 sic
1238 4789 1612 4862 intelligimus,
1655 4797 2101 4863 quemadmodum

525 4875 812 4946 Apostolus
841 4877 1007 4942 dixit,
1049 4879 1090 4930 Α
1126 4890 1292 4934 monte
1317 4881 1446 4936 Sina
1469 4883 1521 4936 in
1550 4887 1828 4940 servitute»:
1857 4905 2102 4959 generans

524 4966 719 5038 (Galat.
761 4983 816 5023 tv
837 5011 850 5035 ,
879 4967 1011 5040 24)?
1039 4969 1144 5024 Sed
1185 4973 1307 5041 quia
1352 4975 1403 5028 in
1433 4989 1498 5028 eo
1544 4977 1977 5048 praeﬁgurabatur
2005 4999 2102 5037 no-

523 5073 667 5125 vum,
695 5058 783 5128 qui
812 5058 913 5114 hoc
943 5058 1306 5130 intelligebant
1335 5072 1459 5118 tunc
1487 5064 1727 5122 homines
1757 5071 1868 5137 Dei,
1902 5088 2096 5128 secun-

519 5149 646 5205 dum
669 5149 1096 5206 distributionem
1121 5163 1434 5223 temporum,
1463 5158 1657 5211 veteris
1676 5160 1888 5228 quidem
1911 5163 2100 5219 Testa-

1160 367 1431 424 CONTRA
1472 366 1648 422 DUAS
1686 362 2059 422 EPISTOLAS
2098 361 2649 432 PELAGIANORUM,
2686 363 2745 420 S.
2785 362 3150 422 AUGUSTINI

2217 484 2452 532 strantur
2480 475 2738 533 heredes.
2759 477 2843 532 An
2869 491 2997 532 vero
3018 475 3164 531 illum
3185 473 3254 530 ad
3277 471 3676 528 Testamentum
3697 483 3801 526 no-

2219 582 2339 621 vum
2367 568 2673 638 uegabimus
2702 568 2987 638 pertinere,
3012 567 3102 639 qui
3129 566 3276 633 dicit,
3299 565 3397 620 Cor
3418 564 3659 619 mundum
3678 578 3799 617 crea

2217 659 2272 712 in
2299 677 2405 725 me,
2437 659 2574 716 Deus
2599 701 2613 726 ,
2655 671 2701 715 et
2728 662 2960 732 spiritum
2982 671 3171 715 rectum
3202 660 3387 714 innova
3431 659 3486 713 in
3524 656 3801 712 visceribus

2218 753 2341 806 meis
2367 751 2535 826 (Psat.
2564 769 2628 821 ι,
2668 753 2799 823 12)?
2823 762 2915 809 aut
2947 754 3094 808 illum
3123 754 3211 825 qui
3237 753 3391 818 dicit,
3436 751 3615 808 Posuit
3641 767 3804 821 super

2221 853 2412 914 petram
2439 850 2587 916 pedes
2613 861 2748 900 meos
2769 886 2786 913 ,
2816 855 2862 899 et
2883 845 3064 900 direxit
3090 862 3290 916 gressus
3313 861 3449 899 meos
3472 885 3488 910 ,
3521 855 3566 899 et
3588 844 3806 898 immisit

2219 938 2272 992 in
2319 955 2374 992 os
2414 956 2579 993 meum
2623 941 2871 993 canticum
2917 954 3121 1003 novum,
3173 939 3415 1010 hymnum
3459 936 3566 991 Deo
3618 946 3803 991 nostro

2225 1027 2393 1099 (Psat.
2428 1045 2633 1094 xxxix,
2666 1031 2700 1085 5
2723 1072 2736 1093 ,
2768 1030 2869 1099 4)ἱ²
2907 1029 2990 1084 vel
3033 1029 3181 1084 illum
3226 1039 3350 1084 ante
3393 1029 3803 1084 Testamentum

2220 1133 2372 1177 vetus
2391 1165 2406 1190 ,
2433 1123 2574 1193 quod
2598 1133 2678 1178 est
2705 1139 2734 1178 a
2763 1132 2944 1178 monte
2968 1123 3093 1179 Sina
3116 1165 3132 1190 ,
3174 1133 3378 1194 patrem
3412 1121 3646 1176 ﬁdelium
3671 1164 3686 1186 ,
3731 1123 3804 1176 de

2220 1229 2325 1284 quo
2348 1213 2476 1268 dicit
2498 1216 2803 1283 Apostolus,
2830 1214 3062 1280 Fratres,
3089 1215 3363 1270 secundum
3389 1216 3640 1269 hominem
3661 1214 3802 1280 dico,

2221 1313 2387 1358 tamen
2415 1304 2631 1358 hominis
2655 1306 3004 1374 conﬁrmatum
3044 1315 3389 1360 testamentum
3421 1322 3564 1360 nemo
3599 1307 3807 1359 irritum

2221 1396 2342 1466 facit
2367 1406 2454 1449 aut
2481 1399 2850 1468 superordinat.
2879 1398 3098 1453 Abrahte
3120 1398 3268 1454 dicta:
3290 1407 3406 1454 sunt
3439 1399 3803 1468 promissiones

2220 1495 2266 1539 et
2292 1487 2471 1544 semini
2499 1490 2627 1559 ejus.
2659 1487 2781 1544 Non
2805 1489 2959 1554 dicit,
3008 1488 3077 1544 Et
3114 1490 3383 1545 seminibus
3405 1533 3421 1558 ,
3459 1500 3703 1561 tanquam
3747 1490 3806 1544 in

2221 1580 2426 1647 multis;
2469 1582 2557 1636 sed
2584 1591 2824 1653 tanquam
2852 1584 2904 1638 in
2931 1599 3032 1638 uno
3055 1623 3071 1649 ,
3099 1582 3168 1638 Et
3196 1583 3374 1638 semini
3401 1591 3484 1638 tuo
3509 1625 3524 1652 ,
3555 1584 3693 1652 quod
3731 1593 3810 1638 est

2221 1670 2470 1728 Christus.
2501 1671 2614 1727 Hoc
2639 1684 2806 1728 autem
2828 1674 2962 1740 dico,
2993 1675 3181 1745 inquit,
3213 1673 3582 1729 Testamentum
3612 1676 3809 1744 confir-

2223 1773 2412 1816 matum
2439 1780 2472 1816 a
2499 1763 2608 1818 Deo
2627 1805 2642 1830 ,
2677 1781 2789 1835 qua:
2819 1774 2932 1834 post
2970 1764 3362 1836 quadringentos
3391 1775 3438 1819 et
3466 1766 3675 1836 triginta
3711 1783 3811 1820 an-

2221 1869 2313 1907 nos
2350 1857 2486 1924 facta
2519 1864 2594 1908 est
2619 1854 2702 1909 tea:
2727 1871 2826 1908 non
2851 1855 3076 1924 inﬁrmat
3113 1855 3180 1908 ad
3209 1856 3550 1910 euacuandam
3589 1858 3810 1925 promis-

2221 1943 2432 1998 sionem.
2463 1944 2524 1999 Si
2552 1945 2685 1999 enim
2727 1961 2789 2000 ea:
2815 1945 2922 2017 tege
2961 1946 3258 2016 hereditas,
3287 1949 3404 2018 jam
3446 1965 3545 2001 non
3585 1965 3647 2002 ea:
3685 1965 3809 2018 pro-

2222 2034 2457 2089 missione
2499 2050 2519 2090 :
2557 2033 2776 2091 Abrahte
2820 2045 2989 2091 autem
3034 2053 3124 2108 per
3168 2039 3550 2108 promissionem
3595 2039 3808 2094 donavit

2222 2123 2380 2179 Deus.

2292 2219 2346 2273 7.
2381 2219 2478 2274 Hic
2503 2229 2648 2276 certe
2676 2221 2721 2276 si
2748 2236 3079 2292 quaeramus,
3124 2231 3300 2278 utrum
3344 2223 3447 2278 hoc
3485 2224 3809 2280 Testamen-

2225 2320 2332 2365 tum
2355 2353 2370 2378 ,
2400 2311 2542 2381 quod
2569 2311 2698 2367 dicit
2721 2313 3091 2369 conﬁrmatum
3122 2330 3152 2368 a
3183 2315 3292 2370 Deo
3325 2331 3428 2370 non
3474 2316 3731 2370 inﬁrmari
3777 2330 3810 2370 a

2224 2403 2340 2473 lege
2367 2419 2485 2474 qua:
2510 2413 2631 2474 post
2662 2405 3078 2476 quadringentos
3112 2417 3168 2462 et
3206 2407 3417 2477 triginta
3457 2424 3622 2463 annos
3663 2409 3813 2464 facta

2222 2505 2326 2562 est,
2359 2505 2536 2551 utrum
2561 2512 2762 2551 novum
2785 2539 2800 2564 ,
2833 2513 2902 2553 an
2931 2507 3083 2554 vetus
3115 2501 3507 2571 intelligendum
3537 2503 3606 2556 sit
3639 2519 3652 2554 :
3683 2503 3814 2572 quis

2223 2585 2548 2655 respondere
2570 2586 2808 2656 dubitet,
2833 2588 3039 2646 Novum
3059 2632 3073 2654 ,
3105 2591 3198 2646 sed
3226 2593 3276 2644 in
3306 2592 3630 2662 propheticis
3667 2593 3812 2648 late-

2224 2677 2337 2733 bris
2359 2679 2704 2747 occultatum,
2737 2679 2907 2736 donec
2937 2683 3139 2737 veniret
3167 2692 3375 2754 tempus
3400 2698 3507 2754 quo
3532 2685 3810 2739 revelare-

2225 2777 2311 2824 tur
2336 2771 2391 2824 in
2413 2770 2670 2827 Christo?
2695 2771 2829 2827 Nam
2856 2774 2901 2828 si
2929 2774 3221 2829 dixerimus
3243 2816 3257 2840 ,
3290 2776 3492 2842 Vetus;
3534 2776 3661 2846 quid
3705 2777 3812 2832 erit

2225 2859 2352 2914 illud
2381 2875 2411 2914 a
2437 2870 2617 2917 monte
2647 2861 2772 2918 Sina
2803 2863 2856 2918 in
2886 2865 3194 2928 servitutem
3223 2867 3531 2936 generatis?
3557 2867 3632 2922 lbi
3660 2869 3811 2924 enim

2224 2949 2360 3006 facta
2377 2961 2457 3007 est
2477 2954 2566 3010 lex
2591 2956 3128 3028 post-quadringintos
3149 2968 3204 3014 et
3225 2960 3437 3031 triginta
3462 2977 3631 3016 annos
3661 2979 3675 3015 :
3703 2978 3813 3033 qua

2223 3042 2340 3114 lege
2367 3043 2468 3099 hoc
2487 3043 2885 3102 Testamentum
2912 3049 3277 3117 promissionis
3298 3051 3526 3106 Abrahae
3547 3053 3813 3110 inﬁrmari

2224 3148 2333 3189 non
2378 3150 2535 3205 posse
2580 3136 2898 3204 conﬁrmat;
2950 3148 3006 3195 et
3052 3140 3153 3194 hoc
3194 3141 3337 3211 quod
3380 3143 3576 3196 factum
3615 3153 3704 3198 est
3738 3144 3814 3199 ab

2223 3224 2514 3294 Abraham,
2537 3227 2650 3282 vult
2674 3230 2846 3298 potius
2865 3229 2933 3283 ad
2959 3245 3056 3284 nos
3082 3232 3369 3301 pertinere,
3397 3250 3530 3304 quos
3551 3235 3665 3288 vult
3689 3249 3816 3290 esse

2224 3314 2362 3370 ﬁlios
2390 3317 2593 3386 liberae,
2635 3334 2738 3374 non
2764 3321 3003 3387 ancillae;
3039 3321 3277 3379 heredes
3320 3339 3387 3380 ex
3417 3325 3810 3394 promissione,

2223 3423 2332 3463 non
2361 3409 2505 3481 lege;
2542 3425 2664 3467 cum
2700 3412 2866 3480 dicit,
2898 3413 2960 3469 Si
2981 3415 3114 3468 enim
3138 3432 3201 3470 ex
3225 3417 3332 3488 lege
3353 3417 3654 3483 hereditas,
3688 3419 3814 3488 jam

2225 3515 2327 3553 non
2361 3517 2424 3555 ea:
2449 3501 2777 3572 promissione
2803 3519 2822 3556 :
2850 3503 3067 3558 Abrahte
3098 3517 3263 3560 autem
3305 3523 3393 3576 per
3423 3507 3814 3578 promissionem

2221 3589 2422 3645 donavit
2443 3590 2579 3646 Deus
2602 3593 2640 3646 ι.
2670 3590 2741 3648 Ut
2763 3593 2903 3662 quod
2925 3594 3060 3649 facta
3087 3596 3172 3651 lex
3193 3605 3275 3652 est
3298 3607 3418 3667 post
3438 3598 3811 3669 quadringen-

2223 3691 2305 3736 tos
2331 3690 2386 3736 et
2411 3682 2623 3753 triginta
2646 3698 2815 3740 annos
2838 3728 2854 3754 ,
2880 3685 2947 3740 ad
2978 3686 3081 3740 hoc
3109 3687 3519 3756 subintraverit,
3551 3699 3612 3743 ut
3634 3690 3813 3745 abun-

2219 3773 2374 3829 daret
2411 3775 2697 3845 delictum;
2737 3793 2860 3834 cum
2904 3794 3000 3849 per
3045 3790 3319 3850 peccatum
3352 3781 3816 3851 prmvarimtionis

2219 3866 2552 3920 convincitur
2585 3867 2814 3924 hominis
2849 3870 3096 3938 superbia
3127 3870 3192 3925 de
3221 3885 3315 3925 sua
3350 3871 3552 3942 justitia
3599 3889 3816 3942 praesu-

2217 3956 2413 4012 mentis
2447 3973 2461 4011 :
2493 3967 2549 4011 et
2574 3958 2661 4013 ubi
2689 3959 2979 4014 abundavit
3019 3961 3272 4016 delictum
3295 4005 3310 4028 ,
3349 3963 3814 4033 superabundavit

2216 4046 2383 4115 gratia
2414 4046 2590 4118 (Rom.
2618 4063 2654 4103 v
2673 4089 2688 4114 ,
2717 4049 2841 4121 20);
2875 4066 2970 4121 per
2998 4051 3155 4106 ﬁdem
3180 4051 3289 4122 jam
3320 4053 3534 4109 humilis
3563 4054 3813 4112 hominis

2215 4138 2274 4193 in
2299 4141 2414 4212 lege
2437 4140 2730 4198 deﬁcientis
2749 4145 2770 4176 ¹
2796 4152 2851 4198 et
2872 4143 2939 4198 ad
2964 4143 3058 4200 Dei
3078 4147 3498 4202 misericordiam
3525 4147 3812 4218 fugientis.

2215 4231 2340 4288 Ideo
2368 4248 2488 4288 cum
2513 4234 2758 4300 dixisset,
2788 4237 2850 4291 Si
2877 4238 3010 4292 enim
3034 4254 3097 4292 ea:
3120 4239 3228 4310 tege
3251 4240 3538 4306 hereditas,
3554 4241 3675 4310 jam
3702 4257 3814 4296 non

2217 4341 2280 4380 ea:
2303 4327 2668 4397 promissione;
2695 4328 2908 4384 Abrahae
2931 4340 3098 4385 autem
3123 4349 3214 4402 per
3238 4332 3616 4402 promissionem
3643 4332 3815 4387 dona-

2216 4417 2285 4471 uit
2326 4415 2467 4472 Deus
2520 4434 2538 4472 .'
2585 4427 2832 4489 tanquam
2879 4421 2927 4474 ei
2967 4421 3252 4487 diceretur,
3283 4423 3478 4494 thuid
3525 4439 3658 4493 ergo
3717 4425 3813 4480 lex

2213 4519 2399 4579 postea
2429 4510 2564 4564 facta
2592 4510 2716 4565 est?
2740 4512 3012 4582 subjunxit
3031 4523 3190 4584 atque
3213 4515 3316 4581 ait,
3345 4515 3480 4582 Quid
3513 4532 3632 4586 ergo
3677 4517 3769 4572 lea:
3789 4519 3817 4572 ?

2211 4599 2308 4655 Cui
2332 4616 2454 4656 mox
2483 4603 2880 4674 interrogationi
2909 4607 3156 4674 reddidit,
3200 4607 3644 4665 Prcraricationis
3674 4628 3814 4683 gra-

2211 4691 2280 4744 tia
2311 4695 2569 4764 praposita
2592 4705 2664 4750 est
2686 4694 2706 4726 ³
2726 4737 2739 4759 ,
2769 4697 2928 4750 donec
2956 4699 3143 4752 veniret
3169 4715 3336 4754 semen
3367 4701 3449 4754 cui
3485 4704 3815 4772 promissam

2211 4792 2282 4837 est
2328 4783 2526 4854 (Galat.
2556 4803 2648 4853 In,
2688 4789 2905 4859 15-19).
2947 4790 3058 4845 lloc
3091 4790 3380 4848 identidem
3420 4794 3490 4847 ita
3525 4793 3657 4849 dicit
3689 4813 3705 4849 :
3743 4795 3815 4852 Si

2209 4875 2343 4930 enim
2371 4878 2456 4949 qui
2485 4895 2548 4934 ea:
2571 4881 2710 4951 lege,
2728 4882 2952 4938 htercdes
2978 4893 3136 4951 sunt;
3166 4887 3426 4940 exinanita
3452 4900 3524 4941 est
3550 4890 3704 4954 ﬁdes,
3757 4903 3812 4947 et

2207 4977 2447 5023 evacuata
2471 4980 2545 5024 est
2583 4973 2867 5040 promissio.
2907 4973 3017 5030 Lee:
3053 4977 3187 5029 enim
3222 4979 3352 5031 iram
3392 4990 3631 5049 operatur
3659 4998 3680 5035 :
3715 4985 3816 5038 ubi

2207 5059 2339 5113 enim
2369 5078 2468 5114 non
2498 5072 2569 5115 est
2601 5061 2702 5129 lex,
2735 5081 2824 5118 nec
2854 5067 3201 5135 prevaricatio
3225 5069 3400 5138 (Rom.
3431 5087 3508 5138 tv,
3541 5075 3607 5127 14
3629 5117 3644 5137 ,
3677 5076 3813 5146 15).

2206 5150 2356 5217 Quod
2384 5153 2458 5207 ait
2482 5153 2534 5208 in
2560 5155 2649 5209 illo
2675 5159 3010 5227 testimonio,
3028 5160 3089 5215 Si
3118 5163 3250 5217 enim
3274 5181 3338 5218 ex
3358 5167 3466 5236 lege
3495 5166 3813 5237 hereditas,

521 5243 687 5297 menti
727 5241 1121 5312 dispensatores
1149 5253 1204 5300 et
1227 5255 1551 5317 gestatores,
1595 5251 1687 5305 sed
1717 5253 1839 5307 novi
1867 5255 2092 5313 demon-

2221 5246 2310 5299 I'am
2332 5263 2431 5302 non
2454 5263 2516 5302 ea:
2538 5251 2903 5318 promissione;
2943 5253 3160 5309 Abrahae
3185 5267 3352 5310 autem
3379 5275 3468 5327 per
3493 5261 3815 5329 promissio-

581 5420 798 5495 sum;
824 5427 958 5495 βαξςο
989 5424 1060 5495 est
1106 5425 1265 5495 tndem
1307 5421 1563 5495 inﬁrmitas
1612 5437 1630 5475 :
1669 5428 1911 5495 pauloque
1957 5442 2063 5495 post

517 5481 667 5547 donec
689 5471 1049 5547 regeneratione
1079 5481 1176 5532 alia
1216 5471 1559 5535 constmtetur.‘
1573 5471 1694 5536 Mss.r
1701 5471 2098 5547 21361381963221

794 5546 880 5617 est,
902 5549 971 5617 et,
997 5542 1163 5617 donec.
1181 5551 1238 5616 _tn
1272 5547 1445 5617 eadem
1465 5551 1709 5599 sententia
1744 5542 1958 5603 Vaticani
1981 5542 2092 5608 fat—ss.

516 5602 701 5666 ferunt,
724 5602 841 5668 quid
858 5602 987 5655 nunc
1002 5603 1156 5656 vincat
1173 5603 1224 5656 in
1237 5605 1388 5658 nobis.

581 5668 603 5699 ³
619 5669 694 5717 Sic
715 5673 820 5716 Mss.
849 5671 905 5726 At
927 5666 1064 5726 editi,
1081 5674 1344 5726 peccatum.

1289 5735 1419 5780 tanta
1443 5745 1543 5780 (νς-ελ
1564 5737 1746 5795 poterit.
1775 5740 2094 5794 Emendantur

515 5799 549 5838 ι
572 5789 718 5840 vatio.
736 5789 877 5839 simul
901 5797 954 5840 et
973 5790 1132 5841 Gallic.
1158 5797 1263 5841 Mss.

2205 5354 2317 5394 nem
2341 5339 2546 5393 donavit
2576 5339 2752 5408 Deus;
2781 5340 2883 5397 hoc
2911 5340 2963 5397 in
2993 5344 3092 5398 isto
3120 5347 3213 5412 ait,
3244 5347 3303 5402 Si
3323 5350 3456 5402 enim
3484 5351 3569 5420 qui
3598 5368 3696 5419 per
3724 5357 3813 5407 te-

2203 5447 2336 5500 gem,
2361 5432 2580 5487 heredes
2600 5444 2752 5501 sunt;
2781 5437 3036 5491 eminanita
3059 5449 3130 5494 est
3157 5440 3304 5510 ﬁdes,
3330 5451 3378 5497 et
3404 5455 3645 5498 evacuata
3672 5464 3820 5517 pro-

2267 5564 2519 5638 frvaticani
2541 5571 2648 5614 Mss.
2673 5573 2951 5618 constanter
2987 5567 3197 5634 habent,
3239 5585 3328 5637 per
3365 5578 3818 5638 repromisuouem

2204 5624 2394 5674 donarit
2421 5633 2562 5676 Deus.

2266 5686 2526 5761 {gallinam
2549 5696 2776 5761 Mss.,_per
2797 5689 2945 5761 fidem
2967 5705 2984 5742 :
2997 5693 3108 5755 jam
3129 5695 3210 5748 Inc
3231 5704 3522 5751 monstratur
3537 5701 3822 5761 humata.

2267 5761 2401 5796 nurus
2413 5761 2463 5796 m
2478 5761 2580 5812 tege
2594 5761 2872 5812 deﬁcientis,
2905 5761 2997 5804 etc.

2267 5809 2289 5840 ³
2312 5810 2516 5859 Vaticani
2541 5819 2644 5862 Mss.
2671 5813 2747 5863 hic
2769 5823 2819 5866 et
2845 5815 2981 5876 infra.
3007 5819 3160 5872 posita
3177 5828 3266 5877 est.

3832 5855 3842 5882 l
