4038 6476
257 517 424 574 missio
448 531 470 572 :
495 516 632 574 satis
656 516 944 574 ostendens
983 517 1048 574 ad
1089 517 1248 575 ﬁdem
1287 525 1524 574 nostram
1570 517 1844 588 pertinere

259 611 412 684 (quae
443 611 570 664 novi
604 619 783 679 utique
813 622 894 664 est
923 609 1288 681 TeSIamcuti)
1320 610 1458 680 quod
1494 626 1590 680 per
1622 610 1847 682 promis-

257 703 457 756 sionem
487 702 706 756 dunavit
739 703 876 756 Deus
907 703 1150 756 Abrahae.
1187 703 1252 756 Et
1295 703 1430 772 quod
1460 703 1533 756 ait
1561 703 1610 756 in
1640 703 1732 756 illo
1764 710 1844 757 te-

257 793 526 854 stimonio,
561 793 697 861 Quid
717 809 836 864 ergo
861 793 944 848 lex
962 794 988 847 γ
1013 802 1170 866 atque
1200 793 1496 863 respondit,
1529 793 1845 846 Praevarica-

257 885 404 938 tionis
427 884 596 954 gratia
618 885 880 954 proposita
905 893 978 938 est
1007 899 1028 938 :
1055 887 1154 940 hoc
1185 885 1234 938 in
1263 885 1366 942 isto
1392 885 1628 941 subdidit
1651 886 1842 940 simili-

257 982 352 1039 ter,
388 975 494 1028 Lea:
517 975 650 1028 enim
677 975 806 1028 iram
832 984 1070 1046 cperatur
1099 991 1117 1030 :
1144 976 1229 1030 ubi
1253 977 1386 1030 enim
1413 993 1511 1032 non
1540 987 1610 1032 est
1635 977 1736 1044 lex,
1757 995 1845 1032 nec

255 1067 621 1138 pramaricatia.

318 1159 374 1212 8.
403 1157 526 1213 Sive
553 1158 712 1228 igitur
745 1157 1043 1226 Abraham,
1073 1158 1186 1215 sive
1219 1167 1342 1214 ante
1369 1159 1516 1214 illum
1540 1159 1692 1230 justi,
1725 1159 1840 1216 sive

247 1263 368 1324 post
395 1268 518 1306 eum
545 1267 714 1322 usque
739 1253 806 1307 ad
835 1254 1006 1320 ipsum
1032 1253 1248 1324 Moysen
1273 1293 1290 1320 ,
1336 1269 1430 1324 per
1467 1269 1624 1324 quem
1656 1253 1840 1309 datum

247 1353 326 1399 est
355 1345 757 1400 Testamentum
787 1359 818 1398 a
847 1354 1032 1400 monte
1067 1344 1192 1400 Sina
1233 1344 1288 1400 in
1318 1345 1631 1401 servitutem
1665 1359 1842 1416 gene-

246 1451 388 1496 rans.
413 1436 526 1490 sive
555 1436 734 1490 caeteri
769 1434 1050 1505 Pmpheta:
1077 1445 1196 1504 post
1226 1451 1348 1491 eum
1378 1444 1432 1490 et
1460 1436 1628 1492 sancti
1660 1435 1836 1491 homi-

251 1543 344 1580 nes
377 1527 468 1580 Dei
503 1541 670 1596 usque
693 1527 760 1580 ad
785 1526 1044 1582 Joannem
1075 1527 1364 1596 Baptistam
1383 1569 1398 1595 ,
1445 1527 1536 1582 filii
1565 1537 1687 1582 sunt
1713 1539 1838 1598 pro-

245 1620 514 1674 missionis
537 1628 596 1673 et
618 1618 800 1688 gratiae
823 1617 1116 1672 secundum
1137 1617 1286 1672 Isaac
1307 1617 1474 1672 ﬁlium
1497 1617 1704 1680 liberae,
1729 1632 1834 1673 non

243 1729 304 1767 ex
337 1712 472 1782 lege,
503 1711 600 1766 sed
626 1727 690 1766 ex
721 1711 1075 1782 promissione
1103 1710 1344 1766 lueredes
1377 1710 1492 1776 Dei,
1525 1711 1835 1768 cohaeredes

242 1813 416 1857 autem
443 1803 664 1858 Christi.
711 1803 866 1858 Absit
891 1803 1034 1858 enim
1067 1813 1123 1857 ut
1147 1802 1260 1857 Noe
1285 1803 1487 1872 justqu
1511 1844 1524 1866 ,
1553 1813 1606 1858 et
1640 1803 1834 1872 prioris

245 1895 498 1963 temporis
521 1895 718 1965 justus,
751 1905 804 1949 et
830 1897 1150 1964 quicumque
1173 1895 1240 1948 ab
1269 1895 1358 1948 illo
1381 1909 1546 1964 usque
1569 1893 1634 1948 ad
1661 1893 1830 1948 Abra-

243 1987 358 2040 ham
385 1987 516 2056 justi
545 2001 664 2042 esse
696 1996 984 2056 potuerunt
1005 1988 1086 2042 vel
1107 1988 1380 2058 conspicui
1404 1987 1484 2042 vel
1508 1988 1724 2055 occulti,
1746 2003 1833 2044 ue-

239 2091 422 2146 gemus
449 2075 516 2129 ad
536 2091 822 2146 supernam
845 2076 1162 2144 Jerusalem,
1185 2093 1306 2148 quae
1325 2085 1497 2134 mater
1522 2086 1704 2148 nostra
1725 2087 1826 2146 est,

249 2170 551 2239 pertinere;
580 2169 822 2239 quamvis
849 2169 1144 2226 anteriores
1176 2180 1414 2240 tempore
1445 2171 1464 2203 ¹
1493 2172 1832 2227 inveniantur

237 2277 350 2317 esse
393 2277 554 2333 quam
597 2261 762 2328 Sara,
804 2277 922 2330 quae
949 2261 1115 2332 ipsius
1143 2261 1328 2316 liberte
1370 2263 1557 2316 matris
1599 2263 1830 2333 prephe-

237 2355 358 2408 tiam
399 2354 734 2424 figuramque
772 2353 1012 2424 gestabat
1053 2355 1096 2406 ³.
1126 2353 1337 2422 Quanto
1362 2354 1664 2410 evidentius
1699 2371 1828 2427 ergo

237 2453 354 2516 post
381 2445 674 2510 Abraham,
703 2445 786 2500 cui
809 2445 886 2500 sic
910 2445 1176 2500 declarata
1198 2454 1280 2500 est
1303 2447 1416 2516 ipsa
1440 2447 1744 2516 promissio,
1771 2456 1828 2502 ut

237 2546 384 2606 pater
411 2537 700 2590 multarum
727 2536 964 2608 gentium
993 2536 1261 2592 diceretur
1291 2533 1443 2610 (Gen.
1477 2551 1590 2592 xvn
1615 2579 1630 2602 ,
1661 2539 1714 2604 4,
1741 2537 1822 2610 5),

239 2628 558 2697 quicumque
601 2627 714 2682 Deo
767 2629 1118 2697 placuerunt,
1169 2628 1262 2682 filii
1319 2629 1688 2698 promissionis
1731 2629 1822 2684 ha-

235 2721 390 2776 bendi
435 2723 598 2775 sunt?
641 2721 757 2776 Non
787 2722 928 2776 enim
970 2737 1036 2777 ex
1077 2721 1344 2778 Abraham
1383 2731 1438 2778 et
1462 2723 1716 2794 deinceps
1742 2723 1826 2796 ju-

233 2825 430 2868 slorum
463 2817 746 2885 generatio
773 2815 984 2880 verior,
1025 2815 1117 2872 sed
1161 2817 1440 2886 prophetia
1483 2817 1823 2876 manifestior

233 2907 510 2976 reperitur.

293 2999 348 3053 9.
377 2998 460 3052 Ad
483 2997 886 3053 Testamentum
914 3007 1092 3054 autem
1111 3007 1288 3064 vetus,
1312 3001 1452 3071 quod
1481 3012 1564 3056 est
1583 3018 1614 3058 a
1639 3011 1822 3059 monte

231 3091 348 3148 Sina
381 3092 432 3146 in
465 3093 778 3146 servitutem
804 3108 1090 3162 generans,
1122 3093 1263 3164 quod
1293 3105 1376 3148 est
1398 3095 1564 3165 Agar,
1593 3095 1666 3150 illi
1699 3113 1820 3168 per-

232 3185 394 3240 tinent
421 3227 437 3250 ,
467 3185 556 3254 qui
588 3201 710 3239 cum
742 3187 1046 3256 acceperint
1073 3188 1243 3258 legem
1273 3197 1510 3244 sanctam
1535 3199 1590 3246 et
1616 3190 1818 3260 justam

233 3283 278 3330 et
302 3275 525 3340 bonum,
561 3285 749 3345 putant
772 3277 870 3330 sibi
895 3277 960 3331 ad
993 3279 1175 3344 vitam,
1205 3278 1436 3334 litteram
1479 3294 1637 3350 posse
1665 3279 1815 3336 suffi-

231 3380 344 3420 cere
376 3385 390 3420 :
420 3375 476 3420 et
505 3367 630 3422 ideo
657 3383 757 3436 qua
787 3367 914 3422 fiant
944 3369 1170 3424 factores
1197 3369 1350 3440 legis,
1391 3369 1624 3426 divinam
1651 3371 1816 3428 mise-

229 3461 510 3515 ricordiam
543 3477 648 3516 non
695 3465 1008 3531 requirunt;
1055 3463 1148 3520 sed
1187 3464 1496 3534 ignorantes
1535 3465 1630 3521 Dei
1657 3465 1818 3536 justi-

227 3553 373 3619 tiam,
403 3561 460 3607 et
481 3567 634 3607 suam
657 3551 920 3616 justitiam
949 3555 1190 3610 volentes
1215 3556 1568 3624 constituere,
1593 3557 1816 3626 justitia:

227 3642 314 3698 Dei
357 3661 462 3698 non
506 3655 630 3698 sunt
667 3645 890 3715 subjecti
925 3646 1102 3716 (Rom.
1131 3663 1162 3700 ι
1185 3687 1200 3708 ,
1227 3645 1304 3719 5).
1350 3647 1426 3702 Ex
1473 3648 1576 3704 hoc
1617 3663 1816 3720 genere

227 3734 316 3790 fuit
361 3735 450 3790 illa
495 3736 822 3802 multitudo,
867 3754 984 3806 qua:
1021 3737 1276 3794 adversus
1323 3739 1488 3794 Deum
1531 3741 1582 3794 in
1630 3757 1816 3798 eremo

226 3827 593 3888 murmuravit,
629 3835 684 3882 et
713 3829 910 3882 idolum
937 3827 1100 3892 fecit,
1131 3839 1184 3884 et
1215 3831 1302 3884 illa
1332 3847 1450 3901 quae
1477 3833 1584 3900 jam
1617 3834 1670 3888 in
1701 3833 1812 3904 ipsa

227 3925 360 3972 terra
385 3919 758 3988 promissionis
783 3921 1040 3975 fornicata
1063 3931 1146 3976 est
1163 3931 1286 3994 post
1307 3923 1435 3979 deos
1455 3926 1680 3981 alienos.
1705 3926 1813 3982 Sed

228 4007 334 4064 haec
367 4011 420 4063 iu
465 4011 584 4079 ipso
619 4025 828 4081 quoque
855 4023 1038 4068 vetere
1069 4013 1414 4070 Testamento
1439 4017 1592 4074 valde
1629 4035 1816 4089 repro-

227 4098 338 4155 bata
371 4111 458 4156 est
482 4103 786 4157 multitudo.
831 4103 910 4158 illi
939 4105 1098 4160 etiam
1119 4147 1134 4172 ,
1167 4107 1488 4178 quicumque
1517 4110 1586 4164 ibi
1627 4119 1810 4181 erant,

225 4193 324 4247 sola
355 4211 477 4263 quae
505 4195 576 4248 ibi
609 4196 747 4249 Deus
774 4196 1056 4266 pollicetur
1080 4209 1290 4252 terrena
1315 4202 1578 4269 promissa
1602 4213 1814 4260 sectan-

225 4291 296 4336 tes
317 4327 330 4346 ,
365 4293 418 4338 et
449 4285 574 4352 quid
607 4301 706 4356 pro
737 4301 875 4340 novo
903 4287 1252 4344 Testamento
1279 4306 1340 4344 ea
1369 4291 1482 4362 ipsa
1509 4295 1812 4364 significent

223 4375 543 4444 ignorantes,
567 4394 754 4434 eorum
780 4381 1246 4452 adipiscendorum
1269 4401 1454 4442 amore
1481 4398 1534 4442 et
1558 4391 1812 4448 amitten-

220 4465 402 4521 dorum
437 4471 648 4534 timore,
679 4471 768 4526 Dei
800 4483 1064 4544 praecepta
1085 4477 1404 4546 servabant;
1437 4481 1544 4533 imo
1570 4499 1812 4544 nonser-

218 4559 434 4626 valiant,
461 4560 560 4616 sed
581 4561 683 4616 sibi
708 4575 923 4619 servare
951 4565 1282 4622 videbantur.
1305 4567 1490 4639 Neque
1511 4573 1652 4627 enim
1675 4573 1809 4631 fides

217 4649 264 4704 in
291 4653 374 4707 eis
403 4667 500 4722 per
527 4653 868 4712 dilectionem
912 4659 1232 4727 Operabatur
1261 4659 1453 4734 (ϐαίαι.
1489 4680 1550 4730 v,
1583 4665 1676 4736 6),
1705 4668 1798 4724 sed

217 4749 424 4798 terrena
453 4746 720 4814 cupiditas
749 4757 1030 4820 metusque
1058 4752 1308 4807 carnalis.
1335 4751 1425 4810 Sic
1454 4763 1631 4811 autem
1663 4773 1806 4828 pra:-

215 4847 366 4904 cepta
395 4839 486 4908 qui
517 4840 663 4906 facit,
690 4841 878 4912 procul
909 4843 1072 4898 dubio
1099 4845 1296 4902 invitus
1321 4845 1475 4910 facit;
1499 4863 1562 4904 ac
1583 4865 1679 4920 per
1701 4851 1804 4910 hoc

215 4929 264 4983 in
295 4932 484 4986 animo
523 4948 630 4987 non
659 4931 830 4989 faciti:
861 4937 1031 5007 magis
1071 4939 1183 4994 vult
1209 4939 1230 4970 ³
1258 4939 1400 4994 enim
1437 4943 1656 4998 omnino
1697 4961 1803 5002 non

211 5017 409 5088 facere,
457 5024 500 5078 si
529 5025 822 5080 secundum
853 5043 915 5082 ea
941 5045 1060 5099 qua;
1084 5031 1229 5101 cupit
1259 5041 1314 5088 et
1341 5035 1550 5100 metuit,
1587 5039 1805 5105 permit-

117 5113 124 5118 “
213 5123 356 5169 tatur
385 5116 626 5186 impune.
667 5123 744 5174 Ac
779 5135 876 5190 per
903 5123 1004 5178 hoc
1032 5125 1084 5176 in
1113 5123 1223 5194 ipsa
1251 5125 1522 5184 voluntate
1553 5129 1695 5184 intus
1722 5140 1806 5187 est

211 5220 356 5270 reus,
390 5207 478 5262 ubi
505 5209 620 5279 ipse
642 5211 732 5280 qui
762 5214 1000 5284 praecipit
1029 5217 1236 5286 inspicit
1269 5217 1429 5274 Deus.
1470 5219 1626 5278 Tales
1649 5235 1804 5282 erant

211 5293 302 5350 lilii
335 5305 568 5354 terrena:
593 5299 889 5357 Jerusalem
910 5345 925 5372 ,
955 5305 1024 5360 de
1047 5321 1148 5375 qua
1175 5307 1304 5362 dicit
1329 5311 1616 5379 Apostolus
1636 5355 1650 5379 ,
1679 5314 1802 5371 Ser-

209 5387 274 5440 Iit
299 5389 436 5443 εηξιη
463 5405 578 5444 cum
604 5392 726 5461 ﬁliis
753 5396 873 5459 suis,
903 5397 1174 5466 pertinens
1195 5401 1264 5456 ad
1281 5401 1682 5463 Testamentum
1713 5425 1803 5466 ve.

211 5485 296 5534 tus
317 5496 352 5532 α
376 5491 550 5536 monte
573 5483 706 5538 Sina
730 5485 782 5539 in
806 5489 1088 5543 servitutem
1107 5505 1372 5560 generum,
1404 5497 1539 5564 quod
1562 5507 1634 5553 est
1661 5499 1800 5564 Aqar

735 5663 976 5718 mteriore
1019 5673 1247 5735 tempore.
1286 5679 1416 5738 ιω..
1461 5679 1678 5743 tum
1714 5694 1802 5734 an-

209 5722 408 5772 teriores
421 5722 654 5798 tempore.

556 5793 686 5876 “fit
704 5793 872 5876 ιεξτμε

315 5851 388 5894 Sic
403 5851 550 5900 vatic.
577 5857 682 5901 Mss.
707 5851 844 5912 aditi,
860 5851 1056 5906 mu.

1613 395 1814 455 LIBER
1853 397 2172 460 TERTIUS.

3439 418 3548 478 59‘

1959 515 2152 588 (Calai.
2177 535 2253 588 tv,
2277 519 2370 588 25,
2393 522 2503 596 24).
2535 525 2610 582 Ex
2636 526 2753 598 ipso
2776 543 2973 599 genere
2989 529 3227 600 fuerunt,
3248 533 3342 608 qui
3366 535 3546 593 Domi-

1955 623 2082 662 num
2111 611 2534 684 cruciﬁxerunt,
2567 625 2622 672 et
2663 619 2714 674 in
2753 620 2942 678 eadem
2973 623 3288 682 infidelitate
3328 644 3545 686 manse-

1955 709 2096 754 runt.
2151 701 2275 759 Inde
2319 715 2441 760 sunt
2481 708 2654 765 adhuc
2684 713 2842 766 etiam
2889 715 2983 770 lilii
3013 731 3199 772 eorum
3247 719 3301 774 in
3339 721 3544 792 ingenti

1956 793 2298 852 multitudine
2345 799 2676 870 Judasorum,
2728 809 2968 875 quamvis
3009 809 3118 878 jam
3165 827 3306 868 novo
3353 815 3545 872 Testa-

1952 891 2156 954 mento,
2189 888 2323 942 sicut
2353 893 2722 960 prophetatum
2749 907 2848 962 est,
2877 914 2972 968 per
2999 901 3196 958 Christi
3226 907 3542 976 sanguinem

1951 979 2214 1045 patefacto
2255 993 2412 1054 atque
2443 987 2686 1056 firmato,
2730 999 2784 1045 et
2807 1006 2839 1046 a
2869 991 3088 1049 ﬂumine
3116 995 3204 1052 ubi
3245 998 3545 1068 baptizatus

1949 1072 2424 1146 magisteriumquc
2463 1079 2734 1148 professus
2767 1093 2848 1138 est
2891 1083 3103 1156 (Matth.
3141 1105 3196 1143 ut
3224 1131 3236 1152 ,
3273 1091 3368 1160 i6,
3411 1091 3540 1165 l7),

1949 1175 2118 1230 usque
2155 1164 2222 1220 ad
2261 1169 2520 1226 terminos
2559 1178 2717 1226 terra:
2761 1173 3052 1248 Evangelio
3096 1177 3387 1236 ditfamato.
3437 1164 3540 1252 Qui

1945 1249 2116 1307 Judaei
2149 1297 2163 1322 ,
2233 1259 2528 1315 secundum
2591 1263 2897 1334 prophetias
2954 1283 3088 1338 quas
3154 1271 3371 1342 legunt,
3445 1249 3543 1346 per

1945 1359 2133 1400 omnes
2179 1359 2302 1402 sunt
2353 1362 2524 1407 terras
2568 1354 2766 1426 ubique
2813 1357 3087 1429 dispersi,
3138 1371 3193 1415 ut
3241 1378 3310 1418 ex
3351 1379 3540 1420 eorum

1943 1455 2156 1510 quoque
2185 1443 2457 1500 codicibus
2495 1445 2812 1506 Christianae
2850 1466 2958 1506 non
3002 1452 3142 1508 desit
3171 1455 3536 1511 testimonium

1941 1533 2176 1586 veritati.
2717 1557 2722 1561 ·
3557 1559 3566 1612 1

2015 1623 2100 1677 10.
2135 1625 2201 1678 Et
2241 1635 2392 1682 vetus
2429 1627 2589 1698 igitur
2627 1631 3026 1689 Testamentum
3073 1635 3214 1690 Deus
3255 1637 3494 1693 condidit
3520 1654 3542 1716 :_

1939 1715 2064 1784 quia
2098 1715 2205 1768 Deo
2245 1718 2472 1786 placuit,
2525 1735 2688 1788 usque
2735 1721 2802 1776 ad
2849 1724 3231 1791 plenitudinem
3278 1727 3535 1796 temporis

1939 1804 2220 1872 promissis
2247 1809 2474 1861 terrenis
2500 1817 2748 1878 tanquam
2777 1811 2828 1864 in
2853 1813 3073 1882 praemio
3097 1817 3396 1870 constitutis
3420 1831 3534 1886 pro-

1939 1891 2099 1946 missa
2146 1895 2321 1952 velare
2365 1898 2638 1965 caelestia;
2685 1909 2740 1954 et
2779 1903 2978 1971 populo
3013 1905 3239 1959 terrenis
3265 1905 3420 1960 bonis
3449 1909 3534 1962 in-

1937 1983 2136 2053 hianti,
2180 1998 2234 2042 et
2283 2001 2562 2060 propterea
2611 1992 2801 2047 durum
2846 2011 2942 2050 cor
2995 1996 3242 2064 habenti,
3295 2002 3535 2070 quamvis

1936 2079 2296 2148 spiritualem,
2349 2091 2526 2138 tamen
2577 2084 2628 2138 in
2679 2085 2873 2140 tabulis
2911 2087 3134 2158 lapideis
3173 2090 3342 2162 legem
3381 2092 3530 2149 dare.

1935 2168 2188 2238 Exceptis
2218 2174 2411 2242 quippe
2439 2173 2718 2229 Librorum
2749 2185 2987 2232 veterum
3018 2183 3384 2248 sacramentis,
3413 2201 3532 2254 quae

1933 2263 2046 2318 sola
2077 2263 2412 2334 significandi
2443 2267 2647 2322 ratione
2680 2281 2942 2341 praecepta
2971 2285 3094 2328 sunt
3127 2273 3448 2348 (quanquam
3476 2287 3533 2335 et

1933 2353 1986 2408 in
2014 2355 2124 2418 eis,
2159 2357 2408 2425 quoniam
2440 2359 2790 2428 spiritualiter
2820 2365 3156 2436 intelligenda
3194 2379 3350 2435 sunt,
3385 2380 3531 2430 recte

1933 2445 2019 2500 lex
2047 2445 2242 2501 dicitur
2267 2449 2614 2522 spiritualis);
2642 2461 2834 2507 artera
2865 2467 3012 2511 certe
3041 2475 3158 2528 quae
3184 2459 3248 2514 ad
3278 2461 3528 2530 pietatem

1929 2535 2206 2607 bonosque
2235 2555 2414 2596 mores
2447 2544 2790 2611 pertinentia,
2829 2563 2937 2602 non
2967 2548 3032 2602 ad
3064 2551 3292 2620 aliquam
3325 2555 3527 2625 signifi-

1928 2629 2192 2684 Catiouetn
2233 2631 2338 2686 ulla
2379 2633 2818 2704 interpretatione
2845 2639 3154 2704 referenda,
3186 2643 3280 2696 sed
3309 2661 3526 2714 prorsus

1929 2729 1988 2774 ut
2007 2722 2314 2790 suntdicta,
2337 2722 2576 2780 facienda
2601 2735 2759 2782 sunt:
2789 2729 3025 2798 profecto
3047 2733 3188 2788 illam
3209 2735 3300 2790 Dei
3331 2737 3524 2807 legem,

1928 2829 2036 2868 non
2066 2815 2236 2870 solum
2269 2817 2344 2871 illi
2377 2827 2500 2872 tunc
2527 2821 2757 2890 populo,
2787 2836 2969 2878 verum
3001 2826 3160 2880 etiam
3199 2843 3342 2884 nunc
3373 2831 3528 2888 nobis

1927 2907 1994 2961 ad
2023 2907 2398 2964 instituendam
2431 2920 2578 2968 recte
2605 2913 2766 2968 vitam
2797 2921 3153 2974 necessariam
3185 2937 3344 2978 nemo
3373 2923 3498 2980 dubi

1927 2999 2138 3054 laverit.
2171 2999 2226 3054 Si
2254 3001 2398 3056 enim
2421 3001 2666 3058 Christus
2693 3007 2845 3061 nobis
2869 3009 3088 3064 abstulit
3113 3011 3242 3068 illud
3265 3017 3526 3085 gravissi-

1925 3103 2072 3142 mum
2101 3092 2386 3146 multarum
2426 3095 2858 3154 Observationum
2893 3101 3078 3171 jugum
3099 3145 3116 3170 ,
3147 3121 3212 3162 ne
3239 3109 3526 3168 carnaliter

1925 3179 2394 3250 circumciduntur,
2427 3201 2493 3239 ne
2521 3201 2772 3256 pecorum
2801 3191 3044 3246 victimas
3073 3195 3427 3266 immolemus,
3456 3217 3525 3260 ne

1926 3271 2149 3326 sabbato
2176 3284 2398 3347 septeno
2424 3279 2630 3334 dierum
2663 3282 2932 3339 volumine
2961 3286 3219 3344 redeunte
3248 3290 3316 3346 ab
3339 3295 3522 3364 operi-

1923 3359 2025 3416 bus
2053 3363 2210 3418 etiam
2244 3369 2561 3424 necessariis
2598 3371 2970 3440 quiescamus,
3013 3387 3066 3432 et
3108 3389 3299 3436 cat-tera
3343 3359 3524 3454 hujus-

1923 3454 2100 3524 modi,
2129 3457 2220 3512 sed
2251 3473 2310 3512 ea
2345 3461 2688 3530 spiritualiter
2717 3465 2982 3522 intellecta
3011 3477 3314 3538 teneamus,
3345 3491 3518 3532 remo-

1923 3545 2095 3616 tisque
2123 3549 2326 3604 umbris
2363 3551 2786 3622 significantibus
2823 3558 2876 3612 in
2917 3575 3092 3616 rerum
3131 3561 3364 3632 imarum
3401 3585 3520 3638 quae

1923 3639 2288 3708 significantur
2325 3643 2444 3699 luce
2475 3643 2754 3715 vigiiemus
2783 3665 2798 3704 :
2831 3651 3085 3722 numquid
3119 3667 3395 3728 propterea
3435 3661 3520 3716 di-

1922 3733 2058 3788 cturi
2087 3749 2291 3800 sumus,
2322 3753 2428 3792 non
2457 3738 2522 3792 ad
2551 3755 2648 3796 nos
2674 3744 2940 3812 pertinere
2965 3749 3105 3817 quod
3131 3751 3388 3822 scriptum
3413 3765 3516 3821 est,

1923 3831 1980 3878 ut
2007 3825 2237 3880 alienum
2269 3829 2642 3902 quodcumque
2671 3835 2936 3902 perditum
2967 3841 3205 3912 quisquis
3235 3844 3513 3916 invenerit,

1921 3917 2110 3974 reddat
2136 3921 2184 3975 ei
2225 3923 2314 3992 qui
2345 3924 2576 3994 perdidit
2603 3925 2786 3998 (Leuit.
2815 3947 2868 3986 vi
2887 3975 2902 3996 ,
2931 3933 2988 4000 5,
3015 3934 3106 4006 4);
3137 3943 3194 3992 et
3219 3938 3322 3994 alia
3353 3943 3518 3998 multa

1920 4011 2134 4076 similia.
2166 4017 2356 4084 quibus
2383 4019 2468 4086 pie
2497 4031 2747 4092 recteque
2777 4025 2955 4082 vivere
2984 4029 3227 4108 discitur,
3257 4035 3518 4091 maxime-

1919 4119 2022 4174 que
2049 4105 2221 4175 ipsnm
2245 4109 2584 4182 Decalogum,
2608 4118 2698 4184 qui
2725 4116 2931 4174 duabus
2944 4120 3060 4203 illis
3078 4105 3300 4194 lapideis
3324 4129 3517 4186 tabulis

1917 4202 2242 4270 continetur,
2271 4215 2492 4275 excepta
2515 4210 2720 4264 sabbati
2747 4202 3122 4272 observatione
3147 4221 3368 4289 carnali,
3395 4238 3516 4294 quae

1919 4293 2246 4361 spiritualem
2295 4299 2770 4358 sanctificationem
2825 4307 3164 4380 quietemque
3213 4293 3514 4384 significat?

1919 4384 2047 4452 Quis
2071 4387 2211 4440 enim
2237 4387 2380 4443 dicat
2407 4405 2512 4446 non
2539 4394 2736 4450 debere
2763 4398 3046 4456 observare
3071 4401 3425 4475 Christianos,
3455 4419 3514 4465 ut

1917 4478 2008 4532 uni
2039 4477 2148 4534 Deo
2177 4481 2448 4552 religionis
2473 4485 2730 4554 obsequio
2759 4491 3052 4562 serviatur,
3086 4504 3140 4549 ut
3171 4495 3369 4553 idolum
3403 4515 3510 4557 non

1915 4569 2154 4637 colatur,
2185 4581 2240 4626 ut
2278 4589 2472 4631 nomen
2507 4578 2712 4634 Domini
2743 4597 2849 4636 non
2879 4585 3170 4656 accipiatur
3207 4589 3260 4644 in
3289 4607 3506 4658 vanum.

1916 4669 1973 4715 ut
1997 4673 2246 4732 parentes
2275 4665 2623 4736 honorentur,
2654 4689 2721 4727 ne
2749 4675 3030 4740 adulteria,
3063 4681 3366 4749 homicidia,
3395 4683 3510 4742 fur-

1915 4763 1988 4820 ta,
2014 4755 2142 4809 falsa
2171 4757 2470 4814 testimonia
2499 4773 2891 4834 perpetrentur,
2919 4784 2987 4825 ne
3013 4786 3170 4838 uxor,
3199 4790 3266 4829 ne
3287 4777 3508 4835 omnino

1913 4859 2000 4900 res
2042 4847 2146 4901 ulla
2185 4851 2591 4920 concupiscatur
2637 4855 2808 4912 aliena
2851 4857 3048 4928 (Exod.
3079 4865 3213 4936 1x)?
3253 4865 3382 4936 Quis
3423 4879 3508 4927 est

1913 4943 2020 4990 tam
2047 4937 2262 5024 impius,
2292 4943 2380 5010 qui
2407 4943 2548 4998 dicat
2575 4945 2696 5002 ideo
2725 4963 2784 5002 se
2813 4949 2911 5004 ista
2943 4952 3073 5024 legis
3102 4969 3208 5009 non
3237 4960 3507 5018 custodire

1911 5013 2198 5101 praecepta:
2227 5035 2347 5103 quia
2377 5045 2459 5091 est
2485 5038 2600 5108 ipse
2626 5039 2969 5111 christianus,
2994 5013 3098 5104 nec
3121 5049 3222 5105 sub
3243 5050 3382 5125 lege,

1909 5123 2009 5177 sub
2037 5126 2202 5194 gratia
2233 5129 2588 5186 constitutus?

1983 5218 2068 5272 ﬂ.
2104 5218 2296 5274 Verum
2343 5223 2458 5277 hmc
2501 5225 2657 5295 plane
2697 5243 2886 5300 magna
2925 5231 3175 5291 distantia
3213 5245 3328 5306 est,
3361 5241 3501 5311 quod

1907 5305 2110 5366 faciunt
2137 5311 2234 5366 ista
2261 5313 2362 5368 sub
2389 5315 2505 5386 lege
2531 5319 2707 5388 positi,
2733 5336 2867 5392 quos
2893 5324 3070 5382 littera
3088 5329 3304 5394 occidit,

1909 5417 2031 5456 nam
2073 5404 2374 5462 felicitatem
2413 5410 2495 5464 vel
2525 5412 2814 5482 cupiditate
2837 5416 3165 5488 adipiscendi
3191 5421 3278 5477 vel
3307 5425 3499 5481 timore

1907 5495 2182 5550 amittendi
2213 5515 2228 5551 :
2258 5507 2311 5553 et
2349 5499 2470 5556 ideo
2515 5517 2620 5557 non
2657 5519 2784 5560 vere
2822 5507 3050 5574 faciunt;
3092 5511 3341 5579 quoniam
3381 5525 3498 5570 car-

1907 5587 2044 5643 nalis
2063 5589 2344 5660 cupiditas,
2367 5609 2468 5664 qua
2488 5606 2764 5667 peccatum
2785 5609 3146 5658 commutatur
3168 5604 3347 5674 potius
3368 5609 3456 5664 vel
3477 5609 3497 5644 ι

1907 5689 2149 5750 augetur,
2179 5685 2467 5754 cupiditate
2490 5688 2592 5743 alia
2622 5706 2725 5746 non
2747 5701 2985 5748 sanatur.
3019 5693 3081 5749 Hi
3106 5695 3174 5752 ad
3199 5709 3351 5756 vetus
3374 5713 3502 5772 per-

1907 5811 2113 5924 “illic
2170 5821 2278 5868 IS.
2329 5823 2617 5876 “maritate
2670 5824 2922 5890 additum,
2967 5835 3284 5886 animantur
3335 5841 3496 5892 σοιιω
