4038 6462
269 477 410 532 nium
435 473 728 548 perhibent
743 472 960 548 iustitia!
983 471 1102 542 Dei.
1126 469 1530 544 pmnuntiando
1556 468 1856 538 Christum.

269 569 352 636 Illi
389 572 558 640 ίωωι
601 577 678 630 ω
723 567 862 626 nobis
895 565 1144 640 rapientia
1169 583 1206 624 αι
1234 564 1336 626 Deo
1363 574 1414 624 ot
1439 565 1632 634 iustitia
1659 575 1708 630 et
1731 583 1854 624 m-

265 660 502 730 ctiﬁcatio
529 669 586 720 et
611 659 892 730 redeuntia
917 675 934 712 :
961 667 1016 720 ut
1043 657 1466 728 quaterinth
1485 659 1730 730 scriptum
1757 667 1852 726 est,

271 753 369 824 Qui
407 755 698 826 gloriatur,
731 754 786 808 in
813 751 1032 810 Dandae
1059 751 1300 824 glorietur
1329 751 1376 822 (ι
1397 749 1514 812 Cor.
1545 767 1594 818 ι,
1620 751 1710 818 30..
1737 751 1852 823 51).

267 844 400 900 Erat
435 854 616 908 autem
656 843 866 900 occulta
901 843 1000 900 ista
1030 841 1116 898 lex
1145 842 1212 898 ab
1243 841 1426 908 initio,
1466 856 1586 904 cum
1615 841 1856 904 homines

264 937 474 1008 iniquos
503 945 692 998 natura
732 935 842 1004 ipsa
879 935 1250 1002 convinceret,
1291 935 1410 992 aliis
1439 933 1690 992 iacientes
1713 933 1860 1006 quod

263 1029 366 1084 sibi
395 1029 510 1084 iieri
541 1029 856 1084 uoluissent.
881 1027 1156 1086 Revelatio
1181 1037 1356 1088 autem
1383 1029 1506 1084 novi
1529 1027 1856 1088 Testaanenti

265 1121 314 1174 iu
351 1119 566 1174 Christo
605 1119 740 1176 facta
773 1129 884 1186 est,
917 1135 1036 1176 cum
1068 1127 1154 1180 est
1185 1117 1554 1180 manifestatus
1581 1119 1632 1174 in
1657 1133 1854 1184 carne;

261 1211 314 1264 in
345 1225 452 1280 quo
495 1210 744 1284 apparuit
777 1209 986 1282 iustitia
1025 1209 1150 1272 Dei,
1181 1209 1234 1270 id
1263 1219 1344 1264 est
1363 1251 1378 1276 ,
1407 1225 1524 1280 quae
1553 1209 1860 1266 hominibus

263 1317 324 1356 ex
357 1301 468 1362 Deo
495 1308 598 1354 est.
631 1301 762 1356 lliuc
787 1301 802 1330 ¹
831 1301 974 1358 enim
1002 1299 1074 1360 ait
1107 1317 1118 1353 :
1153 1297 1306 1354 Nunc
1323 1309 1490 1360 autem
1511 1300 1618 1358 sine
1643 1299 1747 1370 lege
1769 1299 1854 1366 iu-

261 1395 400 1448 stitia
431 1393 525 1448 Dei
555 1393 876 1468 manifestata
901 1401 990 1450 est.
1025 1393 1160 1454 Ecce
1199 1407 1300 1462 qua
1334 1407 1494 1452 causa
1517 1391 1640 1448 illud
1665 1391 1856 1452 dicitur

261 1497 416 1542 vetus
444 1485 884 1558 Testamentum,
911 1486 1034 1556 quia
1059 1485 1270 1556 priore;
1300 1485 1399 1544 hoc
1428 1495 1604 1546 autem
1635 1499 1850 1553 novum,

263 1578 384 1646 quia
417 1578 716 1648 posteriore
758 1587 998 1652 tempore
1027 1577 1318 1638 revelatum
1343 1585 1442 1632 cst.
1471 1575 1702 1640 Deinde,
1731 1577 1862 1646 quia

261 1667 670 1734 Testamentum
709 1677 860 1730 vetus
903 1668 1132 1740 pertinet
1175 1668 1240 1722 ad
1287 1667 1556 1728 htunincm
1595 1677 1852 1736 veterem.

261 1773 290 1814 a
312 1775 417 1830 quo
439 1774 662 1816 necesse
683 1769 764 1816 est
785 1759 1058 1816 hominem
1083 1761 1346 1836 incipere;
1376 1775 1566 1820 novum
1589 1769 1765 1816 autem
1783 1760 1854 1816 ad

263 1851 530 1916 hominem
558 1867 778 1918 novum,
807 1867 910 1922 quo
937 1851 1096 1906 debet
1121 1851 1280 1910 homo
1306 1867 1372 1914 ex
1397 1860 1656 1914 vetustate
1683 1861 1853 1916 trans-

261 1941 356 1998 ire.
379 1941 502 2000 Ideo
527 1943 582 2000 in
605 1943 696 2006 illq
715 1951 838 2004 sunt
859 1945 1116 2016 promissa
1139 1951 1368 2014 terrena,
1395 1945 1446 1998 in
1469 1944 1570 2008 isto
1594 1943 1858 2018 promissa

259 2034 496 2096 celestia
523 2052 540 2090 ;
569 2035 692 2112 quia
719 2043 772 2092 ct
797 2033 898 2090 hoc
921 2034 990 2090 ad
1013 2033 1104 2090 Dei
1135 2034 1550 2094 misericordiam
1579 2035 1852 2114 pertinuit,

259 2141 324 2181 ne
349 2126 632 2198 quisquam
660 2127 742 2194 vel
775 2127 944 2204 ipsam
974 2135 1238 2186 terrenam
1266 2125 1708 2206 qualemcumque
1731 2125 1850 2180 teli-

259 2217 509 2284 citatem,
552 2217 658 2288 nisi
695 2232 724 2272 a
761 2217 986 2278 Domino
1022 2225 1264 2278 creatore
1305 2215 1662 2282 universitatis
1706 2223 1854 2288 putet

257 2307 504 2378 cuiquam
537 2322 697 2382 posse
722 2307 972 2374 conferri.
1004 2306 1112 2364 Sed
1144 2307 1190 2364 si
1227 2318 1442 2384 prepter
1477 2307 1618 2362 illam
1645 2309 1852 2366 colatur

259 2399 396 2454 Deus
415 2441 432 2466 ,
459 2399 674 2454 servilis
705 2409 786 2456 est
815 2400 987 2456 cultus
1007 2440 1024 2468 ,
1053 2399 1325 2470 pertinens
1355 2397 1420 2454 ad
1451 2398 1584 2452 iilios
1607 2399 1846 2456 ancillce:

259 2491 300 2544 si
331 2498 508 2546 autem
541 2501 756 2562 propter
787 2491 960 2560 ipsum
987 2489 1190 2556 Deum,
1221 2498 1278 2544 ut
1317 2491 1368 2550 in
1409 2503 1606 2544 teter-na
1639 2491 1742 2544 vita
1781 2489 1852 2544 sit

261 2583 400 2638 Deus
429 2583 610 2636 omnia
643 2581 696 2640 in
732 2583 1011 2646 omnibus,
1041 2579 1277 2636 liberalis
1317 2589 1398 2634 est
1435 2579 1694 2644 servitus,
1723 2595 1846 2650 per-

261 2677 432 2732 tinens
461 2675 528 2730 ad
563 2677 697 2732 lilios
735 2675 952 2746 liberat,
992 2691 1110 2748 quae
1139 2683 1221 2730 est
1248 2681 1416 2738 mater
1447 2683 1622 2728 nostra
1653 2682 1850 2728 aztcrua

259 2769 310 2824 in
331 2767 482 2826 ctelis
505 2787 520 2834 ;
549 2784 666 2838 qua:
693 2768 838 2838 prius
864 2777 1114 2846 tauquam
1137 2765 1332 2828 sterilis
1354 2765 1660 2834 apparebat,
1683 2779 1848 2838 quan-

257 2860 328 2915 do
359 2861 670 2930 perspicuos
707 2859 844 2914 ﬁlios
873 2875 976 2913 non
1015 2857 1273 2924 habebat;
1309 2873 1448 2912 nunc
1481 2867 1656 2912 autem
1700 2856 1846 2911 vide-

257 2967 376 3006 mus
395 2952 541 3022 quod
561 2951 628 3006 de
649 2952 736 3007 illa
759 2949 1128 3021 prOpIIelatuut
1151 2959 1252 3014 est,
1277 2949 1490 3014 Lartare,
1514 2951 1714 3016 sterilis,
1738 2965 1850 3028 qua!

258 3059 358 3098 non
384 3044 562 3114 paris;
589 3057 789 3112 erumpe
813 3052 858 3096 et
883 3037 1108 3096 exclama
1129 3083 1143 3108 ,
1173 3043 1285 3112 qua:
1313 3058 1412 3094 non
1442 3041 1660 3110 parturis
1689 3057 1706 3094 :
1731 3039 1850 3110 quia

257 3135 404 3190 multi
433 3135 530 3206 ﬁlii
559 3135 800 3200 deserta,
833 3125 993 3204 magis
1020 3149 1170 3203 quam
1201 3133 1311 3202 ejus
1349 3145 1461 3200 qua:
1502 3129 1646 3184 habet
1689 3129 1850 3184 virum

257 3223 408 3296 (Bai.
441 3233 547 3291 Liv,
583 3221 639 3295 l)
671 3239 686 3278 :
719 3221 771 3280 ld
800 3235 914 3290 cst,
957 3225 1122 3292 magis
1161 3237 1316 3292 quam
1365 3215 1498 3275 illius
1527 3221 1846 3289 Jerusalem,

257 3333 376 3390 quae
403 3317 537 3388 legis
565 3313 956 3388 qdodammodo
981 3315 1195 3369 vinculo
1219 3313 1461 3366 maritata
1485 3323 1584 3378 est,
1609 3323 1658 3366 et
1687 3311 1850 3366 servit

255 3419 378 3469 cum
425 3411 550 3468 ﬁliis
593 3409 723 3464 suis.
772 3409 1035 3480 Tempore
1083 3407 1244 3478 igitur
1288 3405 1484 3462 veteris
1525 3401 1848 3460 Testamenti

257 3503 514 3577 Spiritum
545 3499 786 3559 sanctum
817 3499 868 3556 in
898 3501 1010 3568 eis,
1053 3501 1140 3572 qui
1185 3499 1344 3555 etiam
1393 3509 1516 3554 tunc
1559 3500 1848 3554 secundum

257 3598 404 3656 lsaac
441 3595 811 3670 promissionis
842 3595 931 3650 lilii
963 3601 1144 3659 erant,
1180 3611 1283 3648 non
1315 3595 1486 3650 solum
1530 3593 1846 3664 adiutorem,

257 3691 398 3762 quod
441 3685 528 3746 isti
575 3703 672 3744 suo
712 3685 944 3760 dogmati
987 3685 1233 3742 sufﬁcere
1281 3687 1619 3752 existimant;
1665 3703 1849 3741 verum

257 3783 422 3841 etiam
448 3779 754 3854 largitorem
782 3781 1008 3838 dicimus
1037 3777 1196 3836 fuisse
1221 3781 1450 3848 virtutis,
1479 3779 1618 3852 quod
1646 3779 1728 3834 isti
1759 3795 1847 3834 nes

259 3885 420 3948 gant,
451 3873 622 3932 libero
653 3889 768 3930 eam
801 3873 974 3944 potius
1007 3865 1226 3928 arbitrio
1267 3869 1592 3936 tribuentes,
1635 3881 1856 3927 contra-‘

258 3965 562 4027 dicentibus
595 3959 699 4020 illis
739 3963 974 4038 patribus
1009 3961 1098 4036 qui
1136 3961 1372 4019 sciebant
1411 3963 1474 4018 ad
1511 3959 1674 4018 Deum
1701 3977 1849 4018 vera-
1887 3977 1892 3980 ·

259 4061 310 4116 cl
329 4061 350 4094 ¹
379 4062 582 4132 pietate
611 4059 842 4114 clamare
861 4099 878 4126 ,
913 4047 1133 4128 Dlii'galn
1163 4053 1237 4122 te,
1273 4053 1518 4120 Domine,
1549 4055 1702 4109 virtus
1742 4071 1852 4108 mea

265 4149 433 4228 (Psat.
463 4159 606 4216 xvtt,
637 4147 717 4222 ε).

331 4243 564 4302 CAPUT
597 4243 662 4299 ν.
708 4271 778 4288 --
821 4239 908 4298 Il.
955 4227 1224 4296 Cotumnia
1271 4235 1334 4292 de
1381 4231 1754 4306 Prbphetarum
1801 4239 1852 4291 et

261 4337 622 4409 Apostolorum
669 4333 895 4404 justitla.
942 4331 1106 4386 Alunt
1153 4330 1314 4404 etiam
1341 4369 1355 4393 ,
1413 4327 1609 4398 ἀψιοά
1662 4343 1850 4382 omnes

211 4461 228 4468 -
263 4427 509 4500 Apostoii
537 4425 620 4482 vel
651 4423 930 4496 PrOpbetae
961 4440 1064 4478 non
1093 4421 1249 4494 plene
1273 4417 1443 4476 sancti
1470 4413 1792 4474 deliniantur
1820 4435 1849 4474 a

263 4523 422 4578 nobis
440 4561 457 4587 ,
489 4517 586 4574 sed
611 4519 664 4574 in
685 4517 1082 4586 comparandae
1105 4513 1346 4585 peiorum
1372 4513 1547 4567 minus
1571 4511 1739 4566 malos
1759 4525 1851 4566 eos

265 4613 428 4670 fuisse
455 4613 730 4676 dicamus;
765 4611 818 4665 et
847 4611 985 4663 hanc
1007 4611 1124 4662 esse
1147 4605 1402 4675 justitiam
1431 4605 1512 4660 cui
1539 4597 1680 4660 Deus
1705 4603 1853 4658 testi-

265 4705 504 4760 monium
533 4701 778 4772 perbibet
800 4742 815 4768 ,
843 4705 900 4754 ut
923 4695 1189 4768 quomodo
1218 4693 1346 4750 dicit
1374 4687 1626 4765 prOpheta
1654 4738 1667 4762 ,
1693 4695 1850 4764 justi-

267 4799 478 4852 iicatam
518 4793 807 4849 Sodomam
849 4787 1246 4860 comparatione
1275 4785 1581 4842 Judtcorum
1616 4787 1632 4858 (
1665 4781 1850 4840 l'fzech.

268 4903 389 4954 xvi,
419 4887 586 4942 4&5?
607 4885 653 4956 ),
682 4885 759 4939 sic
783 4884 942 4938 etiam
986 4895 1086 4936 nos
1121 4881 1530 4934 crltninosortlm
1574 4893 1852 4947 compara-

267 4981 412 5036 tione
430 4979 670 5033 dieamus
691 4983 904 5030 sanctos
925 4973 1152 5042 aliquam
1175 4971 1198 5003 ³
1222 4969 1521 5026 exercuisse
1543 4969 1811 5022 virtutem.
1830 4987 1846 5018 ι

267 5071 423 5126 Absit
443 5077 504 5124 ut
529 5069 628 5124 ista
649 5067 892 5122 dicamus
920 5084 932 5120 :
961 5063 1056 5120 sed
1084 5073 1173 5118 aut
1195 5077 1299 5116 non
1325 5061 1498 5116 valent
1521 5059 1849 5130 intelligere,

267 5169 359 5216 aut
383 5161 574 5216 nolunt
597 5158 876 5214 advertere
899 5199 912 5220 ,
945 5163 1035 5211 aut
1077 5153 1432 5208 calumniandi
1475 5149 1652 5206 studio
1695 5151 1855 5206 dissi-

270 5253 478 5308 mulant
527 5263 588 5306 se
627 5249 766 5306 scire
812 5247 950 5320 quod
985 5249 1231 5304 dicimus.
1281 5245 1511 5300 Audiant
1558 5259 1717 5316 ergo,
1771 5243 1854 5298 vel

271 5344 372 5413 ipsi
398 5383 412 5409 ,
439 5343 526 5398 vel
553 5343 732 5412 potius
761 5341 796 5395 ii
822 5351 957 5412 quos
985 5340 1176 5394 idiotas
1203 5341 1259 5394 et
1287 5337 1582 5392 ineruditos
1612 5335 1856 5406 decipere

272 5437 581 5492 moliuntur.
611 5431 804 5492 Nostra
833 5432 964 5490 iides
987 5474 1002 5501 ,
1033 5431 1138 5488 hoc
1162 5439 1244 5488 est
1265 5429 1525 5486 catholica
1547 5427 1680 5485 tldes
1709 5471 1722 5494 ,
1757 5429 1852 5499 ju-

339 5695 358 5765 ς
381 5693 522 5765 natu.
545 5694 712 5765 seu
729 5700 860 5754 κει..
875 5693 1006 5744 neu.

339 5759 359 5789 ³
385 5759 590 5806 Vaticani
613 5763 742 5806 MSS"
763 5768 894 5806 vera.

341 5818 362 5852 ι
385 5791 590 5870 ἰιῗωνέςῗῗ
605 5791 1018 5880 ἴοὶἷιῐίῗᾱὶὲιιυω
1031 5821 1236 5868 sanctos.

1629 355 1836 416 LIBER
1871 355 2194 422 TERTIUS;

3427 369 3532 424 598

1963 481 2076 527 stos
2101 471 2168 526 ab
2199 473 2408 543 iniustis
2425 515 2446 540 ,
2470 491 2578 540 non
2603 489 2844 545 operum,
2867 477 2964 534 sed
2989 479 3102 548 ipsa
3131 479 3258 536 ﬁdei
3287 480 3402 550 lege
3429 481 3542 538 dis-

1963 565 2138 620 cernit
2163 583 2174 618 :
2205 567 2326 636 quia
2352 565 2528 636 justus
2551 583 2618 628 ex
2647 569 2760 632 ϐᾶθι
2779 571 2934 630 vivit...
2957 571 3056 628 Per
3075 587 3234 643 quam
3262 572 3546 630 diem-etio-

1963 671 2086 712 nem
2115 656 2218 722 lit,
2236 667 2298 720 ut
2319 656 2480 722 homo
2509 659 2712 726 ducens
2738 663 3044 732 vitam-sine
3071 663 3358 722 homicidio
3379 705 3396 730 ,
3427 667 3556 723 sine.

1964 745 2102 800 furto
2127 787 2144 814 ,
2169 748 2290 806 sine
2313 747 2446 804 i'also
2476 750 2778 810 testimonio
2801 791 2818 818 ,
2843 752 2970 822 sino-
2997 755 3232 824 appetitu
3271 756 3348 812 rei
3386 757 3548 812 ullius

1961 837 2148 904 alienae
2171 877 2188 906 ,
2211 841 2518 910 parentibus
2539 842 2798 906 honorem
2811 843 3046 906 debitum
3072 846 3306 904 reddens
3326 887 3344 916 ,
3365 857 3546 904 castus

1961 945 2134 1002 usque
2157 931 2224 988 ad
2247 933 2630 990 continentiam
2672 935 2750 998 ab.
2773 937 2926 998 omni
2957 938 3176 994 omnino
3216 939 3500 996 concubitu
3525 979 3542 1004 ,

1961 1023 2120 1078 etiam
2149 1025 2448 1096 coniugali,
2489 1025 2950 1100 eicemospnarum
2991 1031 3356 1102 largissimus,
3401 1033 3544 1103 inju-

1961 1115 2170 1178 riarum.
2207 1117 2660 1186 patientissimus,
2699 1120 2788 1190 qui
2833 1135 2938 1174 non
2983 1121 3154 1178 Solum
3195 1137 3300 1182 non
3341 1122 3546 1190 auferat

1959 1205 2132 1260 aliena
2157 1247 2172 1270 ,
2199 1206 2292 1262 sed
2323 1223 2422 1270 nec
2449 1223 2546 1264 sua
2583 1219 2827 1282 reposcat
2863 1211 3036 1266 ablata
3059 1251 3076 1278 ,
3109 1211 3194 1266 vel
3221 1211 3382 1268 etiam
3411 1229 3544 1276 ven-

1959 1295 2085 1350 ditis
2125 1297 2370 1352 omnibus
2416 1299 2526 1354 suis
2573 1301 2908 1370 erogatisque
2951 1299 3008 1356 in
3055 1315 3356 1370 pauperes,
3411 1302 3544 1364 nihil

1959 1401 2114 1442 suum
2143 1389 2521 1460 propriumque
2557 1391 2822 1460 possideat
2849 1392 2898 1456 ¹;
2929 1408 3050 1448 cum
3079 1393 3194 1448 suis
3225 1403 3402 1454 tamen
3431 1395 3546 1450 istis

1957 1479 2106 1534 velut
2149 1479 2498 1538 laudabilibus
2543 1483 2813 1544 moribus,
2858 1483 3042 1538 sinon
3083 1483 3136 1538 in
3179 1483 3342 1542 Deum
3385 1483 3542 1540 iidem

1957 1579 2160 1632 rectam
2185 1579 2238 1624 et
2265 1569 2580 1626 catholicam
2611 1580 2828 1646 teneat,
2855 1571 2922 1628 de
2949 1571 3050 1628 hac
3079 1573 3186 1628 vita
3211 1573 3544 1630 damnandus

1957 1659 2224 1718 abscedat.
2259 1661 2408 1716 Alius
2448 1672 2626 1718 autem
2655 1703 2672 1730 ,
2715 1663 2916 1718 habens
2951 1664 3162 1734 quidem
3203 1681 3360 1736 opera
3403 1665 3542 1722 bona

1957 1768 2020 1808 ex
2067 1753 2174 1810 ﬁde
2215 1763 2360 1814 recta
2411 1771 2530 1826 qua:
2581 1771 2675 1826 per
2720 1756 3060 1820 dilectionem
3106 1767 3390 1828 operatur,
3437 1776 3544 1816 non

1959 1853 2136 1900 tamen
2193 1845 2260 1902 ita
2313 1855 2374 1902 ut
2422 1845 2508 1902 ille
2563 1847 2700 1904 bene
2753 1850 3054 1916 moratus’,
3109 1849 3544 1916 incontinentiam

1955 1953 2104 2000 snam
2131 1947 2394 1998 sustentat
2423 1939 2698 1996 honestate
2729 1941 3028 2010 nuptiarum
3051 1983 3064 2008 ,
3097 1943 3326 2014 coniugii
3355 1959 3540 1998 carna-

1955 2029 2016 2084 lis
2047 2029 2094 2084 d-
2117 2029 2282 2096 bitum
2313 2031 2330 2064 ⁸
2361 2041 2414 2086 et
2441 2031 2613 2098 reddit
2635 2043 2692 2090 et
2717 2035 2912 2104 repetit
2933 2075 2948 2098 ,
2985 2049 3086 2090 nec
3127 2035 3238 2092 sola
3281 2051 3544 2106 prepaga-

1956 2125 2116 2186 tionis
2143 2139 2306 2190 causa
2325 2167 2338 2188 ,
2369 2139 2552 2190 verum
2598 2125 2756 2188 etiam
2803 2125 3086 2198 voluptatis
3107 2167 3124 2192 ,
3155 2127 3398 2198 quamvis
3419 2142 3546 2190 cum

1953 2217 2068 2272 sola
2095 2231 2302 2288 uxore,
2347 2215 2688 2284 concumbit,
2732 2215 2878 2298 quod
2913 2215 3211 2288 coniugatis
3251 2217 3544 2286 secundum

1953 2307 2160 2370 veniam
2189 2307 2432 2362 concedit
2459 2307 2748 2378 Apostolus
2786 2307 2804 2380 (
2833 2306 2852 2360 l
2881 2306 2996 2362 Cor.
3039 2323 3112 2376 vn
3137 2349 3158 2380 ι
3181 2307 3212 2364 6
3243 2309 3282 2376 );
3325 2309 3546 2378 injurias

1955 2413 2058 2452 non
2088 2407 2192 2452 tam
2225 2399 2484 2468 patienter
2511 2400 2702 2472 accipit
2725 2397 2768 2466 δ,
2814 2400 2908 2470 sed
2941 2399 3230 2472 ulciscendi
3256 2401 3546 2470 cupiditate

1953 2489 2120 2556 fertur
2151 2490 2352 2556 iratus;
2384 2491 2660 2560 quamvis,
2689 2499 2746 2546 ut
2773 2491 2944 2560 possit
2966 2491 3144 2562 dicere
3165 2532 3180 2558 ,
3209 2491 3351 2560 Sicut
3377 2501 3422 2545 et
3453 2509 3544 2548 nos

1953 2582 2249 2634 dimittimus
2279 2581 2584 2644 debitoribus
2629 2583 2812 2646 nostris
2854 2583 2870 2654 (
2897 2581 3148 2650 Matt/Mn
3175 2625 3192 2650 ,
3221 2583 3290 2652 12
3317 2583 3356 2653 ),
3385 2598 3542 2654 roga-

1955 2683 2040 2726 tus
2067 2673 2342 2744 ignoscat:
2377 2671 2614 2744 possidet
2641 2687 2756 2728 rem
2784 2672 3098 2744 familiarem
3121 2713 3138 2740 ,
3179 2673 3379 2746 faciens
3419 2673 3544 2728 inde

1951 2763 2164 2834 quidem
2193 2763 2560 2836 clceinosyuas
2589 2803 2604 2830 ,
2637 2779 2742 2832 non
2783 2772 2960 2836 t:un.en
2999 2779 3160 2836 quam
3188 2765 3276 2820 ille
3308 2775 3411 2818 tam
3439 2765 3544 2820 lan-

1927 2857 2046 2928 gas
2071 2857 2091 2888 ⁵
2125 2875 2136 2910 :
2169 2871 2274 2924 non
2303 2857 2474 2924 aufert
2501 2857 2714 2928 aliena;
2759 2857 2852 2926 sed
2899 2857 3144 2928 quamvis
3183 2857 3544 2930 ecclesiastico

1946 2951 2182 3022 judicio,
2217 2967 2322 3020 non
2349 2950 2584 3018 forensi,
2615 2961 2790 3006 tamen
2815 2949 3008 3020 repetit
3035 2965 3130 3020 sua
3159 2967 3174 3004 :
3213 2965 3404 3022 nempe
3441 2949 3544 3004 iste

1952 3044 2042 3114 qui
2085 3044 2322 3110 moribus
2373 3042 2464 3108 illo
2511 3041 2723 3110 videtur
2773 3041 3026 3112 inferior,
3083 3051 3298 3114 propter
3339 3049 3542 3096 rectam

1953 3134 2110 3190 iidem
2142 3149 2260 3204 qua:
2291 3134 2364 3198 illi
2396 3141 2480 3190 est
2509 3134 2560 3198 in
2593 3135 2756 3204 Deum
2779 3173 2798 3200 ,
2830 3149 2896 3188 ex
2927 3147 3032 3204 qua
3073 3133 3234 3204 vivit,
3266 3141 3320 3188 et
3349 3147 3542 3188 secun-

1952 3227 2079 3294 dnrn
2108 3244 2266 3298 quam
2299 3228 2348 3284 in
2391 3227 2638 3282 omnibus
2680 3226 2890 3282 delictis
2940 3227 3050 3292 suis
3095 3241 3156 3292 se
3200 3233 3454 3300 accusat,
3487 3225 3543 3282 in

1953 3319 2199 3374 omnibus
2231 3319 2382 3374 bonis
2407 3319 2656 3388 operibus
2687 3319 2851 3374 Deum
2897 3317 3114 3382 laudat,
3153 3318 3254 3374 sibi
3305 3318 3544 3374 tribuens

1955 3409 2294 3480 ignominiam
2321 3451 2334 3474 ,
2384 3409 2457 3478 illi
2495 3409 2754 3482 gloriam,
2794 3417 2950 3478 atque
2997 3407 3064 3462 ab
3103 3405 3218 3478 ipso
3244 3421 3460 3462 sumens
3489 3413 3544 3460 et

1953 3501 2334 3572 indulgentiam
2363 3511 2698 3570 peccatorum
2753 3506 2806 3554 et
2839 3497 3176 3552 dilectionem
3223 3505 3366 3552 recte
3389 3495 3410 3527 ⁸
3451 3494 3533 3550 fa-

1953 3603 2184 3660 ciorum,
2204 3593 2276 3648 de
2307 3591 2404 3646 hac
2435 3591 2538 3644 vita
2569 3588 2875 3660 liberandus
2905 3597 2958 3644 et
2986 3589 3036 3642 in
3066 3587 3390 3658 consortium
3419 3600 3544 3641 cum

1954 3685 2164 3741 Christo
2217 3693 2618 3756 regnatnrorum
2657 3680 2991 3752 recipiendus
3039 3681 3284 3752 emigrat.
3323 3679 3500 3748 Quare
3523 3719 3540 3742 ,

1955 3778 2056 3832 nisi
2087 3785 2302 3848 propter
2333 3773 2678 3842 iidem?ch
2705 3773 2830 3828 licet
2859 3773 2974 3828 sine
2999 3771 3249 3842 operibus
3275 3770 3546 3826 neminem

1955 3869 2125 3936 salvat
2164 3868 2318 3946 (ipsa
2345 3866 2484 3922 enim
2519 3875 2602 3920 est
2645 3880 2746 3930 non
2792 3864 3018 3936 reproba
3065 3863 3230 3936 iides,
3275 3878 3396 3932 quae
3447 3877 3544 3944 per

1955 3961 2296 4016 dilectionem
2327 3955 2639 4030 Operatur);
2685 3970 2862 4024 tamen
2901 3973 2994 4028 per
3029 3956 3195 4028 ipsam
3233 3955 3394 4030 etiam
3421 3967 3544 4024 pec-

1955 4062 2068 4108 cata
2101 4053 2412 4118 solvuntur,
2439 4051 2560 4120 quia
2587 4049 2760 4120 justus
2785 4065 2850 4104 ex
2895 4049 3000 4118 iide
3043 4049 3214 4104 vivit:
3269 4047 3385 4124 sine
3431 4045 3542 4130 ipsa

1953 4163 2083 4204 vero
2112 4149 2271 4218 etiam
2301 4161 2419 4218 quae
2443 4145 2691 4216 videntur
2719 4145 2853 4216 bona
2879 4159 3042 4212 opera
3067 4185 3083 4210 ,
3112 4143 3162 4198 in
3187 4149 3402 4216 peccata
3429 4156 3548 4196 ver-

1955 4247 2170 4302 tnntur;
2202 4251 2360 4306 omne
2391 4235 2532 4288 enim
2560 4233 2700 4304 quod
2730 4248 2833 4288 non
2875 4241 2956 4288 est
2997 4248 3062 4288 ex
3100 4232 3201 4288 [ide
3221 4273 3236 4296 ,
3270 4241 3542 4302 peccatum

1955 4343 2034 4390 est
2068 4332 2086 4406 (
2115 4332 2264 4386 Rom.
2289 4345 2382 4400 xiv
2407 4371 2422 4398 ,
2460 4327 2530 4382 25
2627 4327 2693 4381 Et
2736 4325 2792 4380 iit
2821 4333 3046 4406 propter
3085 4323 3222 4398 hanc
3256 4323 3544 4378 maximam

1955 4403 2306 4483 diil‘e‘rentiam
2333 4465 2346 4484 .
2379 4431 2434 4478 ut
2460 4403 2616 4494 cum,
2648 4403 2926 4488 dubitante
2961 4415 3144 4494 nullo,
3195 4428 3546 4494 perseverans

1959 4517 2227 4590 virginalis
2282 4514 2557 4586 integritas
2609 4509 2874 4582 conjugali
2917 4507 3164 4566 castitate
3211 4507 3282 4562 sit
3327 4505 3540 4574 potior;

1959 4621 2136 4680 tamen
2167 4609 2354 4664 mulier
2384 4608 2541 4664 etiam
2573 4605 2652 4676 bis
2683 4615 2842 4676 nupta
2873 4602 3130 4678 catholica
3159 4597 3413 4676 professa:
3439 4596 3546 4652 vir-

1959 4705 2064 4775 gini
2095 4702 2355 4756 haeretica:
2382 4697 2695 4769 pratieratur
2721 4715 2734 4752 :
2769 4711 2866 4750 uec
2895 4697 2962 4748 ita
2990 4693 3330 4764 praeferatur,
3363 4701 3420 4748 ut
3444 4691 3542 4750 ista

1959 4797 2149 4852 melior
2175 4796 2244 4850 sit
2270 4795 2322 4848 in
2351 4793 2444 4847 Dei
2475 4805 2638 4862 regno
2663 4831 2678 4855 ,
2707 4788 2798 4844 sed
2847 4797 2902 4842 ut
2951 4788 3036 4842 illa
3083 4787 3154 4842 ibi
3199 4801 3302 4842 non
3334 4783 3402 4840 sit
3427 4799 3534 4840 om-

1961 4891 2104 4944 nino.
2133 4887 2262 4942 Nam
2292 4893 2344 4940 et
2371 4885 2458 4938 ille
2484 4897 2640 4954 quem
2669 4881 2813 4936 velut
2838 4880 3146 4936 melioribus
3165 4877 3547 4950 descripsimus

1961 4977 2236 5042 moribus,
2265 4975 2310 5030 si
2335 4973 2473 5030 adsit
2501 4973 2548 5027 ei
2576 4971 2706 5028 ﬁdes
2733 4981 2880 5028 recta
2907 5012 2922 5038 ,
2967 4979 3181 5040 supcrat
3228 4969 3376 5026 illum
3414 4968 3547 5024 alter

1953 5085 2074 5124 mm
2101 5111 2115 5136 ,
2147 5067 2238 5122 sed
2267 5065 2468 5120 ambo"
2499 5065 2605 5130 illic
2624 5071 2779 5120 erunt
2809 5081 2820 5116 :
2854 5063 2898 5120 si
2923 5071 3104 5118 autem
3133 5061 3262 5118 lides
3288 5061 3338 5116 ei
3366 5059 3531 5126 desit,

2023 5295 2650 5370 {sicussqndttupihit
2690 5307 2832 5368 sum
2868 5295 3126 5370 proprium
3165 5291 3420 5359 possideat.

2025 5367 2046 5430 ξ
2071 5365 2277 5430 vaticani
2297 5369 2425 5424 Mss,
2453 5367 2506 5430 ut
2520 5359 2602 5430 ille
2619 5359 2954 5430 morigeratus.

2027 5427 2048 5460 ³
2071 5417 2219 5476 vatic.
2247 5433 2381 5486 Mss,
2399 5417 2591 5486 conjugi
2613 5417 2808 5471 cat-mile
2832 5417 3062 5486 debitum.
3111 5477 3120 5486 ,

2026 5487 2048 5519 δ
2065 5475 2204 5546 Editi,
2233 5475 2438 5550 injurias
2463 5475 2620 5534 tanien
2641 5495 2736 5532 non
2757 5480 2992 5546 patienter
3013 5477 3206 5541 accipit.
3224 5475 3548 5526 Emendantur

3099 5601 3439 5664 mm
3455 5596 3546 5649 αα

1965 5683 2060 5722 non
2081 5679 2180 5720 tam
2200 5668 2364 5732 largas
2385 5665 2530 5732 quani
2547 5665 2632 5718 itte
2658 5665 2978 5729 :nonaufert.

2031 5733 2282 5802 illam?“
2306 5727 2774 5802 μεθειειίνερεέωξαη
2791 5733 2954 5802 τ
2977 5788 2978 5793 η

2031 5793 2052 5825 ν
2070 5765 2282 5843 ἐίῖωῗέἰ
2295 5765 2776 5850 manus:
2975 5787 3125 5838 bene.
