4038 6504
393 387 548 445 599’

391 505 472 560 sic
500 503 568 558 ab
597 502 689 558 illo
717 510 998 573 superatur
1019 543 1034 568 ,
1064 510 1123 556 ut
1148 503 1261 570 ipse
1287 501 1358 555 ibi
1387 514 1494 554 non
1518 499 1608 555 sit.

464 596 552 651 15.
593 593 724 650 Cum
754 595 929 664 itaque
951 593 1080 662 justi
1107 606 1293 647 omnes
1318 600 1372 647 et
1397 591 1728 662 antiquiores
1754 597 1808 645 et
1832 589 1978 658 Apo-

391 688 514 742 stoli
541 702 609 742 ex
636 687 738 740 fide
767 685 994 740 vixerint
1019 692 1161 740 recta
1185 725 1201 753 ,
1229 700 1348 756 qua:
1388 691 1471 740 est
1505 683 1557 738 in
1597 681 1815 738 Christo
1852 681 1980 737 Jesu

394 779 620 832 Domino
649 784 832 831 nostro
856 793 871 841 ;
913 791 1196 848 moresque
1225 786 1330 830 tam
1362 783 1576 831 sanctos
1603 790 1722 829 cum
1751 773 1853 828 fide
1881 773 1978 826 ha-

391 869 648 938 buerint,
681 878 739 924 ut
779 868 901 924 licet
944 885 1050 924 non
1103 879 1208 923 tam
1259 869 1507 938 perfectae
1556 867 1766 921 virtutis
1795 867 1845 919 in
1878 864 1982 920 hac

387 962 496 1016 vita
519 976 641 1018 esse
661 962 966 1034 potuerint,
997 977 1152 1032 quam
1173 977 1293 1033 qua:
1316 971 1435 1031 post
1463 961 1600 1014 hanc
1621 960 1781 1013 vitam
1805 959 1979 1012 futura

388 1065 506 1122 est,
547 1064 725 1112 tamen
765 1055 1020 1127 quidquid
1059 1055 1260 1126 peccati
1291 1069 1359 1110 ex
1402 1055 1627 1108 humana
1670 1052 1982 1107 inﬁrmitate

320 1152 322 1154 ’
387 1147 766 1219 subreperet‘,
809 1149 1006 1218 pietate
1032 1148 1198 1219 ipsius
1227 1146 1349 1202 lldei
1376 1147 1628 1202 continuo
1658 1144 1928 1198 tileleretur
1959 1159 1976 1197 :

388 1240 532 1298 unde
581 1242 694 1296 ﬁeri
753 1251 926 1312 potest
974 1249 1032 1296 ut
1083 1243 1135 1296 in
1183 1241 1580 1310 comparatione
1634 1237 1977 1307 iniquorum,

390 1349 528 1406 quos
551 1333 898 1390 damnaturus
921 1341 1003 1388 est
1030 1335 1168 1388 Deus
1191 1373 1206 1397 ,
1234 1333 1408 1403 justas
1452 1347 1544 1386 eos
1592 1330 1753 1385 fuisse
1792 1328 1976 1383 dicen-

394 1425 518 1481 dum
549 1425 659 1492 sit;
688 1441 805 1481 cum
833 1441 928 1496 per
955 1425 1093 1494 piam
1126 1423 1281 1478 ﬁdem
1325 1432 1430 1477 tam
1475 1423 1526 1476 in
1557 1419 1884 1476 contrarium
1913 1417 1980 1472 ab

389 1517 495 1573 illis
521 1518 697 1588 impiis
739 1517 846 1574 sint
884 1517 1114 1584 remoti,
1171 1524 1227 1589 ut
1271 1515 1463 1569 clamet
1507 1513 1822 1584 Apostolus,
1855 1510 1982 1592 Qua:

391 1626 512 1682 pars
540 1609 681 1678 ﬁdeli
707 1625 822 1662 cum
849 1607 1046 1677 inﬁdeli
1095 1606 1171 1680 (ll
1194 1605 1311 1662 Cor.
1341 1623 1390 1661 vn
1413 1649 1425 1670 ,
1460 1607 1528 1662 15
1553 1605 1572 1678 )
1605 1605 1757 1661 ‘iSed
1788 1603 1981 1659 videli-

390 1708 478 1755 cet
514 1699 785 1769 Pelagiani
830 1700 951 1753 novi
993 1697 1269 1764 haeretici,
1305 1697 1580 1767 religiosi’
1618 1705 1886 1750 amatores
1929 1704 1984 1750 et

393 1791 698 1846 laudatores
725 1791 972 1846 videntur
996 1791 1095 1845 sibi
1125 1805 1246 1846 esse
1275 1798 1579 1844 sanctorum
1603 1829 1618 1851 ,
1653 1787 1696 1841 si
1734 1801 1838 1843 non
1883 1801 1985 1840 au-

389 1881 552 1936 deant
595 1881 774 1937 dicere
819 1882 1145 1952 imperiectae
1190 1882 1309 1936 illos
1360 1881 1522 1935 fuisse
1568 1878 1814 1946 virtutis,
1861 1893 1982 1933 cum

391 1977 492 2032 hoc
522 1975 839 2032 conﬁteatur
869 1977 972 2031 Vas
1012 1974 1288 2032 electionis
1313 2017 1327 2038 ,
1373 1975 1461 2044 qui
1504 1972 1852 2028 considerans
1893 1970 1981 2026 ubi

390 2066 565 2122 adhuc
585 2076 754 2134 esset,
778 2078 833 2122 et
851 2068 972 2139 quia
999 2082 1194 2137 corpus
1220 2066 1360 2138 quod
1382 2065 1740 2134 corrumpitur
1759 2105 1772 2128 ,
1795 2077 1985 2134 aggra-

389 2168 480 2214 vat
503 2160 733 2218 animam
765 2160 785 2232 (
807 2160 936 2232 Sap.
968 2177 1020 2215 ιχ
1044 2203 1059 2225 ,
1093 2161 1160 2216 15
1184 2162 1224 2230 ),
1252 2157 1371 2214 Νοη
1399 2159 1518 2229 quia
1537 2159 1652 2230 jam
1672 2158 1980 2230 acceperim,

389 2252 502 2318 ait,
531 2262 619 2306 aut
639 2253 754 2325 jam
779 2257 1028 2325 perfectus
1053 2253 1148 2306 sim
1170 2269 1190 2306 :
1222 2254 1402 2323 fratres
1423 2292 1439 2316 ,
1467 2267 1558 2323 ego
1579 2266 1659 2304 me
1684 2252 1852 2322 ipsum
1881 2264 1984 2304 non

389 2344 607 2398 arbitror
631 2345 1044 2415 apprehendisse.
1081 2346 1146 2400 Et
1172 2346 1328 2415 paulo
1367 2351 1488 2414 post
1528 2352 1704 2398 tamen
1730 2383 1744 2407 ,
1791 2341 1883 2412 qui
1925 2355 1984 2396 se

393 2445 682 2507 negaverat
718 2451 839 2492 esse
883 2438 1174 2509 perfectum
1201 2479 1215 2502 ,
1266 2437 1520 2507 Quotquot
1563 2452 1679 2507 ergo
1728 2434 1978 2507 perfecti,

391 2528 600 2597 inquit,
632 2531 728 2584 hoc
754 2531 1013 2602 sapiamus
1043 2529 1316 2602 (Philipp.
1350 2545 1403 2584 ιιι
1425 2572 1439 2593 ,
1473 2528 1539 2584 12
1562 2572 1577 2595 ,
1611 2529 1678 2584 15
1703 2570 1720 2596 ,
1753 2525 1860 2600 15)
1888 2546 1899 2581 :
1928 2536 1987 2582 ut

389 2623 700 2678 ostenderet
722 2624 1013 2678 secundum
1046 2623 1198 2677 istius
1238 2624 1361 2676 vita:
1405 2622 1619 2675 modum
1648 2634 1768 2676 esse
1793 2635 1985 2689 quam-

389 2714 512 2770 dam
546 2716 926 2785 perfectlonem
946 2758 961 2784 ,
993 2717 1149 2785 eique
1181 2714 1489 2785 periectioni
1517 2713 1621 2770 hoc
1645 2728 1857 2784 quoque
1883 2712 1984 2768 de-

389 2808 563 2877 putari
588 2851 601 2870 .
631 2809 675 2863 si
705 2822 766 2864 se
791 2810 1014 2878 quisque
1035 2807 1244 2864 noverit
1263 2807 1498 2862 nondum
1522 2820 1642 2861 esse
1662 2804 1980 2875 perfectum.

390 2901 527 2971 Quid
557 2903 697 2957 enim
731 2900 1018 2972 perfectius
1037 2942 1050 2965 ,
1083 2899 1278 2970 quidve
1304 2899 1324 2931 ³
1352 2897 1702 2954 excellentius
1730 2897 1783 2951 in
1813 2897 1981 2951 veteri

390 2993 588 3064 populo
612 2992 981 3048 sacerdotibus
1007 2991 1245 3046 sanctis?
1274 2991 1338 3044 Et
1382 2999 1558 3044 tamen
1603 2989 1681 3043 eis
1729 2986 1985 3058 praecepit

391 3088 536 3142 Deus
561 3087 881 3142 sacrificium
935 3085 1182 3156 primitus
1213 3099 1308 3155 pro
1354 3085 1467 3139 suis
1506 3081 1699 3138 oﬁ‘erre
1750 3083 1986 3153 peccatis

393 3178 601 3252 (Leuit.
631 3193 682 3232 Ix
705 3220 718 3245 ,
753 3179 806 3244 7,
835 3185 1032 3245 etxv1,
1056 3176 1151 3248 6).
1206 3175 1274 3231 Et
1317 3174 1444 3246 quid
1480 3175 1715 3230 sanctius
1754 3175 1806 3229 in
1845 3188 1986 3228 novo
2061 3205 2070 3213 -

390 3272 589 3344 populo
619 3271 934 3342 Apostolis?
964 3271 1028 3325 Et
1059 3280 1234 3324 tamen
1261 3270 1515 3341 praecepit
1540 3269 1618 3324 eis
1645 3269 1900 3323 Dominus
1930 3269 1985 3321 in

389 3365 634 3419 oratione
661 3364 840 3420 dicere
862 3406 877 3431 ,
908 3364 1117 3418 Dimitte
1144 3364 1286 3418 nobis
1313 3363 1480 3418 debita
1511 3371 1700 3417 nostra.
1733 3361 1982 3418 Omnium

391 3453 552 3525 igitur
579 3458 786 3526 piorum
815 3454 913 3510 sub
940 3454 1041 3510 hoc
1065 3470 1230 3510 onere
1258 3454 1617 3524 corruptibilis
1645 3454 1823 3507 carnis
1851 3461 1898 3506 et
1929 3453 1982 3506 in

392 3548 545 3602 istius
574 3548 695 3602 vitae
727 3548 1033 3602 inﬁrmitate
1061 3547 1386 3618 gementium
1417 3560 1540 3616 spes
1568 3561 1675 3601 una
1702 3554 1812 3608 est,
1842 3545 1983 3615 quod

391 3640 706 3695 advocatum
763 3639 1021 3695 habemus
1071 3638 1138 3693 ad
1181 3639 1392 3694 Patrem
1419 3636 1441 3668 ⁸
1487 3637 1668 3692 Jesum
1709 3636 1983 3692 Christum

389 3733 592 3803 justum
618 3774 634 3799 ,
666 3742 720 3788 et
756 3733 870 3802 ipse
903 3740 987 3787 est
1014 3733 1256 3786 exoratio
1301 3740 1641 3802 peccatorum
1681 3741 1984 3786 nostrorum

396 3821 971 3897 (11m.u,t,2).

465 3914 692 3970 CAPUT
723 3914 810 3969 VI.
831 3945 906 3955 —
928 3914 1016 3968 16.
1041 3913 1310 3968 Calumnia
1338 3913 1402 3968 de
1430 3922 1633 3984 peccato
1665 3913 1719 3968 in
1760 3913 1982 3970 Christo.

393 4006 604 4064 Justum
633 4007 655 4039 ⁸
683 4006 998 4062 advocatum
1021 4022 1126 4060 non
1154 4005 1349 4060 habent
1373 4005 1478 4070 illi,
1506 4006 1594 4077 qui
1623 4015 1746 4060 sunt
1772 4021 1799 4059 a
1826 4005 1987 4077 justis

397 4096 647 4171 (etiamst
678 4097 791 4151 sola
836 4099 935 4151 ista
983 4107 1128 4151 esset
1169 4097 1512 4169 dill'erentia)
1562 4099 1613 4153 in
1659 4099 1986 4154 contrarium

395 4191 661 4262 longeque
685 4189 924 4246 discreti.
956 4190 1124 4258 Quem
1151 4191 1353 4262 justum
1394 4192 1708 4248 advocatum
1757 4192 1896 4247 absit
1929 4201 1989 4247 ut

395 4281 636 4336 dicamus
659 4323 676 4349 ,
704 4283 844 4338 sicut
872 4281 970 4354 ipsi
1014 4283 1440 4350 calumniantur,
1488 4301 1509 4336 ί
1535 4283 1714 4338 carnis
1755 4283 1989 4338 necessi-

397 4380 505 4426 tate
532 4373 810 4428 mentitum
845 4391 860 4430 :
897 4393 916 4426 ι
962 4375 1056 4429 sed
1115 4374 1344 4429 dicimus
1378 4390 1498 4428 eum
1547 4375 1600 4430 in
1640 4376 1988 4433 similitudine

396 4466 574 4519 carnis
603 4466 805 4536 peccati
834 4465 901 4520 de
928 4476 1147 4536 peccato
1167 4465 1454 4522 damnasse
1477 4477 1748 4537 peccatum
1789 4468 1807 4540 (
1833 4469 1983 4529 Rom.

398 4573 487 4612 vnt
515 4600 529 4623 ,
556 4558 590 4613 3
611 4558 654 4630 ).
681 4559 834 4625 Quod
859 4558 1083 4614 fortasse
1122 4558 1210 4613 isti
1245 4573 1350 4613 non
1396 4559 1754 4631 intelligentes
1779 4571 1832 4616 et
1849 4563 1988 4616 calu-

401 4651 636 4705 tnniandi
658 4653 947 4720 cupiditate
958 4651 1161 4714 caecati,
1176 4668 1334 4723 quam
1356 4652 1581 4709 diversis
1595 4654 1767 4708 modis
1786 4655 1988 4725 peccati

402 4758 596 4799 nomen
623 4747 674 4798 in
705 4744 994 4815 Scripturis
1022 4745 1221 4800 sanctis
1267 4747 1392 4816 poni
1432 4746 1602 4801 soleat
1640 4749 1946 4818 ignorantes
1968 4789 1986 4816 ,

400 4847 678 4908 peccatum
702 4834 899 4890 Christi
923 4835 1192 4893 affirmare
1239 4852 1334 4892 nos
1368 4838 1588 4906 jactant.
1619 4839 1854 4893 Dicimus
1884 4838 1988 4893 ita-

402 4946 505 4999 que
533 4929 804 4983 Christum
829 4969 844 4994 ,
872 4938 926 4984 et
954 4929 1157 4984 nullum
1189 4930 1439 4985 habuisse
1471 4941 1744 5001 peccatum
1770 4974 1786 4999 ,
1816 4946 1914 4986 nec
1938 4933 1989 4986 in

403 5021 579 5076 anima
605 5064 620 5088 ,
643 5036 744 5076 nec
769 5023 820 5075 in
842 5036 1002 5077 carne
1027 5039 1041 5086 ;
1074 5032 1127 5077 et
1156 5023 1494 5092 suscipiendo
1515 5038 1731 5080 carnem
1761 5019 1814 5078 in
1843 5024 1992 5079 simi-

404 5112 628 5167 litudine
654 5115 832 5167 carnis
861 5115 1064 5184 peccati
1109 5114 1177 5170 de
1222 5126 1439 5184 peccato
1476 5115 1756 5172 damnasse
1805 5131 1993 5186 pecca-

406 5215 538 5261 tum.
569 5207 722 5276 Quod
754 5207 1080 5264 subobscure
1125 5209 1194 5264 ab
1236 5209 1490 5281 Apostolo
1538 5210 1738 5266 dictum
1783 5211 1992 5266 duobus

408 5298 582 5354 modis
607 5298 869 5355 solvitur:
917 5300 1028 5355 sive
1053 5300 1174 5371 quia
1199 5316 1379 5356 rerum
1409 5301 1787 5358 similitudines
1816 5303 1993 5358 solent

408 5405 592 5446 earum
621 5407 797 5447 rerum
827 5391 1132 5448 nominibus
1161 5393 1455 5465 nuncupari
1481 5437 1496 5463 ,
1527 5411 1751 5464 quarum
1792 5395 1994 5452 similes

470 5610 711 5684 Ξ
735 5607 1208 5684 Edim

469 5673 492 5705 ²
513 5671 652 5732 aditi,
677 5671 934 5784 mw.
959 5671 1262 5744 castigantur
1289 5685 1349 5722 ex
1375 5678 1484 5743 uss.

474 5733 581 5798 fit;
605 5741 710 5783 Mss.
789 5797 794 5798 ί
829 5735 1021 5798 idimus,
1040 5734 1320 5798 perfectius,
1344 5737 1538 5797 quidue.

469 5793 496 5870 f.‘
516 5795 716 5870 $9.3m:
739 5797 873 5870 ἓάίιίν
1297 5793 1509 5870 ἑξάετεηὲ·
1560 5859 1590 5870 -.

463 5856 490 5886 υ
516 5856 654 5917 aditi,
696 5856 842 5908 istum
869 5871 885 5910 :
908 5858 1144 5910 mendose
1176 5856 1244 5908 'et
1285 5857 1688 5911 dissentientibus
1723 5865 1831 5911 las.

1013 384 1284 442 CONTRA
1329 383 1508 442 DUAS
1545 381 1923 440 EPISTOLAS
1962 380 2524 451 PELAGIANORUM,
2565 383 2624 439 S.
2666 384 3030 443 AUGUSTINI

3581 390 3695 447 600

2093 507 2255 566 sunt,
2287 507 2345 553 ut
2372 499 2540 569 ipsam
2571 499 2968 555 similitudinem
2994 501 3171 556 carnis
3206 503 3412 572 peccati
3451 503 3692 561 voluisse

2093 590 2417 660 intelligatur
2445 591 2734 660 Apostolus
2757 592 3027 663 appellare
3056 604 3332 663 peccatum
3365 612 3378 648 :
3422 596 3538 652 sive
3563 599 3692 667 quia

2094 683 2351 738 sacrificia
2382 700 2476 754 pro
2508 686 2738 754 peccatis
2765 696 2980 755 peccata
3006 688 3415 758 appellabantur
3441 689 3492 744 in
3525 691 3641 760 lege
3669 734 3687 759 ,

2093 791 2210 846 quae
2237 778 2414 832 omnia
2452 779 2632 848 figura:
2678 779 2890 835 fuerunt
2930 784 3108 837 carnis
3147 783 3379 850 Christi,
3421 785 3562 856 quod
3607 796 3695 842 est

2093 883 2277 923 verum
2308 878 2364 925 et
2392 871 2606 924 unicum
2635 870 2952 927 sacriﬁcium
2977 889 3072 942 pro
3096 874 3327 944 peccatis
3348 917 3364 943 ,
3383 892 3490 930 non
3513 878 3692 931 solum

2095 958 2179 1013 his
2219 976 2338 1030 quas
2381 962 2630 1016 universa
2677 963 2730 1017 in
2775 963 3100 1032 Baptismate
3142 965 3453 1032 diluuntur,
3500 983 3691 1022 verum

2094 1051 2252 1105 etiam
2286 1052 2367 1106 his
2397 1069 2515 1122 qua:
2541 1064 2661 1124 post
2685 1070 2753 1110 ex
2793 1053 2954 1126 hujus
2985 1056 3106 1110 vitte
3150 1056 3459 1112 inﬁrmitate
3495 1059 3686 1114 subre-

2093 1153 2258 1211 punt;
2287 1155 2509 1214 propter
2539 1161 2656 1216 qua:
2693 1147 2928 1217 quotidie
2976 1149 3223 1202 universa
3261 1149 3313 1203 in
3352 1150 3593 1204 oratione
3620 1150 3691 1204 ad

2094 1233 2262 1289 Deum
2292 1234 2486 1289 clamat
2527 1235 2764 1292 Ecclesia
2788 1278 2802 1302 ,
2842 1237 3056 1293 Dimitte
3089 1239 3232 1294 nobis
3268 1239 3434 1295 debita
3473 1252 3692 1308 nostra;

2093 1335 2149 1380 et
2175 1325 2516 1399 dimittuntur
2564 1328 2718 1384 nobis
2760 1345 2849 1400 per
2902 1331 3173 1402 singulare
3225 1333 3543 1388 sacrificium
3590 1349 3694 1403 pro

2094 1419 2356 1487 peccatis,
2390 1420 2534 1490 quod
2567 1422 2854 1491 Apostolus
2883 1424 3173 1479 secundum
3218 1425 3386 1494 legem
3425 1425 3652 1496 loquens
3674 1468 3691 1491 ,

2094 1525 2202 1564 non
2230 1511 2489 1566 dubitavit
2533 1511 2806 1582 appellare
2854 1523 3151 1583 peccatum.
3199 1514 3352 1570 Unde
3394 1525 3476 1570 est
3523 1516 3691 1572 etiam

2095 1603 2224 1658 illud
2254 1602 2371 1674 ejus
2398 1605 2564 1659 multo
2592 1604 2892 1662 evidentius
2912 1647 2930 1674 ,
2961 1623 3059 1662 nec
3099 1609 3278 1679 aliquo
3321 1609 3463 1663 bivio
3505 1611 3691 1679 cujus-

2094 1707 2252 1764 quam
2283 1694 2642 1766 ambiguitatis
2671 1696 2935 1752 inccrtum
2968 1717 2982 1752 :
3018 1699 3351 1755 Obsecramus
3371 1717 3464 1771 pro
3489 1700 3696 1756 Christo

2093 1785 2410 1840 reconciliari
2438 1784 2547 1842 Deo
2570 1803 2590 1842 :
2614 1804 2729 1842 eum
2767 1789 2855 1858 qui
2894 1805 2996 1843 non
3030 1802 3233 1845 nouerat
3265 1802 3526 1863 peccatum
3548 1835 3564 1859 ,
3599 1810 3696 1863 pro

2093 1876 2236 1931 nobis
2267 1888 2524 1946 peccatum
2552 1880 2709 1951 fecit,
2743 1891 2798 1934 ut
2829 1898 2920 1935 nos
2946 1883 3103 1936 simus
3123 1883 3326 1955 justitia
3352 1884 3448 1939 Dei
3473 1887 3527 1938 in
3557 1887 3692 1961 ipso.

2097 1970 2163 2041 (ll
2188 1969 2307 2027 Cor.
2335 1988 2387 2039 v,
2417 1971 2488 2028 20
2522 1983 2568 2027 et
2593 1972 2708 2045 21).
2748 1973 2880 2030 Nam
2918 1977 3060 2046 quod
3085 1977 3334 2046 superius
3359 1993 3694 2032 commemo-

2096 2063 2212 2119 ravi
2233 2107 2248 2131 ,
2280 2063 2359 2119 De
2386 2075 2588 2136 peccato
2610 2065 2868 2122 damnavit
2889 2078 3183 2139 peccatum;
3206 2070 3330 2139 quia
3357 2085 3461 2125 non
3489 2071 3695 2126 dictum

2093 2163 2216 2222 est,
2249 2154 2326 2210 De
2349 2167 2570 2227 peccato
2600 2172 2698 2213 suo
2720 2200 2735 2225 ,
2764 2167 2941 2227 potest
2965 2159 3228 2229 quiSpiam
3254 2161 3333 2214 sic
3354 2161 3658 2232 intelligere
3677 2205 3695 2232 ,

2094 2257 2155 2301 ut
2181 2246 2327 2302 dicat
2349 2264 2472 2304 eum
2499 2248 2568 2304 de
2597 2259 2819 2319 peccato
2845 2249 3151 2306 Judaeorum
3189 2252 3471 2310 damnasse
3501 2270 3696 2324 pecca-

2096 2349 2240 2407 tum;
2272 2342 2395 2411 quia
2423 2341 2490 2397 de
2516 2352 2734 2412 peccato
2759 2358 2946 2398 eorum
2972 2385 2988 2412 ,
3011 2347 3103 2416 qui
3125 2361 3247 2401 eum
3273 2346 3654 2403 cruciﬁxerunt
3679 2391 3696 2414 ,

2095 2434 2290 2490 factum
2318 2443 2400 2490 est
2430 2444 2485 2490 ut
2511 2437 2825 2508 sanguinem
2850 2453 3003 2491 suum
3028 2440 3078 2492 in
3105 2440 3470 2495 remissionem
3499 2440 3698 2497 funde-

2095 2537 2179 2581 ret
2205 2535 2546 2597 peccatorum
2574 2546 2590 2584 :
2620 2527 2724 2583 hoc
2753 2543 2882 2583 vero
2906 2529 2946 2597 ¹,
2978 2530 3070 2585 ubi
3098 2529 3294 2586 dicitur
3323 2531 3479 2604 Deus
3516 2531 3696 2601 ipsum

2095 2618 2367 2673 Christum
2395 2661 2410 2685 ,
2445 2619 2535 2689 qui
2565 2635 2670 2674 non
2701 2629 2923 2674 noverat
2946 2631 3225 2690 peccatum
3247 2664 3262 2690 ,
3292 2621 3481 2677 fecisse
3505 2638 3701 2694 pecca-

2097 2718 2210 2765 tum
2235 2752 2248 2775 ,
2279 2725 2384 2764 non
2414 2711 2543 2764 mihi
2573 2713 2982 2767 convenientius
3004 2712 3219 2769 videtur
3247 2715 3503 2785 intelligi,
3537 2730 3699 2786 quam

2095 2801 2364 2858 Christum
2395 2805 2592 2860 factum
2621 2805 2942 2861 sacrificium
2975 2822 3073 2876 pro
3102 2807 3336 2879 peccatis
3361 2849 3375 2874 ,
3410 2817 3464 2862 et
3495 2808 3565 2862 ob
3596 2809 3701 2863 hoc

2093 2898 2420 2968 appellatum
2453 2914 2574 2955 esse
2601 2910 2900 2970 peccatum.

2166 3007 2394 3068 CAPUT
2422 3011 2531 3066 VII.
2553 3043 2626 3053 —
2645 3013 2733 3068 17.
2762 3012 3030 3070 Calumnia
3055 3015 3120 3070 de
3159 3017 3450 3088 implelione
3503 3035 3699 3090 praece-

2096 3113 2301 3175 ptorum
2327 3106 2381 3159 in
2435 3108 2609 3177 futura
2652 3107 2776 3163 vita.
2829 3105 2960 3174 Quis
3011 3117 3188 3164 autem
3234 3108 3369 3164 ferat
3418 3125 3511 3164 eos
3555 3111 3698 3180 obji-

2094 3213 2218 3254 cere
2270 3198 2462 3266 nobis,
2498 3218 2518 3252 (
2546 3200 2686 3270 quod
2736 3211 2856 3270 post
2897 3200 3341 3257 resurrectionem
3386 3203 3519 3257 tales
3577 3219 3702 3273 pro—

2094 3306 2279 3347 cessus
2301 3291 2508 3346 futuros
2524 3307 2644 3348 esse
2665 3293 2904 3348 dicamus
2924 3333 2940 3360 ,
2965 3303 3023 3349 ut
3046 3295 3118 3348 ibi
3145 3295 3399 3364 incipiant
3421 3296 3664 3352 homines
3680 3341 3696 3363 ,

2095 3398 2216 3453 quae
2257 3382 2342 3436 hic
2385 3383 2692 3450 noluerint,
2735 3384 2832 3439 Dei
2865 3385 3114 3441 mandata
3155 3386 3468 3458 complere:
3506 3407 3528 3442 ι
3560 3404 3704 3460 quo-

2095 3475 2237 3528 niam
2265 3473 2492 3529 dicimus
2513 3514 2531 3539 ,
2563 3473 2635 3530 ibi
2661 3475 2882 3531 omnino
2908 3477 3111 3531 nullum
3159 3477 3394 3535 futurum
3419 3493 3539 3535 esse
3573 3496 3702 3553 pec-

2095 3573 2274 3619 catum
2301 3606 2316 3632 ,
2347 3579 2446 3620 nec
2469 3581 2590 3620 cum
2617 3565 2794 3638 aliqua
2819 3569 3019 3637 peccati
3040 3570 3331 3640 cupiditate
3351 3571 3696 3638 conﬂictum;

2096 3668 2348 3731 tanquam
2373 3660 2474 3730 ipsi
2499 3661 2730 3716 audeant
2752 3662 2852 3718 hoc
2877 3678 3072 3733 negare
3089 3664 3110 3716 τ
3127 3663 3452 3733 Sapientiam
3483 3682 3702 3737 quoque

2096 3761 2148 3806 et
2173 3753 2534 3820 cognitionem
2564 3754 2659 3809 Dei
2686 3763 2810 3809 tunc
2829 3755 3013 3827 perfici
3035 3757 3088 3810 in
3109 3757 3296 3824 nobis’,
3321 3757 3444 3812 etin
3472 3758 3701 3814 Domino

2099 3854 2299 3902 tantam
2326 3848 2765 3914 exsultationem,
2792 3858 2849 3902 ut
2876 3863 2939 3904 ea
2969 3848 3037 3904 sit
3066 3849 3220 3921 plena
3251 3861 3306 3906 et
3333 3865 3459 3906 vera
3489 3852 3702 3906 securi-

2099 3948 2180 3994 tas
2203 3981 2220 4006 ,
2249 3940 2371 4011 quis
2402 3941 2656 4013 negabit,
2680 3942 2780 3997 nisi
2809 3950 2916 3997 tam
2945 3957 3164 3998 aversus
3191 3944 3260 3999 sit
3289 3960 3318 3998 a
3346 3960 3474 4000 vero
3497 3987 3513 4013 ,
3544 3954 3603 4000 ut
3631 3947 3705 4001 ob

2100 4031 2200 4086 hoc
2222 4031 2290 4085 ad
2324 4047 2442 4086 eam
2487 4033 2766 4102 pervenire
2801 4049 2909 4090 non
2955 4036 3164 4104 possit?
3202 4035 3399 4092 Verum
3439 4036 3557 4092 haec
3593 4054 3701 4095 non

2097 4131 2255 4178 erunt
2278 4123 2331 4178 in
2363 4126 2646 4194 praeceptis
2671 4167 2686 4188 .
2710 4126 2804 4181 sed
2826 4127 2878 4181 in
2901 4142 3085 4182 eorum
3113 4143 3232 4199 qua:
3254 4128 3341 4185 hic
3361 4130 3702 4187 observanda

2097 4226 2222 4272 sunt
2250 4220 2470 4288 prtemio
2499 4229 2909 4291 praeceptorum.
2941 4221 3179 4291 Quorum
3229 4224 3441 4296 quidem
3493 4242 3704 4296 praece-

2098 4319 2314 4379 ptorum
2343 4319 2682 4381 contemptus
2725 4313 2817 4367 illo
2847 4329 2951 4368 non
2994 4316 3234 4385 perducit
3268 4317 3334 4372 ad
3378 4319 3660 4388 praemium
3684 4363 3701 4388 ,

2097 4401 2192 4456 sed
2223 4400 2312 4456 hic
2341 4401 2575 4457 studium
2603 4413 2869 4474 praecepta
2898 4407 3145 4461 servandi
3170 4409 3339 4479 gratia
3367 4409 3462 4464 Dei
3491 4410 3702 4466 tribuit.

2098 4491 2228 4560 Qua:
2256 4493 2300 4547 si
2330 4492 2458 4564 quid
2489 4494 2646 4548 etiam
2679 4495 2728 4548 in
2761 4497 2840 4550 eis
2878 4499 3158 4569 praeceptis
3195 4500 3371 4556 minus
3410 4511 3663 4559 servatur
3685 4545 3701 4570 ,

2098 4583 2326 4654 ignoscit
2351 4625 2366 4649 ,
2400 4594 2617 4655 propter
2644 4586 2788 4657 quod
2814 4589 3017 4643 orando
3041 4589 3266 4645 dicimus
3288 4633 3302 4656 ,
3331 4601 3386 4646 et
3409 4634 3422 4656 ,
3460 4593 3579 4647 Fiat
3606 4611 3704 4650 υοο

2101 4674 2266 4729 luntas
2293 4682 2416 4740 tua;
2444 4685 2536 4742 et,
2584 4676 2798 4734 Dimitte
2841 4679 2985 4734 nobis
3021 4681 3189 4736 debita
3235 4695 3408 4739 nostra
3461 4687 3700 4759 (Matth.

2099 4782 2150 4820 vt
2179 4807 2196 4833 ,
2225 4765 2294 4823 10
2312 4775 2358 4822 et
2390 4767 2523 4840 12).
2551 4769 2648 4825 Hic
2668 4786 2796 4842 ergo
2816 4782 3138 4844 praeceptum
3164 4784 3266 4840 est,
3288 4787 3346 4831 ut
3376 4795 3482 4834 non
3508 4795 3706 4849 pecce-

2099 4873 2221 4914 mus
2250 4876 2264 4913 :
2297 4858 2367 4914 ibi
2395 4862 2670 4930 praemium
2695 4905 2710 4929 ,
2742 4879 2844 4918 non
2873 4880 3028 4934 posse
3056 4881 3298 4937 peccare.
3345 4871 3441 4926 Hic
3485 4886 3696 4942 praece-

2099 4959 2250 5023 ptum
2295 4962 2410 5019 est,
2455 4962 2514 5009 ut
2533 4953 2811 5011 desideriis
2856 4961 3057 5027 peccati
3103 4977 3206 5016 non
3238 4963 3550 5021 obediamus
3578 4983 3593 5020 :
3624 4967 3699 5022 ibi

2101 5046 2418 5116 praemium,
2449 5055 2507 5101 ut
2544 5047 2808 5103 desideria
2853 5053 3053 5120 peccati
3097 5068 3207 5108 non
3251 5055 3565 5113 habeamus.
3599 5057 3701 5114 Hic

2100 5145 2429 5209 praeceptum
2454 5146 2570 5204 est,
2601 5137 2877 5211 lntelligite
2897 5158 3014 5214 ergo
3035 5186 3048 5209 ,
3077 5147 3163 5215 qui
3187 5147 3478 5218 insipientes
3502 5151 3622 5204 estis
3645 5153 3700 5206 in

2102 5229 2324 5302 populo;
2349 5239 2399 5284 et
2426 5228 2603 5296 stulti,
2649 5232 2926 5302 aliquando
2955 5237 3118 5305 sapite
3163 5236 3351 5310 (Psal.
3381 5256 3503 5296 XCIII
3523 5283 3538 5307 ,
3572 5242 3605 5297 8
3632 5244 3652 5314 )
3684 5261 3696 5297 :

2104 5320 2176 5376 ibi
2207 5323 2483 5392 praemium
2505 5332 2588 5378 est
2609 5364 2625 5390 ,
2648 5323 2806 5394 plena
2837 5328 3090 5396 sapientia
3113 5342 3168 5386 et
3191 5332 3417 5400 perfecta
3440 5336 3696 5406 cognitio.

2112 5410 2352 5467 Videmus
2392 5414 2536 5469 enim
2569 5431 2702 5469 nunc
2746 5434 2836 5486 per
2877 5420 3137 5484 speculum
3174 5423 3228 5476 iu
3269 5424 3575 5496 aenigmate,
3623 5427 3702 5482 ait

2103 5503 2427 5572 Apostolus;
2457 5515 2576 5560 tunc
2603 5515 2771 5561 autem
2802 5509 2932 5579 facie
2957 5510 3028 5564 ad
3059 5513 3261 5582 faciem.
3303 5513 3456 5569 Nunc
3494 5517 3598 5570 scio
3635 5534 3698 5572 ex

2104 5603 2246 5664 parte
2266 5611 2285 5660 ;
2316 5603 2433 5649 tunc
2462 5607 2629 5652 autem
2654 5615 2952 5669 cognoscam
2981 5605 3111 5658 sicut
3139 5615 3185 5660 et
3211 5609 3438 5678 cognitus
3465 5626 3577 5664 sum
3635 5613 3654 5681 (
3677 5611 3693 5666 Ι

2105 5684 2221 5739 Cor.
2249 5701 2344 5741 xm
2365 5729 2381 5754 ,
2407 5686 2536 5760 12).
2562 5688 2659 5744 Hic
2681 5703 3002 5762 praeceptum
3025 5705 3108 5750 est
3132 5739 3146 5762 ,
3170 5695 3440 5754 Emsultate
3462 5699 3575 5756 Deo
3599 5703 3692 5756 adv

2169 5869 2186 5899 ¹
2203 5866 2278 5915 sic
2292 5873 2400 5917 Mss.
2427 5872 2483 5916 At
2504 5866 2640 5927 editi,
2665 5865 2754 5919 hoc
2773 5870 2929 5921 verbo.
