4038 6470
239 523 396 591 jstort
409 527 585 576 nostro
601 519 774 594 (Psal.
787 535 947 586 un,
963 518 1044 588 ἧς
1061 526 1118 576 et
1137 561 1152 585 ,
1169 517 1438 575 Exsultate
1453 560 1468 586 ,
1478 518 1608 589 justi
1625 560 1639 584 ,
1657 519 1709 571 in
1723 517 1821 572 Do-

249 613 380 665 mino
396 610 570 679 (Psal.
589 627 771 676 χχιιι,
790 611 841 683 1)
861 630 875 666 :
900 611 972 666 ibi
994 612 1266 682 praemium
1286 620 1402 678 est,
1421 611 1688 666 exsultare
1699 627 1825 682 per-

249 702 382 758 fecto
397 710 451 757 et
467 701 720 757 ineffabili
741 702 1228 773 gaudio.Postremo
1248 702 1297 756 in
1318 712 1582 771 pracepto
1597 703 1820 770 positum

245 803 325 848 est
341 834 357 860 ,
375 792 521 847 Beati
535 795 622 863 qui
639 795 862 848 esuriant
876 795 1110 849 etsitiunt
1119 794 1369 864 justitiam
1391 811 1410 848 :
1433 794 1484 848 in
1503 795 1718 864 przemio
1738 808 1824 848 au-

245 893 347 938 tem
380 924 396 950 ,
445 883 702 951 Quoniam
749 884 849 953 ipsi
906 883 1265 938 saturalnmtur
1309 883 1540 954 (Matth.
1603 899 1672 948 v,
1721 881 1819 954 6).

243 973 424 1039 Unde,
467 989 652 1044 qu:eso
675 1015 690 1040 ,
724 975 1130 1038 saturabuntur,
1175 975 1273 1028 nisi
1319 973 1460 1042 quod
1499 974 1740 1029 esuriunt
1769 982 1824 1030 et

242 1063 471 1118 sitiunt?
495 1065 626 1132 Quis
654 1065 811 1135 igitur
837 1065 907 1119 ita
928 1106 944 1131 ,
985 1081 1092 1119 non
1135 1066 1304 1119 solum
1347 1081 1376 1119 a
1419 1065 1598 1119 divino
1623 1106 1636 1128 ,
1667 1065 1759 1119 sed
1791 1081 1820 1120 a

240 1170 396 1212 sensu
426 1171 641 1226 quoque
666 1157 919 1211 abhorret
950 1156 1182 1212 humano
1207 1201 1220 1220 ,
1243 1159 1332 1228 qui
1359 1157 1500 1214 dicat
1525 1159 1579 1212 in
1605 1158 1819 1214 homine

242 1256 437 1302 tantam
468 1263 592 1303 esse
621 1263 778 1317 posse
798 1249 1058 1318 justitiam
1082 1290 1098 1316 ,
1128 1265 1246 1304 cum
1284 1250 1351 1303 ab
1392 1249 1484 1304 illo
1513 1249 1743 1304 esuritor
1767 1259 1821 1304 et

237 1339 412 1392 sititur
431 1379 447 1402 ,
479 1346 676 1408 quanta
700 1339 838 1403 erit,
864 1355 983 1393 cum
1010 1355 1075 1394 ex
1099 1339 1186 1394 illa
1213 1340 1535 1395 saturabitur
1554 1341 1577 1394 ‘l
1596 1340 1818 1408 Quando

238 1437 410 1484 autem
441 1431 710 1484 esurimus
739 1432 1052 1502 sitimusque
1075 1432 1332 1501 justitiam
1358 1474 1373 1498 ,
1396 1433 1440 1486 si
1463 1433 1594 1489 ﬁdes
1623 1433 1816 1488 Christi

239 1520 415 1588 vigilat
440 1521 494 1574 in
527 1521 719 1587 nobis,
750 1523 874 1591 quid
914 1539 1010 1576 nos
1051 1523 1149 1577 nisi
1195 1523 1465 1578 Christum
1507 1524 1712 1580 esurire
1754 1539 1816 1579 ac

239 1614 383 1667 sitire
411 1614 736 1668 credendum
767 1615 886 1670 est?
929 1615 1029 1680 Qui
1052 1619 1217 1686 factus
1245 1625 1316 1669 est
1343 1616 1484 1671 nobis
1509 1617 1758 1684 sapientia
1784 1632 1816 1669 a

241 1707 342 1762 Deo
369 1718 412 1761 et
434 1709 640 1778 justitia
665 1719 710 1762 et
737 1710 1067 1778 sanctiﬁcatio
1111 1719 1160 1775 et
1186 1709 1462 1780 redemptio
1483 1727 1504 1776 ;
1534 1720 1605 1773 ut,
1638 1725 1812 1780 quem-

237 1802 511 1855 admodum
555 1804 798 1870 scriptum
838 1813 947 1868 est,
997 1802 1097 1870 Qui
1155 1803 1437 1873 gloriatur,
1481 1803 1534 1855 in
1595 1801 1815 1855 Domino

236 1895 478 1964 glorietur
505 1895 524 1964 (
553 1895 572 1949 Ι
602 1892 720 1948 Cor.
752 1910 808 1960 ι,
855 1895 924 1950 30
946 1935 962 1962 ,
991 1895 1052 1950 3t
1087 1894 1127 1965 ).
1159 1894 1226 1948 Et
1252 1894 1371 1964 quia
1416 1894 1574 1949 modo
1616 1895 1667 1948 in
1694 1910 1812 1948 eum

238 2003 341 2041 non
392 1987 636 2042 videntes
681 1987 982 2052 credimus,
1029 1986 1150 2042 ideo
1195 1987 1404 2043 sitimus
1448 1986 1814 2056 esurimusque

233 2078 508 2149 justitiam.
555 2079 816 2148 Quamdiu
844 2080 983 2135 enim
1009 2094 1192 2134 sumus
1215 2079 1268 2133 in
1293 2094 1517 2148 corpore
1537 2121 1550 2144 ,
1573 2080 1814 2149 peregri-

235 2185 423 2224 namur
450 2186 480 2224 a
513 2170 738 2225 Domino
770 2189 784 2224 :
824 2187 921 2241 per
950 2170 1108 2225 ﬁdem
1136 2170 1278 2225 enim
1307 2171 1638 2225 ambulamus
1661 2213 1678 2238 ,
1705 2186 1812 2225 non

237 2276 327 2330 per
353 2261 589 2330 speciem
647 2261 670 2334 (
696 2261 737 2316 ll
765 2260 883 2316 Cor.
911 2277 963 2328 v,
993 2261 1026 2316 6
1049 2303 1064 2327 ,
1093 2261 1126 2315 7
1151 2261 1186 2330 ).
1235 2260 1402 2327 Quem
1442 2275 1561 2316 cum
1614 2261 1812 2316 videri-

236 2368 348 2406 mus
376 2354 415 2416 ί,
442 2353 814 2422 pervenientes
840 2354 1020 2422 utique
1039 2353 1105 2406 ad
1132 2353 1365 2422 speciem
1391 2395 1404 2417 ,
1430 2352 1812 2409 exsultabimus

230 2446 422 2517 gaudio
449 2446 791 2501 inenarrabili
821 2446 842 2516 (
869 2445 887 2499 l
920 2445 1062 2501 Petr.
1108 2463 1164 2512 ι,
1195 2446 1228 2501 8
1255 2444 1273 2514 )
1306 2465 1319 2500 :
1353 2455 1408 2500 et
1449 2455 1572 2500 tunc
1608 2447 1811 2515 justitia

236 2538 624 2601 Satttrabimur;
653 2537 772 2606 quia
799 2552 939 2592 nunc
961 2537 1009 2591 ei
1039 2537 1124 2606 pio
1147 2536 1412 2592 desiderio
1433 2537 1674 2602 dicimus,
1706 2537 1810 2592 Sa-

235 2628 439 2681 turabor
466 2644 582 2681 cum
605 2628 1010 2698 manifestabitur
1038 2628 1199 2699 gloria
1225 2637 1311 2680 tua
1347 2627 1521 2698 (Psal.
1553 2645 1638 2683 xvr
1657 2671 1670 2692 ,
1697 2630 1807 2702 15).

309 2719 387 2774 18.
429 2720 598 2786 Quam
629 2734 759 2774 vero
783 2728 885 2784 est,
914 2734 1018 2773 non
1048 2719 1166 2772 dico
1187 2719 1484 2787 impudens,
1509 2721 1600 2774 sed
1625 2721 1807 2774 insana

233 2815 500 2884 superbia,
526 2813 758 2868 nendum
789 2827 908 2868 esse
931 2813 1161 2883 aequales
1184 2811 1400 2882 Angelis
1431 2813 1542 2877 Dei,
1573 2823 1628 2868 et
1657 2825 1811 2882 puta-

233 2921 288 2960 re
335 2921 394 2959 se
433 2905 542 2974 jam
588 2919 744 2973 posse
786 2903 981 2960 habere
1004 2904 1259 2974 justitiam
1304 2904 1556 2976 aequalem
1599 2906 1812 2975 Angelis

235 2993 363 3060 Dei;
393 3010 495 3050 nec
533 2995 726 3050 intueri
755 3005 858 3049 tam
902 3010 1145 3065 magnum
1191 3003 1244 3048 et
1285 3004 1525 3049 sanctum
1567 2995 1808 3063 virum',

233 3087 320 3157 qui
368 3089 551 3157 utique
581 3088 748 3157 ipsam
785 3087 1004 3156 justitia:
1037 3087 1410 3158 perfectionem
1437 3089 1701 3142 esurichat
1727 3096 1811 3142 at-

234 3196 334 3250 que
369 3181 612 3243 sitiebat,
645 3181 853 3250 quando
881 3180 1240 3249 magnitudine
1259 3181 1637 3242 revelationum
1667 3183 1815 3235 nole-

233 3270 322 3325 bat
341 3271 554 3336 extolli;
597 3285 695 3324 nee
727 3281 921 3334 tamen,
953 3278 1009 3324 ut
1057 3286 1159 3323 non
1202 3271 1562 3333 extolleretur,
1595 3272 1812 3326 arbitrio

233 3378 327 3418 suo
354 3364 720 3433 voluntatique
743 3363 1058 3418 commissus
1086 3362 1220 3427 est',
1265 3364 1355 3418 sed
1385 3363 1584 3432 accepit
1624 3367 1812 3418 stimu-

233 3457 337 3510 lum
366 3459 544 3511 carnis
569 3499 580 3520 ,
610 3457 855 3526 angelum
884 3465 1081 3510 satanze
1101 3497 1116 3521 ,
1159 3457 1247 3526 qui
1272 3472 1393 3511 eum
1420 3457 1809 3526 colaphizaret;

233 3560 451 3622 propter
478 3550 616 3619 quod
660 3550 938 3606 Dominum
969 3557 1051 3603 ter
1074 3549 1306 3618 rogavit,
1336 3559 1392 3603 ut
1419 3550 1718 3606 discederet
1747 3552 1814 3607 ab

235 3658 338 3707 eo;
369 3642 608 3712 dixitque
629 3643 675 3696 ei
702 3643 974 3706 Dominus,
1008 3642 1202 3712 Suﬁicit
1228 3643 1315 3695 tibi
1343 3645 1505 3712 gratia
1533 3662 1642 3697 mea
1660 3661 1812 3710 ;nam

233 3735 384 3789 uirtus
410 3736 464 3787 in
491 3733 788 3800 inﬁrmitate
817 3733 1076 3802 perﬁcitur
1101 3733 1120 3802 (
1137 3731 1179 3787 ll
1212 3731 1328 3788 Cor.
1357 3750 1426 3788 xu
1449 3775 1462 3798 ,
1489 3735 1588 3788 7-9
1613 3736 1650 3806 ).
1684 3734 1813 3802 Quze

233 3828 418 3891 virtus,
452 3827 554 3881 nisi
583 3827 648 3881 ad
676 3843 833 3897 quam
863 3827 1092 3893 pertinet
1118 3841 1224 3882 non
1251 3828 1464 3882 extolli?
1492 3829 1554 3883 Et
1582 3830 1697 3897 quis
1718 3829 1816 3884 du-

232 3918 361 3972 bitat
389 3919 491 3973 hoc
521 3918 586 3972 ad
606 3918 864 3988 justitiam
895 3919 1197 3987 pertinere?
1225 3918 1392 3988 Hujus
1423 3920 1582 3990 igitur
1595 3921 1814 3992 justitite

233 4009 562 4078 perfectione
584 4019 704 4063 sunt
723 4009 927 4078 prazditi
954 4010 1137 4078 Angeli
1161 4010 1274 4076 Dei,
1297 4013 1385 4080 qui
1406 4027 1618 4082 semper
1637 4015 1816 4069 vident

236 4101 425 4156 faciem
472 4102 645 4156 Patris
689 4099 909 4173 (Matth.
940 4117 1063 4155 xvm
1084 4142 1099 4168 ,
1135 4101 1232 4171 10)
1258 4143 1272 4168 ,
1304 4119 1366 4157 ac
1392 4119 1488 4173 per
1530 4104 1628 4158 hoc
1657 4108 1816 4161 totius

237 4193 508 4247 Trinitatis
529 4237 545 4258 ,
575 4193 694 4262 quia
735 4208 830 4261 per
858 4192 1048 4247 Filium
1082 4192 1261 4246 vident
1302 4194 1354 4246 in
1382 4192 1577 4264 Spiritu
1609 4205 1814 4252 sancto.

235 4284 370 4340 Nihil
397 4294 478 4339 est
500 4292 677 4336 autem
704 4283 801 4337 ista
821 4284 1148 4338 revelatione
1173 4283 1448 4338 sublimius
1472 4302 1487 4339 :
1514 4302 1612 4340 nec
1638 4297 1814 4342 tamen

237 4380 559 4448 Angelorum
608 4377 884 4446 quisquam
925 4377 1007 4429 illa
1055 4378 1496 4446 contemplatione
1527 4379 1814 4434 ltetantium

236 4472 595 4527 necessarium
624 4469 778 4522 habet
807 4468 1052 4538 angelum
1083 4476 1302 4531 satanas,
1325 4482 1355 4522 a
1380 4484 1486 4538 quo
1513 4470 1815 4539 colaphize-

235 4571 356 4627 tur,
385 4579 451 4617 ne
477 4562 629 4616 illum
669 4569 809 4614 tanta
854 4559 1159 4629 magnitudo
1204 4560 1543 4616 revelationis
1571 4562 1813 4617 extollat.

237 4656 387 4712 lianc
428 4653 814 4725 perfectionem
845 4653 1054 4707 virtutis
1099 4652 1278 4721 utique
1321 4655 1556 4708 nondum
1589 4655 1816 4712 habebat

234 4747 511 4818 apostolus
540 4746 764 4811 Paulus,
793 4744 1027 4798 nondum
1059 4744 1278 4813 aequalis
1307 4747 1518 4815 Angelis
1552 4747 1644 4801 Dei
1678 4767 1690 4801 :
1725 4749 1816 4803 sed

235 4840 408 4894 inerat
450 4838 523 4892 illi
552 4836 844 4893 extollendi
875 4851 936 4892 se
967 4837 1270 4900 infirmitas,
1303 4853 1420 4908 qua:
1451 4854 1544 4907 per
1573 4841 1815 4908 angelum

233 4932 397 4986 etiam
424 4941 625 4984 satame
667 4930 836 4983 fuerat
863 4927 1260 4998 comprimenda
1282 4968 1297 4993 ,
1331 4944 1396 4983 ne
1435 4929 1816 4984 revelationqu

233 5021 600 5090 magnitudine
626 5020 989 5074 extolleretur.
1013 5019 1321 5088 Quanquam
1349 5020 1523 5088 itaque
1545 5021 1713 5088 ipsum
1738 5036 1822 5074 sa-

235 5122 416 5165 tauam
446 5111 607 5165 elatio
632 5110 798 5180 prima
820 5109 1071 5179 dejecerit
1099 5129 1112 5165 :
1141 5121 1313 5164 tamen
1343 5125 1579 5164 summus
1602 5111 1689 5165 ille
1710 5127 1823 5170 me-

233 5206 393 5261 dieus
413 5245 428 5271 ,
455 5205 545 5275 qui
575 5203 710 5258 bene
741 5204 813 5257 uti
842 5204 987 5257 novit
1012 5204 1169 5257 etiam
1196 5203 1349 5257 malis
1370 5243 1383 5267 ,
1415 5203 1482 5256 de
1511 5204 1698 5272 angelo
1738 5219 1823 5258 sa-

239 5308 384 5352 tame
411 5296 649 5352 adhibuit
668 5303 851 5351 contra
879 5295 1120 5349 elationis
1143 5294 1350 5360 vitium,
1380 5293 1609 5360 salubre,
1635 5310 1824 5364 quam-

237 5390 322 5442 vis
345 5389 624 5443 molestum
645 5387 1123 5450 medicamentum;
1145 5385 1278 5438 sicut
1301 5385 1410 5440 fieri
1433 5387 1708 5439 consuevit
1728 5402 1824 5441 an-

239 5479 489 5545 tidotum,
521 5479 678 5534 etiam
703 5477 771 5533 de
799 5477 1134 5547 serpentibus
1161 5487 1346 5532 contra
1371 5491 1572 5531 venena
1603 5493 1822 5548 serpen-

313 5659 330 5690 ¹
357 5661 431 5708 Sic
608 5657 725 5723 miti
748 5671 886 5723 vero,
909 5655 1244 5709 invenerimus.
1280 5662 1336 5708 Et
1369 5656 1513 5719 paulo
1551 5663 1673 5720 post,
1709 5659 1825 5723 quia

239 5732 374 5769 nunc
395 5734 462 5772 ea:
480 5718 724 5771 desiderio
744 5718 969 5770 dicimus.

313 5783 494 5852 τράμιν
521 5779 1081 5852 crumanimum-

318 5843 342 5874 ⁸
358 5843 565 5895 vaticani
578 5843 707 5904 Itis,
727 5843 1032 5894 commissam
1043 5847 1131 5894 est.

1600 401 1801 457 LIBER
1838 401 2161 460 TERTIUS.

3399 409 3505 468 602

1937 527 2067 572 tum.
2109 519 2243 588 Quid
2282 529 2362 576 est
2390 536 2536 592 ergo,
2569 521 2765 594 Suﬁicit
2790 521 2880 578 tibi
2920 525 3083 594 gratia
3109 539 3257 590 mea;
3284 524 3406 592 nisi,
3435 541 3505 583 ne

1931 608 2226 665 deﬁciendo
2263 613 2577 666 succumbas
2600 614 2698 667 sub
2721 614 2945 684 colapho
2970 616 3141 685 angeli
3167 617 3403 670 satanze‘l
3435 615 3503 671 Et

1931 701 2054 771 quid
2080 712 2184 768 est,
2221 701 2390 757 Virtus
2415 705 2466 756 in
2500 705 2792 771 inﬁrmitate
2820 706 3115 775 perﬁcitur;
3161 707 3262 762 nisi
3299 708 3419 777 quia
3445 708 3500 764 in

1929 791 2033 846 isto
2077 792 2196 847 loco
2237 794 2556 848 inﬁrmitatis
2589 794 2842 851 hactenus
2886 798 3138 866 perfectio
3174 809 3346 867 potest
3383 813 3504 854 esse

1928 885 2156 952 virtutis,
2188 895 2244 939 ut
2269 885 2380 955 ipsa
2403 886 2707 942 inﬁrmitate
2727 889 2745 920 ¹
2775 897 3034 958 praesente
3063 890 3221 944 elatio
3247 893 3503 960 reprima-

1929 979 2051 1033 tur?
2079 980 2207 1048 Quae
2236 981 2414 1050 utique
2458 981 2757 1048 inﬁrmitas,
2790 983 2962 1038 futura
2990 985 3380 1041 immortalitate
3409 1002 3500 1042 sa-

1929 1071 2154 1125 nabitur.
2186 1071 2460 1138 Quomodo
2489 1083 2569 1127 est
2607 1077 2746 1128 enim
2792 1074 3010 1129 dicenda
3064 1079 3260 1132 sanitas
3306 1079 3494 1147 plena,

1926 1162 2013 1216 ubi
2044 1162 2202 1216 etiam
2228 1163 2294 1218 de
2317 1164 2486 1234 angeli
2517 1174 2714 1220 satana:
2742 1166 2965 1236 colapho
3003 1166 3178 1222 adhuc
3205 1177 3288 1222 est
3311 1184 3498 1224 neces-

1924 1253 2061 1306 saria
2092 1253 2388 1308 medicina?

1998 1342 2084 1398 l9.
2128 1344 2203 1398 Ex
2231 1342 2334 1398 hoc
2363 1344 2556 1399 factum
2583 1355 2682 1412 est,
2711 1347 2984 1413 virtutem,
3015 1364 3134 1419 quas
3166 1365 3306 1403 nunc
3337 1358 3418 1404 est
3447 1352 3496 1405 in

1923 1433 2140 1490 homine
2179 1436 2350 1506 justo,
2382 1437 2667 1506 perfectam
2709 1439 2964 1495 hactenus
2994 1441 3289 1507 nominari,
3332 1451 3387 1496 ut
3430 1443 3494 1497 ad

1921 1523 2038 1594 ejus
2065 1525 2444 1592 perfectionem
2473 1531 2735 1598 pertineat
2762 1531 2919 1585 etiam
2949 1533 3112 1602 ipsius
3143 1533 3498 1602 imperfectiu-

1920 1615 2005 1669 nis
2027 1626 2081 1671 et
2107 1617 2160 1671 in
2191 1620 2410 1674 veritate
2437 1621 2692 1689 cognitio,
2721 1629 2775 1676 et
2804 1622 2854 1676 in
2885 1621 3177 1677 humilitate
3206 1621 3491 1677 confessio.

1920 1705 2068 1761 Tunc
2103 1709 2243 1762 enim
2275 1719 2355 1763 est
2385 1710 2673 1765 secundum
2715 1713 2849 1766 hanc
2885 1713 3240 1767 inﬁrmitatem
3272 1729 3367 1782 pro
3396 1728 3494 1768 suo

1920 1796 2135 1850 modulo
2163 1800 2394 1865 perfecta
2419 1801 2514 1852 ista
2537 1815 2694 1869 parva
2711 1800 2935 1869 justitia,
2958 1803 3170 1871 quando
3190 1803 3346 1856 etiam
3369 1802 3493 1871 quid

1921 1887 2019 1941 sibi
2045 1887 2183 1942 desit
2208 1890 2470 1960 intelligit.
2498 1891 2725 1962 Ideoque
2746 1895 3030 1963 Apostolus
3054 1904 3107 1949 et
3129 1894 3491 1959 imperfectum

1918 1987 1969 2032 et
1997 1979 2283 2048 perfectum
2311 1995 2370 2035 se
2393 1981 2519 2035 dicit
2551 1982 2804 2054 (Philipp.
2827 2000 2900 2048 tu,
2925 1985 2990 2038 12
3015 1996 3059 2038 et
3089 1985 3179 2055 lii)
3207 2003 3220 2039 :
3251 1985 3498 2054 imperfe-

1917 2076 2060 2122 ctum
2089 2070 2307 2135 scilicet,
2337 2072 2618 2140 cogitando
2640 2083 2891 2142 quantum
2918 2075 2991 2128 illi
3023 2075 3087 2129 ad
3115 2075 3371 2144 justitiam
3397 2076 3494 2132 de-

1918 2158 1989 2212 sit
2011 2199 2026 2222 ,
2055 2161 2205 2227 cujus
2252 2161 2629 2229 plenitudinem
2660 2164 2833 2219 adhuc
2861 2167 3026 2219 esurit
3055 2181 3116 2220 ac
3145 2166 3288 2232 sitit;
3318 2167 3492 2236 perfe-

1917 2257 2060 2303 ctum
2089 2260 2289 2318 autem,
2318 2254 2459 2322 quod
2502 2263 2556 2309 et
2583 2269 2732 2308 suam
2765 2255 3219 2324 imperfectionem
3249 2258 3491 2312 confiteri

1916 2354 2020 2394 non
2051 2341 2351 2407 erubescit,
2381 2353 2516 2398 ‘etut
2559 2346 2829 2414 perveniat
2868 2346 3001 2400 bene
3042 2347 3296 2416 procedit.
3347 2347 3496 2404 Sicut

1915 2445 2198 2500 possumus
2222 2433 2400 2489 dicere
2429 2436 2715 2504 perfectum
2745 2451 2864 2492 esse
2883 2437 3161 2503 viatorem,
3189 2439 3337 2509 cujus
3359 2441 3492 2494 bene

1916 2533 2256 2591 promovetur
2279 2527 2517 2582 accessio
2540 2569 2555 2594 ,
2587 2529 2826 2598 quamvis
2853 2544 2956 2582 non
2985 2529 3287 2598 perﬁciatur
3315 2531 3492 2584 inten-

1915 2614 2010 2680 tio,
2034 2615 2135 2668 nisi
2157 2616 2313 2670 fuerit
2336 2616 2471 2671 facta
2495 2619 2788 2687 perventio.
2809 2618 3092 2688 Propterea
3109 2634 3228 2673 cum
3250 2619 3488 2689 dixisset,

1916 2704 2205 2759 Secundum
2223 2709 2510 2775 justitiam,
2539 2725 2650 2779 quae
2679 2710 2731 2762 in
2769 2710 2875 2778 lege
2915 2717 3018 2775 est,
3056 2711 3142 2781 qui
3169 2712 3348 2782 fuerim
3386 2713 3494 2766 sine

1913 2798 2115 2865 querela
2144 2813 2164 2851 :
2204 2813 2325 2852 mox
2365 2799 2594 2866 addidit,
2625 2799 2752 2865 Qua:
2779 2801 2904 2853 mihi
2941 2802 3080 2854 lucra
3108 2805 3342 2872 fuerunt,
3388 2803 3493 2858 hcce

1915 2896 2119 2957 propter
2142 2887 2394 2943 Christum
2423 2891 2606 2944 damna
2633 2909 2738 2946 esse
2763 2892 2888 2946 duxi
2919 2909 2936 2946 :
2976 2903 3312 2948 verumtamen
3340 2905 3387 2948 et
3410 2912 3494 2948 ar-

1916 2978 2071 3031 bitror
2095 2980 2262 3032 omnia
2289 2979 2528 3033 damnum
2556 2997 2661 3036 esse
2692 2993 2894 3052 propter
2919 2983 3211 3037 eminentem
3239 2986 3493 3040 scientiam

1915 3067 2099 3122 Christi
2126 3069 2250 3124 Jesu
2275 3069 2480 3123 Domini
2505 3072 2688 3136 nostri;
2713 3083 2915 3143 propter
2939 3090 3080 3143 quem
3103 3075 3270 3128 omnia
3295 3092 3394 3128 non
3414 3093 3496 3128 so-

1917 3158 2021 3211 lum
2046 3160 2342 3213 detrimenta
2367 3160 2578 3228 credidi,
2606 3177 2776 3215 verum
2805 3164 2952 3217 etiam
2977 3174 3194 3218 stercora
3216 3167 3492 3220 existimavi

1916 3266 2041 3316 esse,
2065 3261 2116 3303 ut
2145 3249 2396 3305 Christum
2413 3254 2751 3324 lucrifaciam,
2784 3265 2829 3307 et
2856 3257 3079 3310 inveniar
3099 3258 3151 3310 in
3171 3258 3260 3312 illo
3285 3275 3384 3312 non
3405 3261 3498 3313 ha-

1917 3340 2032 3394 bens
2059 3358 2220 3393 meam
2241 3343 2495 3413 justitiam
2521 3359 2633 3412 qua:
2668 3361 2730 3398 ex
2753 3345 2860 3416 lege
2883 3357 2990 3412 est,
3020 3347 3107 3402 sed
3139 3365 3249 3402 eam
3286 3366 3398 3417 quae
3424 3361 3497 3404 cst

1918 3449 2006 3501 per
2033 3433 2183 3502 ﬁdem
2209 3432 2414 3498 Christi,
2434 3450 2546 3504 qua:
2563 3445 2635 3490 est
2662 3452 2728 3491 ea:
2755 3437 3069 3506 Deojustitia
3093 3441 3145 3493 in
3171 3441 3274 3508 ﬁde
3298 3441 3491 3513 (lbid.,

1919 3523 2048 3593 6-9).
2078 3524 2216 3580 Ecce
2239 3525 2524 3595 Apostolus
2551 3527 2840 3582 secundum
2859 3529 3114 3597 justitiam
3145 3537 3261 3601 quae
3289 3548 3353 3587 ex
3383 3534 3498 3603 lege

1916 3624 2021 3680 est,
2053 3616 2168 3670 sine
2188 3617 2403 3685 querela
2435 3633 2492 3672 se
2517 3617 2698 3682 fuisse,
2731 3634 2835 3674 non
2860 3621 3041 3690 utique
3071 3622 3395 3678 mendaciter
3413 3624 3498 3678 di-

1917 3705 2022 3769 cit;
2047 3716 2101 3759 et
2132 3715 2306 3760 tamen
2347 3706 2460 3761 hanc
2485 3723 2601 3777 qua:
2636 3709 2709 3762 illi
2747 3709 2892 3763 lucra
2919 3709 3151 3778 fuerunt,
3173 3711 3352 3782 abjicit
3377 3729 3500 3783 pro-

1917 3803 2036 3865 pter
2061 3797 2351 3861 Christum,
2376 3808 2428 3853 et
2456 3797 2672 3864 damna,
2701 3799 3038 3868 detrimenta,
3062 3812 3294 3858 stercora
3320 3805 3501 3860 existi-

1919 3897 2048 3952 mat,
2079 3905 2183 3942 non
2214 3891 2384 3943 solum
2416 3890 2549 3955 haec,
2583 3891 2676 3946 sed
2698 3901 2752 3946 et
2774 3902 2965 3948 caetera
2995 3894 3172 3950 omnia
3197 3910 3314 3966 quae
3340 3911 3500 3968 supra

1919 3983 2384 4047 commemoravit;
2433 3993 2652 4054 propter
2681 4000 2785 4038 non
2825 3986 3206 4055 qualemlibet,
3236 3988 3332 4044 sed
3372 3991 3500 4044 emi-

1920 4083 2138 4138 nentem,
2167 4074 2302 4127 sicut
2325 4074 2437 4144 ipse
2462 4073 2610 4140 dicit,
2637 4075 2893 4128 scientiam
2923 4076 3109 4132 Christi
3135 4078 3259 4132 .lesu
3292 4077 3499 4134 Domini

1921 4165 2100 4228 nostri,
2129 4179 2285 4234 quam
2311 4165 2488 4233 procul
2519 4165 2680 4220 dubio
2702 4167 2872 4222 adhuc
2894 4169 2946 4222 in
2972 4170 3075 4224 ﬁde
3099 4170 3343 4235 habebat,
3365 4189 3501 4228 non-

1921 4255 2044 4308 dum
2070 4255 2123 4308 in
2150 4256 2346 4324 specie.
2374 4255 2521 4310 Tunc
2543 4258 2685 4311 enim
2713 4257 2814 4311 erit
2837 4260 3081 4313 eminens
3105 4260 3299 4315 Christi
3325 4264 3501 4318 scien-

1923 4346 2016 4411 tia,
2043 4344 2253 4414 quando
2284 4345 2440 4398 fuerit
2475 4346 2545 4400 ita
2577 4346 2838 4401 revelatus
2859 4388 2872 4412 ,
2905 4356 2962 4400 ut
2990 4349 3128 4416 quod
3159 4349 3392 4405 creditur
3420 4353 3499 4405 vi-

1922 4437 2130 4492 deatur.
2161 4436 2310 4493 Unde
2338 4439 2442 4492 alio
2464 4439 2580 4493 loco
2607 4441 2678 4494 ita
2709 4439 2838 4495 dicit
2865 4459 2880 4496 :
2910 4442 3102 4496 Μονιαὶ
3136 4445 3264 4496 enim
3293 4446 3429 4512 estis,
3453 4455 3500 4500 et

1922 4532 2024 4584 vita
2055 4538 2214 4584 vestra
2235 4531 2524 4585 abscondita
2551 4542 2621 4586 est
2643 4549 2755 4586 cum
2779 4533 2972 4588 Christo
2986 4535 3038 4588 in
3058 4534 3180 4588 Deo.
3203 4533 3326 4590 Cum
3348 4537 3498 4591 Chri-

1923 4633 2030 4678 stus
2057 4625 2349 4691 apparuerit
2376 4625 2476 4677 vita
2510 4634 2690 4690 uestra,
2721 4635 2839 4680 tunc
2867 4635 2912 4681 et
2940 4644 3024 4681 vos
3053 4628 3357 4697 apparebitis
3385 4645 3499 4684 cum

1922 4714 2013 4769 illo
2042 4717 2094 4768 in
2126 4717 2285 4786 gloria
2316 4716 2529 4788 (Coloss.
2556 4733 2630 4782 ιιι,
2655 4718 2800 4786 5,4).
2833 4718 2964 4772 Hinc
2988 4727 3041 4773 et
3070 4720 3182 4787 ipse
3205 4719 3459 4776 Dominus
3483 4739 3498 4776 :

1929 4808 2026 4871 Qui
2054 4807 2215 4877 diligit
2235 4824 2314 4860 me
2332 4849 2345 4873 ,
2377 4808 2561 4877 inquit,
2595 4807 2831 4878 diligetur
2850 4826 2881 4861 a
2910 4809 3215 4875 Patre'meo,
3241 4823 3284 4866 et
3312 4829 3399 4883 ego
3424 4814 3502 4867 di-

1927 4898 2082 4967 ligam
2119 4914 2263 4965 eum,
2293 4906 2338 4952 et
2381 4899 2708 4968 manifestabo
2748 4916 2824 4953 me
2849 4902 3013 4970 ipsum
3055 4903 3132 4955 illi
3163 4902 3352 4972 (Joan.
3391 4922 3500 4971 xw,

1926 4991 1985 5045 Ἦ
2021 4989 2062 5061 ).
2093 4990 2228 5045 Hinc
2270 4989 2504 5045 Joannes
2529 4993 2850 5060 evangelista
2887 5009 2899 5045 :
2933 4993 3278 5061 Ditectissimi,
3307 4997 3497 5066 inquit,

1928 5079 2022 5150 ﬁlii
2043 5080 2137 5134 Dei
2165 5097 2352 5144 sumus,
2389 5090 2432 5134 et
2455 5080 2677 5134 nondum
2713 5083 2951 5151 apparuit
2979 5085 3113 5154 quod
3140 5087 3344 5140 erimus.
3383 5086 3506 5141 Sci-

1928 5189 2041 5227 mus
2065 5182 2229 5226 autem
2255 5175 2373 5242 quia
2399 5189 2512 5225 cum
2534 5174 2848 5242 apparuerit,
2877 5174 3063 5229 similes
3088 5177 3132 5229 ei
3151 5177 3356 5241 erimus,
3381 5194 3504 5246 quor

1929 5267 2063 5318 niam
2082 5264 2355 5318 videbimus
2380 5281 2491 5318 eum
2512 5266 2656 5318 sicuti
2676 5277 2745 5318 est
2769 5266 2807 5337 (Ι
2831 5265 2986 5321 Joan.
3022 5284 3097 5334 ιιι,
3126 5267 3204 5338 2).
3233 5268 3379 5322 Tunc
3404 5271 3504 5322 erit

1929 5357 2171 5412 eminens
2199 5357 2391 5412 Christi
2411 5358 2648 5412 scientia.
2680 5358 2828 5414 Nunc
2857 5363 2998 5415 enim
3027 5372 3108 5417 est
3145 5361 3355 5431 quidem
3383 5360 3504 5414 abs-

1929 5448 2138 5502 condita
2185 5448 2239 5503 in
2285 5449 2422 5517 ﬁde,
2472 5449 2566 5504 sed
2609 5450 2843 5504 nondum
2887 5452 3130 5506 eminens
3172 5460 3390 5520 apparet
3443 5451 3499 5507 in

1929 5539 2128 5610 specie.

2000 5631 2090 5688 20.
2133 5633 2327 5704 Abjicit
2355 5648 2483 5702 ergo
2522 5634 2647 5688 illa'
2674 5634 2860 5689 beatus
2888 5633 3081 5688 Paulus
3123 5632 3384 5703 praeterita
3417 5631 3504 5704 juv

1996 5786 3198 5900 iguﬁtkinipsautﬁnnitatemhesguuauss.
