4038 6466
526 469 687 533 stitia
731 482 842 531 suae
881 474 1130 543 tanquam
1158 466 1474 527 detrimenta
1496 475 1551 523 et
1574 475 1835 533 stercora,
1862 474 1924 523 ut
1944 465 2103 522 Chri-

527 571 668 621 stum
685 560 997 628 lucrifaciat,
1016 567 1073 616 et
1090 558 1388 616 inveniatur
1402 559 1456 614 in
1484 559 1575 614 illo
1601 575 1711 623 non
1733 559 1935 616 habens
1951 573 2103 621 suam

521 656 807 729 justitiam,
847 669 967 727 quae
1003 668 1073 717 ex
1096 653 1214 727 lege
1244 662 1343 711 est.
1376 653 1551 723 Quare
1577 669 1726 710 suam
1749 695 1767 722 ,
1793 653 1840 708 si
1875 668 1944 711 ex
1986 651 2103 722 lege

524 749 679 809 est‘?
706 746 888 818 Neque
915 746 1061 809 enim
1085 746 1168 803 lex
1199 746 1287 807 illa
1319 747 1413 803 Dei
1437 760 1544 807 non
1563 754 1649 805 est
1674 761 1691 801 :
1722 747 1841 816 quis
1867 745 1969 800 hoc
1997 743 2103 809 nisi

523 840 754 901 Marcion
776 849 827 903 et
854 837 1177 903 Manichzeus
1197 849 1251 894 et
1274 839 1390 898 aliae
1406 838 1611 895 similes
1630 849 1808 909 pestes
1823 834 2100 901 dixerunt?

522 930 654 989 Cum
691 945 818 1001 ergo
854 930 939 991 lex
981 930 1071 986 illa
1106 931 1201 986 Dei
1237 930 1326 997 sit,
1351 930 1609 1000 justitiam
1639 944 1791 986 suam
1814 928 1942 985 dicit
1978 942 2100 984 esse

522 1038 640 1094 quae
681 1038 747 1079 ex
787 1025 901 1096 lege
943 1033 1025 1079 est
1058 1041 1070 1077 :
1103 1038 1258 1094 quam
1292 1024 1549 1093 justitiam
1595 1038 1747 1083 suam
1790 1022 1957 1079 noluit
2005 1021 2099 1081 lia-

522 1098 649 1169 bere
669 1155 685 1180 ,
715 1113 809 1168 sed
836 1113 1057 1189 projecit
1082 1122 1144 1173 ut
1170 1121 1425 1175 stercora,
1453 1114 1557 1169 Cur
1586 1112 1678 1177 ita,
1714 1112 1812 1167 nisi
1843 1112 1965 1185 quia
2000 1111 2103 1173 hoc

522 1210 633 1265 est,
665 1203 806 1271 quod
846 1203 1004 1257 etiam
1032 1202 1273 1271 superius
1314 1202 1794 1257 demonstravimus
1817 1241 1834 1267 ,
1858 1217 1953 1258 eos
1982 1215 2102 1258 esse

524 1292 623 1347 sub
648 1293 785 1363 lege,
814 1294 901 1364 qui
925 1294 1225 1365 ignorantes
1248 1293 1341 1351 Dei
1366 1292 1650 1363 justitiam,
1672 1302 1726 1349 et
1750 1308 1901 1351 suam
1921 1292 2103 1349 volen-

522 1389 604 1438 tes
628 1384 985 1451 constituere,
1012 1384 1229 1455 justitite
1260 1384 1353 1439 Dei
1383 1400 1486 1441 non
1519 1396 1642 1443 sunt
1670 1384 1893 1455 subjeCti
1920 1383 2097 1455 (Rom.

521 1490 577 1540 ι,
607 1473 697 1545 3)?
730 1474 924 1530 Putant
948 1475 1091 1535 enim
1120 1490 1177 1530 se
1202 1475 1406 1533 arbitrii
1431 1475 1742 1535 suiviribus
1771 1475 1996 1546 implere
2024 1476 2100 1535 le-

524 1579 642 1633 gem
666 1564 964 1634 jubentem,
1002 1575 1057 1625 et
1084 1567 1181 1622 ista
1206 1566 1457 1635 implicati
1485 1568 1753 1638 superbia,
1785 1567 1850 1629 ad
1876 1568 2101 1637 gratiam

520 1670 627 1712 non
659 1667 1040 1721 convertuntur
1078 1658 1374 1729 juvantem.
1417 1660 1507 1722 Sic
1541 1675 1635 1715 eos
1664 1661 1837 1719 littera
1864 1660 2097 1732 cecidit,

521 1757 613 1804 aut
641 1760 825 1819 aperte
843 1751 1001 1811 etiam
1032 1752 1133 1807 sibi
1158 1768 1302 1820 reos,
1339 1767 1444 1815 non
1472 1751 1714 1807 faciendo
1738 1752 1878 1823 quod
1909 1753 2099 1822 praeci-

522 1841 630 1909 pit;
658 1850 749 1895 aut
775 1842 1009 1910 putando
1053 1858 1113 1899 se
1142 1844 1317 1899 facere
1337 1885 1351 1908 ,
1383 1844 1525 1914 quod
1555 1844 1814 1914 Spirituali
1833 1886 1849 1910 ,
1887 1861 2006 1916 qua:
2033 1861 2101 1905 ex

520 1931 630 1987 Deo
677 1942 794 1996 est,
856 1948 963 1988 non
1006 1933 1206 1989 faciunt
1247 1934 1524 1991 charitate.
1572 1933 1648 1989 Ita
1689 1944 1967 1991 remanent
2009 1945 2101 1992 aut

519 2034 703 2093 aperte
732 2024 915 2095 iniqui,
945 2034 1036 2087 aut
1066 2026 1322 2081 fallaciter
1341 2027 1500 2098 justi;
1533 2028 1586 2085 in
1615 2036 1798 2098 aperta
1825 2028 2100 2099 iniqtmatc

519 2117 796 2173 evidenter
819 2120 967 2186 elisi,
997 2122 1047 2176 in
1075 2121 1248 2179 fallaci
1270 2123 1475 2193 justitia
1505 2124 1816 2195 insipienter
1844 2125 1989 2182 elati.
2020 2126 2101 2182 Ac

519 2223 615 2276 per
643 2209 743 2264 hoc
767 2211 903 2271 miro
930 2213 1144 2283 quidem
1166 2214 1188 2245 ³
1219 2213 1401 2279 modo,
1431 2215 1525 2270 sed
1552 2225 1727 2273 tamen
1755 2230 1901 2281 vero,
1936 2215 2097 2286 justi-

518 2297 645 2355 tiam
658 2298 788 2369 legis
804 2316 909 2361 nou
925 2302 1106 2372 implet
1116 2303 1319 2373 justitia
1334 2321 1454 2374 qua)
1469 2306 1521 2360 in
1538 2307 1652 2377 lege
1667 2314 1768 2375 est,
1780 2307 1862 2383 vel
1872 2322 1939 2363 ex
1956 2307 2096 2377 lego,

518 2386 612 2441 sed
638 2404 755 2457 qua:
779 2389 830 2451 in
857 2391 1043 2461 spiritu
1068 2394 1269 2463 gratim.
1294 2394 1505 2453 iustitia
1532 2397 1727 2468 quippe
1747 2398 1879 2468 legis
1903 2397 2096 2468 imple-

519 2486 605 2534 tur
630 2479 683 2534 iu
712 2481 812 2548 eis,
841 2482 980 2538 sicut
1007 2486 1263 2555 scriptum
1295 2495 1395 2554 est,
1427 2488 1516 2557 qui
1540 2504 1648 2544 non
1673 2490 1965 2548 secundum
1984 2505 2096 2547 car-

520 2584 642 2625 nem
668 2571 957 2638 ambulant,
986 2575 1080 2631 sed
1118 2576 1409 2635 secundum
1437 2579 1678 2649 spiritum
1708 2579 1837 2655 (Id.
1861 2596 1971 2647 vut,
2000 2579 2096 2655 4).

517 2659 819 2723 Secundum
853 2665 1114 2734 justitiam
1151 2683 1280 2727 vero
1305 2685 1423 2738 quae
1452 2670 1503 2725 in
1534 2670 1649 2741 lege
1679 2681 1794 2740 est,
1834 2688 1893 2731 se
1931 2672 2098 2731 fuisse

516 2750 637 2808 sine
666 2755 880 2829 querela
911 2756 965 2811 in
993 2773 1176 2825 carne,
1196 2761 1376 2817 nonin
1404 2762 1618 2834 spiritu,
1641 2763 1767 2825 dicit
1785 2765 2094 2834 Apostolus;

517 2852 572 2898 et
591 2844 849 2914 justitiam
876 2864 997 2919 quae
1019 2866 1084 2905 ex
1117 2851 1233 2922 lege
1269 2861 1384 2920 est,
1416 2870 1567 2911 suam
1592 2855 1721 2912 dicit
1758 2857 1919 2915 fuisse
1941 2896 1957 2925 ,
1988 2875 2098 2916 non

517 2934 632 2991 Dei.
665 2935 1069 3009 Intelligendum
1096 2951 1179 2997 est
1213 2944 1371 3015 igitur
1389 2945 1651 3014 justitiam
1690 2948 1823 3020 legis
1859 2965 1963 3005 non
1992 2952 2097 3007 ims

517 3025 653 3096 pleri
692 3030 985 3089 secundum
1007 3032 1287 3103 justitiam,
1316 3051 1434 3107 qum
1461 3038 1517 3095 in
1544 3039 1659 3110 lege
1684 3051 1786 3106 est,
1821 3043 1902 3098 vel
1924 3050 1989 3099 ex
2015 3045 2096 3100 lc-

516 3130 603 3186 ge,
626 3117 678 3173 id
700 3128 802 3186 est,
822 3122 1110 3180 secundum
1125 3124 1387 3195 justitiam
1408 3129 1667 3204 hominis;
1690 3132 1783 3188 sed
1803 3135 2096 3191 secundum

510 3207 773 3277 justitiam
819 3227 940 3282 quae
965 3224 1047 3271 est
1072 3216 1125 3272 in
1167 3218 1358 3288 spiritu
1393 3222 1616 3291 gratiae:
1644 3238 1775 3294 ergo
1803 3226 2095 3283 secundum

448 3326 454 3333 -
510 3298 768 3369 justitiam
798 3303 906 3370 Dei,
938 3305 1039 3362 hoc
1062 3317 1176 3378 est,
1203 3325 1322 3387 quae
1346 3311 1546 3369 homini
1580 3328 1647 3369 ex
1674 3315 1783 3377 Dec
1808 3326 1909 3372 est.
1941 3317 2094 3387 Quod

515 3390 722 3459 planius
748 3404 804 3450 et
828 3395 1043 3455 brevius
1066 3399 1138 3456 ita
1164 3400 1269 3461 dici
1295 3412 1469 3473 potest
1486 3422 1499 3458 :
1516 3405 1786 3467 Justitiam
1808 3408 2092 3479 legis'non

513 3482 722 3553 impleri
747 3501 867 3545 cum
898 3490 987 3549 lex
1008 3492 1180 3561 jubet,
1211 3500 1267 3551 et
1289 3494 1451 3553 homo
1478 3498 1631 3566 quasi
1652 3499 1764 3554 suis
1784 3499 1986 3556 viribus
2010 3500 2093 3557 ta-

513 3574 613 3642 cil;
647 3577 741 3637 sed
765 3593 887 3635 cum
913 3581 1129 3650 spiritus
1151 3583 1385 3654 adjuvat,
1407 3595 1462 3642 et
1488 3585 1721 3643 hominis
1745 3588 1910 3645 libera
1930 3589 1973 3658 ⁸,
1999 3590 2095 3648 sed

515 3667 607 3723 Dei
629 3670 794 3741 gratia
821 3670 1043 3737 liberata
1069 3676 1313 3735 voluntas
1344 3676 1485 3734 facit.
1510 3678 1669 3750 Legis
1697 3681 1874 3752 itaque
1889 3683 2094 3752 justitla

513 3767 618 3827 est,
641 3758 831 3830 jubere
856 3764 997 3832 quod
1022 3766 1134 3821 Dee
1154 3768 1344 3836 pheet,
1369 3778 1549 3825 vetare
1567 3771 1709 3840 quod
1729 3771 1973 3843 displicet
1998 3791 2011 3828 :
2036 3776 2092 3831 lu

513 3847 632 3919 lege
653 3858 831 3907 autem
862 3851 1061 3924 iustitia
1097 3866 1200 3925 est,
1241 3860 1443 3915 servire
1480 3861 1688 3929 litterae,
1719 3873 1773 3920 et
1795 3874 1945 3922 extra
1972 3882 2090 3924 eam

513 3936 718 4001 nullum
745 3940 839 3996 Dei
871 3943 1193 4014 adiutorium
1222 3948 1289 4003 ad
1322 3960 1467 4008 recte
1488 3951 1771 4011 vivendum
1797 3958 2089 4028 requirere.

511 4025 645 4090 Cum
674 4030 820 4097 enim
846 4032 1087 4102 dixisset,
1124 4037 1242 4097 Non
1284 4041 1473 4101 habens
1503 4052 1665 4099 nteant
1678 4025 1955 4118 justitiam,
1978 4066 2094 4118 qua

511 4135 574 4183 ea
594 4119 703 4195 lege
726 4134 818 4192 est,
835 4126 924 4180 sed
946 4143 1056 4183 eam
1075 4145 1186 4199 qua:
1211 4140 1281 4187 est
1304 4149 1395 4204 per
1421 4135 1574 4203 ﬁdem
1594 4135 1781 4193 Cleriin
1801 4157 1823 4194 ι
1847 4140 2086 4211 addidit,

510 4228 624 4282 qua:
644 4224 717 4269 est
744 4232 807 4279 ea:
850 4217 976 4274 Deo.
1011 4220 1128 4290 Ipsa
1155 4233 1238 4281 est
1265 4240 1394 4295 ergo
1411 4225 1613 4298 justitia
1644 4230 1768 4297 Dei,
1808 4248 1967 4303 quam
1993 4249 2087 4290 su-

511 4304 657 4373 perbi
689 4309 1011 4379 ignorantes,
1037 4328 1186 4371 suam
1220 4316 1407 4373 volunt
1430 4321 1774 4379 constituere.
1801 4323 1915 4380 Non
1939 4326 2087 4382 enim

512 4406 791 4467 propterea
820 4399 1024 4471 justitia
1058 4404 1149 4459 Dei
1176 4405 1399 4477 dicitur,
1425 4412 1674 4480 quoniam
1709 4414 1850 4471 Deus
1874 4431 1937 4472 ea
1958 4416 1982 4453 ⁸
2001 4416 2088 4488 ᾖον

509 4494 624 4547 stus
648 4497 764 4555 est;
792 4491 888 4547 sed
908 4494 1031 4563 quia
1054 4494 1254 4557 homini
1281 4514 1351 4557 ex
1375 4501 1484 4559 Deo
1506 4511 1609 4560 est.

579 4578 668 4637 21.
700 4581 999 4641 Secundum
1014 4585 1164 4653 ,hanc
1188 4600 1367 4650 autem
1389 4592 1649 4663 justitiam
1679 4598 1770 4654 Dei
1791 4636 1807 4666 ,
1840 4600 1943 4657 hoc
1967 4610 2082 4671 est;

509 4684 627 4762 qua:
658 4687 729 4729 ex
759 4674 870 4732 Deo
895 4678 1048 4735 nobis
1072 4689 1185 4749 est,
1209 4698 1351 4743 nunc
1386 4685 1517 4745 fides
1541 4697 1794 4758 operatur
1818 4707 1915 4762 per
1944 4693 2084 4751 dile-

507 4761 737 4823 ctionem
767 4764 961 4839 (Galat.
994 4786 1046 4836 v,
1075 4773 1153 4844 ϐ).
1180 4774 1235 4829 ld
1259 4784 1437 4835 autem
1468 4791 1721 4849 operatur
1745 4783 1787 4852 °,
1815 4761 2084 4855 quomodo

507 4855 783 4935 perveniat
821 4858 979 4915 homo
1011 4862 1077 4921 ad
1103 4879 1225 4922 eum
1245 4907 1260 4932 ,
1289 4866 1344 4923 in
1371 4884 1531 4940 quem
1561 4874 1722 4929 modo
1748 4891 1854 4933 non
1892 4878 2084 4937 videns

506 4945 710 5042 credit;
736 4963 895 5042 quem
918 4967 1043 5013 cum
1067 4956 1275 5026 viderit,
1312 4970 1439 5029 tunc
1462 4965 1606 5034 quod
1629 4972 1748 5022 erat
1774 4968 1829 5023 in
1859 4969 1962 5026 tlde
1984 4987 2084 5042 per

505 5036 781 5128 speculum
812 5039 864 5096 in
903 5043 1219 5115 aenigmate,
1242 5050 1355 5121 jam
1383 5054 1487 5110 erit
1522 5054 1576 5111 in
1619 5060 1800 5128 specie
1838 5036 2079 5121 facie-ad

505 5123 692 5183 faciem
746 5129 803 5202 (Ι
836 5130 953 5195 Cor.
998 5151 1120 5202 ιω,
1167 5138 1258 5212 l2)
1301 5159 1318 5199 :
1357 5152 1483 5201 tunc
1516 5123 1820 5218 perﬁcietur
1872 5162 1929 5209 et
1968 5155 2079 5225 ipsa

1535 5623 1644 5671 Ias.
1702 5625 1756 5670 α
1824 5623 2075 5674 "timeo-

1128 347 1401 408 GONTRA
1437 347 1621 406 DUAS
1660 345 2037 409 EPISTOLAS
2070 346 2626 423 PWORUM,
2666 353 2725 412 S.
2765 355 3135 417 AUGUSTINI

2210 465 2444 533 dilectio.
2492 466 2661 535 Nimis
2710 472 2905 545 quippe
2951 473 3263 551 insipienter
3304 473 3533 546 didtur,
3574 485 3787 539 tantum

2207 560 2376 623 amari
2414 560 2582 623 Deum'
2612 572 2896 637 antequam
2926 565 3203 633 videatur,
3229 574 3491 639 quantum
3516 570 3788 633 ambitur

2206 662 2328 705 cum
2355 650 2637 717 videbitur.
2669 653 2834 711 Porro
2861 655 2909 713 si
2935 656 2990 713 in
3030 655 3129 714 hac
3153 658 3259 715 vita
3278 698 3294 726 ,
3334 661 3420 730 pio
3444 661 3661 725 nemine
3683 661 3791 720 duo
3817 693 3823 697 -

2206 741 2444 810 bitante,
2475 752 2673 817 quanto
2706 748 2933 818 amplius
2970 750 3239 823 diligimus
3277 751 3483 822 Deum,
3508 761 3657 815 tanto
3686 770 3791 811 sn-

2206 849 2325 907 mus
2366 836 2549 906 utique
2581 837 2873 911 justiores;
2898 841 3016 911 quis
3043 841 3283 911 dubitet,
3322 844 3464 913 piam
3494 860 3792 918 veramque

2201 924 2482 997 justitiam,
2512 943 2633 984 cum
2659 929 2818 989 fuerit
2840 932 3055 993 dilectio
3089 934 3185 991 Dei
3209 935 3442 1005 perfecta
3460 978 3477 1005 ,
3507 946 3629 1005 tunc
3654 954 3790 1010 pera

2208 1014 2293 1070 lici
2313 1016 2337 1069 τ
2361 1017 2510 1075 Tunc
2536 1034 2665 1090 ergo
2692 1021 2800 1089 lex,
2833 1021 2902 1079 ita
2928 1031 2986 1078 ut
3009 1024 3141 1089 nihil
3160 1026 3380 1091 munitm
3404 1027 3561 1096 desit,
3591 1030 3793 1099 imple-

2206 1106 2380 1175 bitur;
2425 1110 2577 1180 cujus
2613 1113 2771 1184 legis,
2816 1115 3106 1175 secundum
3142 1118 3492 1186 Apostolutn,
3519 1121 3795 1192 plenitudo

2206 1197 2405 1255 dilectio
2424 1210 2496 1255 est
2526 1200 2701 1272 (Rom.
2731 1219 2821 1267 xnt
2842 1246 2857 1272 ,
2882 1203 2992 1279 l0).
3024 1207 3101 1260 Ac
3131 1223 3225 1277 per
3251 1208 3354 1267 hoc
3375 1226 3497 1267 cum
3522 1212 3791 1281 dixisset,

2207 1287 2328 1345 Non
2358 1291 2543 1346 habens
2565 1310 2723 1353 mam
2750 1296 3026 1363 iustitiam,
3050 1314 3163 1368 qua
3195 1317 3258 1355 ex
3287 1301 3398 1371 lege
3423 1311 3522 1369 est,
3547 1305 3637 1361 sed
3671 1322 3790 1362 eam

2203 1397 2315 1451 quia
2355 1392 2425 1436 est
2457 1400 2547 1455 per
2585 1384 2740 1452 ﬁdem
2769 1383 2994 1455 Christi,
3021 1405 3134 1459 qua:
3160 1400 3233 1445 est
3255 1407 3317 1445 ea:
3344 1391 3457 1447 Deo
3485 1394 3691 1463 justitia
3729 1396 3793 1455 in

2204 1473 2338 1541 ﬁde;
2365 1474 2554 1533 deinde
2580 1477 2853 1545 subjunxit
2870 1520 2885 1544 ,
2912 1480 2993 1534 Ad
3012 1484 3409 1550 cognoscendum
3428 1502 3545 1539 eum
3563 1527 3581 1553 ,
3606 1496 3653 1543 et
3682 1488 3791 1543 sir-

2205 1572 2356 1619 tutem
2386 1569 2763 1625 resurrectionis
2795 1571 2935 1641 ejus,
2966 1580 3015 1626 et
3042 1574 3542 1631 cauuuuuiwtiouem
3583 1579 3787 1647 passio-

2204 1671 2326 1710 num
2367 1658 2499 1728 ejus.
2541 1659 2665 1716 Haec
2700 1662 2877 1719 omnia
2916 1664 3151 1729 nondum
3194 1667 3347 1735 plena
3376 1678 3431 1723 et
3471 1668 3701 1738 perfecta
3730 1671 3790 1731 in

2204 1751 2459 1821 Apostolo
2485 1762 2656 1820 erant,
2683 1754 2778 1811 sed
2806 1765 3052 1824 tanquam
3077 1758 3234 1812 invia
3272 1760 3479 1828 positus
3498 1761 3567 1816 ad
3594 1777 3787 1823 eorum

2205 1842 2588 1912 plenitudinem
2639 1845 3121 1918 perfectionemque
3159 1850 3431 1911 currebat.
3473 1850 3608 1907 Nam
3649 1868 3790 1925 quo-

2205 1934 2363 1989 modo
2400 1935 2514 2005 jam
2560 1936 2791 2004 perfecte
2830 1950 3152 2010 cognoverat
3186 1938 3489 2008 Christum,
3520 1944 3611 2015 qui
3652 1945 3787 2003 dicit

2202 2026 2306 2082 alio
2331 2028 2448 2083 loco
2469 2069 2484 2093 ,
2516 2026 2671 2087 Nunc
2693 2030 2796 2091 scio
2834 2046 2896 2091 ea;
2929 2040 3100 2103 parte,
3131 2040 3249 2095 tunc
3286 2043 3453 2097 autem
3479 2051 3787 2108 cognoscam

2202 2120 2330 2175 sicut
2355 2128 2404 2176 et
2425 2122 2655 2194 cognitus
2690 2139 2804 2185 sum
2832 2120 3031 2196 (lCor.
3072 2140 3199 2191 xm,
3238 2126 3365 2200 l2)?
3405 2128 3470 2183 Et
3509 2129 3787 2199 quomodo

2198 2212 2310 2282 jam
2332 2211 2567 2284 perfecte
2586 2224 2910 2286 cognoverat
2932 2216 3187 2279 virtutem
3205 2219 3320 2289 ejus
3347 2221 3782 2287 resurrectionis,

2202 2305 2286 2359 cui
2332 2306 2567 2362 restabat
2608 2307 2623 2338 ³
2669 2322 2787 2364 eam
2832 2308 3038 2379 plenius
3085 2319 3328 2380 tempore
3370 2313 3787 2375 resurrectionis

2201 2397 2378 2459 carnis
2405 2398 2729 2470 experiendo
2757 2402 3121 2472 cognoscere?
3146 2402 3211 2463 Et
3230 2402 3496 2475 quomodo
3513 2405 3625 2474 jam
3656 2420 3789 2476 pera

2201 2487 2342 2551 lecte
2368 2498 2690 2561 cognoverat
2715 2492 3250 2555 communicationem
3281 2495 3585 2566 passionum
3620 2495 3745 2568 ejus
3765 2536 3787 2567 ,

2202 2580 2437 2637 nondum
2461 2597 2556 2653 pro
2580 2582 2674 2639 illo
2700 2583 2998 2653 passionem
3027 2586 3214 2643 mortis
3233 2586 3514 2657 expertus?
3541 2586 3789 2658 Denique

2201 2671 2347 2727 addit
2371 2680 2425 2729 et
2443 2672 2569 2731 dicit
2592 2692 2609 2730 :
2633 2674 2692 2730 Si
2716 2692 2813 2746 quo
2836 2675 2985 2735 modo
3005 2693 3266 2739 occurrant
3286 2678 3342 2739 in
3369 2677 3787 2739 resurrectionem

2200 2774 2529 2827 mortuorum.
2570 2766 2649 2827 Ac
2681 2766 2875 2825 deinde
2900 2768 3002 2825 ait“
3041 2767 3163 2827 Non
3197 2768 3447 2841 quiajum
3468 2770 3785 2841 acceperim.

2201 2865 2289 2917 aut
2300 2860 2415 2930 jam
2439 2863 2685 2932 perfectus
2711 2861 2825 2917 sim.
2846 2861 2982 2931 Quid
3002 2878 3129 2935 ergo
3148 2878 3208 2921 se
3234 2863 3517 2927 conﬁtetur
3544 2864 3787 2922 nondum

2200 2950 2470 3022 accepisse
2492 2991 2506 3015 ,
2538 2961 2593 3009 et
2615 2952 2670 3015 in
2700 2967 2805 3023 quo
2831 2953 3070 3013 nondum
3103 2970 3226 3015 esse
3248 2955 3567 3027 perfectum,
3597 2958 3700 3021 nisi
3725 2959 3788 3017 il

2201 3054 2267 3097 ea
2291 3042 2311 3071 ²
2334 3041 2539 3111 justitia
2564 3082 2583 3111 ,
2618 3059 2738 3115 quae
2777 3060 2845 3103 ex
2885 3045 2996 3107 Deo
3039 3055 3157 3116 est,
3196 3063 3354 3119 quam
3392 3051 3788 3121 concupiscens

2201 3131 2372 3187 noluit
2411 3149 2560 3188 suum
2601 3133 2835 3205 habere,
2878 3152 2999 3209 quae
3032 3154 3101 3199 ex
3138 3138 3257 3211 lege
3292 3141 3414 3199 est?
3458 3141 3594 3201 Hinc
3631 3143 3786 3207 enim

2200 3221 2534 3294 loquebatur,
2556 3234 2610 3281 et
2635 3226 2734 3283 ista
2753 3225 2854 3287 fuit
2872 3243 3033 3285 causa
3053 3240 3109 3286 ut
3130 3230 3247 3293 ιιωθ
3269 3232 3491 3301 diceret,
3521 3235 3786 3297 resistens

2202 3316 2430 3373 inimicis
2451 3320 2635 3390 gratiae
2661 3321 2757 3377 Dei
2783 3321 2825 3391 ⁸,
2849 3338 2946 3393 pro
2969 3340 3072 3395 qua
3099 3325 3369 3397 largieuda
3388 3328 3676 3389 cruciﬁxus
3694 3339 3787 3389 est

2200 3407 2442 3473 Christus
2469 3428 2484 3466 :
2512 3428 2580 3469 ex
2603 3429 2828 3483 quorum
2856 3414 2878 3445 ⁸
2904 3432 3100 3488 genere
3126 3420 3287 3483 etiam
3314 3421 3405 3483 isti
3431 3430 3575 3485 sunt.

2269 3500 2359 3555 22.
2387 3502 2519 3558 Nam
2543 3519 2610 3559 ex
2637 3519 2744 3576 quo
2763 3504 2882 3562 loco
2900 3509 3131 3578 suscepit
3156 3508 3272 3567 hanc
3290 3509 3489 3577 dicere,
3510 3511 3591 3569 sic
3613 3526 3783 3571 elor-

2200 3604 2289 3647 sus
2316 3600 2397 3647 est
2429 3610 2442 3646 :
2484 3592 2655 3649 Videte
2681 3610 2860 3665 canes,
2891 3596 3051 3652 uidete
3086 3599 3248 3659 malos
3286 3600 3580 3673 oper'an'os,
3616 3602 3787 3660 videte

2199 3684 2551 3743 concisionem.
2573 3684 2686 3743 Nos
2704 3689 2837 3743 enim
2852 3706 3023 3749 sumus
3036 3691 3355 3756 circumcisio
3367 3693 3454 3763 qui
3467 3694 3650 3764 spiritu
3669 3694 3784 3752 Deo

2197 3776 2459 3846 servimus,-
2477 3780 2559 3839 vel
2583 3780 2720 3837 sicut
2740 3782 2980 3845 nonnulli
2998 3783 3210 3843 codices
3226 3784 3443 3855 habent,
3460 3786 3550 3857 qui
3570 3787 3784 3858 spiritui

2197 3866 2309 3931 Deo
2327 3908 2344 3939 ,
2367 3870 2448 3925 vel
2473 3871 2675 3945 spiritui
2703 3871 2795 3929 Dei
2815 3874 3091 3945 seruitutis;
3119 3885 3165 3935 ct
3189 3875 3473 3948 gloriantur
3496 3877 3549 3943 in
3576 3878 3787 3943 Christo

2195 3955 2356 4024 Jesu,
2387 3968 2562 4016 etnon
2597 3962 2840 4019 iit-carne
2883 3965 3110 4034 ﬁdentes.
3151 3965 3289 4027 Hinc
3329 3968 3670 4031 manifestum
3694 3980 3787 4033 est

2195 4049 2452 4111 adversus
2475 4050 2690 4111 Judzeos
2709 4069 2831 4113 eum
2852 4070 3029 4127 agere,
3054 4058 3146 4131 qui
3171 4060 3457 4121 camaliter
3479 4061 3786 4126 observan-

2196 4148 2278 4201 tes
2306 4143 2475 4213 legem
2498 4183 2515 4212 ,
2558 4152 2612 4200 et
2645 4158 2797 4205 suam
2826 4146 3087 4218 justitiam
3131 4149 3370 4209 volentes
3409 4153 3781 4224 wnstituere,

2195 4232 2575 4291 occidebantur
2602 4233 2797 4307 littera,
2831 4252 2941 4292 non
2964 4238 3365 4301 viviﬁcabuntur
3390 4243 3614 4313 spiritu;
3640 4253 3697 4307 et
3724 4246 3784 4307 in

2194 4338 2254 4381 se
2281 4324 2659 4399 gloriabantur,
2689 4343 2811 4385 cum
2835 4330 3079 4400 Apostoli
3109 4343 3165 4391 et
3187 4349 3374 4394 omnes
3402 4337 3787 4407 promissionis

2194 4415 2286 4471 lilii
2313 4413 2669 4491 gloriarentur
2696 4420 2747 4476 in
2775 4420 3011 4487 Christo.
3042 4426 3244 4483 Deinde
3280 4429 3509 4499 subjecit
3535 4447 3552 4485 :
3586 4430 3785 4502 Quaa-

2191 4524 2343 4577 quam
2371 4526 2462 4591 ego
2500 4510 2709 4573 habeant
2739 4515 2981 4585 ﬁduciam
3012 4518 3067 4573 in
3092 4535 3246 4585 come
3275 4536 3295 4585 ε
3322 4522 3370 4579 si
3404 4524 3518 4595 quis
3553 4523 3696 4583 alius
3724 4528 3786 4584 in

2191 4614 2344 4654 carne
2373 4610 2517 4670 putat
2534 4618 2587 4661 se
2610 4604 2851 4675 ﬁduciam
2872 4606 3074 4681 habere,
3105 4611 3266 4683 magis
3292 4629 3406 4685 ego.
3440 4614 3510 4675 Et
3540 4630 3785 4677 eoum.

2192 4704 2317 4745 rans
2342 4692 2521 4747 omnia
2549 4710 2668 4766 quae
2706 4698 3004 4756 secundum
3043 4715 3259 4769 carnem
3286 4704 3484 4765 habent
3506 4706 3747 4777 gloriam
3764 4752 3787 4781 ,

2190 4782 2257 4837 ad
2284 4783 2415 4843 illud
2446 4787 2765 4858 terminavit,
2789 4791 2880 4847 ubi
2913 4793 2989 4849 ait
3019 4810 3033 4848 :
3067 4793 3362 4855 Secundum
3376 4800 3636 4870 justitiam
3657 4820 3787 4873 qua

2189 4873 2245 4929 in
2279 4873 2386 4948 lege
2409 4887 2518 4947 est,
2549 4880 2636 4951 qui
2672 4883 2855 4955 fuerim
2879 4885 2988 4941 sine
3013 4888 3234 4959 querela.
3277 4889 3347 4949 Et
3376 4906 3495 4953 cum
3522 4892 3640 4955 haec
3672 4898 3787 4955 sibi

2190 4968 2409 5026 omnino
2435 4970 2631 5037 damna
2654 4967 2713 5031 et
2738 4974 3057 5041 detrimenta
3076 4989 3132 5037 et
3155 4991 3390 5039 stercora
3418 4984 3580 5047 fuisse
3602 4986 3780 5047 diuisa

2189 5069 2305 5130 set,
2334 5070 2395 5119 ut
2417 5062 2690 5125 Christum
2719 5067 3055 5129 lucrifaceret
3077 5110 3091 5136 ,
3119 5072 3315 5143 adjecit
3340 5076 3480 5137 unde
3500 5080 3678 5148 agitur
3705 5082 3729 5114 ⁵
3769 5102 3785 5140 z

2189 5149 2258 5205 Et
2285 5152 2511 5209 inveniar
2543 5155 2599 5213 in
2624 5156 2714 5211 illo
2740 5174 2841 5213 non
2868 5159 3057 5217 habens
3076 5163 3328 5234 justitiam
3357 5183 3551 5237 malm.
3572 5186 3695 5238 qua
3718 5189 3791 5229 ea

2187 5243 2296 5319 lege
2322 5255 2395 5301 est
2417 5287 2434 5316 ,
2455 5246 2545 5309 sed
2568 5264 2678 5305 eam
2706 5265 2820 5322 σαψ
2840 5260 2916 5307 est
2942 5270 3035 5324 per
3058 5252 3215 5324 ﬁdem
3236 5255 3453 5326 Christi.
3478 5275 3591 5330 qua
3612 5273 3695 5321 est
3715 5282 3789 5321 es

2187 5335 2317 5401 Deo.
2342 5338 2507 5412 Hujus
2535 5356 2663 5413 ergo
2684 5341 2907 5414 iustitia:
2932 5346 3346 5420 mulionem.
3378 5366 3499 5424 qua
3522 5368 3632 5415 non
3664 5358 3789 5417 erit

2250 5560 2514 5637 1949i“?
2536 5568 2852 5637 ωοξῖἒξεαεο
2879 5624 2892 5637 .

2244 5624 2268 5717 i
2444 5624 3020 5740 sociatae:

2290 5719 2425 5746 κω,
2444 5719 2528 5735 υ...
2542 5719 2639 5737 η...
2656 5719 2713 5737 η.
2735 5719 2860 5750 ιω...
2885 5719 2995 5740 μω.

2244 5744 2870 5824 ἷξες-ιξέσιφθεηετεκ
3003 5812 3015 5824 .
3150 5813 3178 5824 ._
3344 5816 3355 5824 .
3410 5812 3415 5822 .

2243 5808 2265 5841 ⁸
2288 5815 2340 5860 In
2361 5808 2750 5863 editlsomissum
2773 5812 3045 5876 erat,“
3074 5812 3560 5879 “diutini
3585 5823 3706 5873 ιιι.
