4038 6474
224 545 324 602 nisi
362 543 416 598 in
445 539 540 595 illa
583 535 845 596 eminenti
881 535 1101 590 scientia
1126 528 1358 600 Christi,
1391 533 1609 604 propter
1644 541 1801 604 quam

226 635 324 692 sibi
353 633 488 687 dixit
516 632 698 686 omnia
723 629 971 684 damnum
995 639 1134 691 esse,
1168 625 1400 680 nonduin
1425 639 1484 680 se
1507 625 1801 694 accepisse,

226 725 500 785 confessus
530 731 644 788 est,
675 727 729 778 et
753 723 1036 792 propterea
1066 718 1301 773 nendum
1331 733 1449 774 esse
1488 719 1801 788 perlectum.

229 818 424 889 Sequor
443 825 632 881 autem,
663 814 849 885 inquit,
873 813 916 866 si
936 811 1330 883 apprehendam,
1360 814 1412 864 in
1435 825 1532 880 quo
1554 807 1600 864 et
1618 823 1804 880 appre-

229 911 407 964 hensus
437 921 552 961 sum
579 923 610 958 a
645 903 843 960 Christo
877 901 1016 958 Jestt.
1053 901 1181 956 Tale
1205 908 1285 954 est
1305 941 1317 965 ,
1347 899 1719 972 apprehendam
1754 900 1808 953 in

229 1015 322 1070 quo
350 1006 397 1053 et
420 997 770 1067 apprehensus
809 1001 958 1059 sunt;
994 991 1151 1064 quale
1193 999 1308 1058 est,
1353 1001 1648 1064 cognoscam
1678 993 1808 1045 sicut

229 1100 274 1144 et
297 1090 525 1160 cognitus
567 1101 698 1142 sum.
742 1084 979 1150 Fratres,
1015 1085 1210 1155 inquit,
1259 1097 1349 1154 ego
1388 1099 1467 1137 me
1503 1083 1669 1152 ipsum
1708 1091 1808 1137 non

231 1183 444 1236 arbitror
469 1177 860 1252 apprehendisse
890 1187 908 1232 .‘
934 1182 1088 1231 unum
1110 1181 1275 1229 autem
1294 1218 1309 1242 ,
1349 1183 1460 1244 quis
1495 1185 1630 1229 retro
1653 1183 1768 1227 sunt
1789 1216 1805 1241 ,

233 1274 432 1338 oblitus,
455 1273 508 1325 iu
535 1288 592 1324 ea
611 1279 726 1341 qua!
743 1275 857 1322 ante
880 1277 994 1323 sunt
1012 1275 1261 1330 extentus,
1284 1268 1555 1320 secundum
1577 1267 1818 1320 intentio?

234 1381 342 1420 nem
361 1378 542 1434 sequor
560 1360 628 1414 ad
648 1358 868 1431 palmam
888 1367 1118 1429 superna?
1136 1359 1406 1412 vocationis
1429 1347 1522 1411 Dei
1542 1357 1593 1410 tu
1612 1355 1810 1412 Christo

235 1457 377 1511 Iesu.
406 1453 554 1510 Ordo
582 1453 866 1508 verborum
887 1461 989 1517 est,
1014 1461 1166 1503 ununt
1187 1461 1353 1504 autem
1377 1455 1571 1520 sequor.
1604 1450 1679 1502 De
1706 1461 1810 1518 quo

235 1565 339 1603 uno
372 1548 510 1602 bene
552 1545 862 1615 intelligitur
897 1549 951 1598 et
995 1543 1246 1597 Donninus
1285 1542 1627 1596 admonuisse
1668 1541 1810 1594 Mar-

238 1641 398 1706 tbam,
424 1639 511 1692 ubi
539 1639 612 1691 ait
642 1641 656 1692 :'
687 1629 914 1700 Martha,
939 1634 1165 1699 Martha,
1189 1634 1405 1687 sollicita
1425 1639 1494 1697 et,
1523 1639 1569 1687 et
1591 1634 1812 1687 turbaris

237 1733 368 1785 circa
406 1731 661 1800 plurima;
701 1744 850 1797 parra
887 1743 1042 1780 unum
1081 1737 1152 1781 cst
1190 1729 1522 1780 necessarium
1559 1727 1707 1798 (Luc.
1736 1739 1771 1780 x
1794 1768 1808 1793 ,

238 1823 295 1876 4i
321 1864 336 1887 ,
367 1821 480 1889 42).
514 1820 624 1872 lloc
654 1819 752 1872 iste
787 1818 968 1872 volens
1008 1819 1440 1888 apprehendere,
1478 1826 1724 1888 tanquam
1757 1818 1809 1872 in

238 1912 319 1965 via
343 1910 697 1975 constitutus,
726 1910 874 1978 sequi
918 1917 975 1964 se
1011 1909 1150 1963 ditit
1192 1907 1258 1962 ad
1304 1909 1529 1979 palmam
1566 1915 1810 1977 supernae

240 2003 530 2057 vocationis
563 2001 652 2055 Dei
680 2002 732 2055 in
754 2001 968 2054 Christo
991 1999 1136 2056 Jcsu.
1161 2000 1289 2069 Quis
1311 2009 1486 2054 autem
1509 1997 1808 2065 cunctetur,

239 2107 354 2149 eum
382 2093 481 2146 hoc
501 2090 643 2161 quod
671 2092 819 2160 sequi
845 2105 904 2146 se
933 2095 1202 2146 asseverat
1231 2091 1662 2161 apprehenderit,
1690 2097 1813 2143 tunc

243 2186 537 2241 habiturum
569 2197 690 2238 cum
712 2226 726 2250 ,
753 2183 1005 2259 justitiam
1034 2183 1292 2251 mqtialein
1336 2181 1556 2252 jilSliiitc
1597 2189 1812 2234 sancto-

239 2289 351 2331 rum
383 2274 733 2344 Ang‘eiorum,
762 2261 985 2343 quorum
1017 2273 1280 2326 hominem
1309 2274 1489 2342 utique
1518 2279 1584 2325 ne
1613 2272 1814 2339 magni-

241 2366 419 2421 tudine
447 2364 830 2420 rerelationem
858 2363 1160 2427 extollatur,
1194 2371 1393 2416 satana:
1422 2363 1641 2431 angelus
1666 2364 1812 2416 cola-

242 2456 451 2527 phizat?
475 2453 682 2510 Deinde
705 2455 1000 2508 admonens
1019 2460 1111 2508 eos
1137 2454 1222 2523 qui
1248 2461 1464 2522 possent
1492 2453 1631 2507 illius
1659 2454 1816 2521 justl-

242 2546 324 2599 tlte
365 2545 704 2614 plenitudine
739 2544 847 2614 jam
889 2555 949 2598 se
988 2553 1172 2612 putare
1217 2544 1512 2612 permotos,
1564 2544 1814 2615 Quotquot

239 2651 370 2706 ergo,
394 2635 588 2703 inquit,
615 2635 840 2704 perfecti,
869 2635 963 2686 hac
984 2637 1240 2704 sapiamus
1270 2639 1287 2686 ἑ
1316 2637 1563 2702 tauquam
1588 2635 1811 2694 (liceret.

242 2723 294 2780 Si
314 2724 610 2780 secundum
642 2725 871 2779 hominis
893 2726 1131 2778 mortalis
1160 2726 1505 2793 capacitatem
1539 2731 1634 2795 pro
1659 2725 1816 2796 hujus

240 2816 354 2870 vita:
379 2815 605 2869 modulo
632 2813 852 2884 perfecti
883 2829 1066 2870 sumus
1086 2854 1101 2878 ,
1129 2814 1194 2867 ad
1232 2814 1400 2883 ipsam
1436 2817 1812 2883 perfectionem

240 2907 336 2962 hoc
358 2917 580 2978 quoque
610 2905 878 2976 pertinere
914 2907 1300 2977 intelligamus,
1335 2916 1389 2961 ut
1427 2893 1663 2977 angelica
1692 2905 1813 2972 illa,

239 3007 353 3069 qua
379 2999 434 3053 In
461 2998 663 3053 (inrisu
691 2998 1116 3053 manilbstatlon‘e
1139 2999 1291 3053 nobis
1312 3001 1412 3054 erit
1432 3001 1657 3070 jusﬁtia,
1684 3007 1817 3054 uou-

241 3088 356 3146 dum
387 3101 493 3146 nos
521 3089 788 3160 perfectos
812 3097 932 3146 esse
953 3092 1241 3160 sapiamus.
1275 3089 1344 3144 Et
1363 3091 1547 3162 siquid
1565 3094 1714 3146 aliter
1737 3109 1821 3147 sa-

241 3181 371 3249 pitis,
405 3179 601 3250 inquit,-
640 3181 734 3233 hoc
758 3193 950 3248 quoque
975 3179 1113 3234 volvit
1141 3180 1275 3234 Deus
1298 3181 1550 3234 reuelabit.
1581 3183 1819 3250 Quomo-

240 3271 339 3340 do,
367 3272 474 3326 nisi
512 3271 907 3326 ambulantibus
936 3278 992 3325 et
1023 3272 1420 3341 proﬁcientibus
1450 3273 1500 3326 in
1545 3273 1626 3328 tia
1661 3276 1819 3329 rectae

240 3360 384 3427 Hei,
413 3361 592 3417 donec
619 3358 729 3414 ista‘
751 3363 1107 3430 peregrinatio
1144 3362 1374 3430 ﬁniatur,
1403 3372 1457 3418 et
1493 3365 1560 3418 ad
1586 3367 1819 3434 speciem

239 3455 524 3511 veniatur?
551 3454 706 3510 Unde
728 3465 1115 3524 consequenter
1135 3456 1374 3525 adjunin
1401 3473 1414 3511 :
1448 3456 1816 3523 Verumtamen,

239 3549 290 3601 iit
314 3549 371 3602 id
391 3547 534 3620 quod
563 3549 902 3618 pervenimus,
931 3549 982 3600 ill
1014 3555 1072 3601 ἕο
1106 3548 1434 3602 ambulemus.
1470 3548 1670 3604 Deinde
1696 3555 1824 3604 cott-

240 3639 422 3704 cludit,
455 3647 512 3692 ut
533 3643 824 3692 caveantur
851 3639 949 3701 Illi,
973 3635 1042 3692 de
1060 3639 1250 3708 quibus
1273 3640 1356 3694 hic
1381 3639 1530 3694 locus
1561 3639 1823 3697 sermonis

243 3731 354 3801 ejus
378 3732 612 3799 sumpsit
633 3730 909 3785 exordium
942 3745 956 3784 :
991 3725 1277 3785 imitatores
1306 3731 1433 3794 inti,
1470 3729 1658 3804 inquit,
1693 3741 1824 3788 esto-

245 3831 320 3887 te,
346 3827 530 3892 fratres
551 3863 566 3887 ,
596 3825 644 3876 et
663 3821 905 3874 intendite
928 3827 1009 3875 eos
1035 3823 1118 3891 qui
1156 3822 1227 3875 sit
1254 3822 1539 3888 titubatum,
1573 3823 1701 3877 sicut
1730 3826 1825 3878 Ita-

246 3910 365 3965 bstis
386 3915 607 3982 formam
638 3919 879 3966 nostram.
919 3911 1068 3965 Multi
1095 3913 1228 3965 enim
1251 3914 1534 3980 ambulant,
1565 3917 1627 3968 de
1649 3917 1828 3988 quibus

244 4015 376 4070 sepe
398 4002 628 4054 dicebam
649 4002 806 4066 vobis,
831 4007 964 4055 nunc
982 4001 1129 4056 etiam
1149 4005 1276 4072 ﬂens
1299 4003 1432 4066 dico,
1462 4007 1688 4060 inimicos
1711 4009 1827 4061 bru-

247 4093 317 4146 cil
345 4093 571 4158 Christi,
604 4101 816 4162 quorum
854 4095 972 4158 [illis
1004 4102 1074 4146 est
1101 4094 1330 4148 hilaritas
1357 4089 1612 4166 (Pniiipp.
1647 4099 1703 4150 Ill
1723 4139 1736 4162 ,
1762 4098 1827 4151 2-

249 4184 360 4254 19),
403 4193 462 4238 et
505 4191 718 4238 caetera.
755 4185 832 4238 Illi
879 4186 973 4252 ipsi
1017 4194 1175 4249 sunt,
1225 4185 1292 4239 tle
1335 4187 1524 4255 quibus
1570 4189 1828 4258 incipiens

249 4275 488 4342 dixerat,
527 4273 702 4328 Videte
726 4277 874 4330 canes
893 4318 906 4336 ,
943 4277 1104 4329 videte
1127 4278 1286 4328 "talos
1312 4279 1572 4344 operarios
1593 4320 1606 4343 ,
1652 4288 1705 4333 et
1741 4295 1827 4334 se-

249 4369 484 4439 quentia.
524 4367 726 4423 Omnes
766 4370 944 4436 itaque
980 4375 1106 4423 sunt
1139 4369 1337 4422 inimici
1381 4371 1552 4423 crucis
1591 4369 1826 4436 Christi,

249 4461 337 4530 qni
363 4460 607 4515 volentes
634 4460 957 4513 constituere
983 4466 1132 4513 suam
1160 4460 1415 4528 justitiam
1433 4502 1445 4524 ,
1479 4473 1596 4530 quae
1625 4479 1687 4518 ex
1716 4463 1832 4533 lege

251 4559 365 4616 est,
393 4550 448 4606 id
475 4560 596 4616 est,
629 4549 804 4604 littera
846 4559 1046 4603 tantum
1074 4552 1292 4621 jubente
1313 4591 1325 4613 ,
1370 4567 1476 4605 non
1507 4555 1694 4620 spiritu
1727 4556 1833 4608 im-

251 4642 430 4712 plente
455 4679 470 4706 ,
507 4641 728 4710 iustitia!
773 4641 867 4694 Dei
909 4656 1012 4694 non
1043 4652 1168 4694 sunt
1197 4643 1440 4711 subjecti.
1481 4643 1542 4697 Si
1580 4647 1712 4698 enim
1747 4647 1836 4718 qui

252 4748 342 4801 per
364 4732 528 4802 legem
548 4771 562 4794 ,
590 4730 811 4783 luteas:
844 4741 995 4794 sunt;
1023 4731 1276 4784 exinanita
1296 4742 1367 4784 est
1395 4734 1520 4800 fides
1549 4735 1722 4805 (Rom.
1751 4753 1830 4804 Iv,

254 4823 364 4892 16).
397 4820 460 4876 Si
491 4837 581 4891 per
600 4821 760 4890 legem
781 4820 981 4890 justitt'a
1001 4861 1012 4884 ,
1036 4836 1154 4890 ergo
1179 4819 1406 4874 Christus
1427 4825 1583 4891 gratis
1614 4835 1836 4880 mortuus

253 4923 325 4969 est
353 4912 554 4983 (Galat.
584 4927 638 4975 ιι,
665 4911 783 4982 3i),
807 4927 924 4981 ergo
951 4921 1242 4964 evacuatum
1266 4923 1336 4964 est
1358 4915 1654 4967 scandalum
1678 4923 1838 4972 crucis

255 5004 368 5076 (Id.
398 5019 468 5071 v,
502 5004 620 5073 ll).
645 5004 726 5056 Ac
751 5018 845 5071 per
871 5003 971 5055 hoc
999 5002 1075 5056 illi
1107 5002 1304 5056 inimici
1336 5013 1457 5057 sunt
1484 5007 1658 5059 crucis
1686 5007 1801 5076 ejus
1821 5051 1834 5072 ,

255 5101 346 5168 qui
374 5115 466 5167 per
491 5099 663 5167 legem
693 5097 876 5152 dicunt
911 5112 1029 5151 esse
1055 5097 1346 5166 justitiam,
1379 5097 1443 5152 ad
1474 5114 1630 5167 quam
1651 5102 1839 5170 jubere

257 5198 530 5265 pertinet,
580 5212 685 5250 non
729 5197 936 5267 juvare.
983 5197 1163 5252 Gratia
1215 5207 1341 5254 vero
1386 5200 1475 5252 Dei
1522 5215 1615 5268 per
1655 5199 1836 5254 Jesum

256 5289 526 5344 Christum
562 5291 842 5344 Dominum
870 5290 888 5322 ⁸
911 5291 964 5344 in
987 5291 1184 5360 Spiritu
1215 5299 1419 5359 sancto,
1451 5290 1665 5361 adjuvat
1690 5293 1838 5346 imir-

259 5383 496 5436 mitatem
521 5391 782 5436 nostram.

333 5473 421 5529 25.
466 5473 824 5540 Quamobrem
867 5475 954 5543 qui
998 5474 1287 5552 secundum
1327 5475 1587 5543 justitiam
1625 5491 1743 5546 qua:
1789 5477 1838 5530 in

261 5565 379 5635 lege
405 5574 519 5630 est,
551 5565 670 5620 sine
701 5563 802 5619 ﬁde
825 5567 1006 5635 gratia:
1034 5565 1224 5620 Christi
1255 5564 1413 5629 vivit,
1443 5566 1580 5621 sicut
1612 5582 1670 5622 se
1699 5569 1840 5636 Apo-

273 5744 290 5808 λ
337 5743 354 5774 ι
375 5741 513 5808 miti,
545 5739 634 5808 per
657 5746 823 5793 Jesum
859 5740 1100 5793 Christum
1133 5737 1387 5794 Dominum
1408 5749 1638 5796 nostrum.
1677 5747 1844 5808 Abest,

263 5803 497 5864 ῆοαηιπι,
521 5803 677 5854 eius.

1547 405 1751 476 mm

3381 429 3484 492 606

1913 533 2080 588 stolus
2105 525 2220 590 sine
2247 537 2461 608 querela
2491 540 2693 597 vixisse
2717 545 3102 600 cammcmm'at
3119 588 3132 611 ,
3165 539 3365 603 nullam
3390 564 3485 605 ve-

1910 633 2022 680 ratn‘
2055 628 2315 696 putandus
2335 635 2415 684 est
2440 621 2635 688 habere
2649 629 2906 704 justitiam
2934 653 2946 688 :
2971 643 3074 691 no’n
3101 633 3221 708 quia
3244 631 3331 694 lex
3356 653 3485 696 vera

1911 725 1962 771 et
1991 721 2172 772 sancta
2211 735 2315 773 non
2341 728 2452 785 est;
2485 722 2579 776 sed
2611 725 2733 793 quia
2765 720 2982 782 obedire
3017 725 3154 784 velle
3186 727 3378 785 littera:
3399 731 3487 802 ju-

1911 804 2085 869 benti,
2126 808 2242 862 sine
2276 809 2575 865 viviﬁcante
2615 814 2802 882 spiritu
2837 816 2955 882 Dei,
2997 813 3160 873 veluti
3190 833 3255 874 ex
3285 819 3487 877 viribus

1912 898 2066 954 liberi
2102 900 2337 965 arbitrii,
2378 902 2584 971 justitia
2623 915 2746 960 vera
2791 921 2893 962 non
2936 918 3038 965 est.
3080 911 3290 968 Justitia
3322 929 3485 982 vero,

1913 990 2199 1045 secundum
2237 1001 2392 1062 quam
2422 993 2596 1064 justus
2635 1011 2699 1050 cx
2743 995 2848 1052 ﬁde
2887 999 3053 1068 vivit,
3098 1004 3348 1071 quoniam
3396 1019 3492 1074 per

1913 1081 2154 1150 spiritum
2182 1085 2364 1152 gratia:
2395 1085 2594 1139 heminl
2621 1102 2687 1141 ex
2719 1088 2828 1142 Deo
2855 1089 2968 1155 est,
3002 1101 3124 1146 vera
3151 1091 3352 1162 jnStltia
3387 1103 3486 1149 est.

1913 1173 2040 1239 Quae
2067 1174 2190 1227 licet
2223 1190 2326 1229 non
2366 1178 2633 1232 immerito
2659 1179 2710 1232 in
2741 1179 3006 1250 aliquibus
3034 1182 3191 1252 justis
3214 1191 3308 1253 pro
3337 1181 3491 1254 hujus‘

1913 1265 2034 1319 vita!
2056 1268 2351 1335 capacitate
2383 1271 2614 1338 perlecta
2645 1271 2873 1340 dicimr,
2916 1277 3073 1342 parva
3107 1281 3283 1330 tamen
3318 1283 3398 1331 εει
3426 1277 3493 1331 ad

1914 1356 2055 1410 illam
2103 1363 2386 1428 magnam,
2430 1367 2590 1429 quam
2633 1363 2776 1431 capit
2823 1365 3099 1434 aequalitas
3148 1364 3491 1436 Angelo'rum'.

1915 1449 2079 1513 Quam
2109 1449 2198 1518 qui
2222 1449 2454 1504 nondum
2479 1451 2724 1518 habebat,
2757 1451 2812 1508 et
2839 1459 3057 1523 prepte‘r
3084 1453 3227 1509 illam
3250 1469 3368 1526 qua:
3383 1447 3492 1526 jam

1916 1541 2120 1606 inerat,
2148 1542 2435 1610 permotum
2457 1586 2470 1608 ,
2503 1551 2556 1598 et
2603 1555 2820 1616 propter
2850 1549 3002 1601 istam
3030 1563 3145 1618 quae
3187 1550 3359 1605 adhuc
3392 1551 3490 1606 de-

1915 1635 2056 1698 enlt,
2091 1636 2456 1702 imperfectum
2487 1651 2543 1691 se
2567 1651 2686 1692 esse
2716 1638 2946 1694 dicebat.
2987 1641 3090 1695 Sed
3133 1641 3287 1711 plane
3317 1645 3494 1699 minor

1916 1724 2016 1777 ista
2041 1725 2241 1794 iustitia
2284 1725 2408 1778 facit
2446 1727 2724 1793 meritum,
2754 1728 2925 1799 major
2965 1727 3053 1784 illa
3095 1727 3152 1785 lit
3193 1734 3491 1801 prmmlum.

1916 1812 2070 1868 Unde
2102 1815 2187 1883 qui
2216 1816 2370 1869 istam
2398 1829 2504 1870 non
2536 1817 2810 1886 sequitur,
2845 1819 2990 1873 illam
3031 1833 3134 1875 non
3175 1824 3494 1893 assequitur.

1916 1903 2173 1970 Quocirca
2210 1914 2330 1974 post
2367 1907 2816 1962 resurrectionem
2847 1909 3108 1977 hominis,
3140 1912 3368 1966 futuram
3396 1929 3496 1969 ne-s

1915 2005 2044 2064 gare
2065 1995 2282 2064 iustitia:
2305 1996 2706 2064 plenitudinem,
2727 2005 2782 2052 et
2809 2007 2994 2068 putare
3025 2009 3222 2055 tantam
3266 2002 3496 2058 mturam

1916 2098 2036 2141 esse
2061 2087 2320 2157 justitiam
2358 2089 2412 2142 in
2431 2101 2656 2159 corpore
2685 2091 2807 2144 vitas
2830 2083 2994 2159 illius,
3026 2097 3221 2162 quanta
3247 2107 3368 2149 esse
3399 2109 3494 2165 po-

1917 2187 2022 2234 test
2069 2181 2122 2235 iu
2158 2193 2384 2250 corpore
2421 2183 2610 2238 mortis
2652 2181 2843 2253 hujus,
2891 2183 3171 2240 dementiae
3216 2187 3500 2258 singularis

1916 2281 2018 2328 est.
2050 2273 2165 2328 Non
2207 2275 2383 2328 sutem
2421 2275 2529 2328 illic
2573 2273 2810 2345 incipere
2839 2276 3104 2345 homines,
3136 2281 3255 2348 quae
3285 2267 3369 2334 hic
3398 2289 3498 2334 no-

1917 2364 2110 2418 iuerint
2143 2357 2233 2419 Dei
2262 2363 2508 2419 mandata
2538 2366 2839 2435 complere,
2873 2367 3206 2422 verissimum
3236 2375 3337 2424 est.
3383 2369 3501 2424 Erit

1917 2459 2060 2511 enim
2099 2457 2501 2526 perfectissimae
2530 2460 2547 2490 ¹
2574 2459 2849 2527 plenitudo
2885 2461 3134 2529 justitlce,
3173 2476 3278 2516 non
3323 2473 3496 2518 tamen

1918 2547 2192 2602 botuiuum
2222 2549 2462 2602 mandata
2492 2551 2807 2603 sectantium
2829 2591 2842 2612 ,
2873 2559 2926 2604 et
2961 2552 3026 2604 ad
3051 2559 3167 2606 eam
3205 2553 3492 2621 plellitndi-

1919 2652 2040 2692 nem
2069 2637 2394 2706 proﬂciendo
2437 2639 2754 2704 nitentium;
2787 2639 2882 2692 sed
2924 2641 2976 2694 ln
3014 2641 3119 2695 ictu
3159 2643 3331 2709 oculi,
3366 2643 3500 2698 sicut

1921 2729 2032 2798 ipsa
2078 2728 2249 2782 futura
2293 2737 2377 2784 est
2416 2727 2740 2785 resurrectio
2777 2738 3110 2785 mortuorum
3153 2731 3203 2804 (Ι
3243 2731 3358 2786 Cor.
3399 2747 3495 2799 xv,

1920 2819 2012 2889 53)
2044 2836 2060 2873 :
2087 2820 2334 2888 quoniam
2377 2820 2465 2874 illa
2505 2820 2754 2890 perfecta
2793 2821 3100 2891 magnitudo
3123 2821 3379 2890 jnstitize,
3421 2824 3501 2878 eis

1920 2910 2008 2978 qui
2036 2909 2122 2964 hic
2150 2909 2397 2964 mandata
2424 2909 2666 2965 fecerant
2687 2951 2702 2977 ,
2732 2912 3008 2980 praemium
3034 2911 3246 2966 dabitur
3265 2954 3280 2979 ,
3313 2925 3422 2967 non
3447 2921 3501 2969 et

1921 3000 2038 3072 ipsa
2064 3001 2303 3056 iacienda
2335 3001 2692 3056 mandabitur.
2723 3001 2826 3057 Sed
2855 3005 2925 3056 ita
2956 3002 3179 3058 dixerim
3202 3045 3217 3068 ,
3249 3001 3502 3058 mandata

1922 3089 2184 3157 iecerant,
2215 3100 2276 3146 ut
2293 3091 2360 3146 ad
2390 3093 2500 3162 ipsa
2534 3092 2781 3147 mandata
2810 3093 3211 3148 meminerimus
3238 3095 3504 3163 pertinere

1922 3184 2216 3237 orationem
2245 3185 2290 3249 ',
2319 3183 2372 3237 in
2413 3187 2514 3253 qua
2549 3184 2786 3254 quotidie
2824 3186 3086 3239 veraciter
3112 3185 3296 3240 dicunt
3334 3187 3503 3240 sancti

1923 3271 2018 3327 ﬁlii
2044 3273 2411 3340 promiaionis
2431 3314 2446 3337 ,
2478 3284 2564 3337 et,
2605 3273 2726 3327 Fiat
2757 3274 2987 3328 voluntas
3017 3283 3136 3340 tua;
3165 3284 3257 3340 et,
3295 3269 3506 3329 Dimitte

1924 3363 2065 3418 nobis
2084 3365 2248 3418 debita
2270 3375 2441 3418 nostra
2468 3364 2677 3436 (Matth.
2701 3381 2775 3430 vr,
2810 3365 2877 3420 1ο
2889 3375 2936 3419 et
2956 3367 3066 3437 12).

1993 3454 2219 3510 CAPUT
2239 3454 2373 3510 VIII.
2399 3454 2575 3509 —-23.
2600 3454 2724 3508 Tria
2744 3457 3003 3526 praecipuo
3031 3456 3236 3510 Ws
3264 3453 3506 3527 P0109004

1925 3563 2006 3603 na
2025 3549 2212 3617 capita.
2250 3546 2465 3603 Nebulae
2489 3547 2884 3620 Pelagianorum
2909 3581 2924 3616 ,
2953 3559 3001 3604 at
3025 3549 3394 3604 calttmttitmutt
3416 3561 3504 3604 ca-

1928 3640 2033 3710 pita
2065 3639 2301 3709 quinque.
2340 3639 2470 3693 Cum
2508 3641 2670 3708 igitur
2703 3640 2970 3710 Pelagiani
3010 3641 3093 3694 his
3125 3651 3287 3711 atque
3317 3641 3506 3712 hujus;

1926 3730 2069 3784 moui
2114 3731 2353 3785 veritatis
2394 3733 2715 3786 testimoniis
2761 3742 2815 3786 et
2860 3734 3085 3788 vocibus
3119 3743 3407 3804 urgentur,
3440 3749 3512 3791 ne

1928 3829 2122 3890 negent
2145 3821 2402 3891 originale
2429 3830 2702 3890 peccatum
2724 3838 2739 3886 ;
2762 3829 2828 3876 ne
2853 3824 3077 3892 gratiam
3108 3823 3199 3879 Dei
3221 3833 3323 3894 qua
3346 3825 3509 3894 justi-i

1928 3910 2173 3978 ﬁcsmur,
2197 3925 2301 3965 non
2323 3913 2509 3980 gratis,
2533 3913 2626 3967 sed
2648 3914 2942 3972 secundum
2969 3917 3158 3970 merita
3181 3924 3362 3971 nostra
3393 3911 3509 3972 dari

1929 4002 2146 4066 dicunt;
2186 4018 2256 4058 ne
2284 4003 2336 4056 in
2378 4003 2598 4058 homine
2625 4006 2874 4069 mortali,
2920 4005 3213 4076 quamlibet
3247 4015 3432 4062 sancto
3457 4017 3512 4064 et

1932 4094 2067 4149 bene
2097 4105 2286 4165 agente
2304 4137 2318 4160 ,
2349 4106 2547 4150 tantam
2577 4097 2758 4152 dicant
2783 4101 2901 4153 este
2922 4099 3181 4169 justitiam
3203 4141 3219 4168 ,
3248 4107 3306 4155 ut
3324 4102 3374 4155 ei
3405 4113 3511 4156 non

1933 4185 2002 4238 sit
2038 4188 2335 4239 necessaria
2376 4189 2535 4241 etiam
2580 4198 2698 4255 post
2739 4189 3162 4257 regenerationis
3205 4193 3471 4247 lavacrum
3495 4234 3511 4260 ,

1932 4275 2103 4330 donec
2132 4277 2286 4329 istam
2312 4279 2472 4331 vitam
2500 4278 2664 4343 finiat,
2691 4280 2936 4334 remissio
2965 4289 3302 4348 peccatorum
3336 4299 3353 4336 :
3383 4291 3512 4353 ergo

1934 4377 2052 4420 cum
2078 4374 2352 4434 urgentur,
2385 4383 2451 4421 ne
2473 4368 2571 4421 ista
2596 4369 2693 4421 tria
2717 4368 2916 4435 dicant,
2947 4381 2997 4424 et
3017 4385 3108 4438 per
3131 4372 3244 4425 haec
3270 4373 3511 4428 homines

1935 4455 2022 4524 qui
2054 4456 2131 4510 eis
2160 4454 2386 4511 credunt
2410 4472 2440 4510 a
2459 4459 2628 4527 gratia
2657 4457 2948 4531 Saluatoris
2974 4460 3234 4526 alicnent,
3263 4469 3313 4515 et
3343 4463 3513 4519 elatos

1936 4548 1990 4600 in
2023 4547 2325 4616 superbiam
2363 4549 2417 4602 in
2444 4548 2702 4617 judicium
2731 4548 2927 4604 diaboli
2955 4552 3255 4621 praecipites
3285 4554 3363 4608 ire
3386 4571 3512 4624 per-

1937 4638 2225 4704 suadeant;
2254 4639 2548 4694 immittunt
2565 4641 2793 4694 aliarum
2817 4641 3038 4697 nebulas
3058 4644 3435 4711 quaestionum,
3461 4647 3512 4702 in

1937 4730 2130 4797 quibus
2159 4743 2345 4783 eorum
2377 4731 2515 4799 apud
2560 4731 2802 4786 homines
2838 4732 3224 4802 simpliciores,
3267 4736 3380 4791 sive
3409 4745 3518 4792 tar-

1939 4821 2136 4886 diores,
2165 4823 2277 4876 sive
2306 4824 2503 4878 sanctis
2535 4822 2750 4878 Litteris
2779 4823 2954 4877 minus
2981 4824 3247 4892 eruditos,
3274 4827 3516 4897 impietas

1939 4912 2231 4970 delitescat.
2259 4914 2350 4968 Hae
2373 4923 2498 4968 sunt
2526 4914 2756 4978 nebulas,
2779 4913 2849 4969 de
2874 4915 3034 4970 laude
3053 4925 3334 4985 creaturae,
3363 4920 3518 4975 laude

1943 5004 2240 5071 nuptiarum
2263 5032 2282 5071 -,
2311 5004 2468 5060 laude
2495 5005 2659 5074 legis,
2704 5005 2858 5060 laude
2897 5006 3050 5062 liberi
3092 5009 3295 5062 arbitrii
3317 5051 3332 5075 ,
3364 5011 3518 5066 laude

1941 5102 2243 5149 sanctorum
2279 5111 2290 5147 :
2324 5096 2474 5162 quasi
2505 5097 2784 5166 quisquam
2813 5108 3054 5152 nostrum
3097 5099 3194 5153 ista
3221 5101 3517 5169 vituperet,

1941 5200 2004 5240 ac
2029 5201 2133 5240 non
2163 5187 2336 5254 potius
2373 5186 2552 5240 etiinia
2583 5189 2633 5241 in
2666 5188 2922 5245 honorem
2948 5191 3215 5246 Creatoris
3248 5201 3303 5246 et
3332 5193 3518 5246 Salva-

1944 5279 2074 5332 toris
2098 5278 2290 5334 debitis
2327 5279 2574 5336 laudibus
2615 5283 2886 5351 praedicet.
2933 5284 3036 5340 Sed
3076 5299 3245 5357 neque
3280 5291 3520 5340 creatura

1945 5370 2015 5424 ita
2059 5370 2170 5424 vult
2213 5371 2451 5436 laudari,
2498 5382 2557 5428 ut
2593 5374 2730 5429 nolit
2755 5378 2954 5432 sanari.
2998 5378 3064 5432 Et
3100 5378 3297 5448 nuptize
3325 5383 3522 5446 quanto

1927 5463 2113 5533 magis
2140 5464 2418 5521 laudandae
2445 5475 2590 5532 sunt,
2624 5477 2771 5524 tanto
2800 5468 2973 5524 minus
2999 5469 3078 5523 eis
3112 5466 3417 5537 imputanda
3440 5473 3524 5522 est

2012 5681 2425 5757 εσθιιιοξῃιυξεη
2453 5687 2816 5757 acrrumum
2904 5755 2936 5757 ,_
3186 5746 3256 5757 _.

2012 5750 2033 5780 ⁸
2054 5752 2128 5799 sic
2148 5749 2367 5814 Gallicani
2407 5759 2458 5800 et
2504 5747 2708 5814 Vaticani
2745 5757 2849 5814 Mss.
2892 5755 2944 5814 A_t
2975 5747 3110 5814 editi,
3143 5754 3194 5804 ut
3238 5747 3344 5814 ipsa
3384 5760 3518 5806 matt-

1954 5808 2069 5862 data
2090 5810 2442 5862 meminerimus
2461 5811 2698 5874 pertinere
2713 5811 2776 5859 ad
2799 5809 3076 5859 om.
