4038 6474
471 375 576 432 607

475 490 718 562 pudenda
743 491 919 547 carnis
944 489 1404 560 concupiscentia;
1437 504 1554 561 qure
1576 504 1686 545 non
1713 496 1800 545 est
1820 503 1850 542 a
1871 487 2050 552 Patre,

474 583 569 639 sed
604 599 667 638 ex
707 583 902 638 mundo
945 591 1027 636 est
1070 580 1126 654 (Ι
1151 581 1307 636 Joan.
1349 597 1418 647 ιι,
1464 581 1553 653 16)
1583 599 1596 634 τ
1627 597 1784 652 quam
1818 579 2058 651 profecto

473 677 795 732 invenerunt
820 675 872 729 in
903 673 1207 728 hominibus
1236 675 1454 744 nuptiae,
1489 689 1593 728 non
1627 674 1903 737 fecerunt;
1936 670 2058 742 quia

479 776 534 823 et
562 768 650 821 illa
681 768 733 821 in
779 767 1020 837 plurimis
1059 767 1175 821 sine
1204 766 1334 837 ipsis
1371 774 1493 833 est,
1539 773 1596 820 et
1642 766 1770 834 ipsae
1809 766 1853 820 si
1900 776 2059 818 nemo

479 867 772 930 peccasset,
802 858 917 914 sine
966 860 1052 934 illa
1089 873 1208 915 esse
1249 866 1556 928 potuerunt.
1584 857 1654 912 Et
1684 858 1768 912 lex
1791 865 1974 912 sancta
2005 863 2060 910 et

473 952 612 1022 justa
641 961 694 1006 et
721 952 857 1006 bona
891 950 1065 1022 (Rom.
1098 967 1201 1016 vn,
1233 948 1354 1022 l2);
1395 964 1495 1005 nec
1520 950 1630 1018 ipsa
1659 959 1741 1004 est
1768 946 1936 1018 gratia
1961 988 1978 1014 ,
2005 953 2063 1001 et

476 1041 608 1096 nihil
630 1057 696 1096 ex
719 1056 780 1095 ea
800 1051 946 1096 recte
969 1042 1028 1096 ﬁt
1049 1043 1165 1097 sine
1188 1042 1390 1112 gratia;
1414 1042 1535 1112 quia
1560 1057 1665 1095 non
1695 1049 1777 1094 est
1797 1040 1918 1094 data
1940 1052 2060 1108 quae

477 1144 658 1206 posset
677 1135 969 1203 viviﬁcare,
994 1137 1090 1191 sed
1114 1136 1562 1206 praevaricationis
1581 1150 1738 1190 causa
1765 1135 1934 1205 posita
1955 1142 2058 1198 est,

479 1237 536 1282 ut
554 1228 826 1282 convictos
853 1229 1196 1284 concluderet
1224 1229 1324 1283 sub
1350 1238 1588 1297 peccato,
1613 1236 1665 1283 et
1693 1227 1975 1297 promissio
1993 1241 2061 1280 ex

479 1320 586 1376 ﬁde
617 1320 742 1375 Jesu
769 1320 970 1375 Christi
1004 1321 1222 1376 daretur
1250 1321 1590 1376 credentibus
1619 1319 1816 1394 (Galat.
1848 1335 1936 1385 ιιι,
1967 1319 2058 1385 21,

481 1411 569 1479 19,
599 1409 716 1483 22).
744 1412 811 1466 Ει
847 1412 1068 1466 liberum
1098 1412 1375 1466 arbitrium
1402 1413 1720 1482 captivatum
1755 1409 1967 1464 nonnisi
1993 1407 2061 1464 ad

479 1513 753 1574 peccatum
793 1504 964 1569 valet;
1010 1503 1076 1559 ad
1105 1504 1366 1574 justitiam
1394 1519 1552 1570 vero,
1587 1504 1686 1559 nisi
1714 1503 1969 1558 divinitus
1997 1499 2065 1556 li-

478 1592 721 1647 beratum
750 1593 1118 1664 adjutumque,
1151 1610 1256 1649 non
1283 1595 1440 1650 valet.
1466 1595 1542 1648 Ac
1561 1609 1656 1664 per
1687 1593 1788 1649 hoc
1815 1602 1867 1648 et
1889 1589 2062 1648 sancti

479 1699 668 1739 omnes
687 1727 702 1752 ,
735 1685 847 1739 sive
877 1685 944 1739 ab
972 1685 1064 1739 illo
1091 1686 1310 1755 antiquo
1338 1684 1468 1740 Abel
1513 1699 1680 1754 usque
1705 1685 1773 1739 ad
1798 1683 2062 1746 Joannem

481 1777 792 1847 Baptistam,
825 1778 937 1833 sive
967 1779 1034 1832 ab
1060 1778 1188 1848 ipsis
1219 1778 1488 1847 Apostolis
1512 1793 1677 1847 usque
1705 1778 1772 1831 ad
1802 1778 1902 1832 hoc
1929 1787 2065 1832 tem-

481 1884 580 1939 pus
599 1908 614 1934 ,
648 1877 703 1924 et
726 1868 977 1938 deinceps
1006 1884 1172 1939 usque
1201 1869 1268 1923 ad
1297 1871 1582 1924 terminum
1613 1869 1790 1924 saeculi
1815 1910 1830 1934 ,
1877 1869 1932 1922 in
1965 1869 2068 1922 Do.

482 1961 629 2015 mino
657 1961 904 2015 laudandi
929 1971 1048 2016 sunt
1076 2004 1091 2029 ,
1122 1977 1228 2015 non
1256 1962 1310 2016 in
1336 1976 1394 2017 se
1422 1962 1570 2031 ipsis.
1595 1961 1728 2029 Quia
1761 1970 1813 2015 et
1853 1961 2065 2015 illorum

481 2052 808 2106 anteriorum
838 2068 943 2108 vox
967 2061 1052 2108 est
1070 2095 1086 2120 ,
1114 2051 1182 2107 In
1203 2052 1421 2108 Domino
1447 2053 1738 2106 laudabitur
1759 2054 1931 2106 animo
1955 2068 2068 2106 mea

483 2142 653 2214 (Psal.
681 2160 888 2210 xxxiii,
923 2143 978 2216 5)
1016 2163 1030 2199 :
1071 2155 1125 2198 et
1164 2146 1384 2199 istorum
1425 2145 1780 2215 posteriorum
1827 2160 1930 2200 vox
1963 2153 2066 2211 est,

485 2235 661 2289 Gratia
697 2234 796 2288 Dei
834 2252 946 2290 sum
983 2236 1038 2289 id
1073 2237 1210 2306 quod
1245 2253 1357 2289 sum
1397 2234 1454 2308 (l
1484 2237 1602 2291 Cor.
1649 2254 1735 2303 xv,
1764 2236 1876 2309 10).
1909 2237 1977 2292 Ει
1999 2236 2070 2292 ad

483 2343 670 2382 omnes
697 2328 960 2396 pertinet,
989 2327 1056 2382 Ut
1083 2329 1168 2398 qui
1197 2327 1468 2397 gloriatur,
1501 2329 1553 2382 in
1581 2328 1798 2383 Domino
1825 2327 2071 2400 glorietur

486 2416 597 2488 (Id.
635 2433 686 2480 ι,
713 2417 807 2488 51)
837 2435 850 2470 z
879 2426 933 2472 et
975 2417 1244 2474 confessio
1271 2421 1570 2474 communis
1596 2429 1677 2474 est
1703 2421 1940 2474 omnium
1959 2461 1975 2487 ,
2009 2419 2072 2475 Si

487 2508 759 2561 dixerimus
791 2508 909 2578 quia
940 2517 1200 2579 peccatum
1230 2527 1328 2564 non
1358 2511 1618 2578 habemus,
1643 2527 1734 2565 nos
1755 2513 1892 2582 ipsos
1920 2511 2072 2569 aedu-

486 2600 664 2666 cimus,
693 2611 739 2654 et
758 2602 939 2656 veritas
965 2603 1018 2656 in
1039 2603 1180 2657 nobis
1205 2620 1304 2657 non
1327 2614 1396 2658 est
1428 2605 1481 2675 (Ι
1510 2603 1668 2658 Joan.
1696 2621 1710 2658 I
1734 2647 1748 2670 ,
1780 2607 1856 2675 8).

556 2693 782 2748 CAPUT
808 2693 972 2750 IX.—
997 2696 1089 2751 25.
1121 2694 1350 2749 Ostendit
1375 2695 1748 2751 Catholicorum
1767 2699 2069 2753 sententiam

487 2787 619 2839 inter
640 2784 1040 2840 Maniclueorum
1060 2797 1106 2840 et
1129 2785 1527 2858 Pelagianorum
1557 2789 1792 2850 mediam,
1812 2798 2074 2856 utramque

487 2878 734 2951 refellere.
758 2877 863 2933 Sed
883 2879 1136 2948 quoniam
1158 2880 1210 2933 in
1235 2879 1318 2933 bis
1343 2878 1576 2949 quinque
1603 2880 1767 2934 rebus
1793 2896 1924 2950 quas
1958 2897 2075 2950 pro-

490 2969 666 3039 posui,
699 2969 752 3024 in
778 2970 973 3039 quibus
992 2981 1235 3040 quaerunt
1256 2971 1509 3036 latebras,
1539 2979 1594 3027 et
1618 2971 1685 3026 de
1721 2973 1915 3042 quibus
1939 2987 2072 3028 con-

490 3067 708 3114 nectunt
733 3059 1050 3127 calumnias,
1083 3061 1274 3116 divinis
1301 3061 1640 3118 documentis
1665 3065 1963 3134 produntur
1988 3074 2071 3120 at-

489 3164 592 3218 que
620 3149 1040 3216 convincuntur;
1073 3153 1510 3222 excogitaverunt
1540 3153 1951 3209 Manichaeorum
1972 3155 2069 3210 de-

493 3239 724 3294 testabili
753 3241 967 3296 nomine
987 3241 1264 3311 imperitos
1294 3258 1425 3310 quos
1466 3244 1734 3312 potuerint
1757 3245 2070 3315 deterrere,

489 3346 558 3386 ne
584 3331 841 3386 adversus
868 3334 1483 3410 eorumperversissima
1528 3335 1771 3404 dogmata
1793 3352 1950 3391 aures
1975 3352 2068 3391 ac-

487 3425 830 3480 commodent
855 3425 1104 3481 veritati:
1135 3427 1257 3496 quia
1285 3425 1488 3482 scilicet
1527 3426 1801 3482 Manichaai
1840 3429 2073 3500 quinque

489 3516 710 3571 istorum
741 3517 840 3571 tria
882 3518 1058 3586 priora
1101 3517 1522 3587 blasphemando
1565 3519 1955 3586 condemnant;
1993 3521 2073 3576 di-

488 3617 693 3675 centes,
719 3624 888 3680 neque
941 3609 1228 3665 humanam
1258 3620 1556 3666 creaturam
1577 3654 1592 3678 ,
1626 3628 1798 3682 neque
1825 3614 2070 3683 nuptias,

491 3713 665 3768 neque
689 3699 858 3769 legem
885 3714 916 3754 a
933 3715 1143 3756 summo
1169 3710 1222 3755 et
1245 3717 1374 3758 vero
1396 3702 1506 3756 Deo
1546 3717 1666 3759 esse
1696 3704 1990 3758 institutam
2027 3705 2068 3758 ⁸.

490 3788 605 3843 Non
632 3799 810 3844 autem
835 3791 1096 3861 accipiunt
1127 3792 1266 3862 quod
1297 3793 1496 3848 veritas
1524 3793 1672 3860 dicit,
1715 3810 1745 3848 a
1791 3796 1958 3850 libero
1986 3811 2074 3852 ar-

489 3881 653 3936 bitrio
694 3882 970 3937 exordium
1021 3885 1313 3954 sumpsisse
1340 3893 1634 3954 peccatum,
1657 3895 1711 3941 et
1737 3903 1802 3942 ex
1827 3887 1921 3943 illo
1951 3903 2073 3945 esse

491 3987 650 4028 omne
677 3973 758 4026 vel
784 3975 956 4042 angeli
988 3975 1072 4029 vel
1116 3975 1346 4031 hominis
1376 3979 1570 4032 malum
1605 3997 1620 4033 :
1651 3980 1772 4049 quia
1825 3982 1947 4036 mali
1979 3997 2073 4036 na-

489 4069 665 4118 turam
691 4078 903 4133 semper
923 4065 1115 4120 malam
1143 4074 1197 4120 et
1227 4068 1336 4122 Deo
1363 4079 1681 4123 comternam
1704 4071 1862 4126 nimis
1887 4087 1916 4124 a
1961 4073 2070 4127 Deo

489 4153 852 4209 exorbitantes
877 4155 1095 4210 credere
1125 4157 1447 4214 maluerunt.
1477 4158 1703 4214 Sanctos
1727 4177 1939 4232 quoque
1969 4164 2072 4218 Pa-

490 4245 747 4300 triarchas
765 4255 818 4299 et
846 4246 1158 4316 Pr0phetas,
1193 4252 1404 4318 quantis
1439 4262 1666 4322 possunt
1691 4257 2072 4312 exsecrationi-

491 4334 591 4390 bus
621 4336 966 4392 inscctantur.
1000 4339 1135 4394 Ecce
1176 4341 1316 4395 unde
1344 4356 1403 4397 se
1435 4353 1619 4413 putant
1648 4345 1881 4402 haeretici
1923 4350 2067 4417 novi,

489 4424 900 4481 Manichaeorum
923 4432 1140 4485 nomine
1171 4431 1401 4500 objecto,
1432 4435 1536 4488 vim
1562 4435 1929 4508 subterfugere
1981 4455 2073 4496 ve-

490 4517 660 4571 ritatis
699 4536 712 4570 :
754 4519 849 4572 sed
907 4535 1012 4573 non
1063 4522 1474 4594 subterfugiunt.
1524 4526 1822 4597 Insequitur
1875 4531 2071 4602 quippe

490 4607 601 4670 illa,
639 4617 694 4661 et
727 4610 882 4664 simul
936 4610 1256 4668 Manichmos
1311 4615 1734 4688 Pelagianosque
1785 4620 2064 4678 subvertit.

492 4698 663 4753 Homo
683 4701 823 4755 enim
845 4702 968 4756 dum
995 4706 1247 4772 nascitur,
1277 4709 1398 4777 quia
1437 4709 1631 4765 bonum
1656 4713 1851 4781 aliquid
1879 4725 1981 4781 est,
2014 4717 2066 4773 in

491 4801 750 4858 quantum
781 4791 941 4847 homo
987 4804 1088 4860 est,
1146 4797 1490 4853 Manichazum
1542 4802 1828 4873 redarguit,
1865 4807 2069 4863 laudat-

494 4893 596 4948 que
645 4879 952 4937 Creatorem
989 4886 1082 4940 :in
1113 4899 1368 4956 quantum
1422 4906 1548 4945 vero
1601 4895 1764 4950 trahit
1811 4899 2070 4969 originale

493 4981 788 5039 peccatum,
813 4974 1079 5045 Pelagium
1111 4980 1401 5051 redarguit,
1431 4993 1484 5039 et
1505 4984 1663 5041 habet
1705 4993 2066 5049 necessarium

491 5063 842 5122 Salvatorem.
865 5069 995 5124 Nam
1024 5073 1232 5142 etquod
1264 5076 1500 5134 sananda
1540 5079 1732 5136 dicitur
1786 5085 1884 5140 ista
1915 5097 2066 5143 natu-

495 5169 571 5220 ra,
623 5167 902 5228 utrumque
958 5163 1436 5236 repercutitzquia
1483 5185 1584 5224 nec
1621 5173 1882 5229 medicina
1936 5194 2068 5247 opus

493 5246 731 5312 haberet,
757 5251 799 5303 si
821 5267 948 5306 sana
979 5265 1154 5319 esset,
1205 5259 1344 5326 quod
1399 5271 1482 5316 est
1523 5276 1707 5321 contra
1753 5246 2065 5340 Pelagium;

483 5353 589 5392 nec
607 5343 781 5394 Sanari
814 5355 992 5410 posset
1019 5349 1258 5414 omnino,
1282 5352 1325 5404 si
1357 5361 1614 5410 atternum
1635 5369 1794 5428 atque
1823 5361 2068 5417 immuta-

492 5427 594 5484 bile
615 5433 808 5488 malum
836 5446 1000 5501 esset,
1032 5440 1173 5508 quod
1197 5455 1278 5497 est
1300 5448 1484 5500 contra
1513 5427 1882 5506 Manichaeum.
1937 5455 2064 5510 Item

488 5524 626 5578 ouod
651 5527 846 5593 nuptiis
867 5570 881 5591 ,
911 5546 1041 5598 quas
1069 5531 1343 5589 laudamus
1379 5552 1408 5591 a
1455 5539 1678 5595 Domino
1713 5544 2027 5602 constitutas
2049 5589 2064 5611 ,

488 5617 968 5687 concupiscentiam
1000 5625 1174 5679 carnis
1203 5625 1564 5697 imputandum
1608 5648 1728 5689 esse
1779 5651 1887 5690 non
1933 5637 2066 5694 dici-

551 5767 573 5799 ⁸
593 5769 667 5822 Sic
682 5779 786 5824 M8.
807 5773 943 5839 Editi,
963 5776 1201 5832 imitata.

1108 375 1384 433 CONTRA
1421 374 1603 434 DUAS
1638 371 2011 432 EPISTOLAS
2047 369 2610 440 PELAGIANORUM,
2650 369 2707 430 S.
2749 373 3115 431 AUGUSTINI

2167 500 2307 550 mus,
2339 493 2394 540 et
2420 495 2604 541 contra
2629 485 2940 555 Pelagianos
2984 496 3085 553 est,
3121 487 3210 558 qui
3261 503 3378 544 eam
3408 490 3462 544 in
3499 489 3748 549 laudibus

2168 585 2392 645 ponunt;
2419 585 2473 632 et
2493 585 2677 631 contra
2707 577 3044 644 Manichaeos,
3072 580 3158 650 qui
3187 595 3302 634 eam
3333 583 3487 636 make
3513 583 3705 638 alienae
3734 587 3754 618 ⁸

2167 679 2370 723 naturae
2399 670 2664 734 tribuunt;
2715 686 2834 725 cum
2887 671 2953 724 sit
2997 683 3194 726 nostra:
3248 683 3449 728 natura:
3497 676 3755 731 accidens

2167 760 2383 822 malum,
2411 775 2522 817 non
2552 761 2642 814 Dei
2697 761 3049 831 disjunctione
3077 765 3098 794 ²
3123 765 3501 832 separandum,
3531 768 3621 821 sed
3655 767 3754 822 Dei

2169 856 2510 912 miseratione
2539 857 2853 912 sanandum.
2875 858 3003 911 Item
3025 859 3165 928 quod
3187 858 3414 912 dicimus
3438 860 3606 931 legem
3626 877 3758 916 san-

2167 956 2328 1013 ctam,
2347 957 2400 1002 et
2423 949 2644 1018 justam,
2671 956 2726 1002 et
2754 948 2947 1002 bonam
2977 949 3152 1015 (Rom.
3173 966 3265 1012 vn,
3288 950 3405 1020 12),
3426 968 3529 1005 non
3552 952 3758 1022 justiﬁ—

2169 1040 2351 1094 caudis
2379 1041 2574 1110 impiis,
2597 1040 2692 1095 sed
2719 1040 3099 1096 convincendis
3141 1042 3409 1110 superbis,
3441 1045 3756 1112 pravarica-

2169 1133 2329 1186 tionis
2357 1133 2524 1202 gratia
2551 1133 2773 1202 positam
2813 1150 2826 1186 :
2853 1141 2907 1187 et
2951 1141 3134 1188 contra
3167 1133 3485 1189 Manichaaos
3509 1144 3610 1200 cst,
3633 1135 3780 1204 quia.

2169 1222 2456 1278 secundum
2484 1225 2794 1294 Apostolum
2821 1224 3086 1289 laudatur;
3114 1234 3168 1279 et
3191 1235 3374 1280 contra
3397 1227 3712 1296 Pelagianos
3743 1266 3760 1294 ,

2169 1313 2290 1383 quia
2320 1314 2610 1368 secundum
2641 1316 2979 1383 Apostolum,
3015 1331 3173 1370 nemo
3202 1331 3266 1370 ex
3294 1317 3411 1387 lege
3437 1317 3765 1382 iustiﬁcatur

2171 1404 2384 1475 (Colat.
2431 1422 2535 1474 ιιι,
2590 1407 2700 1474 19,
2763 1407 2850 1478 ll)
2913 1424 2927 1461 :
2984 1418 3038 1463 et
3085 1407 3205 1464 ideo
3256 1409 3628 1464 vivificandis'
3681 1412 3762 1466 eis

2176 1513 2310 1568 quos
2390 1498 2561 1554 littera
2641 1499 2884 1564 occidit,
2954 1499 3007 1554 id
3065 1509 3149 1555 est
3179 1542 3194 1566 ,
3269 1516 3404 1571 quos
3484 1503 3569 1556 lex
3618 1502 3762 1557 bona

2172 1589 2489 1659 prazcipiens
2555 1593 2992 1660 prtevaricatione
3081 1606 3204 1646 reos
3285 1591 3408 1646 facit
3441 1635 3456 1659 ,
3540 1592 3766 1662 spiritus

2170 1679 2354 1750 gratiae
2432 1681 2596 1750 gratis
2659 1682 2946 1750 opitulatur
3021 1679 3098 1755 (ll
3147 1681 3266 1736 Cor.
3323 1698 3413 1747 ιιι,
3468 1682 3558 1752 6).
3627 1683 3764 1737 Item

2173 1770 2313 1840 quod
2339 1772 2612 1826 arbitrium
2659 1771 2711 1826 in
2762 1773 2901 1827 malo
2949 1772 3453 1829 liberum‘dicimus
3500 1774 3566 1827 ad
3597 1790 3765 1846 agen-

2173 1862 2298 1916 dum
2328 1863 2524 1916 bonum
2553 1863 2718 1933 gratia
2747 1863 2841 1917 Dei
2871 1877 2990 1919 esse
3034 1863 3363 1919 liberandum
3390 1907 3404 1930 ,
3432 1873 3616 1921 contra
3660 1865 3767 1920 Pe-

2174 1952 2408 2023 lagianos
2433 1962 2515 2006 est
2544 1969 2557 2005 :
2583 1953 2723 2022 quod
2748 1962 2924 2008 autem
2963 1954 3188 2009 dicimus
3237 1955 3305 2009 ab
3356 1956 3446 2010 illo
3484 1966 3759 2021 exortum,

2172 2045 2311 2114 quod
2327 2054 2480 2100 antea
2506 2061 2614 2100 non
2643 2054 2756 2101 erat
2805 2047 3002 2101 malum
3023 2089 3038 2114 ,
3063 2055 3249 2102 contra
3299 2047 3618 2104 Manichasos
3655 2061 3761 2106 est.

2175 2134 2306 2190 Item
2330 2135 2475 2205 quod
2501 2146 2713 2190 sanctos
2733 2136 3068 2193 Patriarcbas
3098 2147 3151 2192 et
3178 2139 3469 2208 Prophetas
3491 2140 3686 2194 debitis
3706 2143 3762 2197 in

2175 2227 2286 2281 Deo
2309 2226 2552 2282 laudibus
2583 2227 2931 2293 honoramus,
2960 2229 3241 2284 adversum
3285 2240 3368 2285 est
3411 2231 3761 2288 Manicbznis:

2173 2321 2314 2390 quod
2346 2336 2474 2375 vero
2497 2329 2550 2376 et
2577 2321 2709 2391 ipsis
2732 2323 2974 2392 quamvis
2998 2322 3158 2392 justis
3187 2332 3242 2378 et
3270 2323 3377 2378 Deo
3422 2325 3762 2394 placentibus

2175 2410 2604 2480 pr0pitiationem
2652 2413 2861 2467 Domini
2902 2411 3066 2468 fuisse
3095 2413 3324 2468 dicimus
3363 2418 3764 2484 necessariam,

2173 2501 2459 2556 adversum
2499 2511 2582 2556 est
2633 2503 2948 2574 Pelagianis.
2996 2504 3262 2574 Utrosque
3289 2507 3446 2576 igitur
3496 2508 3766 2564 catholica

2175 2591 2327 2659 ﬁdes,
2356 2593 2492 2646 sicut
2515 2601 2800 2649 θιαειειιοε
2827 2593 3123 2660 haereticos,
3149 2595 3482 2652 adversarios
3524 2599 3766 2667 invenit,

2175 2693 2434 2753 utrosque
2455 2683 2755 2738 divinorum
2779 2685 3206 2742 testimoniorum
3232 2688 3546 2742 auctoritate
3577 2689 3769 2745 etluce

2177 2775 2414 2829 veritatis
2443 2776 2728 2830 convincit.

2246 2867 2472 2923 CAPUT
2497 2867 2566 2923 Χ.
2595 2897 2666 2908 --
2690 2868 2779 2922 26.
2809 2867 3078 2939 Pelagiani
3117 2870 3306 2924 latendi
3336 2869 3504 2924 locum
3551 2874 3768 2926 moliun-

2177 2967 2260 3012 tur
2295 2959 2461 3012 adhuc
2511 2961 2697 3030 injecta
2739 2976 2840 3014 non
2892 2962 3175 3015 necessaria
3218 2962 3279 3014 de
3324 2962 3508 3016 anim
3567 2963 3773 3033 origine

2176 3051 2470 3121 quastione.
2499 3049 2717 3106 Addunt
2742 3067 2872 3106 sane
2895 3051 2961 3106 ad
2994 3053 3316 3108 latebrarum
3343 3068 3559 3107 suarum
3591 3056 3767 3109 nebu—

2176 3141 2255 3195 las
2276 3141 2562 3211 Pelagiani,
2589 3141 2655 3195 de
2679 3141 2883 3211 origine
2900 3143 3092 3196 animae
3110 3159 3213 3198 non
3233 3144 3592 3198 necessariam
3614 3162 3769 3215 qum-

2177 3233 2424 3293 stionem;
2452 3232 2519 3287 ad
2543 3233 2643 3287 hoc
2658 3244 2715 3287 ut
2739 3248 2827 3288 res
2844 3233 3170 3297 manifestas,
3202 3235 3427 3290 aliarum
3455 3251 3630 3290 rerum
3663 3238 3767 3293 ob-

2177 3327 2430 3379 scuritate
2453 3324 2734 3390 turbando,
2776 3325 3064 3380 moliantur
3113 3327 3310 3381 latendi
3358 3329 3553 3382 locum.
3603 3329 3774 3385 Aiunt

2175 3415 2335 3480 enim,
2374 3433 2394 3467 ε
2429 3429 2526 3470 ηοε
2563 3414 2858 3469 animarum
2911 3417 3183 3472 traducem
3221 3432 3340 3472 cum
3389 3420 3596 3488 peccati
3651 3430 3770 3474 tra-

2174 3505 2309 3560 duce
2337 3506 2595 3560 contueri.
2628 3523 2646 3556 i
2676 3505 2828 3573 Quod
2851 3507 2938 3562 ubi
2965 3517 3018 3562 et
3045 3511 3258 3578 quando
3311 3510 3364 3563 in
3411 3526 3629 3576 eorum,
3676 3512 3772 3582 qui

2174 3596 2464 3652 defendunt
2488 3597 2741 3652 adversus
2780 3598 2909 3654 istos
2947 3599 3264 3654 catholicam
3295 3601 3484 3667 ﬁdem,
3526 3603 3608 3656 vel
3653 3618 3776 3657 ser-

2177 3686 2428 3742 monibus
2456 3686 2761 3752 audierint,
2792 3689 2876 3743 vel
2903 3688 3092 3744 litteris
3111 3689 3359 3760 legerint,
3407 3693 3606 3746 nescio.
3629 3691 3773 3758 Quia

2175 3778 2275 3832 etsi
2307 3777 2522 3834 invenio
2549 3794 2577 3831 a
2609 3778 2893 3832 Catholicis
2919 3779 2984 3833 de
3013 3780 3108 3833 hac
3132 3795 3192 3834 re
3236 3781 3436 3851 aliquid
3460 3785 3722 3852 scriptum
3752 3801 3771 3851 ;

2175 3869 2410 3924 nondum
2439 3878 2620 3924 contra
2652 3870 2783 3925 istos
2810 3872 2979 3925 fuerat
3024 3873 3262 3927 veritatis
3288 3884 3530 3942 suscepta
3573 3873 3773 3930 defen-

2175 3965 2275 4029 sio,
2297 3977 2470 4032 neque
2500 3961 2551 4016 id
2575 3963 2827 4032 agebatur
2856 3971 2913 4017 ut
2942 3961 3020 4018 eis
3041 3965 3471 4034 responderetur.
3507 3966 3614 4021 Sed
3659 3967 3773 4024 hoc

2174 4051 2314 4117 dico,
2347 4062 2451 4107 tam
2481 4052 2816 4108 manifestum
2844 4068 2962 4108 esse
2986 4056 3278 4110 secundum
3308 4056 3612 4125 Scripturas
3638 4073 3774 4114 san~

2174 4153 2287 4198 etas
2308 4145 2566 4213 originale
2594 4155 2897 4216 peccatum,
2947 4155 3106 4217 atque
3165 4149 3268 4206 hoc
3317 4149 3508 4204 dimitti
3549 4152 3772 4208 lavacro

2175 4237 2591 4306 regenerationis
2618 4238 2666 4288 in
2695 4237 2948 4306 parvulis,
2980 4246 3122 4292 tanta
3151 4238 3273 4294 tidei
3302 4241 3580 4296 catholicae
3616 4245 3770 4298 anti-

2173 4327 2372 4397 quitate
2394 4336 2551 4398 atque
2579 4329 2890 4384 auctoritate
2917 4329 3203 4394 ﬁrmatunt,
3235 4341 3341 4386 tam
3383 4334 3523 4388 clara
3570 4335 3769 4392 Eccle-

2174 4420 2267 4475 siae
2289 4421 2601 4476 celebritate
2628 4422 2984 4488 notissimum,
3005 4423 3325 4494 utquidquid
3346 4426 3413 4481 de
3433 4427 3622 4481 animm
3649 4431 3770 4483 ori-

2172 4513 2293 4582 gine
2317 4513 2598 4582 cujuslibet
2627 4513 2967 4583 inquisitione
3015 4515 3100 4570 vel
3146 4515 3501 4572 alﬁnnatione
3541 4518 3775 4574 disseri-

2173 4614 2278 4672 tur,
2311 4606 2356 4660 si
2380 4615 2562 4661 contra
2593 4607 2796 4672 hocsit,
2825 4623 3009 4663 verum
3057 4623 3176 4664 esse
3226 4627 3332 4665 non
3379 4612 3566 4680 possit.
3613 4611 3772 4678 Qua-

2173 4708 2391 4770 propter
2415 4699 2654 4769 quisquis
2675 4701 2756 4755 vel
2785 4700 2853 4756 de
2880 4702 3055 4756 anima
3086 4703 3170 4758 vel
3220 4704 3288 4759 de
3338 4720 3675 4776 quacumque
3712 4723 3773 4764 re

2173 4789 2395 4844 obscura
2429 4789 2478 4844 id
2501 4789 2744 4858 adstruit,
2773 4792 2912 4847 unde
2960 4793 3061 4848 hoc
3092 4795 3236 4865 quod
3261 4797 3615 4864 verissumum,
3639 4798 3774 4855 {uno

2173 4877 2505 4934 datissimum
2537 4923 2550 4945 ,
2579 4883 2915 4938 notissimum
2955 4893 3070 4950 est,
3102 4885 3382 4953 destruat,
3414 4903 3523 4944 swe
3564 4891 3633 4944 sit
3675 4892 3775 4948 ille

2174 4971 2332 5034 ﬁlius,
2357 4973 2466 5027 sive
2489 4974 2733 5028 inimicus
2758 4975 3034 5043 Ecclesiae,
3059 4988 3151 5033 aut
3170 4981 3514 5051 corrigendus
3539 4991 3639 5043 est.
3674 4996 3776 5042 aut

2176 5065 2467 5120 cavendus.
2489 5065 2594 5121 Sed
2627 5067 2713 5121 hic
2731 5068 2800 5122 sit
2823 5069 2979 5138 hujus
3005 5072 3292 5128 voluminis
3332 5074 3449 5128 ﬁnis
3474 5115 3490 5140 ,
3518 5081 3577 5128 ut
3614 5076 3776 5132 aliud

2175 5156 2408 5213 habeant
2429 5176 2543 5229 qua:
2565 5170 2860 5230 sequuntur
2885 5162 3185 5218 exordium.

2237 5248 2254 5278 ί
2278 5250 2378 5318 pic,
2401 5248 2590 5318 alienae,
2615 5252 2809 5318 additur
2820 5265 2885 5318 ex
2907 5259 3014 5304 Mss.
3041 5260 3220 5304 Deerat
3240 5254 3362 5318 apud
3402 5261 3471 5304 Er.
3500 5263 3551 5306 et
3575 5263 3693 5307 nov.
3719 5266 3782 5312 At

2173 5309 2298 5375 apud
2323 5319 2423 5375 am.
2451 5309 2727 5375 legebatur,
2761 5313 2891 5365 alite.

2237 5374 2258 5402 ³
2275 5372 2412 5432 Editi,
2439 5372 2756 5426 distinctione.

2238 5433 2258 5464 ³
2283 5434 2415 5493 mliti,
2429 5435 2778 5545 Justificandis.
2807 5445 2876 5509 ,Αι
2895 5447 3022 5501 Mss,
3063 5437 3398 5505 vitiﬁcandis;
3429 5441 3558 5505 quod
3581 5443 3780 5496 melius

2238 5497 2442 5548 spondet
2470 5511 2552 5545 ver
2571 5512 2635 5548 )0.
2659 5497 2854 5548 OCCtdtl.

2173 5505 2442 5568 respondet
2470 5505 2635 5556 verbo,
2659 5505 2854 5550 occidit.

2281 5558 2559 5635 Ennii/item
2569 5559 2697 5635 quod
2721 5561 2976 5635 arbitrium
2988 5563 3067 5635 sui
3079 5563 3129 5635 in
3152 5563 3329 5635 malum
3345 5563 3562 5635 liberum.
3585 5566 3770 5635 Abest,

2170 5621 2264 5689 sui,
2288 5630 2338 5689 _a
2526 5621 2797 5689 gallicanis
2827 5632 2878 5674 et
2923 5627 3184 5689 vaticanis;
3231 5628 3380 5689 inque
3431 5629 3554 5689 ipsis
3603 5621 3778 5679 omni;

2171 5678 2265 5749 bus
2288 5677 2484 5749 legitur,
2517 5679 2568 5749 in
2590 5683 2731 5749 nullo.
2757 5687 2830 5736 sic
2851 5700 3012 5748 supra,
3057 5677 3182 5737 libro
3203 5689 3248 5749 1,
3278 5677 3323 5736 εἰ.
3344 5687 3392 5747 6,
3412 5677 3605 5749 dicitur,
3625 5677 3777 5744 arba-

2549 5742 2598 5794 in
2621 5745 2748 5817 malo
2770 5742 2984 5817 quidem,
3000 5742 3096 5799 sed
3118 5763 3210 5800 non
3232 5742 3432 5801 liberum
3447 5748 3500 5800 in
3522 5742 3642 5802 bono
3658 5742 3778 5801 esse

2173 5800 2300 5860 quod
2324 5801 2551 5854 liberator
2574 5818 2669 5856 non
2685 5800 2974 5860 libeiweritL
