4038 6472
548 558 754 629 propria
793 552 1036 622 εονρονίεν
1072 548 1347 605 secundum
1392 544 1528 620 quod
1551 544 1725 619 seu“.
1756 542 1864 611 *ἐκ
1892 539 2103 609 eam

546 649 649 702 sive
670 645 854 699 malum
890 661 910 694 ι
948 639 1015 714 (ll
1039 638 1155 696 Cor.
1185 655 1242 707 v,
1274 637 1382 709 10).

615 736 670 791 in
702 734 785 797 bis
810 731 1055 795 omnibus
1088 728 1338 802 quidquid
1362 726 1545 793 dicunt
1570 725 1639 791 de
1670 723 1827 791 laude
1852 729 2115 787 creatum

540 834 701 895 atque
722 822 1049 895 nuptiarum,
1080 820 1148 875 ad
1174 820 1274 875 hoc
1303 818 1502 873 referre
1522 823 1801 881 conantur,
1830 823 1893 869 ut
1910 828 2019 867 non
2042 812 2116 868 sit

543 912 797 983 originale
818 922 1091 984 peccatum
1120 928 1134 966 :
1162 908 1413 983 quidquid
1439 908 1508 971 de
1529 906 1689 967 laude
1717 906 1848 979 legis
1875 916 1929 961 et
1959 904 2113 965 liberi
2146 934 2149 937 -

536 1003 766 1069 arbitrii,
794 1001 861 1057 ad
886 1001 1011 1068 hoc,
1041 1009 1099 1054 ut
1118 999 1292 1070 gratia
1320 1013 1426 1053 non
1464 998 1681 1067 adjuvet
1708 995 1813 1053 nisi
1844 995 2112 1060 aerium,

546 1108 610 1151 ac
633 1094 711 1149 sic
732 1093 900 1164 gratia
919 1092 1029 1163 jam
1066 1105 1172 1153 non
1214 1091 1290 1146 sit
1316 1090 1490 1162 gratia
1514 1108 1530 1147 :
1553 1085 1803 1160 quidquid
1846 1086 1912 1151 tle
1958 1084 2115 1141 laude

538 1196 864 1250 sanctorum,
890 1185 1104 1251 adhoc,
1130 1191 1190 1238 ut
1209 1182 1313 1238 vita
1353 1182 1591 1241 mortalis
1619 1182 1671 1236 in
1701 1180 1902 1236 sanctis
1932 1178 2113 1233 videa-

544 1287 630 1332 tur
659 1292 763 1337 non
786 1274 984 1339 habere
998 1286 1293 1349 peceatum,
1323 1288 1424 1330 nec
1446 1273 1515 1328 sit
1536 1272 1616 1329 eis
1636 1271 1995 1335 necessarium
2016 1284 2115 1351 pro

537 1366 869 1427 dimittendis
896 1365 1088 1423 debitis
1110 1366 1227 1421 suis
1244 1364 1451 1435 precari
1466 1365 1655 1419 Deum.

612 1455 837 1515 CAPUT
875 1455 963 1510 ιιι.
990 1484 1057 1496 -
1082 1453 1329 1510 Catholici
1371 1463 1627 1522 naturam,
1663 1454 1886 1524 nuptias,
1934 1452 2113 1531 legem,

542 1544 751 1607 liberum
775 1545 1060 1613 arbitrium,
1084 1554 1131 1604 at
1146 1556 1348 1603 sanctos
1364 1547 1440 1601 sic
1464 1545 1697 1608 laudant,
1727 1552 1783 1597 ut
1806 1542 2118 1613 Pelagianos

542 1636 695 1692 simul
718 1646 763 1691 et
792 1636 1099 1691 Manicltteos
1138 1636 1393 1688 damnent.
1436 1636 1537 1689 lsta
1566 1634 1766 1689 nefaria
1795 1633 2040 1703 dogmata
2063 1640 2119 1689 et

544 1727 862 1783 damnabilia
889 1728 940 1780 in
968 1727 1069 1781 hac
1093 1727 1352 1795 tripartita
1376 1725 1632 1779 divisione
1658 1724 1896 1803 quisquis
1941 1731 2119 1787 mente

532 1821 797 1877 'catholica
822 1820 1091 1886 exhorret,
1122 1820 1268 1872 illius
1288 1819 1520 1888 quinque
1550 1817 1753 1886 partita:
1778 1815 2015 1871 latebras
2039 1816 2121 1869 in-

543 1914 809 1983 sidiasque
829 1911 1046 1978 devitet,
1073 1920 1230 1981 atque
1262 1912 1329 1963 ita
1355 1910 1492 1963 inter
1510 1898 1793 1977 utrumque
1814 1907 1882 1961 sit
1908 1914 2115 1971 cautus,

538 2012 602 2057 ut
624 2002 703 2057 sle
726 2001 955 2057 declinet
997 1999 1364 2063 Maniclneum,
1415 2012 1482 2051 ne
1517 2011 1575 2052 se
1614 1996 1832 2049 inclinet
1878 1996 1933 2049 in
1963 1994 2120 2050 Pela-

540 2094 721 2165 gium;
749 2105 1037 2161 rursusque
1056 2090 1125 2144 ita
1152 2105 1208 2144 se
1239 2089 1523 2158 sejungata
1548 2086 1868 2155 Pelagianis,
1902 2100 1969 2139 ne
1991 2100 2123 2140 eon-

541 2183 728 2255 jungat
754 2181 1089 2247 Manichaeis;
1120 2187 1212 2234 aut
1231 2180 1275 2234 si
1298 2180 1356 2233 in
1377 2177 1644 2232 alterutris
1664 2177 1771 2246 jam
1795 2183 2023 2240 tenetur,
2044 2184 2123 2231 ‘ne

549 2276 628 2331 sic
662 2290 721 2329 se
766 2289 795 2328 a
835 2273 1155 2345 quibuslibet
1198 2271 1380 2325 alteris
1399 2269 1618 2335 eruat‘,
1656 2269 1787 2323 utin
1831 2268 2025 2323 alteros
2051 2267 2122 2321 ir-

548 2374 685 2422 ruat.
715 2364 977 2422 Videntur
1010 2364 1204 2433 quippe
1238 2362 1377 2415 inter
1416 2374 1477 2415 se
1513 2374 1630 2414 esse
1659 2358 1944 2422 contrarii;
1992 2368 2124 2428 quo-

546 2457 688 2512 niam
732 2456 964 2525 quinque
987 2454 1075 2508 illa
1110 2451 1388 2507 Manichaai
1424 2449 1772 2519 vituperando
1798 2463 1856 2504 se
1895 2446 2123 2502 manife-

546 2556 711 2616 stam,
758 2546 1030 2617 Pelagiani
1071 2544 1334 2599 laudando
1372 2558 1431 2599 se
1459 2542 1744 2597 occultant.
1790 2540 2125 2610 Quapmpter

542 2649 800 2710 utrosque
850 2638 1065 2693 damnat
1107 2646 1264 2710 atque
1288 2638 1507 2701 devitat,
1548 2634 1790 2706 quisquis
1832 2632 2123 2689 secundum

542 2732 782 2802 regulam
811 2729 1082 2785 catholica:
1108 2729 1230 2782 ﬁdei
1251 2728 1330 2783 sic
1359 2729 1410 2781 in
1440 2726 1747 2779 hominibus
1790 2725 2126 2780 nascentlbus

545 2824 613 2880 de
642 2824 781 2877 bona
810 2830 1052 2876 creatura
1081 2821 1257 2874 carnis
1282 2827 1337 2874 et
1360 2819 1553 2873 animae
1600 2817 1863 2887 gloriliCat
1900 2817 2125 2871 Creato-

545 2928 690 2978 rem,
740 2911 880 2982 quod
907 2927 1011 2965 non
1052 2910 1164 2964 vult
1202 2909 1559 2973 Manichacus;
1608 2918 1661 2961 ut
1690 2916 1867 2961 tamen
1904 2914 2127 2977 propter

545 3004 752 3069 vitium,
772 3000 915 3072 quod
938 3001 991 3054 in
1018 3014 1113 3055 eos
1138 3013 1235 3069 per
1264 3006 1535 3068 peccatum
1569 2997 1723 3075 primi
1736 2997 1973 3056 hominis
1999 3010 2124 3070 per-

548 3092 780 3157 transiit,
804 3090 1038 3145 fateatur
1053 3097 1109 3144 et
1132 3089 1368 3159 parvulis
1385 3087 1742 3143 necessarium
1772 3086 2122 3154 Sztlvatorem,

549 3181 691 3253 quod
721 3196 823 3236 non
850 3180 961 3234 vult
983 3179 1229 3249 Pelagius
1255 3195 1268 3231 :
1298 3178 1376 3233 sic
1400 3178 1652 3233 discernit
1680 3179 1878 3231 malum
1922 3178 2127 3259 puden-

544 3273 631 3328 da:
664 3271 1108 3341 concupiscentiae
1144 3284 1175 3324 ι
1212 3270 1456 3324 bonitate
1492 3268 1825 3339 nuptiarum,
1855 3277 1913 3323 ut
1952 3284 2127 3339 neque

549 3362 852 3419 lianichseis
875 3362 1062 3417 similis
1085 3360 1224 3415 unde
1244 3360 1513 3415 nascimur
1540 3361 1736 3430 culpet,
1770 3374 1944 3430 neque
1964 3359 2129 3415 Pela-

546 3456 719 3525 gianis
758 3454 945 3507 similis
983 3451 1126 3507 unde
1156 3451 1539 3506 confundimur
1581 3450 1758 3506 laudet
1787 3468 1801 3504 :
1827 3451 1906 3505 sic
1948 3453 2121 3521 legem

545 3545 886 3617 gerulome
911 3554 1145 3599 sanetam
1170 3544 1434 3612 etjustam
1458 3551 1513 3596 et
1533 3542 1729 3595 bonam
1759 3556 1789 3595 a
1819 3542 1927 3597 Deo
1940 3551 2127 3621 saneto

552 3647 607 3694 et
637 3638 781 3709 justo
805 3645 859 3692 et
882 3637 1034 3691 bono
1058 3635 1237 3689 datam
1268 3649 1386 3689 esse
1418 3632 1667 3688 “defendit
1689 3674 1704 3699 ,
1746 3633 1892 3704 quod
1942 3642 2126 3688 contra

553 3729 865 3799 Apustolum
886 3736 1046 3796 negat
1066 3724 1418 3790 Manicluuus;
1454 3733 1518 3777 ut
1544 3736 1663 3779 eam
1691 3722 1832 3779 dicat
1858 3734 1913 3778 et
1942 3738 2129 3793 pecca-

540 3829 664 3875 «tum
694 3819 1000 3885 ostendere,
1044 3828 1154 3871 neu
1182 3827 1368 3871 tamen
1410 3816 1614 3882 tollere,
1662 3825 1720 3871 et
1758 3817 2017 3885 justitiam
2042 3815 2130 3885 ju-

552 3912 703 3981 bere,
736 3919 1033 3967 non-tamen
1058 3910 1209 3978 dare,
1236 3908 1379 3981 quod
1402 3919 1787 3964 mus'contra
1813 3908 2128 3978 Apostolum

556 4016 713 4075 negat
736 4004 979 4073 Pelagius
1006 4021 1019 4056 :
1047 4003 1126 4057 sic
1150 4003 1343 4056 asserit
1365 4001 1594 4056 liberum
1616 4002 1920 4065 arbitrium;
1941 4010 1997 4054 ut
2022 4014 2129 4057 non

554 4112 619 4152 ex
650 4107 834 4151 natura
876 4094 1055 4149 nescio
1090 4102 1201 4163 qua
1236 4104 1455 4161 scalper
1494 4092 1648 4156 mala,
1683 4108 1800 4161 qua:
1844 4090 1995 4145 unita
2024 4100 2126 4157 est,

554 4187 730 4243 sedes
752 4186 874 4256 ipso
901 4184 1122 4239 arbitrio
1140 4184 1375 4253 empisse
1405 4183 1546 4237 dicat
1574 4191 1628 4236 et
1659 4182 1833 4253 angeli
1854 4191 1914 4238 ‘et
1948 4182 2129 4238 homi-

554 4282 639 4335 nis
664 4278 881 4342 niuium,
912 4276 1052 4348 quod
1092 4277 1283 4331 evertit
1319 4274 1567 4329 hau-esim
1612 4273 1982 4341 Mauiclueam;
2032 4288 2132 4329 nec

559 4371 682 4426 ideo
710 4379 886 4425 tamen
910 4382 1076 4438 posse
1097 4366 1357 4435 captivam
1385 4366 1729 4430 voluntatem,
1762 4366 1861 4418 nisi
1897 4366 1985 4420 Dei
2012 4380 2132 4435 gra-

558 4463 654 4529 tia,
700 4460 968 4531 reseis-am
1012 4459 1067 4513 in
1098 4457 1379 4513 salubrem
1423 4457 1744 4524 libertatem,
1774 4458 2133 4527 quodrevertit

558 4553 805 4608 heresim
822 4551 1165 4620 Pelagianam
1198 4565 1211 4603 :
1243 4549 1323 4605 sic
1344 4548 1523 4603 laudat
1552 4549 1606 4603 in
1648 4549 1771 4603 ‘Deo
1794 4559 2006 4603 secretos
2038 4549 2135 4601 bo-

560 4644 732 4699 mines
756 4643 850 4697 Dei
870 4657 980 4698 non
1006 4639 1179 4696 solum
1192 4654 1266 4694 es
1288 4638 1629 4694 manifestato
1656 4639 1711 4693 in
1738 4638 2135 4694 carneﬂhristo

561 4745 617 4790 et
659 4734 929 4802 deinceps,
978 4746 1162 4786 verum
1200 4731 1362 4785 etiam
1409 4731 1749 4798 superiorum
1791 4740 2130 4799 temporum,

564 4837 700 4893 quos
726 4821 923 4876 audent
936 4818 1304 4889 Ruspina-Iure
1321 4819 1595 4874 laniehtei
1612 4835 1626 4884 ;
1660 4828 1716 4873 ut
1734 4829 1907 4873 tamen
1924 4820 1991 4873 de
2008 4820 2137 4890 ipsis

567 4917 688 4986 plus
713 4912 1041 4981 credatips's
1064 4912 1458 4978 conﬁtentibus,
1487 4927 1643 4982 quam
1673 4912 1965 4982 Pelagianis
1986 4926 2135 4967 men-

567 5005 840 5063 tientibus.
860 5003 1180 5059 Sanctorum
1198 5006 1350 5060 enim
1374 5018 1479 5058 uox
1496 5014 1600 5071 est,
1629 5003 1689 5059 Si
1710 5004 1985 5059 dixerimus
2012 5006 2133 5076 quia

565 5107 825 5172 penatum
841 5097 1218 5163 ηοιιιήιώαηω,
1249 5111 1338 5149 nos
1357 5096 1493 5165 ipsos
1510 5094 1822 5161 ueducimus,
1870 5105 1922 5151 et
1949 5096 2134 5149 veritas

563 5193 618 5247 in
642 5189 899 5244 nobisnou
922 5198 996 5243 est
1014 5186 1237 5258 (Usen.
1265 5202 1304 5253 ι,
1328 5186 1407 5259 8).

615 5280 842 5341 CAPUT
856 5279 1529 5353 l¥.—1inaudecreatw¢,
1548 5278 2137 5352 PeltgianiJfaniclm’i.

570 5374 665 5430 liis
686 5374 759 5429 ita
782 5371 1331 5444 sebuhentibus,quid
1350 5370 1579 5442 prodest
1602 5372 1823 5427 novellis
1846 5372 2135 5438 haereticis,

565 5464 796 5521 inimicis
804 5461 1253 5521 crudsﬁhristiet
1262 5462 1455 5517 divina:
1468 5463 1915 5532 oppugnatoribus
1929 5462 2138 5532 gratiae,

564 5554 708 5627 quod
735 5572 766 5611 α
789 5555 1197 5612 Iaaiohaeomm
1221 5566 1402 5607 eI-sore
1423 5553 1535 5607 sani
1556 5553 1819 5617 videntur,
1837 5562 1892 5608 et
1915 5554 2017 5608 alia
2045 5568 2143 5609 sua

562 5648 869 5717 pestilentia
894 5644 1376 5711 ωοήιιιιιωοῖρθῦει
1395 5645 1475 5700 eis
1492 5643 1881 5715 ρωάεεινειποά
1907 5644 1961 5699 επ
1984 5645 2142 5703 me

570 5784 970 5899 ἐπι-η
991 5779 1134 5834 atteri
1162 5786 1330 5834 servet.
1350 5786 1482 5844 ων..
1505 5778 1671 5835 alteris
1702 5788 1871 5841 servet.
1898 5786 2144 5850 unigen-

1150 434 1429 494 CONTBA
1463 431 1646 492 DUAS
1678 425 2051 488 EPISTOLAS
2084 419 2639 494 PELAGIANOBUM,
2675 424 2738 483 S.
2773 424 3141 485 ωαυετωιι

3680 420 3799 483 612

2218 544 2475 601 creatura
2498 536 2700 605 dicunt,
2726 556 2755 603 ς
2782 537 2951 593 Deum
2972 538 3167 593 bonum
3196 534 3527 593 nascentium
3550 537 3797 593 condito-

2208 636 2350 696 rem,
2372 643 2475 698 per
2494 641 2653 698 quem
2678 626 2819 683 facta
2854 636 2978 683 sunt
3005 627 3206 694 omnia,
3232 627 3458 698 ejusque
3498 643 3634 698 opus
3667 642 3792 683 esse

2210 717 2350 785 ﬁlios
2390 719 2686 793 hominum,
2720 737 2741 779 ι
2776 734 2915 790 quos
2953 718 3227 789 Περίεμί
3268 718 3456 787 dicunt
3494 735 3631 791 opus
3670 734 3794 775 esse

2217 810 2469 893 principis
2495 811 2869 875 tenebrarum;
2916 824 3039 864 cum
3062 809 3203 864 inter
3226 816 3500 881 utrosque,
3530 810 3615 864 vel
3649 808 3796 879 apud

2218 913 2467 976 utrosque
2494 904 2589 960 Dei
2608 912 2850 965 creatura
2869 945 2886 970 ,
2922 917 3041 973 qua:
3058 910 3144 959 est
3171 901 3225 959 in
3257 900 3545 963 infantibus
3573 900 3803 977 pereat?

2218 997 2440 1069 Utrique
2462 999 2607 1053 enim
2652 997 2843 1053 nolunt
2874 1010 2991 1051 eam
3016 994 3221 1051 Christi
3238 1009 3403 1050 carae
3447 1001 3505 1048 et
3536 994 3801 1063 unguine

2219 1087 2430 1149 liberari
2460 1088 2578 1153 :illi
2603 1087 2725 1159 quia
2754 1087 2921 1159 ipsam
2960 1100 3178 1151 carnem
3214 1093 3268 1147 et
3296 1084 3610 1157 sanguinem
3637 1081 3800 1140 Chri-

2218 1179 2309 1246 sti,
2335 1187 2585 1250 tanquam
2613 1177 2730 1233 hee
2750 1177 2975 1232 Omnino
3008 1176 3069 1231 in
3098 1174 3314 1231 homine
3347 1173 3436 1230 vel
3474 1190 3539 1229 es
3576 1172 3807 1229 hoeine

2218 1284 2327 1333 non
2366 1269 2676 1343 susceperit,
2721 1268 3036 1339 destruunt;
3063 1268 3151 1331 isti
3189 1274 3390 1335 autem,
3437 1265 3561 1341 quia
3592 1263 3837 1329 nullum.

2221 1359 2420 1415 malum
2454 1361 2629 1417 inesse
2650 1360 2948 1416 infantibus
2986 1366 3251 1427 assemut,
3285 1357 3429 1413 unde
3470 1372 3571 1429 per
3596 1357 3806 1414 Suum-

2221 1461 2457 1513 tnentutn
2485 1454 2661 1511 carnis
2684 1452 2845 1531 hujus
2871 1456 2929 1521 et
2971 1453 3247 1525 sanguinis
3283 1452 3598 1513 liberentur.
3646 1449 3806 1511 Iacet

2220 1543 2362 1600 inter
2386 1544 2510 1599 illos
2538 1545 2592 1599 in
2624 1544 2867 1614 parvulis
2904 1543 3137 1601 bonum
3175 1551 3422 1603 uentura
3462 1541 3808 1597 institutione

2214 1637 2383 1703 bona,
2414 1636 2794 1707 propagatione
2821 1637 3039 1701 vitiata;
3070 1634 3225 1689 bonis
3240 1634 3351 1688 suis
3375 1633 3634 1689 conﬁtens
3663 1633 3811 1703 opti-

2227 1745 2374 1783 mum
2424 1727 2776 1795 conditorem,
2806 1727 2961 1791 malis
3009 1727 3119 1782 suis
3142 1740 3388 1807 quaerens
3410 1724 3810 1793 misericordis-

2224 1819 2416 1873 simum
2458 1818 2886 1893 redemptorem;
2934 1816 3254 1883 Manichaeos
3295 1815 3496 1881 habens
3537 1816 3810 1871 bonorum

2224 1924 2439 1973 suorum
2481 1911 2884 1985 vituperatores,
2936 1904 3246 1987 Pelagianos
3292 1906 3498 1963 habens
3541 1907 3807 1962 malorum

2226 2016 2443 2057 suorum
2470 2010 2772 2079 negatores,
2806 2009 3061 2071 UITOSQUB
3083 2009 3477 2081 persecutores.
3520 1992 3593 2053 ΕΙ.
3618 2013 3811 2070 quam-

2227 2094 2308 2148 vis
2337 2109 2431 2173 per
2456 2092 2732 2148 infantiam
2765 2092 2911 2164 loqui
2949 2107 3054 2147 non
3082 2090 3275 2163 valeat,
3315 2086 3493 2160 specie
3510 2092 3695 2151 tamen
3727 2099 3815 2143 ta-

2227 2185 2329 2239 cita
2357 2194 2409 2240 et
2434 2185 2736 2239 infirmitate
2762 2182 2941 2239 abdita
2981 2182 3197 2253 impiam
3219 2180 3502 2247 vanitatem
3541 2189 3816 2236 utrorum-

2230 2291 2335 2347 que
2360 2275 2662 2347 compellat,
2694 2284 2747 2329 et
2776 2274 2882 2333 illis
2908 2273 3110 2343 dicens,
3139 2264 3221 2337 Ab
3244 2287 3310 2329 eo
3348 2271 3437 2354 qui
3456 2270 3595 2326 bona
3637 2278 3814 2337 creat,

2228 2365 2430 2421 credite
2458 2380 2543 2420 me
2571 2365 2781 2437 creari;
2812 2373 2866 2419 et
2891 2364 3005 2427 istis
3024 2363 3228 2430 dicens,
3252 2361 3333 2433 Ah
3357 2377 3420 2416 eo
3444 2361 3534 2445 qui
3557 2375 3644 2416 me
3658 2375 3818 2441 crea—

2230 2457 2332 2523 vit,
2394 2455 2553 2511 sinite
2603 2470 2689 2519 me
2736 2453 2934 2508 sanari.
2974 2446 3308 2508 'Manichams
3359 2445 3684 2507 dicitzNihil
3728 2458 3823 2507 est

2228 2544 2392 2619 hujus
2420 2544 2775 2613 infantis;nisi
2802 2544 2975 2599 anima
2998 2544 3133 2598 hona
3146 2538 3460 2608 liberanda;
3484 2548 3679 2598 caetera
3704 2558 3822 2599 non

2230 2635 2297 2689 ad
2324 2636 2487 2691 Deum
2525 2635 2742 2700 bonum,
2769 2634 2862 2690 sed
2898 2634 2963 2689 ad
2989 2634 3288 2706 principem
3316 2632 3657 2697 tenebrarum
3686 2648 3818 2705 per-
3864 2694 3867 2697 _

2231 2727 2449 2781 tinentia
2476 2727 2767 2797 respuenda
2791 2728 2831 2781 ί.
2854 2710 3173 2797 Pelagianus
3203 2722 3331 2787 dicit
3354 2740 3370 2781 :
3392 2722 3505 2781 lmo
3538 2724 3701 2797 hujus
3729 2725 3819 2781 in-

2226 2810 2391 2871 ‘fantis
2438 2816 2568 2871 nihil
2606 2824 2687 2872 est
2729 2812 3082 2880 liberandum,
3106 2816 3228 2887 quia
3278 2825 3446 2881 totum
3484 2814 3823 2871 ostendimus

2230 2908 2456 2963 salvum.
2487 2907 2660 2962 Ambo
2685 2907 3010 2963 mentiuntur
3036 2923 3051 2962 :
3074 2906 3295 2976 sedjam
3330 2907 3508 2961 mitior
3526 2914 3610 2961 est
3640 2905 3825 2961 carnis

2226 2999 2396 3054 solius
2421 3008 2717 3067 accusator,
2762 3014 2920 3070 quam
2950 2998 3040 3071 qui
3074 2998 3129 3053 in
3157 2997 3464 3053 universum
3488 2997 3822 3053 "convinci-

2233 3098 2320 3144 tur
2363 3092 2557 3146 saevire
2596 3090 2858 3146 laudator.
2900 3088 3010 3147 Sed
3051 3104 3152 3146 nec
3202 3086 3526 3149 Manichacus
3569 3087 3825 3145 humana:

2232 3180 2424 3235 animae
2445 3180 2709 3248 subvenit,
2734 3179 3150 3250 blasphemando
3166 3189 3437 3235 auctorem
3464 3180 3626 3237 totius
3652 3179 3835 3247 homi-_

2230 3274 2317 3328 nis
2347 3273 2542 3341 Deum;
2584 3288 2683 3329 nec
2708 3272 3024 3343 Peiagianus
3050 3272 3296 3336 humanae
3316 3262 3559 3328 infantiae
3583 3256 3825 3333 divinam

2231 3366 2454 3437 gratiam
2471 3365 2497 3397 '
2520 3365 2803 3422 subvenire
2832 3365 3112 3436 permittit,
3142 3363 3384 3434 negando
3402 3362 3664 3441 originale
3695 3379 3828 3435 pee—

2234 3468 2431 3514 catum.
2465 3457 2613 3512 ‘Deus
2652 3468 2779 3531 ergo
2821 3458 3103 3512 miseretur
3149 3471 3244 3530 per
3273 3454 3592 3513 catholicam
3637 3455 3826 3525 fidem,

2234 3563 2353 3619 quae
2380 3559 2655 3620 utramque
2670 3548 3039 3619 redarguendo
3066 3549 3379 3621 perniciem,
3408 3548 3596 3603 infanti
3622 3547 3828 3604 subve-

2235 3641 2313 3695 nit
2337 3641 2402 3695 ad
2432 3642 2690 3707 salutem;
2719 3641 3023 3697 Manichzeis
3047 3640 3251 3709 dicens,
3280 3640 3475 3699 Audite
3498 3642 3829 3723 Aposwlum

2234 3732 2573 3798 clamantem,
2608 3730 2823 3788 Nescitis
2854 3735 2972 3806 quia
3010 3750 3195 3805 corpus
3231 3743 3444 3789 uestrum
3472 3734 3718 3806 (etapium
3758 3743 3833 3790 est

2233 3827 2287 3880 in
2316 3825 2453 3880 vobis
2500 3823 2726 3896 Spiritus
2770 3826 2930 3879 sancti
2956 3824 3000 3898 (l
3027 3824 3144 3880 Cor.
3171 3842 3244 3895 γι,
3277 3824 3401 3899 l9)?
3445 3833 3498 3880 et
3523 3824 3699 3880 Deum
3736 3823 3833 3879 bo.

2232 3928 2361 3971 num
2392 3927 2688 3972 creatorem
2725 3915 2923 3971 credite
2964 3918 3272 3987 'corporum,
3327 3916 3449 3993 quia
3495 3932 3604 3972 non
3648 3926 3834 4001 potest

2237 4026 2355 4065 esse
2388 4009 2641 4080 templum
2666 4009 2897 4080 Spiritus
2925 4010 3090 4064 sancti
3117 4024 3252 4080 opus
3284 4009 3544 4085 principis
3573 4010 3830 4073 tenebra-

2235 4108 2352 4158 rum
2385 4124 2397 4158 :
2431 4103 2726 4174 Pelagianis
2772 4103 2982 4168 dicens,
3050 4101 3115 4156 In
3163 4101 3508 4172 iniquitatibus
3558 4090 3834 4175 conceptus

2238 4203 2340 4271 est,
2366 4203 2411 4248 et
2436 4195 2488 4249 in
2506 4194 2722 4277 peccatis
2750 4209 2869 4249 eum
2900 4202 3060 4248 mater
3086 4194 3201 4275 ejus
3253 4195 3305 4248 in
3328 4204 3468 4267 utero
3496 4195 3624 4248 aluit
3648 4192 3832 4268 (Paul.

2239 4302 2291 4353 ι,
2321 4285 2398 4357 7),
2428 4301 2584 4355 quem
2613 4286 2917 4355 conSpicitis
2946 4286 3245 4358 parvulum.
3268 4286 3402 4361 Quid
3421 4302 3541 4341 eum
3569 4296 3831 4360 tanquam

2240 4377 2307 4432 ab
2326 4379 2467 4432 omni
2500 4394 2635 4431 noxa
2661 4378 2879 4432 lihermn
2898 4378 3246 4443 defendendo,
3264 4395 3370 4443 non
3391 4376 3707 4457 permittitis
3742 4395 3837 4461 per

2241 4470 2617 4540 indulgentiam
2645 4469 2894 4523 liberari?
2929 4468 3092 4523 Nemo
3130 4470 3348 4525 mundus
3375 4485 3415 4543 a‘
3428 4468 3594 4535 sorde,
3630 4487 3734 4524 nec
3759 4470 3839 4535 in-

2241 4564 2357 4635 fans
2376 4564 2520 4625 cuius
2545 4571 2614 4615 est
2643 4560 2742 4615 diei
2765 4562 2916 4616 unius
2934 4561 3035 4614 vita
3061 4578 3211 4629 super
3238 4571 3421 4621 terram
3460 4558 3586 4639 (Job
3632 4575 3758 4631 xxv,
3782 4560 3837 4628 5,

2241 4668 2341 4705 sec.
2391 4650 2583 4723 LXX).
2632 4651 2803 4706 Sinite
2860 4652 3113 4706 miserum
3158 4650 3527 4709 remissionem
3579 4654 3842 4725 accipere

2228 4751 2578 4812 peccatorum
2599 4783 2614 4807 ,
2665 4757 2760 4811 per
2784 4757 2904 4797 cum
2936 4742 3027 4813 qui
3053 4732 3200 4798 s'olus
3218 4758 3318 4801 nec
3353 4758 3551 4815 parvus
3572 4759 3683 4811 nec
3728 4760 3845 4805 ma-

2243 4849 2376 4905 gnus
2404 4835 2573 4904 potuit
2601 4834 2796 4891 habere
2820 4845 3118 4913 peccatum.

2314 4926 2367 4981 5.
2393 4924 2529 4991 Quid
2569 4927 2646 4980 eis
2673 4927 2831 4997 igitur
2873 4926 3110 4998 prodest,
3159 4926 3303 4999 quod
3340 4926 3551 4996 dicunt,
3603 4946 3624 4981 ι
3663 4927 3846 4987 Omne

2246 5026 2517 5086 peccatum
2545 5031 2648 5071 non
2678 5017 2743 5071 de
2779 5028 2986 5084 natura,
3028 5019 3124 5073 sed
3149 5017 3215 5073 de
3236 5019 3507 5075 voluntate
3532 5018 3848 5077 descende.

2240 5125 2343 5174 re;
2382 5131 2399 5164 ι
2446 5122 2499 5167 et
2526 5111 2830 5167 Manichmis
2857 5112 3049 5166 malam
3090 5122 3329 5167 naturam
3370 5109 3678 5167 dicentibus
3716 5129 3850 5168 cau-

2247 5221 2358 5261 sam
2387 5222 2507 5262 esse
2535 5203 2764 5277 peccati,
2797 5204 2950 5274 hujus
2974 5205 3253 5259 sententiae
3277 5204 3503 5259 veritate
3528 5201 3801 5271 resistere
3830 5222 3846 5261 :

2248 5298 2458 5368 quando
2487 5298 2729 5353 uolentes
2758 5295 3040 5353 admittere
3084 5293 3343 5375 originale
3370 5304 3683 5375 peccatum,
3718 5311 3847 5353 cum

2248 5400 2302 5446 et
2326 5391 2499 5463 ipsum
2530 5391 2645 5445 sine
2667 5389 2830 5445 dubio
2864 5388 2931 5443 de
2954 5386 3114 5469 primi
3159 5370 3390 5443 hominis
3411 5386 3696 5445 voluntate
3748 5388 3853 5455 de-

2249 5481 2489 5550 scendat,
2539 5480 2738 5537 faciunt
2785 5494 2907 5535 reos
2949 5478 3199 5552 parvulos
3248 5477 3315 5545 de
3366 5494 3595 5550 corpore
3648 5482 3851 5551 exire?

2250 5734 2278 5771 Γ
2277 5655 2523 5783 ﬁt?“
2518 5652 2753 5719 pertinent
2774 5650 3060 5719 respirando.

2313 5776 2815 5904 “om”.
2818 5776 3044 5847 2-9.19.9,“
