4038 6474
517 383 626 443 615

522 497 627 554 Per
651 508 807 550 unum
830 488 1081 546 hominem
1107 486 1336 542 intrasse
1360 489 1637 557 peccatum.
1666 478 1794 534 Haec
1816 476 1956 532 enim
1982 479 2108 530 sunt

520 589 798 662 superiora
822 583 983 639 verba
1010 581 1146 652 ejus.
1170 576 1500 635 Commendat
1528 583 1714 638 autem,
1741 571 1934 642 inquit,
1961 581 2107 623 suam

519 681 817 736 alacritatem
844 674 983 731 Deus
1007 673 1064 728 in
1091 672 1254 736 nobis,
1277 670 1517 740 quoniam
1542 684 1657 722 cum
1686 665 1853 719 adhuc
1879 668 2106 731 peccato-

520 789 600 827 res
627 786 863 833 essemus,
884 765 1117 823 Christus
1142 781 1236 836 pro
1269 763 1410 818 nobis
1434 770 1661 816 mortuus
1685 766 1793 823 est;
1818 754 1977 809 multo
1999 768 2106 806 ma-

523 866 600 937 gis
628 860 902 936 justiﬁcati
937 875 1070 915 nunc
1099 859 1154 913 in
1186 855 1433 929 sanguine
1459 853 1640 925 ipsius,
1673 849 1798 905 salvi
1836 847 2020 902 erimus
2043 842 2107 937 ab

515 936 596 1012 ira
625 972 715 1028 per
741 954 929 1026 ipsum.
958 951 1018 1008 Si
1055 951 1190 1007 enim
1227 966 1344 1005 cum
1383 945 1577 1002 inimici
1611 958 1851 1005 essemus,
1881 936 2106 992 reconci-

519 1049 631 1105 liati
672 1063 846 1104 sumus
883 1045 992 1100 Deo
1035 1060 1125 1116 per
1168 1051 1378 1098 mortem
1411 1038 1536 1094 Filii
1573 1039 1722 1108 ejus;
1747 1033 1908 1088 multo
1947 1029 2107 1101 magis

517 1139 850 1205 reconciliati,
872 1138 998 1193 salvi
1023 1137 1209 1193 erimus
1229 1136 1283 1189 in
1309 1134 1410 1188 vita
1438 1132 1617 1203 ipsius.
1647 1126 1769 1181 Non
1807 1124 1973 1179 solum
2006 1138 2105 1176 au-

522 1245 644 1301 tem,
672 1230 761 1287 sed
787 1240 835 1286 et
861 1229 1132 1302 gloriantes
1156 1227 1212 1281 in
1247 1225 1351 1280 Deo
1375 1240 1465 1296 per
1488 1222 1667 1277 Jesum
1702 1217 1961 1273 Christum
1998 1213 2109 1267 Do-

523 1324 717 1378 minum
741 1333 988 1386 nostrum,
1013 1335 1100 1390 per
1122 1333 1270 1389 quem
1297 1326 1343 1370 et
1374 1331 1506 1369 nunc
1534 1309 1993 1367 reconciliationem
2022 1321 2109 1360 ac-

520 1419 767 1489 cepimus.
806 1412 1010 1469 Deinde
1055 1409 1326 1481 subjungit
1370 1426 1385 1463 :
1434 1406 1652 1476 Propter
1699 1403 1793 1457 hoc
1839 1401 1968 1455 sicut
2020 1415 2109 1466 per

517 1525 677 1566 unum
702 1507 955 1562 hominem
976 1512 1240 1573 peccatum
1268 1502 1321 1555 in
1346 1500 1478 1554 hunc
1513 1496 1761 1552 mundum
1792 1495 1996 1548 intravit
2015 1531 2030 1559 ,
2061 1502 2108 1546 et

492 1620 497 1624 '
527 1620 618 1676 per
644 1610 903 1672 peccatum
928 1613 1099 1664 mors;
1125 1606 1172 1652 et
1199 1596 1271 1649 ita
1307 1595 1361 1649 in
1389 1609 1559 1648 omnes
1591 1589 1814 1645 homines
1847 1598 2106 1659 pertrans-

518 1698 601 1766 iit,
642 1696 697 1750 in
740 1709 841 1763 quo
876 1706 1047 1746 omnes
1089 1696 1417 1760 peccaverunt
1448 1684 1469 1755 (
1495 1683 1648 1739 Rom.
1669 1697 1725 1747 v,
1753 1678 1947 1750 8—12).
1970 1676 2106 1746 Quid

520 1786 939 1858 tergiversantur
976 1778 1280 1851 Pelagiani?
1307 1777 1363 1834 Si
1403 1774 1651 1831 omnibus
1697 1770 1997 1827 necessaria
2026 1777 2109 1824 est

518 1875 883 1935 reconciliatio
912 1888 1008 1945 per
1031 1871 1320 1934 Christum,
1350 1883 1449 1941 per
1473 1879 1660 1922 omnes
1688 1862 1899 1918 transiit
1916 1877 2105 1933 pecca-

518 1978 656 2033 tum,
685 1983 792 2038 quo
837 1963 1038 2021 inimici
1081 1962 1296 2028 fuimus,
1330 1968 1388 2013 ut
1412 1972 1547 2028 opus
1577 1953 1913 2012 reconciliari
1945 1951 2107 2007 habe-

518 2076 725 2118 remus.
746 2058 873 2114 liaec
891 2054 1257 2112 reconciliatio
1275 2060 1359 2107 est
1377 2052 1431 2106 in
1458 2050 1670 2104 lavacro
1690 2044 2106 2117 regenerationis

519 2163 574 2209 et
615 2151 811 2207 Christi
854 2163 1017 2203 carne
1056 2156 1110 2203 ct
1156 2144 1433 2215 sanguine,
1466 2142 1582 2197 sine
1619 2154 1726 2209 quo
1768 2152 1868 2193 nec
1900 2135 2105 2206 parvuli

518 2251 748 2317 possunt
779 2240 981 2297 habere
1007 2238 1169 2293 vitam
1198 2236 1253 2291 in
1281 2232 1605 2303 semetipsis.
1637 2230 1788 2287 Sicut
1823 2229 1966 2284 enim
2013 2226 2109 2280 fuit

517 2351 659 2392 unus
682 2333 751 2390 ad
779 2342 1005 2389 mortem
1039 2339 1254 2402 propter
1282 2338 1582 2399 peccatum,
1613 2324 1693 2379 sic
1718 2332 1800 2378 est
1829 2322 1847 2354 ί
1874 2336 2010 2376 unus
2037 2319 2106 2375 ad

520 2427 688 2483 vitam
731 2431 950 2496 pr0pter
991 2422 1272 2493 justitiam.
1302 2418 1440 2487 Quia
1477 2417 1607 2471 sicut
1642 2416 1697 2469 in
1732 2413 1897 2468 Adam
1937 2427 2107 2466 omnes

517 2522 824 2585 moriuntur,
849 2518 924 2572 ita
952 2526 999 2572 ct
1022 2516 1075 2570 in
1094 2512 1294 2572 Christo
1321 2527 1494 2567 omnes
1510 2509 1896 2578 viviﬁcabuntur
1919 2505 1961 2577 (l
1984 2503 2102 2559 Cor.

516 2627 608 2680 xv,
635 2610 734 2682 22)
760 2626 776 2664 :
805 2616 861 2664 et
884 2608 1015 2664 sicut
1040 2623 1129 2679 per
1156 2605 1307 2660 unius
1335 2602 1573 2657 delictum
1596 2600 1650 2654 in
1680 2615 1851 2653 omnes
1874 2598 2107 2651 homines

516 2703 586 2758 ad
625 2700 1114 2763 condemnationem,
1143 2699 1215 2751 ita
1249 2706 1297 2751 et
1328 2711 1417 2766 per
1437 2694 1589 2748 unius
1608 2690 2026 2764 justi/icationem
2049 2689 2105 2742 in

518 2811 693 2851 omnes
737 2792 963 2848 homines
1008 2790 1075 2844 ad
1112 2786 1531 2859 justiﬁcationem
1567 2786 1682 2838 vitat
1715 2780 1889 2853 (Rom.
1911 2796 1963 2847 v,
1990 2776 2102 2851 18).

520 2886 653 2958 Quis
676 2884 934 2941 adversus
962 2882 1080 2938 haec
1105 2878 1397 2950 apostolica
1426 2875 1589 2932 verba
1622 2882 1765 2929 tanta
1790 2873 1985 2927 duritia
2012 2886 2108 2925 ne-

521 2980 695 3037 fandas
738 2962 1024 3050 impietatis
1068 2973 1369 3038 obsurduit,
1410 2979 1470 3026 ut
1510 2970 1593 3024 his
1639 2968 1834 3025 auditis
1876 2977 2106 3024 mortem

522 3075 641 3131 sine
678 3082 900 3145 peccato
940 3070 993 3124 in
1032 3083 1130 3123 nos
1166 3082 1266 3138 per
1289 3064 1458 3121 Adam
1505 3063 1763 3118 transisse
1797 3060 2103 3126 contendat,

529 3166 635 3222 nisi
672 3170 1066 3236 oppugnatores
1091 3161 1274 3230 gratia:
1305 3159 1420 3225 Dei,
1448 3156 1649 3212 inimici
1677 3157 1851 3211 crucis
1875 3153 2106 3210 Christi?

524 3260 762 3328 Quorum
793 3257 914 3313 finis
941 3255 1285 3313 estinteritus
1303 3251 1560 3322 (Philipp.
1588 3266 1666 3317 ιιι,
1696 3249 1763 3304 18
1775 3258 1821 3302 et
1839 3246 1952 3318 l9),
1977 3247 2021 3302 si
2053 3246 2105 3301 in

525 3350 630 3408 bac
657 3348 1018 3407 obstinatione
1043 3345 1372 3401 duraverint.
1402 3342 1602 3397 Verum
1631 3341 1745 3396 haec
1769 3339 1967 3395 dixisse
1989 3336 2107 3393 suf-

522 3447 685 3512 ficiat,
717 3452 937 3516 propter
970 3455 1156 3498 eorum
1203 3438 1348 3493 illam
1390 3436 1678 3491 versutiam
1717 3433 2102 3503 serpentinam,

519 3554 625 3612 qua
652 3537 839 3594 volunt
878 3543 1085 3589 mentes
1117 3545 1464 3601 corrumpere
1504 3527 1772 3596 simplices
1795 3528 1839 3593 ³,
1866 3536 1921 3581 et
1947 3541 2105 3580 aver-

522 3639 638 3687 tere
661 3645 694 3685 a
718 3626 996 3685 catholicae
1021 3624 1144 3679 fidei
1170 3622 1434 3686 castitate,
1457 3619 1620 3675 veluti
1646 3618 1801 3672 laude
1828 3625 2103 3672 creaturae.

595 3718 823 3777 CAPUT
864 3717 926 3772 ν.
991 3744 1064 3757 -
1112 3714 1166 3771 9.
1233 3711 1313 3767 De
1382 3710 1535 3765 laude
1577 3709 1887 3780 nuptiarum.
1938 3708 2107 3763 Porro

523 3822 701 3870 autem
726 3810 795 3867 de
822 3807 979 3865 laude
1009 3805 1311 3876 nuptiarum
1368 3801 1494 3873 quid
1541 3800 1619 3856 eis
1669 3800 1919 3870 prodest,
1967 3798 2106 3869 quod

523 3906 783 3962 adversus
828 3899 1146 3957 Manichaeos
1170 3937 1185 3963 ,
1234 3895 1326 3965 qui
1371 3892 1580 3962 nuptias
1630 3906 1736 3945 non
1763 3890 1873 3945 Deo
1902 3903 2028 3944 vero
2053 3896 2110 3945 et

526 3998 672 4056 bono
697 3995 989 4066 assignant,
1033 3989 1128 4047 sed
1158 3986 1382 4060 principi
1423 3984 1784 4048 tenebrarum,
1814 3982 1902 4036 isti
1930 3980 2108 4037 verbis

525 4106 670 4148 verae
720 4087 932 4161 pietatis
980 4084 1246 4141 obsistunt
1295 4081 1553 4147 dicentes,
1612 4095 1631 4129 ι
1690 4076 1810 4147 quia
1855 4073 2109 4129 Dominus

525 4184 579 4241 in
611 4180 899 4254 Evangelia
948 4176 1199 4248 loquitur,
1257 4173 1356 4240 Qui
1405 4172 1524 4245 fecit
1570 4168 1633 4224 ab
1691 4168 1859 4235 initio,
1906 4182 2108 4221 mascu-

527 4278 632 4332 lum
682 4284 729 4329 et
777 4271 1016 4343 feminam
1058 4268 1176 4339 fecit
1218 4282 1302 4321 eos
1349 4262 1577 4337 (Matth.
1606 4262 1774 4330 xtx,4
1800 4258 1843 4333 ),
1874 4269 1922 4316 et
1965 4259 2107 4326 dicit,

526 4364 762 4429 Crescite,
792 4369 836 4417 et
865 4356 1295 4429 multiplicamini,
1335 4365 1383 4409 et
1419 4353 1609 4424 replete
1651 4360 1835 4406 terram
1873 4349 2041 4424 (Gen.
2068 4364 2106 4415 ι,

523 4458 638 4530 28).
671 4455 822 4524 Quod
860 4470 977 4524 ergo
1015 4450 1154 4506 Deus
1196 4449 1488 4521 conjunxit,
1517 4448 1667 4501 honto
1710 4461 1813 4499 non
1859 4450 2054 4513 separet
2086 4461 2106 4495 ι

527 4550 545 4620 (
575 4549 759 4603 Matth.
787 4561 906 4611 xIx,
933 4543 1050 4613 6)?
1085 4540 1222 4611 Quid
1261 4542 1339 4597 eis
1378 4540 1482 4594 hoc
1519 4537 1770 4609 prodest,
1801 4550 1897 4605 per
1924 4548 2111 4589 verum

527 4640 784 4694 seducere
808 4638 874 4691 ad
905 4634 1133 4690 falsum?
1164 4632 1276 4687 Hoc
1321 4631 1462 4686 enim
1507 4629 1709 4695 dicunt,
1754 4637 1814 4681 ut
1856 4626 1924 4680 ab
1965 4625 2111 4680 omni

528 4745 665 4785 noxa
702 4728 854 4784 liberi
884 4726 906 4759 ³
928 4725 1074 4781 nasci
1113 4723 1399 4780 credantur
1440 4720 1687 4783 infantes,
1711 4735 1774 4775 ac
1799 4719 1876 4773 sic
1899 4734 2008 4773 non
2033 4718 2113 4773 eis

527 4834 662 4891 Opus
691 4820 762 4874 sit
791 4818 901 4874 Deo
919 4815 944 4849 ⁸
963 4814 1295 4871 reconciliari
1328 4827 1422 4884 per
1447 4811 1735 4875 Christum,
1769 4825 1873 4865 non
1905 4810 2109 4865 haben-

527 4913 674 4968 tibus
702 4911 870 4967 ullum
898 4909 1157 4979 originale
1186 4916 1482 4977 peccatum,
1511 4914 1729 4975 propter
1752 4901 1891 4974 quod
1922 4916 2113 4958 recon-

530 5005 730 5060 ciliatio
749 5002 1051 5058 necessaria
1091 5008 1175 5056 est
1220 4998 1465 5055 omnibus
1510 5011 1605 5068 per
1649 5014 1835 5062 unum,
1870 4998 1958 5068 qui
1997 4996 2113 5052 sine

530 5105 753 5169 peccato
776 5094 924 5150 venit
950 5095 1004 5148 in
1036 5090 1290 5148 mundum
1315 5107 1330 5146 :
1355 5090 1490 5146 sicut
1514 5089 1751 5145 omnium
1778 5090 1800 5122 ⁸
1832 5088 1982 5145 facta:
2012 5089 2113 5144 ini-

532 5187 748 5245 micitia
775 5195 899 5243 sunt
927 5200 1022 5257 per
1044 5200 1231 5249 unum,
1263 5198 1357 5255 per
1382 5198 1536 5255 quem
1578 5193 1851 5253 peccatum
1897 5182 2114 5238 intravit

597 5433 617 5466 ί
638 5431 848 5482 Vaticani
871 5436 999 5491 Mss.,
1022 5428 1096 5481 sic
1111 5432 1177 5481 et.

595 5497 617 5527 θ
644 5493 868 5556 callium
924 5490 1066 5553 Mss,
1124 5503 1221 5556 qua
1262 5495 1493 5556 conmitur
1533 5490 1643 5541 deci

599 5556 622 5590 ³
643 5555 800 5628 Iidem.
838 5561 971 5628 uss,
1002 5552 1090 5618 per
1330 5552 1560 5628 seducere

532 5618 638 5714 ius,
670 5622 722 5669 ut
741 5616 813 5691 .ab
999 5613 1100 5666 non
1118 5613 1308 5687 αὔρᾳ-ἱ,
1336 5624 1431 5701 etc.
1699 5613 1709 5617 '
1841 5678 1853 5688 _

597 5742 616 5752 _
638 5675 1314 5752 gditr,_opus_
1341 5713 1354 5727 .
1382 5678 1578 5752 omisso,
1605 5686 1718 5752 pec.
1745 5684 2018 5752 Estin_Mss.

595 5742 709 5813 {Sic
897 5740 1016 5815 mliti
1049 5752 1182 5815 'vero
1223 5749 1327 5791 Am.
1348 5746 1402 5791 et
1441 5744 1537 5804 Er.,
1893 5741 2116 5805 inv.,sic

533 5814 1159 5870 cinnamomum.

1729 5490 2046 5566 et

1699 5552 1895 5617 fallaces
1918 5554 2118 5617 decipu-

1119 369 1394 431 CONTRA
1430 364 1611 425 ΒυΑὸ
1646 358 2021 422 EPISTOLAS
2057 354 2620 424 PELAGIANORUM,
2659 354 2720 412 S.
2759 352 3129 412 AUGUSTINI

3688 353 3804 412 616

2218 468 2275 523 in
2313 467 2588 524 mundum.
2626 466 2779 536 Quod
2821 467 3085 524 catholice
3123 465 3376 531 creditur,
3407 480 3506 538 pro
3538 466 3805 524 salvanda

2216 569 2405 616 natura
2431 561 2705 617 hominum
2732 561 2875 616 salva
2901 561 3057 616 laude
3078 561 3381 631 nuptiarum
3409 578 3422 614 :
3445 559 3568 631 quia
3590 561 3808 631 nuptia-

2218 670 2335 709 rum
2364 654 2479 711 laus
2508 663 2590 710 est
2611 654 2753 725 justa
2783 655 3048 727 copulatio
3088 670 3333 722 sexuum,
3364 669 3468 710 non
3499 656 3676 724 iniqua
3706 653 3811 710 de—

2213 743 2388 800 fensio
2430 746 2697 801 vitiorum.
2737 746 2809 801 At
2841 762 2940 819 per
2976 746 3079 801 huc
3115 762 3234 801 cum
3276 746 3360 801 isti
3403 744 3669 801 laudando
3703 761 3812 801 nu-

2213 838 2375 908 ptias,
2406 852 2435 893 a
2458 837 2765 894 Manicltreis
2796 839 3036 893 homines
3059 838 3126 893 ad
3154 853 3213 893 se
3241 838 3383 908 ipsos
3408 837 3590 893 volunt
3621 836 3812 892 tradu—

2212 943 2367 995 cere;
2398 938 2607 983 mutare
2636 930 2741 985 illis
2765 930 3010 985 morbum
3033 929 3272 1001 cupiunt,
3305 945 3409 984 non
3442 944 3655 984 sanare.

2299 1020 2387 1075 10.
2428 1017 2506 1073 De
2529 1019 2679 1073 laude
2698 1021 2841 1091 tegis.
2864 1019 3069 1075 Rursus
3099 1020 3151 1076 iu
3189 1020 3344 1075 laude
3388 1021 3519 1090 legis
3557 1020 3683 1090 quid
3724 1020 3813 1075 eis

2211 1110 2451 1180 prodest,
2472 1109 2609 1180 quod
2627 1120 2811 1166 contra
2830 1110 3151 1166 Manichmos
3166 1128 3348 1167 verum
3366 1110 3569 1179 dicunt,
3589 1112 3812 1181 quando
3857 1178 3869 1187 ,

2213 1218 2276 1259 ex
2309 1203 2413 1259 hoc
2440 1204 2506 1257 ad
2530 1204 2658 1259 illud
2678 1204 2863 1260 volunt
2888 1204 3104 1271 ducere,
3128 1206 3266 1276 quod
3288 1205 3471 1261 falsmn
3491 1215 3676 1260 contra
3710 1220 3776 1260 ca

2215 1296 2443 1352 tholicos
2470 1297 2946 1354 sentiunt‘lbicunt
2970 1303 3111 1353 enim
3141 1316 3154 1353 :
3189 1317 3208 1351 ι
3238 1297 3431 1369 Legem
3461 1299 3621 1352 etiam
3654 1308 3807 1351 vete-

2212 1402 2325 1445 rem
2342 1389 2632 1444 secundum
2652 1390 2987 1460 Apostolum,
2995 1389 3190 1461 justam
3208 1399 3262 1444 et
3276 1399 3512 1444 sanctam
3531 1401 3586 1445 et
3606 1391 3809 1447 bonam

2210 1480 2440 1536 fatemur
2470 1480 2645 1556 (Rom.
2669 1498 2760 1546 vn,
2791 1482 2903 1553 12),
2943 1499 3062 1553 quae
3094 1483 3512 1537 custodientihus
3552 1483 3807 1540 mandata

2211 1590 2330 1638 sua,
2353 1590 2415 1629 ac
2443 1590 2541 1645 per
2567 1574 2724 1629 fidem
2751 1575 2896 1646 juste
2922 1575 3242 1640 viventibus,
3270 1576 3403 1629 sicut
3436 1573 3718 1644 Prophetis
3749 1584 3804 1630 et

2215 1664 2559 1733 Patriarchis,
2583 1665 2937 1737 omnibusque
2959 1667 3157 1721 sanctis
3174 1655 3345 1719 vitam
3361 1666 3531 1736 potuit
3553 1665 3806 1721 conferre

2215 1766 2546 1829 perpetuam.
2578 1778 2597 1811 ι
2623 1759 2828 1825 Quibus
2849 1760 3027 1815 verbis
3045 1759 3389 1816 callidissime
3419 1760 3602 1828 positis
3626 1760 3804 1830 legem

2213 1860 2401 1907 contra
2422 1854 2645 1924 gratiam
2680 1853 2914 1909 laudant.
2938 1853 3122 1923 Neque
3140 1853 3281 1908 enim
3310 1854 3393 1908 lex
3425 1854 3531 1915 illa,
3558 1854 3807 1923 quamvis

2207 1942 2350 2013 justa
2379 1952 2437 1999 et
2461 1953 2646 1998 sancta
2676 1954 2729 1998 et
2759 1947 2918 2012 bona,
2947 1944 3194 2000 omnibus
3224 1944 3324 1999 illis
3354 1942 3657 1999 hominibus
3685 1944 3801 2010 Dei,

2211 2035 2306 2090 sed
2348 2035 2481 2092 fides
2523 2052 2641 2106 qua:
2683 2037 2735 2091 in
2775 2036 2987 2091 Christo
3015 2047 3116 2101 est,
3147 2036 3303 2089 vitam
3349 2037 3520 2105 potuit
3553 2034 3805 2089 conferre

2212 2136 2544 2198 perpetuam.
2576 2128 2700 2184 Haec
2727 2129 2868 2184 enim
2897 2128 3030 2183 fides
3059 2142 3153 2198 per
3181 2127 3521 2181 dilectionem
3549 2134 3806 2198 operatur

2212 2217 2422 2290 (Galat.
2449 2236 2500 2286 ν,
2525 2217 2620 2290 6),
2665 2234 2772 2274 non
2821 2218 3118 2274 secundum
3160 2218 3388 2272 litteram
3425 2233 3544 2287 qua:
3579 2217 3801 2286 occidit,

2211 2310 2307 2365 sed
2336 2310 2628 2366 secundum
2658 2310 2900 2380 Spiritum
2931 2310 3019 2379 qui
3049 2309 3281 2363 vivificat
3309 2310 3327 2379 (
3352 2309 3391 2364 ll
3418 2306 3537 2363 Cor.
3570 2324 3650 2374 tu,
3681 2308 3759 2380 6)
3789 2325 3804 2362 :

2210 2404 2278 2460 ad
2310 2420 2468 2477 quam
2493 2405 2585 2460 Dei
2612 2404 2835 2475 gratiam
2868 2404 2951 2459 lex
2984 2408 3050 2459 de
3080 2403 3511 2473 praevaricatione
3540 2401 3806 2458 terrendo

2214 2505 2467 2567 tanquam
2495 2498 2815 2567 paedagogus
2843 2494 3083 2565 perducit
3110 2497 3125 2559 (
3153 2493 3323 2550 Colat.
3353 2510 3430 2559 nt,
3450 2492 3518 2549 9-4
3538 2492 3579 2565 ),
3622 2501 3683 2548 ιιι
3723 2492 3809 2547 sic

2211 2590 2514 2645 conferatur
2556 2589 2783 2657 homini,
2823 2588 2965 2660 quod
3009 2588 3254 2646 conferre
3298 2589 3412 2658 ipsa
3456 2603 3561 2642 non
3601 2585 3802 2657 potuit.

2212 2681 2332 2736 lstis
2363 2697 2590 2751 namque
2618 2682 2793 2737 verbis
2831 2697 3018 2738 eorum
3037 2724 3053 2748 ,
3086 2681 3277 2752 quibus
3314 2681 3518 2745 dicunt,
3549 2698 3568 2731 ι
3600 2677 3803 2749 Legem

2214 2774 2494 2844 Prophetis
2518 2782 2572 2827 et
2597 2773 2920 2829 Patriarchis
2945 2773 3296 2843 omnibusque
3318 2771 3519 2826 sanctis
3549 2770 3803 2825 mandata

2213 2867 2329 2936 ejus
2351 2865 2692 2921 servantibus
2706 2867 2866 2919 vitam
2885 2865 3123 2937 potuisse
3141 2862 3386 2919 conferre
3404 2872 3752 2934 perpetuam;
3777 2881 3798 2916 ι

2210 2956 2507 3027 reSpondet
2532 2957 2843 3028 Apostolus,
2870 2955 2933 3012 Si
2961 2972 3051 3027 per
3075 2957 3233 3028 legem
3249 2954 3474 3028 justitia,
3503 2970 3621 3026 ergo
3647 2952 3805 3008 Citri-

2210 3060 2317 3105 stus
2344 3050 2502 3121 gratis
2530 3059 2757 3104 mortuus
2785 3059 2855 3104 est
2886 3047 2997 3121 (Id.
3026 3065 3088 3116 ιι,
3117 3049 3235 3118 21).
3268 3046 3330 3105 Si
3354 3065 3418 3104 ea:
3442 3049 3551 3119 lege
3575 3048 3800 3102 hazredi-

2211 3152 2310 3212 tas,
2330 3144 2444 3214 jam
2472 3160 2575 3198 non
2599 3160 2663 3198 ea:
2690 3141 3023 3215 promissione
3049 3140 3158 3214 (Id.
3184 3158 3265 3209 ιιι,
3296 3140 3408 3214 18).
3431 3142 3492 3197 Si
3518 3142 3572 3197 hi
3598 3142 3686 3213 qui
3709 3157 3806 3211 per

2211 3238 2391 3308 legem,
2420 3236 2642 3291 heredes
2661 3245 2779 3291 sunt
2796 3251 2817 3300 ;
2837 3234 3094 3290 exinanita
3121 3243 3194 3289 est
3222 3234 3368 3304 fides,
3391 3246 3437 3289 et
3463 3247 3705 3290 eoacuata
3726 3244 3806 3289 est

2214 3328 2479 3394 promissio
2501 3325 2676 3398 (Rom.
2698 3341 2772 3393 Iv,
2797 3326 2909 3396 14).
2938 3325 3071 3394 Quia
3088 3336 3257 3381 autem
3278 3327 3329 3380 in
3355 3326 3462 3397 lege
3482 3342 3625 3380 nemo
3641 3326 3807 3396 justi-

2212 3420 2395 3490 ﬁcatur
2420 3420 2561 3490 apud
2585 3418 2772 3484 Deum,
2798 3419 3125 3490 manifestum
3149 3427 3243 3483 est,
3274 3418 3393 3488 quia
3418 3420 3579 3485 justus
3605 3433 3672 3471 ea:
3696 3417 3808 3486 ﬁde

2210 3511 2349 3565 vivit.
2386 3509 2497 3565 Leo:
2534 3520 2702 3565 autem
2740 3525 2843 3564 non
2883 3520 2956 3564 est
2996 3525 3059 3564 ea:
3091 3508 3230 3579 ﬁde;
3255 3510 3362 3573 sed,
3393 3507 3492 3576 Qui
3515 3509 3687 3578 fecerit
3715 3525 3800 3575 ea,

2211 3605 2337 3659 vivet
2360 3604 2414 3657 in
2441 3603 2545 3657 illis
2562 3600 2757 3672 (Colat.
2781 3617 2859 3667 ιιι,
2881 3602 2939 3657 11
2962 3611 3009 3655 et
3033 3602 3142 3670 12).
3161 3599 3315 3670 Quod
3336 3616 3400 3656 ex
3421 3602 3535 3671 lege
3557 3601 3808 3657 testimo-

2212 3694 2359 3748 nium
2407 3700 2885 3748 commemoratum
2934 3691 3002 3746 ab
3045 3692 3302 3763 Apostoln
3347 3700 3565 3762 propter
3591 3694 3608 3723 ί
3636 3693 3806 3746 vitam

2213 3784 2573 3856 temporalem
2591 3783 2922 3854 intelligitur,
2950 3791 3168 3854 propter
3193 3784 3344 3852 cujus
3382 3782 3691 3838 amittendae
3731 3784 3804 3837 ti-

2213 3894 2419 3934 morem
2459 3875 2724 3933 faciebant
2768 3877 3012 3933 homines
3049 3877 3182 3948 legis
3210 3892 3392 3948 opera,
3424 3892 3531 3932 non
3560 3893 3626 3931 ex
3659 3876 3803 3942 lide;

2212 3974 2336 4042 quia
2357 3973 2377 4003 ²
2403 3982 2826 4041 transgressores
2853 3970 2985 4041 legis
3010 3970 3197 4027 eadem
3229 3971 3347 4042 lege
3372 3989 3400 4024 a
3428 3971 3627 4043 popqu
3642 3971 3809 4042 jube-

2214 4065 2411 4120 bantur
2432 4063 2624 4119 occidi.
2647 4063 2755 4119 Aut
2777 4064 2823 4119 si
2847 4065 3009 4119 altius
3029 4065 3427 4137 intelligendum
3449 4074 3552 4130 est,
3577 4074 3810 4135 propter

2213 4166 2376 4219 vitam
2406 4174 2658 4220 aeternam
2690 4165 2945 4234 scriptum
2976 4181 3116 4231 esse,
3142 4167 3241 4234 Qui
3276 4169 3448 4237 fecerit
3473 4185 3556 4237 ea,
3586 4170 3713 4224 vivet
3750 4172 3809 4225 in

2213 4256 2319 4310 illis
2362 4254 2546 4325 (Leuit.
2578 4272 2731 4323 xvut,
2761 4256 2817 4327 5)
2848 4275 2860 4311 :
2890 4257 3013 4312 ideo
3059 4259 3136 4313 sic
3182 4274 3492 4329 expressum
3538 4272 3625 4318 est
3670 4262 3808 4332 legis

2217 4348 2523 4419 imperium,
2560 4356 2622 4403 ut
2661 4349 2944 4404 infirmitas
2972 4349 3201 4406 hominis
3229 4352 3281 4407 in
3311 4368 3371 4409 se
3399 4354 3511 4424 ipsa
3541 4354 3810 4412 deficiens

2215 4439 2281 4495 ad
2314 4439 2551 4496 facienda
2581 4455 2701 4511 quae
2727 4441 2813 4496 lex
2842 4443 3088 4512 imperat,
3118 4443 3187 4500 de
3211 4446 3379 4515 gratia
3403 4445 3499 4501 Dei
3531 4448 3708 4515 potius
3737 4463 3808 4503 ex

2218 4531 2323 4587 fide
2364 4539 2632 4602 quaereret
2674 4532 3015 4601 adjutorium,
3046 4534 3195 4605 cujus
3233 4536 3598 4593 misericordia
3638 4539 3809 4594 etiam

2216 4621 2354 4677 fides
2399 4622 2512 4692 ipsa
2558 4621 2806 4677 donatur.
2852 4623 2927 4679 Ita
2968 4626 3169 4694 quippe
3209 4624 3434 4682 habetur
3477 4628 3645 4696 fides,
3678 4632 3813 4686 sicut

2216 4714 2485 4785 unicuique
2508 4714 2646 4768 Deus
2675 4715 2889 4785 partitus
2917 4726 2990 4771 est
3018 4732 3304 4772 mensuram
3331 4719 3451 4787 ﬁdei
3476 4719 3496 4789 (
3519 4720 3673 4776 Rom.
3708 4738 3812 4791 xu,

2217 4807 2251 4863 5
2277 4805 2318 4878 ).
2346 4805 2405 4861 Si
2431 4807 2574 4861 enim
2604 4822 2709 4861 non
2733 4823 2764 4862 a
2789 4822 2849 4862 se
2876 4808 3008 4878 ipsis
3038 4810 3254 4874 habent,
3282 4811 3377 4867 sed
3403 4810 3674 4882 accipiunt
3701 4813 3813 4869 ho-

2216 4899 2390 4954 mines
2419 4898 2666 4967 spiritum
2701 4900 2911 4953 virtutis
2945 4908 2999 4955 et
3036 4901 3312 4957 charitatis
3345 4910 3400 4957 et
3421 4904 3813 4974 continentiae;

2217 4991 2359 5048 unde
2381 4989 2510 5047 dicit
2532 4992 2674 5047 idem
2701 4992 2814 5062 ipse
2842 4992 3030 5047 doctor
3053 4992 3323 5062 Gentium,
3347 4994 3469 5051 Non
3496 4997 3632 5051 enim
3660 5014 3816 5054 acce—

2217 5084 2383 5156 pimus
2406 5083 2640 5156 spiritum
2668 5083 2881 5147 timoris,
2908 5084 2997 5138 sed
3020 5085 3217 5141 virtutis
3244 5097 3291 5140 et
3316 5087 3577 5143 charitatis
3602 5097 3653 5143 et
3678 5106 3817 5144 con-

2216 5175 2440 5230 tinentia:
2466 5174 2550 5246 (ll
2584 5172 2715 5229 Tim.
2742 5191 2779 5240 ι,
2812 5176 2844 5231 7
2866 5176 2886 5246 )
2910 5194 2924 5228 :
2949 5175 3187 5246 profecto
3214 5178 3470 5247 accipitur
3496 5180 3658 5235 etiam
3688 5183 3820 5252 spi-

2217 5269 2352 5324 ritus
2367 5268 2509 5334 fidei,
2533 5268 2602 5325 de
2622 5283 2725 5339 quo
2748 5268 2897 5334 dicit,
2927 5268 3176 5324 Habentes
3200 5280 3371 5325 autem
3388 5274 3625 5327 eamdem
3648 5276 3821 5342 spiri-

2218 5370 2324 5418 tum
2352 5361 2472 5432 ﬁdei
2500 5362 2518 5433 (
2547 5361 2590 5417 ll
2619 5360 2738 5418 Cor.
2760 5378 2832 5430 tv,
2857 5360 2987 5433 15).
3018 5362 3212 5418 Verum
3234 5379 3364 5438 ergo
3386 5363 3517 5419 dicit
3545 5364 3633 5420 lex
3660 5383 3675 5418 :
3702 5365 3819 5433 Qui

2217 5454 2387 5527 fecerit
2407 5472 2489 5523 ea,
2517 5454 2641 5509 vivet
2666 5454 2718 5509 in
2745 5454 2865 5509 illis.
2890 5452 2997 5509 Sed
3022 5461 3079 5509 ut
3105 5452 3262 5510 faciat
3282 5470 3345 5511 ea
3373 5464 3427 5512 et
3450 5456 3592 5511 vivat
3618 5458 3674 5511 in
3702 5459 3816 5527 eis,

2217 5562 2325 5603 non
2371 5547 2457 5603 lex
2498 5563 2619 5618 quae
2649 5547 2751 5603 hoc
2793 5547 3039 5618 imperat,
3072 5547 3171 5604 sed
3200 5546 3335 5605 fides
3367 5557 3450 5605 est
3474 5550 3818 5617 necessaria,

2283 5682 2302 5754 ξ
2320 5679 2544 5754 gallicani
2561 5688 2688 5743 Mss,
2712 5686 2795 5754 aut
2818 5687 3056 5754 propteru

2282 5742 2455 5803 'Editi,
2501 5742 2758 5807 quaset

2223 5817 2289 5857 ΘΧ
2309 5811 2419 5856 158.

2827 5740 3226 5806 infra,jubsbat
3276 5740 3819 5798 M.W
3919 5818 3927 5824 _
