4038 6464
225 321 322 380 617

225 449 338 509 qua:
365 433 468 490 hoc
494 433 767 506 impetrat.
792 433 919 502 Quae
946 435 1123 491 tamen
1151 432 1305 502 ﬁdes,
1328 444 1386 490 ut
1416 434 1530 492 hare
1557 437 1799 509 accipere

226 530 515 593 mereatur,
545 526 663 597 ipsa
685 527 851 596 gratis
873 523 1049 582 datur.

293 629 384 694 Η.
411 637 689 708 Nusquam
713 644 891 693 autem
915 636 1002 691 isti
1031 636 1228 692 inimici
1251 638 1435 709 gratia:
1469 639 1534 694 ad
1561 640 1804 718 eamdem

225 731 447 804 gratiam
498 729 869 786 vehementius
915 729 1319 799 oppugnandam
1349 731 1664 787 occultiores
1691 748 1804 786 mo-

225 822 424 878 liuntur
444 819 699 886 insidias.
727 835 884 890 quam
911 820 1001 874 ubi
1039 819 1208 889 legem
1253 820 1502 886 laudant,
1525 836 1643 892 qua:
1689 822 1806 878 sine

223 909 554 966 dubitatione
575 909 834 965 laudanda
857 917 956 964 est.
997 909 1192 980 Legem
1238 911 1430 980 quippe
1460 911 1682 967 diversis
1725 913 1805 967 lo-

224 1003 499 1058 cutionum
543 1000 718 1056 modis
743 1009 798 1054 et
846 1001 1102 1056 varietate
1156 1001 1438 1056 verborum
1479 1003 1532 1056 in
1562 1004 1805 1059 omnibus

223 1091 670 1164 disputationibus
693 1092 803 1148 suis
824 1092 1008 1146 volunt
1037 1093 1260 1163 intelligi
1289 1095 1510 1163 gratiam
1535 1133 1552 1161 ,
1595 1104 1651 1149 ut
1699 1097 1803 1149 sci-

222 1185 347 1242 licet
368 1199 398 1238 a
430 1185 656 1239 Domino
677 1184 786 1239 Deo
805 1183 1122 1253 udjulorium
1151 1185 1466 1255 cognitionis
1493 1185 1802 1254 habeamus,

223 1291 326 1348 quo
347 1291 410 1330 ea
441 1291 562 1346 qum
587 1273 822 1330 iacienda
842 1283 966 1328 sunt
991 1275 1331 1339 noverimus;
1370 1290 1473 1329 non
1501 1276 1802 1346 inspiratio-

223 1379 344 1422 nem
372 1364 674 1419 dilectionis
697 1404 712 1428 ,
746 1373 802 1418 ut
840 1364 1048 1432 cognita
1079 1373 1263 1418 sancto
1299 1379 1482 1420 amore
1509 1365 1760 1420 iaciamus
1783 1407 1800 1434 ,

223 1471 340 1527 qua:
365 1455 581 1524 proprie
603 1456 620 1486 ¹
647 1454 816 1524 gratia
841 1464 943 1509 est.
973 1452 1105 1508 Nam
1136 1455 1356 1509 scientia
1384 1455 1515 1526 legis
1539 1457 1652 1510 sine
1673 1458 1803 1510 cha-

224 1549 377 1603 ritate
402 1545 588 1612 inﬂat,
613 1561 718 1599 non
747 1544 972 1599 azditicat
1000 1586 1015 1610 ,
1058 1544 1348 1599 secundum
1388 1546 1632 1600 eumdem
1670 1561 1802 1616 apo-

224 1636 414 1692 stolam
455 1634 788 1704 apertissime
811 1634 1110 1701 dicentem,
1140 1634 1361 1688 Scientia
1385 1635 1546 1705 inﬂat,
1583 1637 1803 1690 Charitas

222 1744 334 1783 vero
357 1727 582 1796 aediﬁcat
612 1726 655 1797 (Ι
683 1724 799 1780 Cor.
835 1741 960 1789 vni,
1015 1727 1091 1795 i).
1130 1725 1259 1794 Quae
1306 1726 1567 1780 sententia
1616 1726 1802 1781 similis

222 1826 302 1874 est
318 1817 367 1872 ei
383 1859 398 1885 ,
424 1832 530 1887 qua
551 1816 752 1871 dictum
769 1825 884 1880 est,
908 1815 1098 1868 Littera
1119 1815 1299 1868 occidit
1322 1856 1336 1879 ,
1367 1816 1572 1884 spiritus
1587 1816 1803 1884 vivi/ient

225 1908 290 1979 (ll
315 1910 430 1962 Cor.
463 1923 550 1973 nt,
579 1905 656 1978 6).
680 1905 844 1974 Quale
870 1914 952 1960 est
987 1905 1127 1960 enim
1151 1945 1166 1970 ,
1209 1905 1431 1960 Scientia
1475 1907 1620 1975 inﬂat
1639 1922 1658 1971 ;
1697 1907 1802 1962 tale

220 2006 332 2063 est,
364 1997 558 2051 Littera
593 1997 773 2051 occidit
805 2013 823 2051 :
851 2005 904 2052 et
932 1998 1087 2065 quale
1123 2004 1235 2063 est,
1269 1997 1488 2051 charitas
1534 1999 1754 2066 a‘diﬁcat
1778 2016 1800 2065 ,-

222 2088 321 2143 tsle
344 2095 461 2150 est,
517 2086 742 2157 Spiritus
769 2087 1020 2155 viviﬁcat;
1053 2085 1174 2156 quia
1204 2086 1435 2142 Charitas
1475 2087 1567 2142 Dei
1612 2088 1800 2144 dill'usa

219 2187 297 2234 est
322 2177 376 2232 in
395 2177 650 2232 cordibus
671 2177 865 2231 nostris
885 2192 980 2247 per
998 2177 1251 2245 Spiritum
1276 2185 1515 2231 sanctum
1541 2218 1554 2240 ,
1585 2178 1672 2247 qui
1703 2178 1801 2232 da-

219 2277 299 2324 tus
322 2275 408 2323 est
429 2268 585 2322 nobis
608 2265 783 2336 (Rom.
816 2283 845 2320 ν
869 2308 884 2333 ,
927 2265 1004 2339 5).
1032 2267 1278 2338 Cognitio
1309 2269 1485 2339 itaque
1509 2270 1639 2341 legis
1677 2269 1800 2325 facit

217 2358 503 2430 superbum
533 2358 995 2428 prmvaricatorem
1030 2375 1043 2412 :
1072 2373 1169 2427 per
1188 2357 1385 2414 donum
1415 2368 1591 2415 autem
1619 2360 1796 2414 chari-

216 2447 338 2503 tatis
366 2446 600 2502 delectat
629 2446 762 2516 legis
803 2461 923 2502 esse
963 2447 1237 2502 factorem.
1282 2447 1397 2504 Non
1455 2464 1582 2519 ergo
1630 2450 1797 2519 legem

217 2550 530 2594 uacuamus
556 2552 650 2606 per
675 2536 830 2592 ﬁdem
855 2578 871 2604 ,
922 2537 1015 2592 sed
1045 2538 1215 2608 legem
1243 2539 1522 2594 statuimus
1551 2538 1661 2610 (Id.
1692 2556 1745 2595 ιιι
1777 2583 1792 2608 ,

215 2629 302 2703 5|)
335 2649 348 2685 :
377 2645 500 2701 qua:
524 2628 775 2685 terrendo
814 2629 959 2684 ducit
985 2629 1051 2684 ad
1080 2629 1261 2685 ﬁdem.
1315 2630 1439 2686 Ideo
1482 2632 1676 2702 quippe
1712 2633 1793 2688 lex

214 2723 341 2778 iram
369 2729 625 2792 Operatur
650 2720 758 2792 (Id.
790 2737 842 2776 tv
863 2762 878 2784 ,
911 2723 1000 2793 l5)
1024 2763 1039 2787 ,
1068 2732 1125 2777 ut
1150 2724 1336 2778 territo
1351 2731 1510 2794 atque
1536 2740 1796 2782 converso

214 2813 550 2883 adjustitiam
595 2813 728 2884 legis
774 2813 1132 2884 implendam,
1165 2816 1258 2872 Dei
1285 2817 1649 2874 misericordia
1675 2833 1797 2889 gra-

215 2907 333 2961 tiam
365 2906 622 2977 largiatur
648 2910 669 2940 ¹
692 2947 708 2971 ,
739 2921 835 2978 ρει·
859 2905 1038 2961 Jesum
1065 2905 1334 2962 Christum
1360 2907 1640 2963 Dominum
1694 2923 1794 2964 uo-

215 3005 379 3052 strum
412 3013 429 3050 :
457 2997 550 3068 qui
573 3007 656 3053 est
685 2997 778 3051 Dei
797 2997 1052 3066 sapientia
1093 2995 1138 3067 (l
1165 2995 1281 3052 Cor.
1327 3013 1376 3064 ι,
1421 2998 1547 3070 50),
1574 2999 1642 3055 de
1691 3015 1795 3069 qua

213 3089 463 3156 scriptum
480 3095 593 3154 est,
624 3086 806 3158 Legem
831 3095 877 3141 et
903 3086 1299 3142 misericordiam
1331 3089 1384 3142 in
1427 3089 1600 3161 lingua
1628 3099 1796 3160 portat

214 3177 385 3251 (Prov.
418 3195 477 3235 ιιι
498 3220 516 3248 ,
546 3196 644 3234 sec.
675 3178 847 3251 LXX)
877 3196 890 3233 :
929 3180 1096 3250 legem
1117 3220 1132 3245 ,
1160 3195 1262 3250 qua
1309 3187 1532 3246 terreat;
1580 3182 1793 3238 miseri-

212 3270 445 3325 oordiam
466 3309 485 3337 ,
515 3285 616 3341 qua
637 3271 917 3328 subveniat
946 3289 959 3323 :
990 3272 1158 3342 legem
1180 3287 1277 3342 per
1303 3287 1514 3328 servum
1539 3313 1553 3339 ,
1586 3274 1768 3330 miseri

212 3362 444 3417 cordiam
493 3377 591 3434 per
629 3377 686 3418 se
720 3363 890 3433 ipsum
924 3380 939 3415 :
971 3362 1140 3434 legem
1178 3371 1428 3435 tanquam
1475 3366 1525 3420 in
1555 3367 1744 3421 baculo
1773 3407 1791 3436 ,

211 3467 364 3521 quem
394 3453 544 3508 misit
571 3453 794 3508 Elismus
813 3454 878 3508 ad
911 3454 1075 3508 ﬁlium
1105 3454 1277 3510 vidum
1316 3457 1712 3526 suscitaudum,
1740 3466 1796 3514 et

210 3556 310 3596 non
335 3544 669 3610 resurrexit;
702 3543 761 3600 Si
787 3546 917 3598 enim
943 3545 1060 3598 data
1087 3555 1210 3600 esset
1240 3547 1351 3614 lex,
1390 3565 1504 3618 qua:
1533 3560 1695 3618 posset
1717 3551 1793 3604 ui-

211 3635 412 3700 riﬁcare
431 3675 447 3698 ,
475 3634 680 3688 omnino
709 3651 771 3689 ea:
798 3633 906 3704 lege
928 3644 1051 3688 esset
1069 3636 1272 3705 justitia
1307 3635 1499 3708 (Galat.
1534 3655 1620 3704 ιιι,
1660 3640 1750 3710 21)
1775 3656 1790 3707 ;

211 3725 632 3780 miscricordiam
653 3740 782 3780 vero
812 3735 1056 3795 tanquam
1102 3726 1154 3779 in
1185 3726 1298 3794 ipso
1328 3727 1521 3782 Eliszro
1541 3767 1557 3795 ,
1599 3733 1686 3800 qui
1735 3732 1796 3784 ﬁ-

209 3828 389 3884 guram
419 3815 618 3869 Christi
645 3830 874 3885 gerens,
904 3824 1113 3870 mortuo
1150 3815 1463 3872 viviﬁcando
1502 3821 1677 3889 magni
1708 3836 1793 3875 sa-

210 3906 467 3961 cramenti
499 3906 646 3960 velut
689 3905 821 3960 Novi
861 3906 1183 3962 Testamenti
1239 3908 1619 3980 signiﬁcatione
1663 3928 1792 3968 con-

173 4058 176 4062 ,
207 3995 415 4065 junctus
436 4006 522 4052 est
545 3996 631 4065 (IV
663 3997 790 4068 Reg.
820 4013 876 4052 tv
896 4039 910 4062 ,
944 3998 1161 4070 29-55).

272 4087 504 4143 CAPUT
533 4087 621 4142 Vi.
660 4117 733 4128 —
758 4088 843 4141 12.
877 4087 952 4142 De
973 4087 1122 4143 laude
1150 4091 1292 4144 liberi
1336 4093 1550 4147 arbitrii.
1580 4093 1792 4150 Inseru-

211 4178 374 4232 tahilis
397 4179 626 4248 qua'stio.
655 4177 783 4233 ltcm
807 4178 947 4248 quod
970 4179 1224 4235 adversus
1244 4181 1562 4237 Manichznos
1579 4185 1794 4241 laudant

212 4268 434 4323 liberum
465 4269 743 4323 arbitrium
772 4309 785 4334 ,
809 4269 1123 4325 adhibentes
1161 4271 1524 4342 prOpheticum
1554 4279 1792 4331 testimo-

210 4361 386 4425 nium,
421 4359 483 4415 Si
507 4360 765 4414 volueritis
806 4371 852 4414 et
899 4362 1160 4417 audieritis
1204 4380 1282 4417 me
1304 4403 1320 4430 ,
1375 4380 1488 4430 qua:
1512 4365 1641 4420 bona
1678 4377 1794 4422 sunt

208 4461 352 4505 terra
377 4452 533 4505 edetis
560 4436 650 4516 ;'si
671 4461 836 4506 autem
858 4453 1118 4508 nolueritis
1163 4463 1209 4507 et
1235 4471 1336 4508 non
1374 4459 1632 4512 audieritis
1675 4475 1752 4513 me
1774 4499 1790 4528 ,

207 4543 406 4611 gladius
435 4559 522 4596 vos
552 4553 805 4597 consumet
831 4541 980 4613 (lsai.
1012 4560 1050 4612 ι,
1084 4544 1149 4599 19
1179 4554 1225 4598 et
1249 4545 1340 4616 20)
1378 4565 1390 4600 :
1423 4549 1548 4617 quid
1590 4550 1665 4605 eis
1695 4551 1795 4608 hoc

207 4633 462 4702 prodest?
491 4632 922 4703 quandoquidem
974 4650 1080 4688 non
1119 4643 1223 4689 tam
1250 4648 1431 4691 contra
1479 4639 1794 4698 Manichaeos

208 4726 531 4792 defendunt,
560 4741 716 4796 quam
749 4735 930 4780 contra
960 4727 1254 4782 Catholicos
1283 4730 1540 4785 extollunt
1569 4732 1793 4788 liberum

206 4820 505 4873 arbitrium.
539 4818 629 4872 Sic
657 4819 798 4872 enim
827 4819 1010 4873 volunt
1038 4819 1255 4889 intelligi
1281 4823 1420 4892 quod
1449 4823 1646 4879 dictum
1669 4835 1748 4881 est
1774 4868 1790 4892 ,

208 4905 266 4960 Si
297 4908 551 4962 volueritis
577 4917 624 4961 et
651 4908 909 4963 audieritis
936 4926 1013 4963 me
1029 4926 1048 4974 ;
1082 4918 1325 4979 tauquam
1354 4911 1406 4966 in
1450 4913 1562 4984 ipsa
1591 4931 1792 4983 praece-

207 4997 366 5053 dente
389 4998 660 5053 voluntate
685 4999 754 5052 sit
780 5001 1153 5070 consequentis
1184 5004 1428 5058 mcritum
1466 5007 1676 5075 gratiae;
1731 5023 1793 5062 ac

206 5089 281 5145 sic
306 5089 476 5160 gratia
498 5089 611 5159 jam
660 5104 764 5143 non
802 5090 871 5144 sit
893 5093 1094 5159 gratia,
1123 5107 1241 5162 qua:
1265 5110 1368 5148 non
1399 5103 1480 5148 est
1519 5097 1743 5165 gratuita
1773 5135 1789 5163 ,

207 5194 326 5235 eum
357 5181 599 5234 redditur
621 5178 819 5234 debita.
865 5181 920 5235 Si
947 5191 1121 5238 autem
1152 5185 1228 5240 sic
1257 5183 1608 5255 intelligerent
1650 5189 1790 5258 quod

207 5269 404 5324 dictum
429 5278 512 5324 est
532 5311 548 5332 ,
591 5269 653 5324 Si
697 5270 949 5326 volueritis
968 5314 982 5337 ,
1011 5283 1067 5327 ut
1096 5274 1254 5328 etiam
1285 5274 1452 5343 ipsam
1481 5276 1670 5333 bonam
1700 5294 1793 5334 νο·-

208 5358 461 5415 luntatem
489 5360 639 5414 illum
672 5374 969 5431 praeparare
985 5364 1380 5434 conlitcrentur,
1404 5364 1471 5422 de
1512 5383 1615 5438 quo
1657 5370 1790 5424 scri-

273 5583 290 5664 :
441 5591 496 5664 ﬁt
536 5588 680 5664 ιον..)
716 5584 953 5664 propria.“
965 5592 1172 5664 Δίιιιιτξει
1194 5595 1345 5664 ,tvtss.‘2
1392 5593 1602 5664 proprie.

208 5645 309 5765 ’ᾧ
331 5649 394 5693 tta
441 5651 551 5694 uss.
613 5653 669 5694 At
713 5644 866 5705 editi,
912 5645 1001 5696 Dei
1043 5644 1424 5716 misericordiam
1475 5644 1632 5718 gratia
1687 5655 1786 5708 lar-

312 5719 381 5752 ιη.
1491 5757 1496 5760 .

575 5783 651 5843 Ss
669 5803 806 5843 scr.
857 5792 1132 5850 Aucusr.
1165 5792 1244 5853 Χ.

1552 300 2127 395 ιιεειι’ρυΑιιτυς.

3373 356 3482 414 618

1913 450 2190 536 ptuinest,
2228 445 2555 520 Prwparatur
2579 455 2809 516 uoluntas
2842 475 2875 515 a
2916 459 3336 536 Domin0'(Prov.
3367 484 3484 536 vttt,

1911 547 2011 585 see.
2044 532 2210 606 LXX)
2241 554 2254 590 :
2287 548 2531 610 tanquam
2553 545 2799 604 catholici
2828 559 3102 608 uterentur
3123 532 3224 611 hoc
3251 532 3488 615 testimo;

1911 621 2028 690 nio,
2059 633 2113 678 et
2150 642 2255 681 non
2307 632 2475 686 solum
2525 635 2766 692 hmresim
2801 650 3034 699 veterem
3078 646 3486 705 Manicltreorum

1910 716 2217 785 vincerent,
2249 722 2340 776 sed
2369 739 2556 780 novam
2582 728 2976 800 Pelagianorum
3000 753 3102 791 non
3123 740 3416 798 conderent
3447 746 3487 795 ³.

1984 806 2068 864 15.
2097 809 2229 875 Quid
2258 813 2335 866 eis
2379 817 2622 884 prodest,
2652 810 2790 889 quod
2836 823 2889 878 in
2937 825 3092 882 laude
3147 830 3309 898 ipsius
3336 834 3489 890 liberi

1909 897 2147 966 arbitrii,
2177 919 2196 953 ι
2229 905 2449 973 gratiam
2479 907 2659 965 dicunt
2687 913 2938 981 adjuvare
2963 920 3374 994 uniuscujusque
3395 925 3490 981 bo-

1909 1005 2034 1043 num
2064 997 2427 1062 propositum?
2458 1017 2476 1051 ι
2509 1000 2619 1055 Hoc
2644 1003 2758 1058 sine
2782 1009 3028 1076 scrupulo
3048 1013 3374 1082 acciperetur
3401 1031 3491 1072 ca-

1911 1079 2106 1136 tholice
2133 1083 2368 1155 dictum,
2421 1089 2463 1142 si
2509 1107 2612 1144 non
2663 1093 2715 1148 in
2741 1093 2882 1150 bono
2928 1079 3197 1169 proposito
3239 1107 3488 1164 meritum

1910 1184 2196 1240 ponerent,
2223 1179 2306 1232 cui
2335 1181 2523 1235 merito
2543 1182 2650 1250 jam
2680 1202 2885 1242 merces
2909 1194 3200 1250 secundum
3222 1197 3454 1254 debitum
3471 1242 3487 1267 ,

1908 1275 2011 1314 non
2064 1265 2352 1320 secundum
2382 1271 2602 1338 gratiam
2640 1275 2983 1346 redderetur;
3015 1284 3108 1338 sed
3139 1265 3491 1358 intelligerent

1907 1360 1959 1405 et
1974 1353 2352 1411 conﬁterentur
2371 1362 2527 1416 etiam
2556 1365 2725 1434 ipsum
2755 1367 2949 1425 bonum
2973 1353 3330 1445 pr0positum,
3349 1382 3489 1450 quod

1906 1455 2238 1513 consequens
2262 1447 2476 1518 adjuvat
2507 1455 2701 1522 gratia,
2732 1473 2836 1512 non
2881 1476 2999 1516 esse
3030 1466 3265 1533 potuisse
3313 1447 3493 1525 inho-

1905 1533 2048 1586 mine
2067 1573 2083 1598 ,
2114 1534 2157 1588 si
2187 1551 2289 1590 non
2325 1542 2648 1608 prmcederet
2694 1549 2882 1615 gratia.
2912 1552 3188 1618 Quomodo
3238 1561 3380 1614 enim
3407 1570 3490 1617 est

1905 1621 2134 1680 hominis
2164 1627 2358 1684 bonum
2385 1637 2714 1702 propositum
2739 1641 2855 1696 sine
2897 1645 3180 1703 miserante
3208 1652 3355 1718 prius
3382 1654 3489 1708 [)0-

1904 1711 2082 1779 mino;
2111 1730 2229 1770 cum
2257 1719 2368 1788 ipsa
2389 1721 2458 1776 sit
2485 1723 2619 1780 bona
2643 1729 2884 1786 voluntas
2901 1767 2917 1798 ,
2958 1750 3075 1804 qua:
3111 1751 3434 1806 prmparatur
3456 1759 3488 1798 a

1904 1803 2168 1860 Domino?
2194 1807 2343 1875 Quod
2365 1822 2542 1868 autem
2569 1831 2689 1871 cum
2720 1803 3010 1891 dixissent,
3047 1845 3066 1878 ‹
3103 1803 3326 1897 gratiam
3358 1844 3491 1901 quo-

1903 1906 2006 1961 que
2051 1895 2302 1962 adjuvare
2345 1895 2752 1977 uniuscujusque
2801 1895 3125 1983 propositum
3174 1895 3404 1990 bonum,
3463 1943 3483 1977 ι

1903 1995 2024 2035 mox
2055 1983 2398 2058 addiderunt,
2437 2010 2455 2044 ι
2492 2008 2597 2048 non
2630 2005 2803 2054 tamen
2826 2004 3102 2060 reluctanti
3129 2012 3360 2068 studium
3388 1983 3490 2070 ζει-

1907 2073 2038 2168 tutis
2067 2074 2390 2136 immittere:
2438 2100 2460 2136 ι
2487 2097 2668 2155 posset
2718 2089 2853 2145 bene
2900 2093 3155 2168 intelligi,
3195 2102 3239 2155 si
3289 2119 3392 2159 non
3421 2107 3490 2161 ab

1902 2161 2016 2217 istis
2036 2206 2050 2230 ,
2078 2181 2301 2236 quorum
2332 2185 2518 2228 sensus
2548 2187 2704 2234 notus
2724 2189 2836 2248 est,
2863 2161 3146 2242 diceretur.
3187 2191 3487 2251 Reluctanti

1901 2255 2042 2310 enim
2074 2259 2218 2326 prius
2247 2261 2457 2318 auditus
2488 2267 2508 2298 ²
2529 2267 2721 2323 divina:
2742 2275 3033 2332 vocationis
3060 2279 3169 2349 ipsa
3199 2283 3290 2338 Dei
3321 2289 3487 2355 gratia

1901 2356 2213 2413 procuratur
2231 2385 2246 2415 ,
2269 2365 2331 2406 ac
2356 2352 2548 2409 deinde
2575 2357 2628 2410 in
2655 2359 2746 2414 illo
2763 2361 2872 2430 jam
2897 2381 3000 2420 non
3048 2352 3342 2430 reluctante
3369 2385 3486 2433 stu-

1900 2434 2045 2490 dium
2093 2438 2301 2496 virtutis
2350 2447 2675 2504 accenditur.
2716 2451 3092 2515 Verumtamen
3138 2463 3190 2518 in
3238 2470 3486 2528 omnibus

1899 2542 2018 2597 qua:
2043 2529 2268 2631 quisque
2287 2535 2396 2631 agit
2433 2539 2722 2597 secundum
2755 2544 2918 2600 Deum
2936 2589 2953 2614 ,
2986 2551 3346 2613 misericordia
3369 2561 3484 2631 ejus

1901 2620 2154 2686 praevenit
2326 2625 2496 2722 (Ds-al.
2528 2645 2652 2722 Lvttt
2672 2672 2686 2698 ,
2713 2634 2825 2704 ii).
2845 2637 2995 2703 Quod
3021 2642 3104 2697 isti
3131 2648 3335 2717 nolunt,
3361 2620 3483 2722 quia

1899 2722 2006 2762 non
2028 2723 2147 2766 esse
2167 2712 2456 2784 Catholici,
2487 2720 2579 2774 sed
2595 2721 2864 2794 Pelagiani
2883 2730 3081 2787 volunt.
3099 2712 3481 2800 Multum’cnim

1899 2797 2128 2856 delectat
2152 2802 2476 2874 impietatem
2503 2813 2783 2880 superbam
2805 2857 2820 2882 ,
2855 2828 2911 2873 ut
2935 2821 3094 2878 etiam
3143 2827 3194 2880 id
3217 2832 3356 2898 quod
3386 2797 3483 2888 eo:

1898 2889 2036 2961 gitur
2062 2893 2303 2950 conﬁteri
2354 2912 2383 2950 a
2433 2899 2656 2957 Domino
2705 2905 2920 2976 datum,
2953 2927 3058 2968 non
3102 2916 3200 2972 sibi
3227 2889 3481 2981 donatum

1896 2982 2138 3082 videatur
2156 3002 2274 3043 esse
2297 3030 2312 3055 ,
2343 2990 2438 3045 sed
2490 2993 2756 3052 redditum
2786 3016 2800 3052 :
2828 3010 2888 3055 ut
2938 3004 3140 3062 scilicet
3179 3008 3272 3065 ﬁlii
3300 3015 3482 3082 perdi-

1899 3075 2058 3132 tionis
2077 3119 2092 3144 ,
2114 3094 2217 3134 non
2238 3082 2606 3151 promissionis
2624 3129 2638 3152 ,
2664 3089 2763 3159 ipsi
2791 3093 3078 3152 credantur
3095 3114 3156 3156 se
3208 3075 3378 3160 bonos
3404 3106 3484 3162 fe-

1897 3167 2067 3232 cisse,
2095 3176 2150 3223 et
2165 3169 2306 3226 Deus
2325 3171 2435 3242 jam
2463 3175 2614 3232 bonis
2642 3192 2673 3233 a
2695 3195 2754 3236 se
2797 3183 2925 3253 ipsis
2964 3188 3198 3260 ell'ectis,
3241 3209 3340 3265 pro
3381 3199 3484 3254 isto

1897 3273 2080 3314 eorum
2110 3276 2270 3331 opere
2295 3265 2530 3323 debitum
2555 3273 2828 3339 praemium
2855 3279 3170 3342 reddidisse.

1970 3351 2056 3406 M.
2091 3351 2167 3407 ita
2197 3370 2424 3426 namque
2439 3359 2545 3416 illis
2564 3370 2734 3418 tumor
2757 3366 2870 3435 ipse
2894 3381 3051 3427 aures
3071 3377 3249 3433 cordis
3266 3381 3482 3438 obstru-

1895 3441 2012 3510 xit,
2042 3451 2098 3497 ut
2117 3459 2224 3535 non
2245 3446 2492 3515 audiant,
2523 3451 2658 3518 Quid
2681 3455 2811 3510 enim
2840 3459 2990 3516 habes
3019 3466 3155 3535 quod
3206 3485 3305 3523 non
3334 3489 3484 3527 acce-

1899 3531 2016 3629 pisti
2039 3532 2080 3602 (Ι
2101 3533 2222 3629 Cor.
2252 3551 2340 3604 tv,
2371 3539 2423 3610 7)
2437 3540 2474 3629 7?,
2493 3556 2597 3596 non
2620 3543 2998 3615 audiant,8ine
3017 3531 3096 3608 me
3114 3556 3243 3612 nihil
3275 3565 3481 3629 potestis

1897 3623 2064 3691 facere
2093 3622 2268 3691 (Joan.
2294 3642 2363 3680 xv
2385 3668 2399 3692 ,
2430 3628 2484 3698 5)
2515 3647 2530 3684 :
2558 3646 2663 3687 non
2705 3636 2955 3705 audiant,
2999 3642 3231 3701 Charitas
3275 3622 3338 3704 ex
3375 3651 3482 3708 Deo

1897 3722 1969 3765 est
2009 3713 2051 3782 (Ι
2076 3712 2231 3768 Joan.
2266 3731 2318 3770 tv
2340 3757 2355 3782 ,
2390 3716 2482 3788 7):
2512 3736 2616 3776 non
2653 3725 2901 3795 audiant,
2962 3731 3101 3788 Deus
3145 3740 3359 3806 partitus
3409 3754 3484 3799 est

1900 3818 2190 3902 mensuram
2217 3806 2336 3874 ﬁdei
2368 3809 2542 3880 (Rom.
2574 3829 2644 3867 ιιι
2667 3856 2678 3878 ,
2704 3817 2761 3886 5)
2786 3835 2798 3871 :
2825 3835 2928 3873 non
2959 3825 3205 3894 audiant,
3257 3830 3484 3902 Spiritus

1897 3894 1980 3946 ubi
2003 3895 2108 3996 ruit
2127 3897 2286 3996 spirat
2313 3898 2486 3971 (Joan.
2511 3919 2597 3970 ιιι,
2624 3906 2679 3978 8)
2713 3924 2727 3972 ;
2755 3919 2841 3975 et,
2873 3911 2972 3976 Qui
2998 3918 3177 3986 spiritu
3202 3894 3484 3996 Dei'agun-

1896 3992 2011 4081 tur,
2043 3985 2096 4038 hi
2121 3987 2216 4055 ﬁlii
2242 4000 2357 4043 sunt
2380 3991 2479 4046 Dei
2505 3995 2676 4064 (Rom.
2719 4015 2811 4053 vm
2833 4043 2847 4066 ,
2893 4003 2981 4077 14)
3014 3985 3031 4060 εν
3065 4023 3168 4064 non
3217 3985 3434 4070 audiant
3462 4058 3479 4081 ,

1899 4073 2062 4130 Nemo
2088 4087 2244 4147 potest
2264 4082 2428 4136 venire
2445 4085 2512 4136 ad
2541 4103 2618 4140 me
2639 4128 2653 4151 ,
2683 4090 2778 4143 nisi
2801 4073 3022 4160 fueritvei
3057 4101 3231 4156 datum
3259 4122 3291 4158 a
3325 4073 3484 4164 Patre

1896 4179 2004 4216 meo
2026 4163 2202 4233 (Joan.
2238 4183 2288 4222 vr
2309 4210 2322 4232 ,
2353 4171 2441 4239 66)
2473 4184 2487 4226 :
2521 4189 2626 4228 non
2653 4179 3021 4251 audiantquod
3054 4189 3250 4246 Esdras
3273 4197 3476 4260 scribit.

1895 4252 2194 4310 Benedictus
2213 4267 2284 4311 est
2310 4258 2555 4317 Dantinus
2575 4277 2773 4333 patrum
2794 4281 3095 4344 nostrorum,
3123 4283 3208 4349 qui
3231 4283 3326 4337 Iioc
3345 4252 3480 4340 dedit

1895 4343 1948 4396 in
1968 4359 2054 4397 cor
2068 4346 2197 4414 regis
2220 4381 2234 4411 ,
2258 4348 2538 4417 clari/imre
2564 4354 2766 4412 dontum
2792 4376 2935 4416 suam
2957 4406 2972 4429 ,
3003 4383 3116 4437 qua:
3139 4381 3208 4424 est
3244 4375 3294 4427 in
3317 4375 3476 4431 Jeru-

1895 4433 2049 4532 salem
2073 4433 2346 4532 (Ill-AEsdr.
2377 4455 2464 4532 vnt
2486 4482 2500 4508 ,
2544 4443 2636 4515 28)
2671 4464 2683 4500 :
2715 4463 2816 4503 non
2845 4433 3059 4512 audiant
3097 4463 3235 4529 quod
3265 4479 3360 4532 per
3383 4467 3477 4522 ie-

1895 4524 2115 4579 remiam
2145 4526 2273 4582 dicit
2298 4529 2549 4590 Dominus
2571 4576 2583 4598 ,
2617 4536 2683 4590 lit
2709 4540 2932 4596 timorem
2952 4524 3130 4602 meum-
3153 4524 3282 4608 dabo
3315 4552 3366 4610 in
3391 4573 3479 4612 cor

1897 4632 2070 4670 eorum
2092 4658 2106 4683 ,
2132 4629 2182 4673 ut
2203 4637 2234 4673 a
2264 4638 2340 4675 me
2368 4640 2468 4677 non
2487 4628 2719 4683 recedant
2739 4673 2754 4696 ,
2781 4645 2825 4685 et
2847 4636 3053 4692 visitabo
3081 4658 3165 4696 eos
3188 4685 3202 4710 ,
3248 4655 3301 4699 ut
3323 4649 3478 4706 bonos

1897 4723 1980 4761 eos
2005 4709 2189 4806 faciam
2215 4710 2423 4781 (Jerem.
2451 4731 2590 4806 χχιιι
2613 4760 2626 4784 ,
2657 4721 2724 4775 40
2745 4735 2790 4775 et
2815 4725 2904 4794 tl)
2939 4745 2954 4782 :
2988 4734 3320 4806 maximeque
3347 4741 3477 4799 illud

1898 4811 1992 4865 per
2012 4799 2339 4856 Ezechielem
2370 4805 2678 4873 prophetam
2701 4853 2715 4876 ,
2745 4814 2829 4868 ubi
2853 4833 3069 4885 prorsus
3095 4799 3479 4890 Deus-ostendit

1897 4890 2058 4946 nullis
2088 4906 2146 4946 se
2187 4893 2458 4950 hominum
2491 4898 2641 4955 bonis
2682 4908 2884 4963 meritis
2932 4920 3238 4986 provocari,
3281 4934 3338 4978 ut
3383 4943 3478 4983 eos

1898 4980 2268 5052 bonoslaciat,
2297 4986 2348 5041 id
2388 4993 2840 5053 cst,ohedicntes
2893 5007 3153 5064 mandatis
3183 4980 3328 5081 suis;

1897 5074 2071 5141 potius
2096 5074 2208 5128 haec
2233 5076 2310 5130 eis
2337 5092 2395 5132 se
2422 5082 2716 5142 retribuere
2739 5088 2872 5144 bona
2911 5109 3006 5163 pro
3035 5100 3186 5154 malis
3205 5145 3218 5166 ,
3262 5074 3476 5176 propter

1897 5179 1955 5218 se
1985 5165 2152 5233 ipsum
2185 5165 2287 5220 hoc
2315 5166 2582 5238 faciendo,
2636 5193 2740 5232 non
2773 5193 2985 5252 propter
3008 5184 3144 5244 illos.
3171 5165 3420 5250 Ait-enim
3456 5216 3472 5252 :

1898 5253 2023 5308 Ha’c
2045 5256 2167 5307 dicit
2197 5255 2437 5313 Dominus
2466 5260 2603 5316 Deus
2627 5307 2640 5330 ,
2671 5268 2779 5339 Ego
2804 5272 2936 5341 [acia
2960 5315 2974 5341 ,
3003 5294 3102 5332 non
3125 5293 3330 5351 propter
3355 5300 3472 5354 vos,

1897 5342 2073 5400 domus
2097 5345 2264 5403 Israel
2289 5349 2309 5381 ³
2327 5391 2342 5418 ,
2364 5353 2451 5406 sed
2476 5367 2679 5426 prapter
2697 5376 2872 5417 nomen
2895 5382 3056 5421 meum
3075 5384 3322 5441 sanctum,
3341 5380 3478 5447 quod

1962 5480 2413 5569 :E’ed-i‘tis‘omi‘s‘sa
2437 5497 2512 5569 est.
2535 5493 2762 5552 particula
2783 5509 2983 5560 negans,
3010 5507 3062 5551 et
3082 5511 3335 5569 mutatum,
3362 5523 3472 5562 con-

1897 5540 2081 5600 derent,
2115 5545 2182 5604 in,
2217 5553 2525 5599 conteret-ent.

1958 5604 2576 5689 :janlo
2602 5624 2724 5674 post,
2742 5615 2872 5689 loco,
2906 5620 3120 5689 studium
3151 5624 3356 5689 uirtutis,
3386 5633 3472 5682 ha-

1895 5663 2487 5749 bere,Isjéir'itus‘virtntis.
2507 5663 2723 5749 tétrloque'
2739 5663 2845 5749 loco
2861 5663 3381 5749 iis;

1962 5725 1981 5756 ³
1998 5727 2140 5788 aliti,
2181 5737 2275 5792 ligo
2313 5732 2514 5796 faciant,
2559 5725 2727 5787 domus
2770 5725 3471 5819 ιδναὲἷςμδῖιιἰξξῦξτιῖῶῖωρνοι

2893 5823 2924 5896 ί
2943 5822 3188 5900 νέηαι.)
