4038 6474
528 351 636 413 619

526 466 832 544 Volumus
859 466 913 524 in
936 464 1196 538 gentibus,
1227 479 1325 533 quo
1347 448 1573 516 intrastis
1596 458 1754 524 illuc;
1780 466 1827 511 et
1875 454 2103 523 sanctifi-

525 564 648 617 cabo
684 574 862 614 nomen
892 571 1057 612 meum
1098 568 1371 624 magnum,
1400 550 1535 617 quod
1586 551 1909 620 profanatum
1938 556 2011 600 est
2055 545 2107 598 in

526 651 750 723 gentibus
769 689 784 713 ,
809 656 855 701 et
882 643 1188 716 profanastis
1214 644 1265 697 in
1292 642 1454 696 medio
1481 655 1654 694 eorum
1680 655 1701 694 :
1727 648 1774 692 et
1793 639 1946 692 scient
1984 652 2110 708 gen-

527 753 599 795 tes
626 740 743 811 quia
767 753 858 809 ego
876 752 987 791 sum
1018 734 1290 797 Dominus,
1318 731 1440 786 dicit
1464 730 1662 783 Adonai
1690 728 1932 783 Dominus
1954 769 1968 792 ,
1997 742 2110 780 cum

524 830 867 899 sanctiﬁcatus
886 820 1030 896 fuero
1050 825 1102 878 in
1126 822 1263 877 vobis
1282 830 1397 876 ante
1417 820 1588 874 oculos
1623 834 1793 873 eorum
1814 857 1829 882 ,
1877 825 1925 870 et
1973 816 2110 869 ccci.

525 922 663 992 riam
703 932 792 972 vos
830 916 895 970 de
928 913 1154 987 gentibus
1176 954 1191 978 ,
1219 921 1267 967 et
1309 910 1621 981 congregabo
1664 922 1750 964 vos
1793 922 1855 962 ex
1881 906 2111 962 omnibus

526 1008 671 1065 terris
691 1050 706 1075 ,
734 1016 781 1062 et
806 1005 1042 1061 inducam
1069 1019 1156 1059 vos
1176 1004 1230 1057 in
1275 1010 1459 1056 terram
1484 1009 1737 1064 vestram;
1767 1005 1813 1053 et
1846 1013 2110 1068 aspergam

525 1114 676 1168 super
693 1112 779 1152 vos
798 1110 980 1167 aquam
1008 1092 1249 1147 mundam
1269 1133 1282 1156 ,
1315 1101 1360 1143 et
1394 1087 1757 1143 mundabinn'ni
1782 1086 1844 1139 ab
1882 1087 2109 1141 omnibus

525 1187 859 1243 immunditiis
878 1185 1053 1241 vestris
1071 1223 1087 1249 ,
1114 1194 1161 1239 et
1190 1181 1443 1237 mandabo
1460 1196 1587 1246 vos;
1616 1188 1663 1233 et
1692 1179 1820 1232 dabo
1861 1178 1996 1232 vobis
2023 1193 2111 1231 cor

526 1295 707 1333 novum
730 1318 746 1343 ,
784 1286 831 1333 et
849 1277 1082 1350 spiritum
1104 1290 1282 1329 novum
1311 1272 1441 1326 dabo
1475 1272 1528 1325 in
1548 1270 1732 1335 vobis;
1761 1277 1808 1324 et
1851 1272 2111 1338 auferetur

527 1386 614 1423 cor
641 1367 894 1439 lapideum
918 1365 983 1420 de
1024 1380 1175 1419 carne
1213 1372 1410 1428 vestra,
1452 1370 1497 1415 et
1532 1360 1660 1414 dabo
1687 1360 1823 1414 vobis
1863 1375 1954 1414 cor
1998 1372 2113 1412 car-

526 1472 711 1521 ncum;
735 1465 782 1510 et
809 1455 1040 1525 spiritum
1059 1468 1217 1507 meum
1241 1451 1368 1505 dabo
1389 1453 1439 1504 in
1466 1449 1600 1505 vobis
1620 1490 1633 1513 ,
1667 1458 1712 1503 et
1764 1449 1951 1521 faciam
1974 1457 2030 1503 ut
2056 1448 2110 1501 in

526 1538 963 1622 justiﬁcationibus
980 1545 1101 1600 meis
1121 1541 1383 1598 ambuletis
1406 1584 1418 1608 ,
1445 1550 1490 1596 et
1508 1540 1700 1611 judicia
1719 1556 1826 1594 mea
1846 1538 2110 1594 observetis

526 1648 573 1692 et
596 1637 814 1708 faciatis.
839 1636 907 1692 Et
932 1642 1051 1705 post
1076 1634 1338 1704 aliquanta
1367 1646 1462 1702 per
1489 1629 1735 1685 eumdem
1762 1629 1933 1699 ipsum
1982 1643 2107 1699 pro-

527 1729 744 1800 phetam
773 1744 789 1781 :
817 1726 939 1781 Non
981 1733 1185 1798 propter
1211 1740 1334 1787 vos,
1394 1723 1595 1794 inquit,
1639 1737 1731 1793 ego
1772 1722 1943 1790 facio,
1988 1720 2111 1775 dicit

532 1821 779 1876 Dominus
829 1819 1001 1885 Deus;
1043 1829 1216 1873 notum
1251 1817 1341 1870 erit
1389 1815 1570 1869 vobis:
1610 1812 2007 1881 confundimini,
2062 1820 2109 1866 et

527 1909 794 1965 erubescite
820 1909 883 1964 de
911 1908 1001 1963 viis
1025 1907 1230 1974 vestris,
1257 1907 1437 1958 domus
1477 1901 1657 1955 Israel.
1689 1900 1956 1956 [laodicit
1996 1900 2107 1956 Do-

525 2000 692 2055 minus
713 1998 847 2053 Deus
875 2014 896 2054 :
928 1996 991 2052 In
1010 1998 1092 2051 die
1119 2012 1216 2068 quo
1244 1994 1494 2047 mandabo
1524 2008 1609 2046 vos
1651 1992 1713 2044 ab
1755 1991 1981 2046 omnibus
2004 1991 2108 2045 ini-

524 2090 793 2158 quitatibus
810 2088 982 2145 vestris
1003 2126 1018 2150 ,
1050 2095 1096 2141 et
1115 2085 1415 2139 constituam
1435 2083 1657 2136 civitates
1682 2123 1696 2146 ,
1720 2092 1767 2135 et
1780 2079 2108 2150 aedificaban-

523 2190 606 2233 tur
636 2180 860 2247 deserta,
891 2188 937 2233 et
962 2186 1095 2232 terra
1123 2176 1453 2231 exterminata
1479 2174 1775 2245 operabitur
1801 2174 1819 2205 ί
1848 2213 1862 2240 ,
1909 2188 2000 2242 pro
2049 2188 2109 2227 eo

523 2270 661 2340 quod
687 2268 1015 2324 exterminata
1035 2277 1105 2321 est
1125 2276 1240 2320 ante
1261 2265 1433 2319 oculos
1458 2266 1623 2319 omnis
1653 2263 2010 2334 printereuntis.
2040 2262 2110 2317 Et

525 2359 689 2414 dicent
717 2373 739 2415 :
784 2358 943 2414 Terra
987 2356 1079 2413 illa
1102 2358 1462 2423 exterminata,
1495 2358 1633 2428 facta
1657 2364 1728 2409 est
1755 2355 1883 2409 sicut
1934 2353 2110 2408 hortus

525 2450 817 2521 voluptatis,
839 2459 887 2504 et
909 2448 1130 2503 civitates
1149 2450 1358 2501 deserta:
1377 2454 1423 2500 et
1446 2446 1789 2501 exterminata?
1815 2453 1865 2501 et
1887 2442 2103 2512 effossis,

524 2541 730 2596 munita:
751 2539 1004 2594 sedenmt.
1037 2537 1102 2591 Et
1143 2538 1294 2591 scient
1339 2544 1509 2607 gentes
1554 2550 1876 2604 quiscumque
1922 2533 2110 2587 relicta:

526 2632 712 2705 fuerint
738 2632 792 2686 in
819 2631 1029 2687 circuitu
1083 2640 1273 2695 vestro,
1323 2629 1441 2700 quia
1469 2643 1561 2698 ego
1591 2627 1833 2680 Dominus
1862 2625 2108 2694 ardi/icavi

525 2724 801 2779 destructas
822 2763 838 2790 ,
869 2721 1091 2795 plantavi
1111 2720 1484 2775 exterminatus.
1512 2717 1620 2788 Ego
1644 2716 1891 2771 Dominus
1915 2717 2108 2770 locutus

524 2831 634 2869 sum
659 2855 675 2881 ,
706 2824 752 2869 et
776 2814 890 2884 feci.
923 2812 1049 2867 Ha’c
1068 2813 1187 2865 dicit
1212 2810 1463 2865 Dominus
1492 2823 1514 2863 :
1539 2808 1717 2862 Adhuc
1739 2808 1832 2861 hoc
1857 2806 2107 2878 inquiram

526 2905 701 2963 domui
724 2904 889 2959 Israel
917 2914 972 2958 ut
1000 2905 1182 2974 faciam
1206 2904 1318 2968 eis;
1364 2900 1706 2972 multiplicabo
1730 2916 1814 2954 eos
1839 2903 1966 2953 sicut
1994 2914 2109 2953 oves

527 2982 786 3063 homines,
827 2996 957 3049 sicut
989 3011 1102 3050 oves
1122 3003 1357 3061 sanctas,
1404 2993 1535 3047 sicut
1576 3008 1688 3046 oves
1733 2990 2013 3046 Jerusalem
2052 2991 2107 3046 in

527 3086 697 3139 diebus
722 3085 862 3157 festis
881 3086 990 3156 ejus
1006 3099 1026 3140 :
1050 3085 1122 3139 sic
1133 3093 1278 3138 erunt
1297 3084 1514 3137 civitates
1530 3082 1634 3137 illa!
1651 3082 1907 3147 desolatis,
1944 3082 2109 3155 plena:

526 3176 693 3230 ovium
719 3175 1005 3239 hominum,
1047 3183 1094 3229 et
1121 3174 1276 3229 scient
1316 3174 1434 3244 quia
1462 3189 1554 3245 ego
1598 3170 1848 3227 Dominus
1893 3171 2099 3243 (Ezech.

533 3279 694 3318 xxxvn
714 3304 729 3329 ,
750 3262 960 3337 22358).

600 3354 689 3409 15.
728 3353 865 3420 Quid
913 3352 1169 3409 remansit
1210 3352 1334 3423 pelli
1376 3352 1705 3419 morticinas,
1756 3351 1895 3407 unde
1938 3352 2107 3421 possit

531 3444 703 3500 inflari
722 3483 741 3511 ,
780 3454 832 3499 et
865 3443 1214 3514 dediguetur,
1245 3443 1455 3514 quando
1478 3443 1770 3514 gloriatur,
1801 3442 1855 3495 in
1885 3441 2106 3496 Domino

530 3534 785 3605 gloriari?
813 3533 949 3601 Quid
973 3534 1022 3588 ei
1061 3535 1349 3599 remansit,
1378 3533 1591 3603 quando
1633 3530 1886 3601 quidquid
1915 3531 2107 3586 dixerit

530 3627 826 3693 sefccissc,
851 3634 908 3680 ut
948 3639 1014 3679 eo
1056 3624 1389 3694 prmcedente
1418 3623 1646 3678 hominis
1684 3623 1875 3678 merito
1900 3623 1966 3676 ab
2005 3623 2134 3700 ho-g

532 3718 676 3773 mine
721 3724 940 3779 exorto,
975 3716 1114 3769 Deus
1156 3715 1540 3784 subsequeutcr
1570 3713 1726 3768 faciat
1768 3728 1874 3785 quo
1917 3714 2106 3784 dignus

531 3815 615 3863 est
657 3805 818 3861 homo
838 3845 853 3870 ,
880 3804 1286 3874 respondebitur
1304 3846 1319 3870 ,
1345 3805 1746 3871 reclamabitur,
1772 3806 2106 3860 contradice-

534 3909 649 3965 tur,
679 3897 789 3968 Ego
818 3897 970 3967 facio,
991 3896 1079 3951 sed
1104 3906 1305 3967 propter
1332 3912 1509 3950 nomen
1532 3912 1696 3949 meum
1720 3894 1946 3951 sanctum
1963 3939 1977 3963 ,
2006 3914 2106 3952 non

534 3999 738 4059 propter
778 4002 864 4041 vos
888 4002 977 4057 ego
1005 3986 1138 4056 facio
1158 4027 1174 4051 ,
1215 3986 1334 4039 dicit
1371 3984 1618 4041 Dominus
1649 3986 1821 4042 Deus?
1864 3988 2003 4042 Nihil
2029 3988 2107 4043 sic

534 4078 727 4134 evertit
757 4076 1067 4146 Pelagianos
1102 4075 1366 4142 dicentes,
1416 4076 1637 4146 gratiam
1681 4077 1774 4131 Dei
1817 4078 2110 4133 secundum

536 4169 722 4225 merita
748 4175 929 4223 nostra
953 4166 1088 4221 dari.
1120 4166 1269 4234 Quod
1293 4166 1501 4236 quidem
1534 4166 1647 4238 ipse
1678 4167 1947 4237 Pelagius,
1979 4176 2033 4222 et
2061 4168 2106 4222 si

536 4274 642 4315 non
685 4256 1064 4329 corrigendo},
1094 4267 1267 4310 tamen
1307 4256 1594 4312 orientales
1630 4256 1837 4326 judices
1874 4257 2107 4313 timendo

537 4352 825 4408 damnavit.
878 4349 1018 4407 Nihil
1057 4349 1135 4404 sic
1177 4349 1367 4404 evertit
1410 4348 1681 4403 hominum
1735 4350 2106 4419 prmsumptio-

539 4458 663 4499 nem
683 4433 971 4498 dicentium
986 4481 1001 4506 ,
1034 4440 1143 4496 Nos
1168 4440 1387 4497 facimus
1406 4483 1421 4508 ,
1443 4450 1501 4495 ut
1523 4455 1821 4496 mereamur
1844 4456 1962 4496 cum
1993 4442 2117 4511 qui-

540 4535 639 4590 hus
671 4533 829 4591 faciat
850 4533 1008 4588 Deus.
1058 4532 1363 4601 Respondet
1397 4532 1549 4585 vobis
1577 4547 1683 4585 non
1717 4532 1993 4602 Pelagius,
2013 4532 2109 4588 sed

540 4630 654 4695 ipse
681 4625 933 4679 Dominus
952 4665 966 4690 ,
993 4620 1105 4693 Ego
1125 4622 1286 4692 facio,
1309 4631 1354 4675 et
1385 4637 1483 4674 non
1504 4629 1706 4691 propter
1731 4635 1842 4685 vos,
1870 4624 1958 4674 sed
1992 4638 2111 4691 pro-

542 4727 649 4788 pter
667 4731 847 4770 nomen
870 4731 1033 4769 meum
1069 4722 1314 4767 sanctum.
1344 4712 1478 4780 Quid
1504 4713 1643 4766 enim
1683 4713 1903 4781 potestis
1934 4713 2110 4770 facere

543 4808 669 4864 boni
710 4808 778 4863 de
800 4807 962 4862 corde
987 4820 1091 4859 non
1122 4804 1300 4860 bono?
1327 4804 1393 4860 Ut
1418 4815 1594 4859 autem
1625 4804 1862 4859 habeatis
1892 4820 1988 4860 cor
2009 4807 2110 4861 bo-

545 4913 668 4952 num
690 4938 706 4963 ,
739 4896 911 4957 Dabo;
937 4895 1135 4962 inquit,
1168 4894 1303 4949 vobis
1332 4910 1421 4947 cor
1445 4908 1627 4947 novum
1648 4936 1662 4958 ,
1691 4903 1737 4947 et
1761 4896 1990 4965 spiritum
2011 4913 2109 4950 no-

542 5006 659 5044 vum
714 4989 736 5020 ⁸
764 4988 893 5042 dabo
934 4987 1088 5042 vobis.
1129 4986 1389 5056 Numquid
1435 4986 1657 5056 potestis
1699 4986 1907 5053 dicere,
1956 4989 2109 5044 Prius

539 5161 780 5268 rvos,
801 5153 929 5219 quod
954 5160 1115 5204 tamen
1133 5152 1182 5203 in
1208 5154 1542 5216 manusulptis
1577 5157 1631 5204 et
1664 5153 1714 5203 in
1747 5154 1994 5206 Ezechiele
2021 5156 2110 5207 ba-

558 5227 781 5341 )clugditi,
805 5273 1174 5341 preparabitnr.
1215 5281 1271 5341 At
1302 5281 1408 5341 Mss.
1428 5309 1443 5334 ,
1482 5273 1771 5341 operabitnr.
1805 5282 1967 5341 graece
2004 5286 2106 5337 est,

538 5335 984 5404 ergasthtiSetas,_'Et
1012 5338 1132 5387 infra
1154 5349 1228 5404 _ex
1254 5337 1470 5404 boc_ipso
1489 5335 1594 5387 loco
1611 5335 1870 5404 Ezechielis
1892 5335 2111 5404 Augusti;

541 5398 632 5471 nti's
648 5402 851 5471 verbum
873 5398 1005 5450 idem
1042 5399 1233 5461 passive
1255 5399 1464 5463 positum
1480 5399 1679 5461 repetit,
1718 5404 1763 5449 et
1783 5398 2109 5463 operabimtur

538 5470 582 5512 et
605 5468 893 5512 munientur.

565 5525 623 5590 _'
655 5523 876 5590 Gallicani
922 5520 1224 5590 etnvatimni
1261 5526 1407 5590 uss,
1457 5522 1503 5569 et
1545 5518 1590 5571 si
1632 5532 1725 5570 non
1767 5534 1819 5572 se
1862 5532 2108 5586 corrigen-

540 5583 621 5634 do.
647 5590 699 5633 Et
722 5584 845 5632 intra
862 5620 875 5642 ,
906 5580 1030 5633 Nihil
1052 5581 1123 5633 sic
1144 5580 1307 5631 evertit
1327 5580 1469 5628 lianc.
1730 5617 1734 5620 .
1992 5580 2013 5586 '
2066 5608 2083 5617 ε

606 5643 783 5701 ιωὶιὶ,
823 5642 1043 5706 spiritum
1078 5656 1252 5694 meum.
1299 5647 1426 5701 Mss,
1462 5652 1662 5704 novum;
1683 5643 1921 5706 quomodo
1942 5656 2103 5707 supra,

539 5719 622 5757 cor
650 5717 836 5754 norum.

1125 350 1397 408 CONTRA
1441 344 1616 403 DUAS
1656 341 2022 400 EI’ISTOLAS
2053 339 2603 409 PELAGIA‘NORUM,
2649 343 2705 400 S.
2747 344 3108 404 AUGUSTINI

3680 351 3788 407 6‘20

2217 454 2597 510 ambulavimus
2641 457 2692 510 in
2737 455 3202 527 justiﬂcationibus
3247 457 3394 528 ejus,
3440 468 3491 515 et
3529 460 3792 532 judicium

2213 546 2329 615 ejus
2352 545 2745 601 observavimus
2762 588 2778 613 ,
2802 556 2856 603 et
2883 546 3104 603 fecimus
3124 558 3182 602 ut
3208 546 3349 618 digni
3376 563 3644 619 essemus,
3666 555 3795 623 qui-

2216 634 2314 709 bus
2340 635 2358 667 ³
2382 634 2605 706 gratiam
2651 647 2802 691 suam
2838 636 3026 691 daret?
3048 636 3186 706 Quid
3222 639 3360 692 enim
3392 639 3514 692 boni
3547 639 3799 697 faceretis

2214 725 2459 781 homines
2487 727 2650 792 mali;
2690 736 2744 782 et
2772 726 3040 797 quomodo
3079 728 3179 783 ista
3211 727 3348 783 bona
3375 728 3649 797 faceretis,
3687 733 3797 787 nisi

2214 818 2337 874 boni
2364 820 2593 875 essetis?
2617 817 2686 877 Ut
2712 828 2887 875 autem
2904 820 3158 875 homines
3184 819 3291 875 sint
3311 820 3433 875 boni
3450 863 3466 888 ,
3496 822 3617 892 quis
3645 822 3793 888 facit,

2214 911 2315 965 nisi
2344 910 2430 966 ille
2450 912 2539 981 qui
2567 910 2720 978 dixit,
2753 910 2819 965 Et
2848 910 3055 966 visitabo
3074 926 3158 966 eos
3174 952 3192 979 ,
3215 921 3269 966 ut
3286 926 3371 966 eos
3396 914 3549 968 bonos
3571 914 3800 981 faciam;

2214 1010 2269 1056 et
2291 1002 2379 1072 qui
2407 1003 2537 1057 dixit
2561 1045 2575 1067 ,
2604 1002 2854 1073 Spiritum
2892 1019 3059 1058 meum
3081 1003 3210 1058 dabo
3249 1006 3302 1059 in
3325 1006 3491 1073 vobis,
3532 1016 3578 1060 et
3604 1009 3800 1078 faciam

2212 1100 2269 1145 ut
2295 1092 2347 1145 in
2384 1092 2830 1162 justiﬁcationibus
2867 1094 2988 1149 meis
3026 1094 3316 1163 ambuletis,
3361 1104 3409 1150 et
3436 1096 3635 1167 judicia
3681 1114 3799 1152 mea

2214 1181 2475 1236 observetis
2514 1192 2561 1235 et
2588 1183 2828 1254 faciatis?
2862 1182 3013 1239 itane
3055 1183 3290 1239 nondum
3328 1187 3630 1257 evigilatis?
3652 1203 3796 1243 non-

2213 1270 2336 1324 dum
2359 1272 2579 1336 auditis,
2614 1271 2824 1326 Faciam
2855 1281 2911 1326 ut
2945 1273 3242 1341 ambuletis,
3266 1274 3455 1343 faciam
3492 1285 3547 1329 ut
3565 1276 3797 1331 observe-

2215 1360 2311 1426 tis,
2357 1369 2659 1429 postremo,
2709 1361 2893 1432 faciam
2934 1372 2992 1415 ut
3034 1363 3275 1434 faciatis?
3313 1362 3450 1432 Quid
3493 1364 3668 1421 adhuc
3695 1381 3799 1423 vos

2214 1450 2446 1505 inflatis?
2472 1451 2578 1506 Nos
2602 1451 2814 1522 quidem
2838 1452 3193 1520 ambulamus,
3215 1468 3398 1509 verum
3428 1463 3541 1519 est;
3569 1471 3670 1511 nos
3694 1456 3799 1512 ubi

2212 1557 2487 1598 servamus
2508 1582 2521 1607 ,
2553 1557 2649 1599 nos
2678 1542 2897 1599 facimus
2923 1560 2936 1596 :
2968 1543 3063 1599 sed
3090 1543 3179 1599 ille
3202 1543 3328 1600 facit
3354 1553 3413 1600 ut
3430 1546 3792 1613 ambulemus,

2213 1632 2669 1698 ut‘observemus,
2702 1639 2761 1686 ut
2800 1630 3071 1687 faciamus.
3101 1632 3226 1689 Haec
3252 1642 3336 1689 est
3361 1636 3529 1706 gratia
3571 1637 3665 1691 Dei
3694 1637 3799 1692 bo-

2214 1738 2310 1777 nos
2356 1721 2553 1778 faciens
2596 1738 2722 1789 nos,
2752 1722 2866 1778 hmo
2907 1731 2990 1779 est
3030 1724 3391 1780 misericordia
3435 1727 3552 1795 ejus
3580 1742 3795 1795 prave-

2211 1812 2364 1867 niens
2411 1827 2527 1867 nos.
2551 1812 2688 1881 Quid
2719 1820 2988 1868 merentur
3028 1813 3272 1881 deserta,
3310 1824 3367 1871 et
3401 1819 3789 1886 exterminata,

2211 1910 2265 1958 et
2291 1902 2517 1965 effossa;
2563 1918 2682 1972 quae
2712 1910 2888 1957 tamen
2928 1902 3360 1971 tediﬁcahuntur,
3395 1914 3450 1960 et
3489 1908 3795 1977 operabun-

2204 1999 2325 2057 tur,
2357 2001 2412 2047 et
2453 1994 2792 2048 municntur?
2818 1992 3085 2064 Numquid
3111 1994 3225 2050 haec
3250 2010 3349 2066 pro
3369 1998 3575 2052 meritis
3596 1999 3791 2053 descr-

2210 2083 2402 2150 tionis,
2434 2085 2916 2149 exterminationis,
2961 2084 3263 2141 cﬂ'ossionis
3299 2089 3451 2142 suae?
3478 2089 3648 2143 Absit.
3686 2091 3791 2146 lsu

2210 2174 2349 2225 enim
2376 2173 2564 2226 merita
2593 2173 2726 2227 mala
2757 2182 2908 2239 sunt,
2938 2173 3051 2227 hmo
3081 2189 3297 2230 munera
3328 2176 3486 2230 bona.
3533 2177 3793 2233 Reddun-

2210 2271 2297 2318 tur
2328 2264 2504 2333 itaque
2532 2264 2686 2317 malis
2715 2264 2854 2319 bona
2884 2281 2897 2317 :
2925 2265 3147 2334 gratuita
3170 2279 3331 2335 ergo,
3356 2281 3457 2321 non
3488 2266 3701 2334 debita;
3733 2277 3794 2326 et

2212 2355 2331 2410 ideo
2383 2356 2570 2426 gratia.
2611 2355 2757 2426 Ego,
2803 2357 2974 2427 inquit
3017 2357 3302 2425 Dominus,
3354 2357 3463 2429 Ego
3514 2358 3790 2416 Dominus.

2209 2446 2394 2502 Nonne
2437 2456 2488 2501 te
2532 2448 2631 2502 ista
2659 2461 2762 2502 vox
2801 2447 3135 2518 comprimit,
3183 2463 3217 2504 ο
3247 2448 3470 2504 humana
3497 2451 3749 2520 superbia
3771 2492 3791 2519 ,

2210 2552 2327 2607 qure
2352 2536 2484 2592 dicis
2503 2579 2517 2603 ,
2549 2537 2664 2607 Ego
2704 2536 2874 2605 facio,
2908 2547 2965 2593 ut
2992 2553 3200 2595 merear
3225 2554 3256 2592 a
3287 2540 3506 2594 Domino
3533 2539 3794 2597 :rdificuri

2209 2635 2368 2697 atque
2398 2628 2661 2696 plantari?
2686 2627 2869 2683 Nonne
2896 2628 3076 2697 audis,
3110 2628 3229 2683 Non
3256 2636 3457 2700 propter
3474 2646 3561 2684 vos
3586 2647 3676 2702 ego
3705 2637 3788 2703 fa-

2209 2720 2286 2773 cio
2314 2736 2335 2776 :
2363 2718 2476 2791 Ego
2507 2719 2755 2775 Dominus
2790 2721 3036 2791 aedificavi
3074 2722 3383 2789 destructas,
3426 2724 3651 2793 plantavi
3694 2740 3792 2778 e1:-

2212 2814 2540 2868 terminatas:
2570 2812 2685 2883 Ego
2728 2813 2975 2868 Dominus
3011 2815 3209 2869 locutus
3235 2831 3347 2869 sum
3367 2856 3382 2881 ,
3412 2825 3457 2869 et
3486 2818 3583 2887 feci
3629 2832 3650 2870 :
3685 2832 3793 2872 non

2206 2912 2384 2958 tamen
2415 2914 2616 2976 propter
2639 2920 2725 2960 vos
2742 2946 2757 2972 ,
2785 2904 2873 2959 sed
2898 2913 3102 2975 propter
3130 2922 3310 2962 nomen
3332 2923 3495 2960 meum
3516 2918 3747 2962 sanctum
3764 2907 3795 2961 Ρ

2208 2994 2337 3063 Quis
2363 2995 2676 3065 multiplicat
2698 2997 2833 3051 sicut
2869 3011 3000 3050 oves
3021 2996 3295 3063 homines,
3328 2998 3463 3051 sicut
3490 2986 3617 3053 oves
3656 3011 3792 3052 san-

2209 3095 2355 3153 ctas,
2404 3088 2540 3142 sicut
2576 3102 2704 3142 oves
2731 3087 3024 3143 Jerusalem
3057 3104 3073 3142 :
3102 3089 3221 3156 quis
3271 3088 3394 3143 facit
3436 3098 3492 3143 ut
3546 3089 3795 3145 civitates

2209 3178 2311 3234 ilhc
2340 3179 2589 3233 desolata:
2615 3179 2785 3248 plena:
2801 3179 2907 3233 sint
2925 3179 3101 3233 ovium
3125 3177 3397 3233 hominum
3417 3221 3430 3245 ,
3462 3180 3564 3235 nisi
3585 3180 3675 3235 ille
3695 3181 3794 3249 qui

2204 3272 2447 3341 Sequitur
2484 3280 2538 3325 et
2580 3270 2738 3338 dicit,
2787 3270 2852 3324 Et
2884 3271 3042 3326 scient
3084 3272 3202 3342 quia
3237 3289 3329 3343 ego
3360 3272 3646 3328 Dominus?
3680 3271 3794 3329 Sed

2208 3363 2397 3431 quibus
2425 3362 2612 3417 ovibus
2632 3361 2933 3417 hominibus
2956 3363 3173 3432 implet,
3206 3364 3357 3417 sicuti
3380 3373 3462 3419 est
3485 3365 3754 3434 pollicitus
3770 3404 3791 3432 η,

2208 3453 2480 3519 civitates,
2524 3463 2701 3507 utrum
2739 3467 2874 3524 quas
2917 3452 3149 3519 invenit,
3194 3469 3258 3507 an
3290 3469 3421 3524 quas
3448 3455 3609 3510 facit?
3633 3455 3795 3510 Psal-

2209 3561 2352 3598 mum
2385 3547 2799 3616 interrogemus;
2826 3560 2950 3600 ecce
2978 3545 3298 3615 respondet,
3328 3546 3603 3600 audiamus
3632 3563 3645 3599 :
3684 3544 3795 3599 Ve-

2208 3629 2340 3693 nite,
2397 3629 2662 3681 adoremus
2697 3636 2745 3682 et
2782 3628 3101 3698 procidamus
3127 3629 3209 3696 ei,
3249 3638 3295 3682 et
3334 3630 3588 3701 ploremus
3628 3633 3796 3684 ante'

2212 3718 2483 3771 Dominum
2523 3719 2610 3789 qui
2633 3718 2753 3788 fecit
2791 3734 2914 3785 nos;
2948 3719 3068 3789 quia
3090 3720 3200 3789 ipse
3231 3729 3302 3773 est
3328 3719 3464 3773 Deus
3492 3730 3662 3774 noster
3681 3762 3697 3785 ,
3744 3730 3799 3775 et

2209 3826 2300 3863 nos
2339 3809 2556 3880 populus
2595 3824 2796 3879 pascua
2839 3809 2981 3877 ejus,
3019 3818 3069 3863 et
3091 3826 3204 3864 oves
3233 3826 3411 3864 manus
3459 3811 3567 3882 ejus
3610 3810 3795 3879 (Psal.

2209 3915 2362 3966 χειν,
2396 3902 2428 3957 6
2454 3911 2500 3955 et
2525 3902 2603 3971 7).
2631 3900 2748 3968 Ipse
2776 3901 2936 3971 igitur
2956 3899 3083 3956 facit
3115 3916 3243 3955 ovcs
3263 3943 3277 3968 ,
3305 3903 3493 3971 quibus
3517 3902 3799 3957 desolatas

2210 3991 2694 4060 impleatcivitutes.
2721 3990 2855 4058 Quid
2877 3991 3067 4046 mirum
3085 3993 3108 4046 ‘i
3126 3991 3558 4061 Quandoquidem
3578 3992 3652 4046 illi
3670 3994 3799 4047 uui-

2208 4096 2285 4137 ca:
2327 4081 2410 4136 ovi
2459 4079 2683 4147 dicitur,
2714 4079 2818 4136 hoc
2858 4087 2974 4145 est,
3020 4081 3306 4148 Ecclesiae,
3343 4082 3495 4151 cujus
3546 4082 3798 4136 membra

2208 4181 2331 4228 sunt
2380 4187 2569 4228 omnes
2591 4187 2719 4228 oves
2748 4172 2989 4227 homines
3034 4190 3048 4226 :
3093 4171 3354 4240 Quoniam
3383 4188 3482 4242 ego
3534 4187 3653 4227 sum
3684 4173 3801 4226 Do-

2208 4265 2384 4321 minus
2406 4266 2496 4337 qui
2525 4264 2659 4319 facio
2688 4274 2760 4320 te.
2792 4265 2929 4334 Quid
2962 4265 3088 4319 mihi
3112 4265 3358 4320 obtendis
3388 4266 3610 4320 liberum
3638 4265 3798 4318 arbi-

2211 4357 2406 4424 trium,
2453 4356 2595 4426 quod
2642 4356 2710 4411 ad
2754 4356 3047 4413 faciendam
3090 4358 3344 4426 justitiam
3389 4356 3611 4411 liberum
3675 4371 3796 4411 non

2210 4450 2327 4515 erit,
2362 4450 2462 4505 nisi
2489 4449 2603 4504 ovis
2627 4448 2790 4504 fueris
2814 4448 2874 4504 ³2
2901 4449 2998 4516 Qui
3027 4448 3149 4503 facit
3175 4447 3335 4517 igitur
3355 4461 3482 4501 oves
3506 4444 3760 4499 homines
3777 4487 3796 4512 ,

2212 4539 2324 4609 ipse
2354 4540 2421 4596 ad
2451 4539 2806 4597 obedientiam
2833 4541 3042 4611 pietatis
3079 4539 3335 4592 humanas
3378 4536 3569 4591 liberat
3593 4537 3798 4590 volun-

2211 4636 2363 4685 tates.

2284 4722 2370 4776 16.
2403 4721 2509 4777 Sed
2547 4736 2709 4792 quare
2737 4722 2868 4775 istos
2911 4719 3152 4773 homines
3188 4732 3317 4773 oves
3353 4717 3507 4781 facit,
3553 4724 3609 4771 et
3653 4716 3802 4771 istos

2212 4827 2319 4866 non
2348 4811 2503 4879 facit,
2535 4812 2668 4881 apud
2697 4826 2854 4881 quem
2896 4822 3001 4865 non
3046 4817 3124 4863 est
3155 4808 3390 4877 acceptio
3431 4822 3800 4879 personarum

2218 4904 2389 4973 (Rom.
2421 4919 2487 4970 η,
2518 4903 2645 4973 il)?
2690 4904 2803 4973 Ipsa
2828 4912 2910 4959 est
2949 4903 3203 4973 qumstio,
3247 4917 3404 4972 quam
3432 4901 3619 4956 beatus
3642 4902 3802 4973 Apo-

2212 4996 2380 5050 stolus
2404 4995 2661 5049 curiosius
2687 5009 2842 5064 quam
2885 4994 3126 5061 cnpacius
3150 4993 3564 5061 proponentibus
3593 4993 3703 5059 ait,
3753 4994 3806 5049 0

2213 5086 2395 5149 homo,
2445 5097 2499 5139 tu
2541 5085 2649 5153 quis
2672 5101 2723 5138 es
2758 5092 2810 5137 ut
2843 5082 3141 5154 respondeas
3167 5081 3322 5136 Deo?
3365 5081 3628 5151 Numquid
3674 5086 3809 5137 dicit

2213 5176 2500 5245 figmentum
2522 5176 2564 5228 ei
2589 5175 2674 5244 qui
2704 5190 2756 5228 se
2785 5174 2963 5241 finxit,
2992 5173 3158 5239 Quare
3183 5173 3254 5227 sic
3277 5190 3356 5227 me
3377 5174 3534 5245 fecisti
3554 5172 3671 5243 (Id.
3705 5191 3763 5229 ix
3788 5217 3805 5241 ,

2212 5266 2340 5338 20)?
2364 5265 2480 5335 ipsa
2511 5272 2593 5320 est
2621 5264 2844 5334 quaestio
2864 5304 2879 5327 ,
2900 5277 3018 5332 qua:
3036 5261 3104 5317 ad
3127 5262 3273 5317 illam
3300 5264 3524 5334 pertinet
3544 5264 3818 5318 altitudi~

2276 5463 2369 5527 {In
2390 5468 2459 5519 3.,
2486 5466 2538 5511 ut
2561 5460 2697 5523 digni
2716 5474 2940 5523 essemus,
2965 5469 3016 5513 ut
3036 5460 3223 5527 quibus.
3261 5468 3336 5510 Er.
3370 5459 3519 5524 Lugd.
3548 5468 3674 5511 Ven.
3716 5477 3811 5514 sc-

2210 5525 2307 5573 cuti
2330 5536 2512 5572 sumus.
2578 5531 2633 5571 Μ.

2274 5586 2294 5654 ξ
2317 5590 2448 5654 l_cv_._,
2471 5584 2554 5654 ad.
2584 5584 2664 5633 Alii
2692 5583 2806 5654 editi
2833 5590 2883 5633 et
2900 5592 3028 5654 mss),
3049 5590 3182 5654 ante.»
3218 5644 3250 5654 μ’
3345 5643 3354 5654 η
3392 5650 3428 5654 __
3625 5643 3637 5653 .

2275 5646 2296 5677 ³
2317 5645 2536 5697 Gallicini
2563 5654 2687 5707 Mss,
2712 5647 2806 5696 nisi
2847 5646 2943 5696 oris
2965 5644 3126 5707 fuerit.
3152 5644 3356 5693 Vaticani
3391 5650 3518 5705 Mss,
3539 5644 3637 5694 mai
3675 5644 3809 5698 libe-

2212 5713 2369 5757 ratum
2388 5708 2531 5767 fuerit
