4038 6466
234 348 331 407 621

243 480 389 532 nem,
421 482 587 537 quam
619 474 917 545 perspicere
948 476 1128 534 volens
1176 481 1314 536 idem
1357 488 1660 554 apostolus,
1694 506 1827 560 quo-

246 559 361 613 dam
388 561 551 615 modo
575 568 823 634 expavit,
845 577 898 622 et
925 572 1238 628 exclamavit
1265 591 1278 628 :
1316 575 1360 630 0
1383 578 1594 634 altitudo
1629 583 1828 638 divitia-

245 665 350 702 rum
385 653 654 719 sapientia
680 665 726 708 et
747 657 968 712 scientias
1003 659 1135 716 Dei!
1160 679 1310 733 quant
1335 666 1680 724 inscrutabilia
1711 683 1826 726 sunt

238 739 428 809 judicia
455 745 604 813 ejus,
653 757 700 799 ct
725 749 1086 821 iuvestigabiles
1109 755 1200 808 vita
1227 758 1335 826 ejus
1354 759 1374 812 .'
1405 760 1528 826 Quis
1567 765 1698 817 enim
1737 783 1825 819 ro-

244 832 406 899 guorit
463 850 670 890 sensum
731 838 981 895 Domini?
1039 854 1126 898 aut
1174 848 1286 916 quis
1337 853 1653 910 consiliarius
1714 859 1826 926 ejus

244 923 335 992 fuit
357 923 380 975 ?
403 922 504 977 Aut
542 929 657 996 quis
681 929 821 999 prior
845 931 981 986 dedit
1018 933 1126 1001 illi,
1157 947 1203 992 et
1227 941 1523 996 retribuetur
1559 946 1641 1000 ei?
1681 922 1823 1014 Quo-

248 1011 380 1065 uiam
419 1031 483 1068 ea:
510 1017 654 1087 ipso,
698 1029 744 1073 et
787 1038 874 1092 per
909 1023 1102 1093 ipsum,
1156 1037 1202 1082 et
1229 1029 1282 1083 in
1327 1031 1436 1100 ipso
1462 1046 1577 1088 sunt
1622 1040 1824 1094 omnia:

241 1103 335 1171 ipsi
353 1104 518 1173 gloria
538 1108 592 1159 in
612 1111 796 1162 sarcula
823 1113 1119 1168 mulorum
1148 1116 1322 1187 (Rom.
1358 1138 1436 1186 χι,
1467 1126 1678 1192 55-56).
1704 1129 1819 1183 Non

245 1195 416 1264 itaque
449 1197 606 1252 istam
637 1204 859 1257 scrutari
889 1205 1117 1261 audeant
1142 1209 1535 1270 inscrutabilem
1565 1222 1819 1288 quwstio-

240 1301 356 1339 nem
381 1329 396 1352 ,
429 1288 521 1358 qui
558 1291 804 1346 meritum
827 1305 950 1351 ante
973 1299 1228 1367 gratiam,
1258 1311 1313 1357 et
1353 1304 1469 1360 ideo
1493 1307 1603 1376 jam
1633 1321 1816 1368 contra

239 1379 458 1447 gratiam
502 1379 880 1451 defendentes,
935 1389 1140 1456 priores
1187 1393 1370 1448 volunt
1414 1396 1540 1452 dare
1568 1399 1708 1468 Deo,
1762 1411 1820 1458 ut

239 1472 564 1528 retribuatur
585 1475 698 1542 eis;
731 1477 935 1546 priores
975 1482 1152 1551 utique
1194 1484 1322 1540 dare
1359 1489 1630 1556 quodlibet
1661 1509 1726 1548 ex
1756 1495 1819 1549 li-

238 1561 362 1617 bero
387 1563 612 1620 arbitrio
637 1608 651 1634 ,
685 1576 742 1622 ut
781 1570 848 1624 sit
873 1573 1038 1640 gratia
1068 1575 1405 1634 retribuenda
1437 1598 1532 1650 pro
1559 1587 1811 1652 prmmio:

237 1661 285 1705 et
326 1653 597 1722 sapienter
622 1656 951 1728 intelligant,
999 1663 1081 1716 vel
1112 1663 1336 1722 ﬁdeliter
1375 1672 1622 1740 credant,
1651 1677 1812 1732 etiam

235 1741 368 1811 quod
394 1757 456 1798 se
485 1754 709 1814 putant,
738 1749 940 1818 priores
967 1751 1209 1820 dedisse,
1241 1756 1308 1811 ab
1336 1759 1427 1814 illo
1455 1777 1518 1817 ex
1549 1780 1655 1834 quo
1689 1778 1813 1823 sunt

236 1832 438 1898 omnia,
482 1850 580 1892 Der
605 1852 761 1905 quem
800 1848 924 1893 sunt
965 1843 1140 1899 omnia
1163 1885 1178 1908 ,
1211 1845 1264 1900 in
1294 1863 1400 1917 quo
1428 1832 1767 1911 suntvomnia
1793 1900 1808 1925 ,

238 1925 553 1994 percepisse.
582 1925 689 1981 Cur
709 1937 881 1984 autem
913 1931 1012 1986 iste
1031 1935 1289 2004 accipiat,
1321 1938 1411 1995 ille
1437 1957 1540 1998 non
1566 1948 1807 2016 accipiat,

233 2029 345 2069 cum
370 2017 532 2072 ambo
580 2034 688 2074 non
729 2032 1034 2077 mereantur
1057 2028 1300 2097 accipere
1321 2071 1335 2095 ,
1367 2040 1421 2086 et
1449 2035 1686 2106 quisquis
1713 2055 1808 2095 eo-

235 2121 343 2160 rum
385 2112 733 2181 acceperit‘,
765 2113 1001 2172 indebite
1042 2120 1299 2189 accipiat,
1348 2124 1490 2181 vires
1528 2142 1652 2184 suas
1697 2147 1809 2187 me-

233 2198 438 2264 tiantur,
473 2209 528 2255 et
559 2201 776 2258 fortiora
804 2221 862 2260 se
895 2223 997 2262 non
1022 2218 1326 2268 scrutentur
1359 2214 1543 2286 (Eccli.
1573 2235 1662 2287 ιιι,
1689 2220 1804 2294 22).

227 2286 459 2344 Sufficiat
496 2295 576 2346 eis
605 2295 742 2350 scire
763 2298 903 2367 quod
931 2315 1034 2354 non
1067 2303 1136 2357 sit
1177 2304 1426 2376 iniquitas
1453 2312 1590 2379 apud
1618 2286 1802 2369 Deum.

227 2377 348 2433 Cum
376 2382 522 2435 enim
550 2384 695 2439 nulla
729 2389 919 2443 merita
946 2391 1237 2450 invenisset
1263 2377 1553 2466 Apostolus
1571 2443 1585 2467 ,
1616 2405 1804 2472 quibus

225 2467 380 2524 Jacob
425 2474 700 2541 geminum
750 2479 891 2547 apud
945 2480 1110 2537 Deum
1169 2487 1493 2553 praecederet
1538 2467 1800 2549 fratrem:

229 2557 358 2624 Quid
397 2577 520 2630 ergo
549 2563 798 2629 dicemus,
845 2567 1052 2637 inquit?
1080 2575 1323 2644 numquid
1366 2586 1436 2631 cst
1478 2581 1617 2650 apud
1640 2581 1804 2638 Deum

223 2649 493 2719 iniquitas?
527 2653 688 2709 Absit.
717 2655 888 2728 Moysi
913 2663 1046 2715 enim
1073 2665 1191 2717 dicit
1220 2681 1238 2718 :
1272 2649 1549 2724 Miscrebor
1577 2675 1659 2725 cui
1706 2675 1803 2728 mi-

222 2750 375 2796 sertas
417 2760 544 2808 ero;
587 2755 634 2799 et
679 2749 1073 2806 misericordiam
1113 2757 1360 2824 priestabo
1399 2761 1482 2812 cui
1519 2763 1800 2818 misericors

222 2835 375 2900 fuero.
401 2833 574 2905 Igitur
615 2855 712 2892 non
732 2843 967 2910 uolentis,
1010 2862 1165 2915 neque
1202 2852 1478 2917 currentis,
1533 2854 1620 2906 sed
1649 2855 1798 2909 mise-

220 2928 363 2980 remis
388 2939 461 2980 est
487 2927 606 2984 Dei.
637 2932 796 2989 Grata
821 2936 890 2990 sit
917 2952 1044 3007 ergo
1071 2940 1222 2996 nobis
1267 2942 1382 3012 ejus
1427 2947 1650 3014 gratuita
1695 2948 1798 3002 mi-

220 3020 442 3084 scratio,
469 3023 679 3078 etiamsi
721 3025 836 3081 htec
862 3029 1120 3108 profunda
1177 3033 1401 3088 insoluta
1449 3039 1518 3091 sit
1545 3041 1793 3108 quaestio.

220 3109 339 3176 Quae
382 3120 562 3168 tamen
608 3124 830 3172 eatenus
872 3107 1134 3186 solvitur,
1179 3135 1434 3193 quatenus
1480 3143 1596 3182 eam
1641 3131 1799 3186 solvit

220 3200 348 3255 idem
378 3207 656 3273 apostolus
674 3250 688 3274 ,
736 3210 956 3268 dicens:
987 3213 1049 3268 Si
1073 3225 1236 3269 autent
1265 3216 1400 3272 Deus
1430 3219 1596 3275 volens
1629 3233 1796 3278 ostens-

219 3293 326 3349 dere
373 3299 504 3352 iram
549 3310 599 3354 et
629 3301 974 3360 demonstrare
1003 3310 1276 3376 potentiam
1310 3328 1453 3365 suam
1474 3352 1488 3379 ,
1535 3316 1702 3368 attulit
1742 3317 1796 3372 in

217 3387 368 3439 multa
393 3390 642 3457 patientia
666 3409 786 3448 vasa
824 3396 918 3448 ira:
935 3437 949 3462 ,
991 3413 1102 3465 qtae
1149 3405 1368 3470 perfecta
1395 3412 1510 3456 sunt
1541 3404 1592 3458 in
1618 3406 1792 3475 pcrdi-

217 3477 425 3545 tt'onem,
461 3490 510 3534 et
537 3491 588 3534 ut
611 3493 755 3538 notas
781 3489 964 3556 faceret
1005 3488 1203 3543 divitias
1248 3491 1424 3560 glorise
1461 3510 1566 3547 sum
1592 3495 1645 3548 in
1675 3512 1795 3551 vasa

215 3569 597 3639 misericordiae,
636 3591 749 3644 quae
773 3580 1074 3648 pra’paravit
1117 3581 1170 3634 in
1205 3583 1422 3650 gloriam
1475 3583 1646 3655 (Rom.
1696 3602 1790 3655 tx,

216 3662 390 3729 14-16,
413 3664 506 3731 22,
525 3667 637 3737 25).
658 3667 738 3722 lra
754 3670 950 3740 quippe
975 3689 1078 3726 non
1104 3674 1362 3740 redditur,
1382 3679 1481 3732 nisi
1498 3678 1696 3745 debita,
1725 3699 1793 3739 ne

212 3754 274 3807 sit
291 3755 545 3826 iniquitas
563 3760 702 3830 apud
723 3762 885 3818 Deum
919 3781 932 3815 :
967 3764 1326 3821 misericordia
1347 3784 1474 3824 vero
1495 3771 1652 3825 etiam
1669 3788 1790 3828 cum

215 3847 473 3911 prmbetur
502 3849 764 3917 indebita,
796 3870 901 3908 non
929 3864 1010 3910 est
1052 3856 1300 3926 iniquitas
1340 3861 1476 3929 apud
1508 3861 1694 3917 Deum.
1727 3867 1793 3920 Et

213 3933 331 3992 hinc
373 3937 675 4010 intelligunt
719 3957 842 3997 vasa
872 3945 1248 4000 misericordia:
1270 3989 1284 4012 ,
1338 3965 1496 4018 quam
1518 3954 1742 4020 gratuita
1769 3956 1788 3986 '

212 4024 308 4082 illis
331 4029 698 4086 misericordia
727 4033 1042 4100 prmbeatur,
1069 4036 1209 4105 quod
1238 4038 1328 4092 ira:
1355 4040 1497 4094 vasis
1522 4057 1640 4095 cum
1669 4045 1788 4112 qui-

211 4113 303 4170 bus
329 4125 412 4172 est
457 4119 539 4174 eis
586 4121 896 4189 perditionis
942 4137 1099 4179 causa
1129 4135 1182 4180 et
1233 4142 1405 4182 massa
1453 4135 1784 4198 communis,

211 4205 277 4260 ira
309 4207 486 4264 debita
511 4220 564 4266 et
588 4211 730 4281 justa
759 4215 1085 4283 rependitur.
1119 4217 1242 4272 llaec
1264 4219 1372 4288 jam
1404 4223 1532 4275 satis
1561 4224 1662 4276 sint
1689 4225 1787 4277 ad-
1813 4245 1817 4249 “

212 4313 390 4355 versus
431 4316 556 4369 eos,
602 4309 690 4373 qui
719 4319 815 4374 per
841 4306 1042 4361 arbitrii
1070 4307 1363 4364 libertatem
1392 4310 1667 4368 destruere
1695 4329 1789 4368 vo-

209 4391 319 4446 lunt
343 4396 526 4463 gratia:
558 4397 873 4466 largitatem.

269 4485 496 4540 CAPUT
512 4487 697 4541 Vll.-—
710 4489 795 4543 17.
820 4488 892 4543 De
907 4490 1056 4544 laude
1069 4501 1372 4546 sanctorum.
1395 4492 1618 4548 Ecclesia
1636 4497 1785 4566 hujus

206 4579 438 4646 temporis
463 4595 564 4632 non
593 4589 665 4632 est
688 4580 796 4635 sine
819 4582 1016 4635 macula
1041 4592 1088 4635 et
1131 4599 1277 4652 ruga.
1310 4583 1522 4639 lnsidiaz
1549 4585 1785 4657 Pelagia-

204 4681 395 4721 norum.
443 4669 599 4735 Quod
629 4685 756 4724 vero
783 4672 936 4726 laude
962 4683 1296 4742 sanctorum,
1344 4677 1528 4731 nolunt
1573 4695 1668 4734 nos
1706 4681 1784 4734 af-

203 4755 344 4812 fectu
389 4761 531 4814 illius
561 4761 830 4817 Publicani
857 4763 1058 4819 esurire
1100 4775 1155 4818 et
1179 4766 1324 4820 sitire
1363 4767 1652 4837 justitiam,
1688 4771 1781 4827 Sed

202 4849 435 4904 vanitate
459 4850 601 4905 illius
631 4851 883 4907 Pharisaei
914 4863 1159 4924 tanquam
1188 4865 1451 4910 saturatos
1491 4859 1782 4930 plenosque

202 4948 411 4996 ructare
454 4939 604 5013 (Luc.
638 4957 810 5010 xvut,
840 4945 1058 5016 10-14);
1105 4947 1228 5016 quid
1274 4948 1352 5002 eis
1382 4949 1598 5018 prodest
1637 4953 1780 5020 quod

199 5029 452 5087 adversus
493 5033 848 5100 Manicbzeos,
899 5037 984 5104 qui
1030 5037 1294 5108 Baptisma
1349 5039 1652 5107 destruunt,
1694 5043 1778 5098 isti

199 5122 410 5188 dicunt,
445 5143 463 5176 ι
495 5125 766 5194 Baptismo
804 5127 1032 5195 perfecte
1063 5129 1304 5184 homines
1330 5129 1597 5198 innovari,
1631 5150 1649 5184 ι
1699 5142 1780 5187 at-

198 5227 298 5279 que
331 5213 394 5267 ad
422 5214 526 5269 hoc
547 5216 785 5284 Apostoli
815 5217 1065 5273 adhibent
1091 5219 1480 5286 testimonium,
1515 5239 1533 5272 ‹
1564 5223 1649 5292 qui
1684 5237 1779 5290 per

200 5301 462 5358 lavacrum
491 5320 645 5374 aqute
687 5307 975 5360 Ecclesium
1004 5307 1071 5363 de
1105 5311 1348 5380 gentibus
1387 5321 1621 5365 sanctam
1662 5314 1778 5367 fieri

199 5392 695 5465 immaculatamque
737 5405 956 5452 testatur
984 5416 1004 5450 ι
1033 5399 1248 5469 (Ephcs.
1279 5417 1311 5455 ν
1331 5442 1346 5467 ,
1376 5402 1501 5473 26);
1533 5417 1652 5457 cum
1681 5418 1776 5457 su-

199 5486 362 5552 perbo
406 5502 569 5542 scnsu
615 5497 773 5558 atque
801 5505 1049 5558 perverso
1078 5500 1261 5546 contra
1305 5495 1571 5549 orationes
1609 5495 1776 5566 ipsius

258 5674 276 5754 ξ
304 5673 436 5754 militi,
473 5678 946 5754 (temperata/spinus.
977 5685 1116 5754 1155.,
1150 5680 1446 5754 acceperit.”
1633 5750 1653 5754 Α
1716 5744 1744 5754 Α

257 5735 276 5762 ’
298 5735 432 5792 t-‘diti,
460 5746 574 5783 cum
595 5735 831 5806 gratuita;
852 5745 904 5789 Et
933 5738 1070 5800 infra,
1105 5735 1282 5803 gratia}
1306 5740 1594 5805 largitorem.
1626 5744 1773 5794 Casti-

195 5803 368 5853 gantur
389 5809 448 5844 ex
478 5803 830 5858 mnuscriptis.

1592 376 1788 431 LIBER
1829 379 2172 445 QUARTUS.

3409 419 3516 476 622

1939 496 2188 555 Ecclesia!
2215 518 2339 559 suas
2365 520 2611 592 exserant
2634 514 3057 586 disputationes?
3081 524 3192 583 [loc
3221 530 3364 584 enim
3388 547 3510 602 pro-

1937 599 2117 657 pterea
2172 594 2383 664 dicunt,
2415 609 2468 654 ut
2519 605 2763 662 credatur
2812 609 3047 668 Ecclesia
3091 627 3213 685 post
3262 594 3503 680 sanctum

1936 676 2287 751 Baptismum,
2321 688 2374 742 in
2405 707 2508 760 quo
2535 693 2592 747 ﬁt
2615 699 2848 753 omniutn
2880 705 3119 760 remissio
3146 722 3506 781 peccatorum,

1934 769 2156 828 ulterius
2194 793 2297 832 non
2345 783 2538 839 habere
2589 801 2860 856 peccatum
2903 811 3064 851 :cum
3110 801 3364 860 adversus
3410 823 3506 863 eos

1932 861 2018 916 illa
2043 879 2072 918 a
2102 868 2230 924 solis
2251 880 2368 926 ortu
2392 889 2555 945 usque
2581 879 2646 933 ad
2678 897 2920 938 occasum
2942 891 3182 946 munibus
3209 895 3317 949 suis
3339 913 3506 953 mem-

1931 952 2041 1009 bris
2079 958 2272 1014 clamet
2317 963 2382 1017 ad
2430 965 2624 1033 Deum,
2675 969 2884 1027 Dimitte
2929 980 3068 1034 nobis
3121 982 3285 1037 debita
3331 999 3504 1043 nostra

1931 1043 2140 1117 (Matth.
2187 1067 2273 1112 Vl,
2324 1054 2431 1123 12).
2464 1057 2632 1124 Quid,
2662 1063 2800 1132 quod
2844 1066 3002 1120 etiam
3031 1071 3048 1101 ¹
3074 1069 3140 1124 de
3187 1089 3244 1127 se
3292 1076 3417 1144 ipsis
3449 1079 3501 1132 in

1929 1134 2026 1191 hac
2055 1153 2212 1194 causa
2260 1143 2302 1196 si
2352 1143 2777 1219 interrogentur,
2823 1157 2947 1223 quid
2993 1163 3350 1228 resptmdeant
3396 1183 3503 1224 non

1926 1226 2235 1286 inveniunt?
2256 1234 2310 1290 Si
2340 1238 2478 1292 enim
2508 1240 2740 1298 dixerint
2764 1262 2821 1299 se
2838 1261 2942 1302 non
2968 1248 3160 1306 habere
3187 1267 3456 1324 peccatum
3483 1278 3497 1312 :

1924 1324 2211 1390 respondet
2251 1327 2328 1382 eis
2357 1329 2621 1397 Joannes,
2653 1337 2794 1404 quod
2837 1353 2897 1392 se
2941 1342 3081 1411 ipsos
3118 1343 3416 1416 decipiant,
3448 1359 3504 1404 et

1923 1413 2116 1467 veritas
2146 1415 2196 1469 in
2223 1417 2300 1471 cis
2326 1435 2429 1475 non
2471 1424 2540 1476 sit
2569 1423 2614 1496 (1
2655 1425 2810 1482 Joan.
2839 1445 2889 1494 ι,
2919 1431 2997 1502 8).
3027 1433 3082 1488 Si
3111 1413 3287 1492 alitem
3327 1413 3498 1494 conli-

1923 1507 2098 1557 tentur
2127 1519 2340 1574 peccata
2365 1527 2491 1579 sua;
2524 1529 2644 1569 cum
2692 1533 2750 1573 se
2793 1521 2957 1576 velint
2981 1539 3100 1580 esse
3125 1527 3321 1583 Christi
3373 1545 3495 1585 coro

1920 1593 2064 1660 poris
2107 1599 2378 1666 membra,
2426 1606 2690 1672 quomodo
2741 1611 2842 1664 erit
2891 1612 3016 1668 illud
3068 1632 3286 1686 corpus,
3321 1621 3371 1675 id
3414 1631 3498 1678 est

1919 1681 2153 1741 Ecclesia
2175 1728 2188 1753 ,
2217 1689 2268 1742 iu
2297 1691 2398 1746 isto
2445 1695 2618 1752 adhuc
2646 1705 2884 1769 tempore
2914 1706 3144 1773 perfecte
3169 1712 3211 1776 ',
3245 1712 3380 1766 sicut
3409 1714 3495 1769 isti

1917 1776 2160 1846 sapiunt,
2203 1780 2320 1838 sine
2371 1789 2576 1842 macula
2622 1799 2676 1844 et
2721 1806 2878 1863 ruga,
2909 1798 3058 1865 cujus
3105 1804 3341 1858 membra
3389 1822 3494 1862 non

1917 1869 2244 1926 mendaciter
2269 1878 2591 1935 confitentur
2637 1898 2696 1938 sc
2737 1883 2936 1942 habere
2973 1895 3220 1958 peccata?
3249 1896 3493 1968 Quapro-

1916 1965 2032 2025 pter
2056 1969 2110 2013 et
2144 1962 2196 2016 in
2225 1962 2550 2034 Baptismate
2586 1972 2921 2032 dimittuntur
2946 1992 3132 2037 cuncta
3164 1962 3380 2053 peccata
3397 2031 3410 2051 ,
3440 2000 3494 2046 ct

1915 2062 2012 2117 per
2040 2050 2209 2120 ipsum
2241 2055 2508 2114 lavacrum
2535 2077 2686 2132 aqua:
2715 2066 2765 2119 in
2792 2070 2958 2123 verbo
2981 2073 3258 2130 exhibetur
3279 2076 3494 2136 Christo

1913 2136 2151 2196 Ecclesia
2196 2145 2311 2201 sine
2352 2151 2555 2206 macula
2597 2163 2651 2207 et
2695 2171 2822 2226 ruga
2854 2158 3066 2230 (Ep/tes.
3112 2180 3175 2230 v,
3202 2166 3315 2238 27).
3358 2171 3490 2237 Quia

1911 2229 2014 2285 nisi
2073 2243 2217 2289 esset
2266 2237 2566 2308 baptizata,
2622 2229 2947 2306 infructuose
2999 2229 3233 2324 diceret,
3275 2229 3493 2318 'Dimitte

1911 2322 2065 2378 nobis
2103 2327 2268 2380 debita
2319 2341 2489 2385 nostra
2517 2350 2535 2387 :
2562 2333 2731 2392 donec
2769 2341 3086 2408 perducatur
3121 2348 3186 2402 ad
3222 2322 3483 2421 ﬁgloriatn,

1908 2411 1997 2467 ubi
2027 2414 2075 2468 ei
2107 2417 2391 2484 perfectius
2422 2424 2560 2477 nulla
2591 2427 2712 2481 insit
2735 2433 2938 2485 macula
2971 2445 3022 2490 et
3053 2453 3200 2508 ruga.

1981 2505 2068 2560 i8.
2104 2525 2123 2559 ι
2163 2509 2227 2562 Et
2251 2509 2500 2580 Spiritum
2532 2527 2772 2573 sanctum
2808 2540 2826 2573 ι
2858 2505 3236 2584 fatendum'est
3267 2548 3286 2583 ι
3323 2535 3482 2590 etiam
3567 2585 3576 2594 .

1907 2595 2134 2665 antiquis
2164 2604 2486 2670 temporibus
2518 2624 2537 2658 ι
2572 2623 2676 2663 non
2703 2612 2877 2668 solum
2910 2632 2929 2667 ι
2965 2628 3170 2674 mentes
3195 2621 3364 2679 bonas
3391 2627 3484 2680 ad-

1901 2686 2136 2756 juvisse,
2172 2710 2191 2743 t
2223 2696 2363 2763 quod
2401 2707 2455 2752 et
2501 2700 2586 2754 isti
2629 2703 2845 2772 volunt;
2895 2721 3078 2764 verum
3121 2713 3280 2768 etiam
3317 2716 3485 2774 bonas

1905 2791 1997 2832 eas
2021 2777 2213 2837 fecisse
2232 2825 2245 2845 ,
2275 2787 2412 2854 quod
2445 2789 2648 2845 nolunt.
2682 2810 2702 2845 ι
2729 2794 2928 2852 Omnes
2955 2815 3165 2872 quoque
3189 2803 3484 2875 Prophetas

1904 2876 1958 2922 et
1985 2870 2269 2939 Apostolos
2295 2878 2375 2930 vel
2420 2892 2631 2937 sanctos
2656 2893 2711 2938 et
2746 2870 3168 2958 evangelicoset
3193 2900 3438 2968 antiquos
3460 2939 3474 2968 ,

1903 2959 2093 3027 quibus
2119 2964 2261 3021 Deus
2288 2971 2642 3028 testimonium
2672 2978 2944 3046 perhibet,
2976 2999 3081 3038 non
3113 2986 3165 3040 in
3196 2959 3476 3060 comparao

1903 3052 2046 3106 tione
2067 3057 2465 3128 sceleratorum,
2493 3065 2585 3119 sed
2603 3067 2782 3136 regula
2801 3072 3047 3128 virtutum
3061 3076 3235 3144 justos
3261 3052 3439 3148 fuisse,
3455 3101 3473 3135 ι

1900 3157 2005 3197 non
2036 3145 2250 3202 dubium
2280 3162 2393 3216 est;
2417 3155 2555 3222 quod
2594 3157 2874 3215 adversum
2902 3172 2984 3218 est
3022 3165 3358 3238 Manichtcis,
3388 3174 3478 3242 qui

1900 3231 2230 3292 Patriarcbas
2281 3240 2678 3315 PrOphetasque
2718 3249 3086 3320 blasphemant
3137 3273 3152 3311 :
3198 3249 3292 3314 sed
3335 3231 3477 3331 quod

1899 3323 2179 3382 adversum
2207 3339 2290 3385 est
2333 3341 2387 3386 et
2415 3334 2710 3406 Pelagianis
2730 3380 2746 3406 ,
2776 3340 3083 3414 interrogati
3111 3361 3298 3404 omnes
3324 3323 3390 3405 d-e
3415 3369 3477 3409 se

1898 3417 2029 3484 ipsis
2053 3435 2172 3475 cum
2201 3423 2251 3476 in
2281 3423 2380 3480 hoc
2407 3441 2630 3497 corpore
2649 3430 2940 3501 degerent,
2972 3452 3071 3490 una
3092 3453 3223 3495 voce
3247 3455 3476 3497 concor-

1897 3510 2113 3567 dissima
2168 3518 2588 3585 responderent,
2641 3522 2702 3576 Si
2751 3524 3026 3582 dixerimus
3061 3531 3179 3596 quia
3215 3543 3476 3601 peccatum

1897 3620 1997 3658 non
2023 3605 2260 3662 habemus
2278 3649 2293 3674 ,
2317 3625 2407 3664 nos
2431 3612 2567 3680 ipsos
2591 3613 2872 3671 seducimus
2892 3659 2906 3682 ,
2951 3629 2999 3673 et
3031 3622 3213 3677 veritas
3251 3625 3302 3678 in
3332 3626 3475 3681 nobis

1896 3714 1995 3752 non
2025 3708 2096 3752 est
2123 3699 2165 3770 (Ι
2197 3699 2426 3769 Joau.t,
2455 3705 2532 3774 8).
2571 3722 2590 3756 ε
2631 3707 2684 3760 In
2731 3707 2906 3763 futuro
2931 3719 3106 3766 autem
3145 3721 3412 3785 tempore,
3447 3735 3468 3770 ι

1896 3790 2193 3859 negandum
2246 3809 2350 3847 non
2379 3805 2487 3860 est,
2527 3815 2546 3848 ‹
2583 3799 2884 3854 mercedem
2930 3812 3180 3858 essetam
3212 3805 3471 3863 bonorum

1894 3895 2114 3950 operum
2140 3899 2297 3953 quam
2325 3887 2616 3952 malorum;
2644 3898 2696 3943 ct
2726 3893 2921 3946 nemini
2954 3895 3165 3965 prmcipi
3187 3938 3200 3960 ,
3230 3914 3347 3967 quze
3388 3901 3472 3956 hic

1894 3977 2306 4043 contempserit,
2339 3977 2444 4032 illic
2489 3980 2734 4034 mandata
2778 3983 3031 4050 perficere
3063 4000 3077 4038 :
3117 4004 3136 4038 ι
3167 3988 3259 4042 sed
3297 3989 3471 4060 plenae

1887 4064 2105 4135 justitiae
2143 4069 2535 4131 saturitatem‘.
2566 4072 2651 4124 ubi
2692 4083 2963 4141 peccatum
2991 4091 3109 4131 esse
3133 4093 3236 4132 non
3266 4081 3466 4148 possit,

1891 4173 2008 4227 qua)
2036 4159 2122 4213 hic
2169 4176 2197 4212 a
2246 4162 2441 4215 sanctis
2465 4163 2698 4218 esuritor
2739 4173 2793 4218 et
2831 4167 3038 4234 sititor,
3071 4168 3157 4223 hic
3181 4173 3381 4238 Sperari
3411 4175 3464 4228 in

1893 4265 2175 4320 prmcepto.
2207 4254 2274 4306 ibi
2301 4255 2498 4323 percipi
2539 4255 2592 4310 in
2619 4258 2864 4324 prmmio,
2890 4261 3241 4332 elcemosynis
3267 4271 3318 4316 et
3341 4279 3465 4320 ora-

1889 4342 2121 4396 tionibus
2148 4344 2552 4411 impctrantibus
2570 4387 2584 4408 ,
2619 4355 2675 4399 ttt
2701 4346 2841 4416 quod
2869 4348 2955 4403 hic
2981 4350 3155 4405 minus
3192 4351 3461 4420 impletum

1890 4433 2046 4487 fuerit
2087 4435 2453 4489 mandatorum
2484 4435 2573 4490 ﬁat
2600 4437 2912 4508 impunitum
2951 4454 3044 4510 per
3087 4440 3460 4512 indulgentiam

1888 4533 2244 4595 peccatorum.

1960 4615 2049 4670 19.
2075 4614 2203 4682 Quae
2229 4631 2346 4669 cum
2374 4617 2443 4671 ita
2470 4617 2575 4672 sint
2595 4658 2608 4680 ,
2640 4617 2883 4673 desinant
2927 4619 3196 4692 Pelagiani
3226 4626 3461 4698 quinque

1888 4707 2107 4759 istarmn
2136 4720 2310 4760 rerum
2340 4706 2790 4763 insidiosissimis‘
2816 4707 3075 4776 laudibus,
3101 4711 3152 4766 id
3177 4721 3278 4780 est,
3307 4715 3462 4773 laude

1887 4805 2176 4858 creaturas,
2223 4795 2376 4850 laude
2416 4797 2751 4864 nuptiarum,
2784 4798 2933 4853 laude
2984 4799 3148 4870 legis,
3198 4803 3350 4859 laude
3401 4807 3464 4862 li-

1885 4887 1998 4942 beri
2027 4887 2260 4951 arbitrii,
2307 4888 2463 4943 laude
2507 4899 2847 4957 sanetorum,
2893 4893 3042 4962 quasi
3083 4909 3112 4949 a
3141 4895 3462 4954 Manichaeo-

1885 4996 2000 5034 rum
2048 4979 2326 5034 tendiculis
2374 4981 2570 5050 ﬁngere
2607 4998 2666 5038 se
2709 4983 2951 5040 homines
2977 4987 3114 5043 velle
3157 5005 3375 5058 eruere,
3403 5004 3460 5048 ut

1885 5069 2087 5138 possint
2113 5085 2205 5122 cos
2231 5070 2338 5123 suis
2367 5072 2566 5126 retibus
2594 5066 2868 5141 implicare
2897 5093 2908 5127 :
2945 5075 2994 5130 id
3041 5087 3151 5145 est,
3180 5093 3235 5134 ut
3262 5092 3460 5152 negent

1885 5162 2140 5230 originale
2171 5169 2474 5229 peccatum,
2509 5171 2562 5217 et
2589 5166 2816 5232 parvulis
2842 5167 3109 5226 invideant
3132 5171 3325 5228 Christi
3355 5190 3461 5228 me-

1883 5252 1984 5307 dici
2015 5251 2300 5315 auxilium;
2348 5261 2403 5307 et
2446 5262 2500 5307 ut
2545 5254 2751 5321 dicant,
2784 5259 3000 5325 gratiam
3037 5260 3129 5315 Dei
3167 5263 3456 5317 secundum

1883 5344 2068 5397 merita
2102 5347 2278 5396 nostra
2308 5341 2450 5409 dari,
2479 5359 2539 5398 ac
2571 5345 2647 5400 sic
2685 5348 2850 5415 gratia
2888 5349 2996 5417 jam
3044 5367 3148 5405 non
3195 5353 3259 5406 sit
3288 5355 3455 5423 gratia

1947 5499 1960 5528 ι
1986 5497 2189 5545 Vaticani
2213 5502 2338 5560 Mss,
2364 5500 2542 5560 (ftamet
2571 5496 2636 5560 ad
2687 5497 2935 5549 Dominum
2953 5534 2968 5560 ,
2997 5497 3186 5550 Dimitte
3214 5503 3346 5555 nobis
3369 5504 3454 5556 dc-

1883 5557 1980 5606 bita
2003 5564 2177 5606 nostra.
2205 5556 2291 5617 Qui
2314 5556 2508 5619 quidem
2531 5559 2690 5610 etiam.

1944 5621 1966 5697 ζ
1997 5621 2192 5697 δίεξξιεε.
2222 5627 2276 5697 ει
2298 5619 2443 5697 editi,
2470 5621 2706 5697 perfecta.
2955 5696 2959 5697 ν
3005 5695 3012 5697 Α
3075 5683 3086 5694 ,
3248 5685 3259 5695 ,

1947 5681 1966 5711 ³
2001 5681 2135 5736 Editi,
2170 5679 2255 5729 sed
2298 5678 2437 5747 plane
2473 5678 2612 5729 ruam
2635 5679 2963 5747 saturitatem;
2995 5683 3199 5744 eruisse,
3231 5685 3454 5747 jactatio.

1883 5743 2156 5792 Resttttiitur
2175 5741 2310 5810 locus
2331 5742 2386 5810 ad
2417 5744 2778 5810 manuscriptos.
2805 5801 2815 5810 _
2875 5801 2884 5810 .

1948 5806 1968 5833 ’δ
2001 5805 2071 5851 sic
2093 5810 2197 5853 Mss.
2232 5803 2350 5852 mliti
2374 5815 2508 5860 vero,
2533 5802 2926 5852 inridiogsissintis.
