4038 6482
483 413 588 470 6'23

483 529 656 601 (Rom.
673 542 745 591 xv,
764 525 841 595 6);
861 533 910 578 ct
924 531 977 577 ιιι
993 520 1170 577 (Ιίςεηῖ
1188 530 1400 576 sanctos
1422 520 1474 573 in
1493 519 1593 575 hac
1608 519 1710 573 vita
1729 531 1833 572 non
1855 516 2063 571 habuis-

481 637 540 676 se
560 628 853 689 peccatum,
877 630 938 669 ac
953 615 1030 669 sic
1049 623 1333 668 cvacuetur
1351 611 1521 666 oratio
1539 611 1555 641 ¹
1572 624 1727 679 quam
1745 608 1942 663 sanctis
1966 616 2064 660 tra-

481 710 716 779 diditqui
739 723 842 761 non
885 705 1109 760 habebat
1142 713 1436 773 peceatum,
1471 709 1528 756 et
1568 715 1663 768 per
1682 715 1838 769 quem
1866 697 2062 752 sanctis

482 800 756 856 orantibus
774 796 1052 851 dimittitur
1073 809 1229 848 omne
1246 802 1537 862 peccatum.
1559 789 1636 843 Ad
1664 789 1777 843 hmc
1800 788 1899 841 tria
1927 785 2062 840 mala

485 890 727 945 homines
749 888 987 942 incautos
1009 894 1060 940 et
1080 884 1372 938 ineruditos
1399 882 1630 952 quinque
1656 879 1865 932 illorum
1893 877 2063 930 bono-

482 995 602 1034 rum
633 977 964 1032 fraudulenta
994 975 1147 1030 laude
1173 974 1449 1028 seducunt.
1482 972 1556 1026 De
1587 970 1776 1040 quibus
1813 968 2064 1022 omnibus

483 1072 611 1125 satis
642 1085 726 1124 me
751 1068 996 1123 existimo
1021 1065 1359 1134 respondisse
1381 1077 1564 1117 eorum
1591 1060 1971 1115 crudelissimae
2011 1067 2066 1114 et

485 1162 810 1232 impiissimae
840 1168 893 1214 et
920 1158 1310 1229 superbissimae
1336 1154 1574 1209 vanitati.

555 1251 782 1308 CAPUT
830 1250 964 1306 V’lll.
996 1279 1067 1290 -—
1092 1249 1182 1303 20.
1217 1247 1522 1302 Testimonia
1563 1254 1781 1298 ueterum
1827 1243 2066 1297 adversus

488 1344 812 1416 Pelagianos.
828 1343 930 1398 Sed
951 1341 1197 1412 quoniam
1219 1340 1418 1404 dicunt,
1450 1356 1469 1390 ι
1501 1336 1747 1390 Inimicos
1774 1350 1900 1390 suos
1923 1334 2064 1389 dicta

488 1446 670 1490 neStra
696 1434 749 1489 in
778 1433 1010 1487 veritatis
1039 1430 1216 1486 odium
1243 1429 1540 1498 suscepisse
1559 1467 1575 1493 ,
1617 1437 1671 1481 et
1706 1435 1816 1480 toto
1860 1426 2068 1495 penitus

488 1523 777 1580 Occidente
807 1538 911 1577 non
939 1523 1113 1575 minus
1143 1520 1358 1591 stultum
1399 1534 1560 1588 quam
1609 1518 1828 1586 impium
1875 1516 2066 1586 dogma

489 1627 609 1668 esse
636 1621 960 1680 susceptum,
984 1619 1038 1666 et
1065 1608 1394 1681 simplicibus
1418 1608 1681 1678 episcopis
1710 1609 1826 1671 sine
1849 1621 2071 1675 congre.

488 1702 701 1773 gatione
727 1701 913 1773 synodi
943 1700 994 1754 in
1028 1700 1157 1755 locis
1184 1699 1295 1753 suis
1322 1698 1627 1753 sedentibus
1647 1697 1712 1751 ad
1735 1695 1835 1751 hoc
1863 1695 2068 1751 confir-

492 1793 742 1848 mandum
777 1791 1218 1858 subscriptionem
1241 1798 1535 1860 queruntur
1565 1797 1859 1853 extortam;
1895 1806 1914 1839 ι
1947 1802 2069 1842 cum

493 1885 667 1954 potius
693 1899 876 1939 eorum
895 1880 1142 1952 profanas
1168 1895 1355 1934 vocum
1382 1881 1638 1934 novitates
1665 1879 1704 1948 (l
1726 1879 1859 1932 Tim.
1886 1893 1955 1944 vi,
1973 1875 2067 1950 20)

493 1972 730 2027 Ecclesia
755 1969 947 2025 Christi
965 1980 1020 2025 et
1044 1968 1383 2024 occidentalis
1404 1978 1457 2023 et
1475 1968 1748 2045 orientalis
1772 1967 2066 2021 horruerit:

492 2063 561 2118 ad
583 2078 761 2119 curam
779 2072 1014 2118 nostram
1032 2061 1278 2117 existimo
1306 2060 1588 2128 pertinere,
1613 2074 1716 2113 non
1742 2059 1909 2112 solum
1931 2058 2071 2113 Scri-

493 2166 678 2225 pturas
696 2163 906 2210 sanctas
920 2153 1200 2208 canonicas
1219 2152 1474 2206 adversus
1498 2164 1592 2206 eos
1613 2158 1773 2205 testes
1794 2149 2067 2214 adhibere,

493 2247 638 2316 quod
673 2246 782 2316 jam
812 2244 941 2300 satis
977 2243 1233 2308 fecimus;
1263 2257 1445 2296 verum
1478 2241 1641 2296 etiam
1670 2240 1737 2296 de
1764 2247 2070 2294 sanctorum

495 2338 720 2402 litteris,
745 2336 832 2406 qui
860 2350 952 2390 eas
976 2343 1099 2389 ante
1126 2349 1223 2389 nos
1250 2332 1385 2387 fama
1409 2332 1758 2387 celeberrima
1789 2340 1843 2386 et
1873 2331 2071 2401 ingenti

493 2430 660 2501 gloria
684 2435 1072 2490 tractaverunt,
1102 2427 1275 2495 aliqua
1305 2424 1622 2479 documenta
1652 2422 1889 2492 proferre
1917 2440 1929 2476 :
1961 2437 2067 2477 non

495 2535 601 2591 quo
627 2519 895 2576 canonicis
922 2517 1093 2572 Libris
1118 2531 1146 2569 a
1176 2515 1327 2570 nobis
1349 2515 1508 2569 ullius
1533 2514 1875 2583 disputatoris
1895 2529 2073 2583 aeque-

499 2623 583 2667 tur
607 2610 894 2666 auctoritas
914 2649 930 2673 ,
957 2618 1205 2678 tanquam
1237 2608 1455 2661 omnino
1483 2621 1587 2660 non
1616 2607 1686 2660 sit
1711 2607 1852 2676 quod
1882 2607 2073 2662 melius

495 2717 592 2758 seu
617 2701 792 2756 verius
815 2700 882 2756 ab
907 2699 1086 2769 aliquo
1113 2698 1404 2762 catholico,
1449 2713 1607 2767 quam
1637 2697 1704 2752 ab
1744 2697 1850 2751 alio
1893 2697 2071 2751 itidem

495 2792 758 2846 catholico
786 2791 1079 2855 sentiatur;
1107 2788 1202 2844 sed
1245 2797 1301 2841 ut
1326 2787 1734 2850 admoneamur,
1765 2787 1856 2857 qui
1891 2795 2076 2856 putant

496 2883 628 2938 istos
656 2881 851 2951 aliquid
875 2879 1071 2946 dicere,
1099 2877 1544 2947 quemadmodum
1577 2877 1750 2932 dehis
1770 2879 1931 2932 rebus
1949 2886 2072 2933 ante

497 2987 634 3027 nova
678 2972 900 3025 istorum
927 2969 1224 3038 vaniloquia
1245 3009 1258 3033 ,
1289 2967 1531 3022 catholici
1577 2967 1840 3023 antistites
1868 2968 2074 3039 eloquia

499 3064 673 3119 divina
704 3063 873 3117 secuti
904 3061 1038 3126 sint;
1072 3069 1127 3115 et
1151 3063 1322 3115 sciant
1358 3076 1387 3114 a
1415 3061 1568 3116 nobis
1598 3070 1798 3115 rectam
1839 3070 1894 3116 et
1931 3064 2076 3117 anti-

497 3156 676 3226 quitus
705 3153 972 3208 fundatam
999 3151 1311 3207 catholicam
1338 3151 1494 3206 fidem
1529 3151 1786 3206 adversus
1812 3152 2073 3208 receden-

500 3254 608 3299 tem
637 3243 1037 3312 Pelagianorum
1066 3241 1436 3296 hmreticorum
1467 3240 1932 3311 praesumptionem
1952 3256 2076 3312 per-

503 3334 802 3404 niciemque
823 3331 1064 3388 defendi.

567 3427 658 3480 21.
691 3425 1060 3480 Beatissimum
1079 3465 1094 3490 ,
1126 3439 1322 3479 corona
1350 3424 1507 3480 etiam
1535 3425 1773 3495 martyrii
1804 3423 2076 3494 gloriosis-

496 3517 691 3576 simum
708 3516 1054 3588 Cyprianum,
1075 3531 1173 3570 nec
1191 3515 1462 3580 Africanis
1482 3525 1639 3584 atque
1661 3516 2078 3574 occidentalibus

501 3620 723 3674 tantum,
756 3625 936 3664 verum
964 3617 1018 3663 et
1042 3607 1391 3662 orientalibus
1412 3607 1683 3672 Ecclesiis,
1713 3606 1850 3661 fama
1881 3609 2078 3676 praedi-

501 3711 657 3756 cante
683 3711 738 3756 et
765 3701 959 3770 scripta
987 3700 1103 3769 ejus
1132 3698 1287 3768 longe
1315 3699 1533 3768 lateque
1553 3698 1878 3755 diffundente
1907 3701 2078 3755 notis-

503 3793 715 3858 simum,
739 3792 896 3846 etiam
921 3792 1033 3861 ipse
1054 3789 1432 3844 hmresiarches
1453 3791 1672 3844 istorum
1694 3791 1938 3862 Pelagius
1958 3807 2080 3847 cum

504 3885 686 3940 debito
705 3891 852 3939 certe
882 3883 1084 3938 honore
1105 3889 1507 3948 commemorat,
1537 3882 1625 3936 ubi
1653 3883 2076 3939 testimoniorum

508 3973 703 4028 librum
735 3973 972 4027 scribens
996 4012 1010 4038 ,
1040 3987 1163 4028 eum
1200 3987 1261 4026 se
1297 3974 1486 4027 asserit
1515 3972 1739 4037 imitari,
1777 3992 1796 4024 ί
1832 3974 1932 4029 hoc
1959 3991 2017 4029 se
2054 3993 2073 4028 ι

507 4064 689 4118 dicens
720 4082 739 4116 ι
773 4063 945 4118 facere
974 4063 1041 4117 ad
1079 4063 1409 4125 Romanum,
1456 4062 1594 4131 quod
1641 4063 1729 4118 ille
1775 4063 1970 4118 fecerat
2013 4064 2080 4120 ad

505 4153 803 4222 Quirinum.
835 4171 853 4204 ›
880 4151 1162 4208 Videamus
1181 4165 1308 4219 ergo
1334 4150 1456 4220 quid
1477 4151 1544 4206 de
1567 4152 1805 4221 originali
1839 4163 2078 4224 peccato,

506 4243 644 4313 quod
679 4258 771 4312 per
797 4258 956 4315 unum
987 4241 1254 4296 hominem
1288 4242 1503 4295 intravit
1530 4243 1580 4295 in
1613 4244 1870 4297 mundum
1897 4244 2074 4315 (Rom.

506 4347 562 4398 ν,
593 4333 718 4403 12),
762 4333 986 4387 senserit
1014 4332 1329 4402 Cyprianus.
1368 4331 1424 4386 In
1464 4333 1686 4401 epistola
1726 4334 1792 4390 de
1818 4335 1989 4405 Opere
2027 4345 2082 4392 ct

508 4421 876 4493 Eleemosynis
903 4421 972 4476 ita
1002 4422 1268 4490 loquitur:
1302 4440 1320 4473 ι
1350 4421 1481 4476 Cum
1510 4422 1765 4478 Dominus
1792 4425 2082 4482 adveniens

508 4525 750 4569 sanasset
778 4514 865 4568 illa
893 4529 1008 4583 quas
1036 4513 1201 4567 Adam
1230 4522 1528 4582 portaverat
1553 4515 1789 4580 vulnera,
1809 4526 1862 4571 et
1882 4533 2082 4574 venena

509 4605 774 4673 serpentis
793 4605 1006 4674 antiqua
1022 4605 1042 4636 ²
1065 4613 1323 4670 curasset,
1346 4605 1516 4674 legem
1539 4605 1682 4660 dedit
1700 4621 1850 4672 sano,
1870 4618 1923 4662 et
1944 4623 2082 4678 pra:-

511 4695 654 4764 ccpit
681 4709 747 4750 ne
777 4695 916 4750 ultra
937 4695 1046 4764 jam
1075 4703 1338 4765 peccaret,
1370 4710 1436 4750 ne
1455 4694 1581 4764 quid
1608 4698 1848 4766 peccanti
1870 4699 2086 4767 gravius

514 4786 752 4841 eveniret
775 4805 792 4836 ι
826 4785 1001 4857 (Joan.
1023 4803 1076 4851 v,
1101 4786 1212 4855 14).
1245 4804 1263 4837 ‹
1289 4787 1548 4840 Coarctati
1571 4803 1802 4854 eramus,
1831 4800 1884 4844 et
1909 4791 1958 4845 in
1986 4807 2084 4846 an-

513 4886 728 4947 gustum
749 4877 1065 4940 innocentiae
1087 4878 1481 4946 praescriptione
1499 4880 1728 4933 conclusi
1757 4897 1770 4934 :
1794 4897 1892 4935 nec
1922 4882 2086 4938 habe-

515 4967 631 5022 ret‘
648 4966 770 5035 quid
789 4967 1086 5036 fragilitatis
1103 4967 1345 5020 humana:
1373 4968 1647 5022 infirmitas
1668 4979 1824 5038 atque
1845 4972 2082 5028 lllleCll-

513 5060 635 5114 litas
664 5058 893 5124 faceret,
939 5059 1036 5112 nisi
1068 5060 1257 5113 iterum
1286 5059 1456 5130 pietas
1496 5059 1671 5114 divina
1721 5063 2042 5120 subveniens
2064 5107 2080 5133 ,

511 5149 728 5220 iustitia:
775 5157 831 5204 et
878 5147 1256 5203 misericordiae
1313 5150 1562 5218 operibus
1616 5153 1886 5219 ostensis,
1941 5155 2080 5212 viam

515 5238 792 5310 quamdam
827 5237 1032 5292 tuenda:
1057 5238 1240 5293 salutis
1264 5239 1528 5309 aperiret;
1558 5248 1614 5294 ut
1633 5242 1818 5298 sordes
1845 5253 2085 5312 postmo-

515 5330 636 5385 dum
667 5345 1023 5400 quascumque
1043 5331 1422 5391 contrahimus.
1441 5331 1790 5401 electnosynis
1809 5335 2086 5394 abluamus

517 5421 664 5488 (Luc.
699 5437 752 5475 xi
781 5461 794 5485 ,
841 5418 954 5490 41).
1001 5419 1113 5475 lloc
1139 5421 1437 5475 testimonio
1471 5420 1601 5476 duas
1632 5422 1851 5478 istorum
1881 5425 2085 5483 falsita-

579 5596 592 5626 ι
630 5593 789 5642 Gallic.
825 5602 949 5651 Mss,
971 5605 1059 5642 nec
1075 5592 1136 5641 sit
1158 5591 1426 5641 necessaria
1455 5591 1622 5642 oratio.

574 5657 595 5686 ι
628 5658 699 5704 sic
736 5666 833 5702 Αιιι.
875 5661 949 5701 Er.
976 5661 1027 5702 et
1051 5662 1152 5702 Mss.
1175 5652 1394 5712 Callicani
1436 5666 1494 5702 ac
1534 5653 1756 5702 \aticanl.
1798 5662 1852 5706 Αι
1895 5664 2003 5708 Lov.
2032 5668 2084 5712 et

510 5727 632 5764 nova
656 5713 800 5765 cirum
821 5715 1050 5777 Cypriani,
1085 5711 1282 5777 antiqui.

579 5779 596 5807 ³
632 5777 762 5839 Apud
784 5773 932 5826 I’rf‘et
955 5783 1083 5838 l.ov.,
1106 5773 1321 5825 habebat.
1351 5781 1398 5823 tu
1423 5775 1556 5825 libris
1578 5773 1698 5838 aliis,
1725 5775 1932 5831 haberet.

1100 407 1368 463 CONTRA
1411 401 1588 461 DUAS
1627 396 1996 458 EPISTOLAS
2035 396 2592 464 PELAGIANORUM,
2632 397 2692 455 S.
2734 396 3100 456 AUGUSTINI

3630 399 3743 456 628

2167 523 2247 570 tes
2291 517 2439 570 testis
2486 515 2584 570 iste
2627 515 2933 587 redarguit‘
2969 532 3206 586 :unam,
3234 531 3337 587 qua
3380 515 3562 570 dicunt
3602 510 3744 570 nihil

2166 604 2413 659 vitiorum
2437 620 2501 660 ex
2529 604 2696 659 Adam
2726 605 2934 662 trahere
2961 621 3128 677 genus
3157 606 3468 672 humanum,
3497 607 3638 678 quod
3666 612 3745 664 sit

2166 696 2454 752 curandum
2483 697 2880 767 sanandumque
2909 713 3003 768 per
3025 697 3332 763 Christum;
3362 697 3605 763 alteram,
3635 711 3748 768 qua

2166 785 2349 840 dicunt
2371 785 2571 840 nullum
2602 793 2722 856 post
2745 785 3070 854 Baptismum
3098 794 3310 842 sanctos
3329 786 3526 842 habere
3552 796 3750 857 peccas

2168 883 2301 930 tum.
2330 875 2557 930 Rursum
2585 876 2636 930 in
2666 875 2853 931 eadem
2889 877 3112 948 epistola
3137 892 3152 932 :
3183 896 3204 930 ι
3230 877 3436 944 Ponat,
3479 897 3498 930 ι
3533 879 3747 950 inquit,

2174 984 2193 1018 ι
2223 966 2582 1036 unusquisque
2623 974 2747 1021 ante
2780 965 2964 1021 oculos
3004 980 3130 1022 suos
3175 967 3446 1022 diabolum
3476 983 3597 1024 cum
3629 971 3752 1027 suis

2168 1056 2353 1122 servis,
2378 1055 2430 1110 id
2459 1064 2540 1111 est
2563 1070 2681 1110 cum
2724 1055 2922 1126 populo
2967 1055 3280 1125 perditionis
3326 1071 3389 1112 ac
3428 1061 3616 1114 mortis
3639 1101 3653 1126 ,
3689 1060 3750 1114 in

2168 1147 2398 1202 medium
2430 1149 2692 1218 prosilire,
2723 1151 2932 1218 piebem
2955 1151 2976 1182 ²
3005 1149 3198 1205 Christi
3227 1159 3490 1220 praesente
3514 1166 3576 1206 ae
3599 1152 3753 1222 judi-

2169 1245 2323 1293 cante
2353 1239 2468 1308 ipso
2497 1241 2908 1310 comparationis
2937 1241 3182 1296 examine
3225 1255 3519 1310 provocare
3556 1243 3752 1298 dicen-

2172 1338 2306 1392 tem,
2339 1329 2449 1398 Ego
2489 1343 2586 1398 pro
2625 1330 2741 1384 istis
2769 1346 2903 1400 quos
2943 1346 3150 1388 mecum
3195 1328 3342 1388 vides
3365 1375 3379 1398 ,
3424 1346 3524 1389 nec
3567 1334 3756 1406 alapas

2171 1418 2366 1489 accepi,
2399 1434 2497 1473 nec
2526 1418 2729 1489 flagella
2759 1421 3006 1488 sustinui,
3041 1436 3140 1477 nec
3163 1437 3375 1478 crucem
3405 1425 3616 1492 pertuli,
3646 1440 3754 1481 nec

2171 1509 2480 1578 sanguinem
2512 1508 2652 1576 fudi,
2683 1525 2782 1564 nec
2810 1510 3062 1565 familiam
3089 1526 3262 1566 meam
3290 1513 3460 1581 pretio
3485 1515 3758 1584 passionis

2171 1609 2226 1656 et
2253 1590 2455 1656 erueris
2480 1600 2712 1664 redemi;
2745 1601 2839 1656 sed
2875 1616 2972 1656 nec
2998 1617 3217 1672 regnum
3253 1601 3330 1657 illi
3359 1603 3576 1660 caeleste
3623 1620 3757 1676 pro-

2173 1694 2345 1762 mitto,
2366 1707 2464 1748 nec
2479 1693 2544 1748 ad
2564 1693 2863 1763 paradisum
2881 1693 3128 1749 restituta
3153 1694 3551 1751 immortalitate
3571 1696 3757 1754 denuo

2171 1799 2385 1840 revoco.
2410 1804 2429 1837 ι
2454 1784 2828 1855 Respondeant
2851 1785 3145 1855 Pelagiani,
3173 1785 3386 1856 quando
3413 1786 3668 1844 fuerimus
3698 1789 3757 1845 in

2174 1875 2567 1929 immortalitate
2614 1875 2876 1944 paradisi,
2919 1884 2972 1929 et
3015 1875 3290 1945 quomodo
3332 1877 3454 1932 inde
3494 1877 3758 1934 fuerimus

2173 1965 2376 2032 expulsi
2397 2006 2412 2030 ,
2442 1974 2500 2019 ut
2528 1980 2593 2020 eo
2626 1964 2821 2020 Christi
2852 1966 3020 2035 gratia
3049 1981 3377 2023 revocemur.
3406 1969 3475 2023 Et
3508 1984 3634 2025 cum
3663 1972 3751 2025 in.

2174 2054 2355 2108 venire
2372 2054 2702 2123 nequiverint
2717 2055 2841 2125 quid
2858 2055 2942 2109 hic
2957 2071 3050 2124 pro
3066 2071 3158 2110 sua
3177 2059 3516 2125 perversitate
3530 2072 3760 2131 respon-

2174 2141 2361 2208 deant,
2388 2143 2662 2198 altendant
2696 2144 3140 2214 quemadmodum
3169 2146 3487 2204 intellexerit
3523 2150 3757 2221 Cypria-

2173 2246 2273 2286 nus
2315 2231 2454 2302 quod
2493 2234 2564 2288 ait
2603 2233 2921 2302 Apostolus,
2966 2233 3034 2289 In
3077 2253 3175 2308 quo
3215 2253 3385 2292 omnes
3426 2249 3760 2311 peccaverunt

2179 2321 2352 2392 (Rom.
2377 2323 2536 2394 v,12)
2567 2342 2580 2378 :
2604 2333 2656 2378 et
2682 2325 2945 2394 Pelagiani
2966 2326 3200 2382 hmretici
3224 2331 3345 2385 novi
3363 2331 3428 2386 de
3445 2331 3761 2390 Manichmis

2174 2412 2440 2466 veteribus
2471 2412 2731 2468 haereticis
2771 2415 2903 2469 nulli
2949 2416 3211 2474 catholico
3254 2420 3476 2476 audeant
3512 2423 3762 2494 irrogare

2174 2503 2512 2571 calumniam,
2539 2519 2606 2559 ne
2635 2513 2737 2559 tam
2768 2505 3079 2561 sceleratam
3102 2509 3260 2564 etiam
3288 2513 3502 2582 martyri
3529 2516 3761 2586 antiquo

2175 2593 2436 2666 Cypriano
2463 2593 2638 2651 facere
2658 2597 3037 2651 convincantur
3063 2598 3331 2668 injuriam.

2244 2684 2332 2737 22.
2367 2685 2476 2740 Hoc
2513 2687 2654 2741 enim
2682 2695 2736 2742 et
2777 2687 2830 2741 in
2857 2689 3076 2758 epistola
3097 2731 3111 2753 ,
3156 2691 3307 2761 cujus
3335 2691 3401 2748 de
3438 2693 3760 2752 lllortalitate

2177 2777 2358 2832 titulus
2387 2778 2709 2846 inscribitur,
2750 2780 2821 2834 ita
2859 2780 3024 2836 dicit:
3055 2799 3075 2833 ι
3106 2781 3346 2853 Regnum
3387 2784 3518 2852 Dei,
3561 2786 3758 2843 fratres

2176 2868 2536 2935 dilectissimi,
2566 2886 2685 2927 esse
2713 2873 2874 2942 coepit
2901 2873 2956 2928 in
2984 2875 3255 2944 proximo,
3295 2877 3568 2945 przemium
3598 2881 3757 2949 vitae,

2177 2967 2233 3013 et
2250 2959 2497 3028 gaudium
2522 2961 2708 3016 salutis
2727 2971 2962 3028 arternze,
2987 2970 3041 3018 et
3061 2973 3310 3034 perpetua
3330 2966 3531 3033 laetitia,
3556 2979 3608 3024 et
3630 2984 3762 3041 pos-

2178 3048 2346 3102 sessio
2377 3048 2602 3118 paradisi
2633 3066 2800 3121 nuper
2818 3052 3011 3107 amissa
3032 3095 3047 3120 ,
3080 3054 3276 3109 mundo
3307 3064 3618 3114 transeunte
3642 3059 3757 3128 jam

2180 3139 2417 3194 veniunt.
2449 3159 2467 3193 ι
2495 3141 2605 3197 Hoc
2643 3157 2827 3198 rursus
2871 3145 2921 3199 in
2960 3146 3145 3200 eadem
3172 3162 3188 3202 :
3220 3163 3241 3200 ι
3275 3149 3690 3219 Amplectamur,
3732 3169 3755 3206 ι

2181 3227 2372 3299 inquit,
2399 3247 2419 3280 ε
2447 3230 2586 3285 diem
2617 3231 2705 3300 qui
2725 3233 2958 3303 assignat
2977 3235 3212 3305 singulos
3233 3236 3501 3294 domicilio
3522 3254 3638 3306 suo,
3662 3242 3760 3311 qui

2180 3333 2279 3374 nos
2307 3318 2498 3374 istbinc
2538 3329 2751 3391 ereptos
2788 3330 2840 3377 et
2883 3323 3084 3394 laqueis
3112 3328 3450 3383 saecularibus
3488 3331 3761 3388 exsoletos

2180 3409 2422 3478 paradiso
2449 3410 2689 3466 restituat
2713 3420 2766 3467 et
2793 3428 2976 3484 regno.
3011 3433 3030 3466 ι
3064 3414 3193 3470 Item
3222 3418 3274 3471 in
3301 3419 3524 3487 epistola
3551 3419 3617 3475 de
3645 3420 3756 3475 Pa.

2181 3500 2361 3555 tientia
2387 3518 2400 3554 :
2429 3518 2448 3552 ε
2484 3501 2576 3556 Dei
2601 3503 2860 3558 sententia
2888 3505 3168 3574 cogitetur,
3201 3526 3219 3559 ι
3251 3508 3436 3578 inquit,
3466 3527 3486 3561 ι
3517 3525 3674 3580 quam
3703 3511 3760 3566 in

2181 3589 2382 3659 origine
2409 3591 2584 3644 statim
2611 3592 2793 3647 mundi
2814 3602 2867 3648 et
2886 3596 3096 3664 generis
3121 3596 3332 3652 humani
3355 3599 3522 3653 Adam
3553 3615 3763 3669 przece~

2182 3681 2255 3750 pti
2284 3683 2560 3736 immemor
2587 3691 2640 3738 et
2661 3683 2796 3738 data:
2823 3685 2952 3756 legis
2971 3695 3328 3757 transgressor
3353 3694 3558 3759 accepit
3585 3709 3599 3745 :
3627 3701 3760 3748 tunc

2182 3772 2409 3827 sciemus
2424 3788 2581 3842 quam
2606 3774 2865 3844 patientes
2883 3790 3002 3830 esse
3028 3777 3077 3830 in
3102 3777 3202 3831 isto
3223 3779 3419 3834 saeculo
3439 3779 3759 3847 debeamus,

2183 3864 2268 3933 qui
2297 3863 2375 3918 sic
2405 3865 2689 3931 nascimur,
2717 3874 2773 3920 ut
2796 3869 3054 3936 pressuris
3080 3869 3236 3925 isthic
3261 3879 3316 3926 et
3342 3873 3762 3929 conﬂictationi-

2183 3953 2280 4008 bus
2323 3954 2642 4009 laboremus.
2688 3956 2818 4022 Quia
2858 3959 3064 4024 audisti,
3095 3959 3282 4030 inquit,
3327 3977 3491 4016 vocem
3535 3965 3765 4018 mulieris

2185 4052 2300 4110 tum,
2327 4054 2371 4097 et
2400 4047 2712 4099 manducaui
2739 4063 2801 4100 ea:
2823 4047 2912 4100 illa
2939 4048 3132 4114 arbore,
3161 4051 3224 4105 de
3242 4067 3340 4121 qua
3363 4055 3472 4105 sola
3499 4069 3762 4124 prorupe-

2183 4149 2293 4186 ram
2319 4133 2405 4186 tibi
2434 4151 2494 4188 ne
2521 4134 2872 4202 manducares,
2901 4138 3166 4192 maledicta
3185 4149 3317 4192 terra
3337 4141 3428 4196 erit
3448 4143 3499 4195 in
3521 4145 3758 4199 omnibus

2185 4223 2412 4292 aperibus
2441 4225 2558 4278 tuis.
2591 4223 2655 4278 In
2682 4225 2882 4279 tristitia
2913 4237 2961 4280 et
3002 4229 3187 4298 gemitu
3219 4230 3332 4284 edes
3357 4247 3418 4285 επ
3444 4247 3502 4285 ea
3528 4234 3765 4288 omnibus

2185 4313 2355 4369 diebus
2377 4315 2490 4368 vita:
2517 4324 2614 4368 tum
2637 4331 2654 4368 :
2681 4316 2854 4383 spinas
2893 4326 2938 4370 et
2981 4319 3188 4373 tribulos
3227 4321 3391 4390 ejiciet
3418 4321 3541 4388 tibi;
3569 4331 3616 4376 et
3646 4325 3767 4379 edes

2187 4404 2424 4472 pabulum
2447 4406 2575 4475 agri.
2607 4403 2670 4459 In
2709 4407 2891 4462 sudore
2925 4409 3088 4462 vultus
3119 4410 3190 4463 tui
3227 4411 3340 4466 edes
3377 4429 3557 4482 panem
3595 4423 3765 4481 tuum,

2186 4494 2342 4547 donec
2382 4497 2641 4551 revertaris
2676 4498 2728 4552 in
2773 4508 2956 4554 terram
2991 4499 3054 4553 de
3095 4518 3194 4571 qua
3233 4514 3460 4574 sumptus
3499 4522 3552 4559 es
3583 4521 3605 4560 :
3632 4523 3770 4576 ᾳιιοο-

2186 4587 2322 4638 niam
2348 4596 2480 4640 terra
2504 4606 2575 4656 es,
2601 4599 2648 4642 et
2677 4591 2728 4644 in
2755 4602 2938 4645 terram
2958 4593 3052 4647 ibi:
3077 4593 3228 4664 (Gen.
3256 4611 3331 4658 Ill,
3357 4599 3566 4668 17-19).
3593 4599 3768 4668 Hujus

2187 4678 2461 4732 sententia:
2481 4679 2690 4734 vinculo
2716 4681 2942 4750 colligati
2969 4697 3155 4738 omnes
3178 4695 3232 4738 et
3252 4687 3523 4741 constricti
3547 4703 3762 4755 sumus,

2187 4767 2355 4823 donec.
2379 4779 2550 4824 morte
2578 4782 2836 4839 expuncta
2881 4773 2947 4828 de
2994 4773 3094 4828 isto
3128 4777 3324 4830 szeculo
3364 4779 3702 4835 recedamus.
3737 4799 3759 4834 ι

2189 4859 2421 4930 Itemque
2442 4860 2492 4914 in
2519 4861 2702 4917 cadem
2730 4881 2742 4917 :
2777 4863 2934 4917 iNam
2957 4880 3074 4918 cum
3099 4867 3148 4918 in
3174 4867 3314 4932 illa,i
3344 4868 3530 4939 inquit,
3563 4889 3581 4922 σ
3593 4872 3769 4940 prima

2189 4953 2604 5022 transgressione
2625 4969 2715 5023 pra
2734 4955 2871 5023 cepti
2896 4956 3115 5010 firmitas
3137 4960 3378 5026 corporis
3393 4975 3513 5014 cum
3539 4961 3770 5016 immor-

2189 5042 2388 5096 talitate
2417 5042 2753 5110 discesserit,
2786 5053 2841 5099 et
2867 5061 2987 5099 cum
3015 5057 3190 5104 morte
3214 5048 3496 5105 infirmitas
3522 5051 3767 5118 venerit,

2186 5146 2285 5184 nec
2308 5131 2473 5200 possit
2493 5131 2714 5187 firmitas
2735 5135 2918 5203 recipi,
2951 5135 3049 5189 nisi
3077 5151 3195 5190 cum
3227 5149 3436 5206 recepta
3459 5147 3512 5193 et
3544 5138 3771 5194 immor-

2187 5225 2363 5280 talitas
2392 5224 2582 5290 fuerit;
2606 5236 2816 5296 Oportet
2844 5227 2894 5281 in
2921 5227 3019 5283 hac
3049 5228 3330 5299 fragilitate
3354 5240 3514 5300 atque
3537 5231 3773 5287 infirmi-

2189 5325 2294 5370 tate
2321 5319 2559 5386 corporis
2588 5317 2771 5372 luctari
2797 5333 3007 5386 semper
3027 5327 3082 5374 et
3100 5320 3372 5390 congredi.
3391 5321 3518 5389 Quae
3545 5322 3773 5378 luctatio

2189 5416 2241 5462 et
2265 5407 2574 5476 congressio
2601 5423 2704 5463 non
2731 5407 2833 5462 nisi
2862 5409 3126 5479 patientia:
3166 5418 3343 5480 potest
3373 5411 3574 5467 viribus
3600 5415 3772 5468 susti-

2190 5515 2324 5554 neri.
2357 5516 2376 5552 ι

2258 5589 2352 5644 25.
2383 5589 2438 5643 ln
2467 5591 2691 5660 epistola
2720 5600 2893 5647 autem
2925 5609 3081 5663 quam
3125 5595 3337 5668 scripsit
3363 5595 3428 5652 ad
3455 5596 3778 5669 episcopum

2255 5723 2272 5790 ξ
2306 5720 2528 5790 Gallicani
2559 5729 2694 5790 Mss,
2714 5726 3017 5790 oppuguarit.

2255 5787 2278 5816 ί
2307 5784 2452 5833 fidem
2484 5790 2610 5846 uss,
2643 5784 2794 5847 plebe.
