4038 6540
246 447 340 507 625

250 563 464 629 Fidum,
496 575 623 616 cum
667 558 940 631 sexaginta
985 574 1076 616 ses
1120 558 1450 630 coepiscOpis
1488 557 1632 622 suis,
1663 572 1693 610 a
1723 569 1829 626 quo

254 653 420 710 fuerat
439 652 723 706 consultus
744 660 964 722 propter
985 649 1404 706 circnmcisionis
1430 647 1624 718 legem,
1653 655 1832 702 utrum

248 753 366 800 ante
406 752 662 800 octavum
687 741 830 796 diem
860 740 1114 811 baptizari
1153 739 1340 794 liceret
1385 739 1672 804 infantem,
1721 736 1836 790 haec

250 850 401 892 causa
422 833 503 890 sic
524 833 718 904 agitur,
740 841 990 902 tanquam
1015 829 1318 900 provisione
1343 827 1522 884 divina
1549 836 1654 882 tam
1679 827 1836 895 longe

252 925 454 982 futuros
484 924 777 980 bmreticos
804 921 1116 992 Pelagianos
1131 921 1240 992 jam
1261 920 1516 976 catholica
1539 915 1840 974 confutaret

251 1017 512 1076 Ecclesia.
543 1015 730 1085 Neque
753 1014 896 1070 enim
921 1015 1010 1084 qui
1035 1013 1372 1070 consuluerat
1408 1011 1530 1066 inde
1567 1009 1842 1065 dubitabat

258 1119 432 1166 utrum
465 1115 755 1164 nascentes
781 1107 1054 1162 traherent
1079 1105 1338 1176 originale
1366 1111 1636 1174 peccatum
1656 1141 1670 1167 ,
1698 1100 1841 1171 quod

257 1198 588 1256 renascendo
615 1198 880 1254 diluerent
906 1216 920 1254 :
943 1197 1082 1252 absit
1115 1198 1256 1252 enim
1294 1207 1352 1250 ut
1393 1196 1517 1249 hinc
1557 1191 1842 1263 aliquando

258 1291 386 1350 fides
409 1289 702 1347 christiana
726 1289 1046 1345 dubitaverit
1074 1305 1088 1344 :
1112 1287 1204 1342 sed
1228 1287 1315 1342 ille
1336 1285 1632 1349 dubitabat,
1665 1292 1842 1339 utrum

257 1382 679 1454 regenerationis
708 1381 974 1436 lavacrum
997 1422 1012 1448 ,
1044 1394 1150 1450 quo
1191 1393 1295 1433 non
1325 1377 1600 1432 dubitabat
1629 1375 1843 1430 solven-

259 1472 382 1528 dum
398 1470 658 1541 originale
680 1478 972 1540 peccatum,
994 1478 1116 1524 ante
1132 1467 1274 1523 diem
1295 1467 1429 1522 tradi
1451 1467 1670 1522 deberet
1695 1473 1844 1519 octa-

258 1578 402 1617 vum.
424 1562 508 1617 Ad
524 1577 682 1632 quam
699 1562 1140 1617 consultationem
1157 1559 1490 1631 respondens
1508 1559 1846 1614 beatissimus

259 1654 562 1724 Cyprianus
589 1671 604 1708 :
640 1671 659 1705 ι
688 1652 953 1720 Quantum
980 1667 1108 1708 vero
1129 1694 1146 1719 ,
1177 1670 1198 1705 ι
1230 1653 1439 1723 inquit,
1477 1670 1497 1704 ‹
1535 1651 1601 1706 ad
1631 1665 1846 1706 causam

263 1744 522 1799 infantum
556 1742 816 1812 pertinet,
843 1757 978 1812 quos
1015 1741 1228 1807 dixisti,
1261 1742 1400 1797 intra
1443 1741 1734 1797 secundum
1764 1741 1847 1797 vel

265 1834 478 1889 tertium
507 1832 648 1888 diem
670 1848 774 1903 quo
803 1833 911 1887 nati
941 1844 1064 1888 sunt
1087 1834 1103 1865 ¹
1126 1833 1442 1888 constitutos
1466 1832 1719 1902 baptizari
1742 1847 1848 1886 non

265 1935 532 1998 Oportere,
556 1933 610 1981 et
632 1924 1070 1980 considerandam
1092 1939 1214 1981 esse
1235 1924 1406 1995 legem
1431 1923 1852 1979 eireumcisionis

266 2019 496 2089 antiqua:
524 2035 545 2070 ι
577 2015 730 2090 (Gen.
758 2033 899 2084 xvu,
940 2016 1064 2088 12),
1097 2034 1117 2069 ι
1149 2025 1206 2072 ut
1248 2017 1386 2071 intra
1430 2025 1673 2072 octavum
1710 2016 1851 2071 diem

267 2122 386 2163 eum
407 2109 501 2179 qui
531 2118 686 2164 natus
707 2117 790 2164 est
809 2108 1179 2179 baptizandum
1208 2117 1261 2164 et
1281 2108 1715 2163 sanctilicandum
1746 2122 1853 2161 non

269 2209 504 2270 putares,
527 2199 686 2270 longe
706 2199 848 2255 aliud
875 2199 925 2254 in
949 2199 1174 2255 concilio
1199 2209 1382 2255 nostro
1408 2200 1656 2255 omnibus
1684 2199 1853 2252 visum

270 2292 406 2349 est'.
434 2291 494 2346 ln
519 2289 624 2345 hoc
648 2291 788 2347 enim
819 2290 959 2360 quod
988 2289 1210 2362 putabas
1239 2305 1362 2347 esse
1387 2289 1689 2345 faciendum
1709 2330 1726 2358 ,
1757 2304 1854 2343 ne-

271 2397 358 2436 mo
385 2381 660 2438 consensit
687 2401 702 2438 :
731 2382 825 2438 sed
853 2383 1082 2439 universi
1116 2383 1290 2453 potius
1326 2381 1682 2454 judicavimus
1725 2381 1856 2436 nulli

271 2470 547 2528 hominum
569 2481 693 2527 nato
721 2473 1080 2531 misericordis
1107 2473 1203 2530 Dei
1225 2474 1446 2545 gratiam
1470 2473 1854 2545 denegandam.

273 2561 402 2623 Nam
427 2579 553 2618 eum
581 2564 837 2619 Dominus
863 2565 914 2619 in
945 2564 1234 2636 Evangelio
1251 2579 1349 2620 suo
1383 2565 1548 2630 dicat,
1577 2563 1742 2619 Filius
1767 2563 1860 2618 ho-

273 2654 420 2708 minis
463 2669 567 2709 non
605 2655 739 2708 venit
777 2655 972 2708 animas
1001 2655 1229 2726 perdere,
1256 2655 1345 2708 sed
1373 2655 1569 2709 saluere
1589 2654 1608 2725 (
1627 2653 1751 2708 Luc.
1779 2669 1851 2719 tx,

274 2745 365 2816 56)
389 2763 404 2799 :
433 2755 691 2817 quantum
715 2747 767 2802 in
793 2746 945 2802 nobis
965 2755 1067 2812 est,
1089 2746 1137 2802 si
1163 2746 1275 2802 fieri
1299 2755 1493 2817 potest,
1518 2747 1661 2801 nulla
1683 2746 1858 2801 anima

276 2837 544 2907 perdenda
569 2844 672 2893 est.
705 2855 726 2891 ι
757 2838 824 2892 Et
845 2839 1006 2908 paulo
1033 2846 1188 2908 post:
1212 2855 1232 2890 ‹
1260 2837 1370 2892 Nec
1390 2837 1597 2908 aliquis,
1627 2855 1646 2890 ι
1669 2837 1857 2907 inquit,

282 2947 302 2981 ι
331 2938 576 2984 nostrum
610 2928 662 2983 id
689 2929 848 2984 debet
872 2929 1126 2994 horrere,
1154 2929 1295 3000 quod
1328 2929 1583 2985 Dominus
1615 2928 1861 2999 dignatus

276 3028 355 3073 est
383 3018 585 3074 facere.
614 3017 745 3072 Nam
770 3018 871 3073 etsi
896 3018 1071 3074 adhuc
1095 3017 1271 3074 infans
1297 3033 1327 3074 a
1363 3026 1518 3090 partu
1547 3033 1716 3074 novus
1741 3026 1857 3084 est,

277 3127 381 3169 non
407 3113 481 3166 ita
506 3119 591 3166 est
619 3120 817 3178 tamen,
842 3120 899 3165 ut
927 3111 1206 3182 quisquam
1233 3111 1382 3167 illum
1411 3112 1462 3166 in
1488 3110 1656 3181 gratia
1686 3109 1862 3165 danda

278 3215 437 3274 atque
459 3205 511 3258 in
542 3217 671 3274 pace
697 3203 933 3259 facienda
957 3205 1173 3259 horrere
1193 3203 1384 3259 debeat
1408 3203 1639 3259 osculari
1661 3221 1674 3257 :
1696 3217 1865 3274 quau-

279 3294 348 3350 do
375 3296 426 3349 in
457 3295 646 3350 osculo
687 3294 902 3349 infantis
939 3295 1301 3365 unusquisque
1337 3301 1577 3350 nostrum
1621 3309 1719 3364 pro
1767 3309 1864 3350 sua

279 3387 541 3456 religione
572 3387 714 3456 ipsas
743 3385 916 3441 adhuc
942 3394 1188 3441 recentes
1215 3385 1307 3441 Dei
1333 3399 1522 3440 manus
1549 3384 1742 3440 debeat
1766 3399 1862 3441 co-

278 3477 451 3548 gitare
469 3516 486 3541 ,
516 3490 651 3546 quas
675 3476 729 3531 in
761 3475 976 3531 homine
1005 3475 1164 3530 modo
1192 3474 1418 3530 formato
1447 3485 1502 3532 et
1529 3490 1719 3531 recens
1739 3485 1864 3531 nato

279 3567 514 3638 quodam
543 3567 704 3622 modo
731 3567 1121 3634 exosculamur,
1145 3567 1358 3637 quando
1387 3566 1438 3622 id
1463 3566 1603 3637 quod
1628 3567 1768 3623 Deus
1787 3567 1867 3623 fe-

280 3661 358 3714 cit
383 3659 772 3731 amplectimur.
801 3677 821 3712 ι
847 3658 978 3715 Item
1007 3659 1161 3728 paulo
1184 3667 1302 3729 post
1329 3676 1342 3713 :
1375 3678 1394 3711 ε
1418 3659 1679 3714 ϐαδίσει-ηπ]
1707 3659 1751 3714 si
1774 3660 1870 3713 ho-

279 3753 480 3818 mines,
512 3769 530 3803 ι
565 3753 754 3822 inquit,
787 3770 806 3805 ς
839 3751 1099 3823 impedire
1120 3750 1319 3821 aliquid
1340 3751 1406 3805 ad
1435 3751 1866 3806 consecutionem

280 3843 476 3913 gratim
504 3853 684 3913 posset
701 3884 717 3910 ,
750 3844 920 3914 magis
944 3842 1155 3898 adultos
1180 3852 1234 3898 et
1263 3851 1540 3913 provectos
1562 3852 1614 3898 et
1640 3843 1870 3912 majores

281 3945 417 3990 natu
445 3947 662 4005 possent
691 3935 948 4005 impedire
977 3945 1189 4005 peccata
1216 3934 1478 4005 graviora.
1509 3933 1676 3988 Porro
1694 3943 1869 3989 autem

281 4028 332 4081 si
366 4027 530 4081 etiam
559 4027 890 4096 gravissimis
915 4025 1259 4080 delictoribus
1283 4065 1302 4091 ,
1335 4033 1390 4080 et
1425 4025 1477 4080 in
1510 4024 1672 4080 Deum
1704 4025 1873 4079 multo

281 4127 422 4173 ante
451 4118 825 4188 peccantibus,
869 4133 989 4174 eum
1029 4126 1211 4187 postea
1253 4115 1614 4180 crediderint,
1646 4116 1873 4170 remissa

281 4219 629 4282 peccatorum
660 4210 834 4274 datur,
866 4218 920 4264 et
945 4224 975 4263 a
1007 4208 1278 4278 Baptismo
1315 4215 1474 4277 atque
1517 4207 1682 4276 gratia
1717 4221 1876 4262 nemo

281 4299 605 4370 prohibetur
627 4317 642 4354 :
667 4309 864 4370 quanto
886 4299 1053 4370 magis
1073 4298 1340 4368 prohiberi
1365 4313 1470 4352 non
1493 4297 1652 4352 debet
1677 4297 1870 4366 infans,

278 4395 388 4466 qui
422 4407 601 4449 recens
629 4401 786 4448 natus
812 4393 941 4447 nihil
971 4391 1236 4463 peccavit,
1268 4389 1370 4446 nisi
1401 4389 1542 4461 quod
1578 4389 1871 4445 secundum

279 4484 470 4540 Adam
511 4483 794 4539 carnaliter
839 4491 1030 4547 natus,
1071 4481 1372 4553 contagium
1418 4479 1604 4536 mortis
1646 4481 1878 4550 antiqua:

279 4574 473 4646 prima
499 4575 769 4630 nativitate
792 4573 1085 4639 contraxit;
1114 4573 1203 4643 qui
1231 4571 1298 4627 ad
1329 4572 1604 4626 remissam
1635 4580 1878 4644 peccato-

278 4680 423 4722 rum
448 4667 824 4736 accipiendam,
857 4665 959 4721 hoc
986 4666 1102 4735 ipso
1130 4664 1334 4720 facilius
1363 4663 1588 4731 accedit,
1616 4663 1758 4734 quod
1799 4663 1879 4718 illi

276 4757 640 4814 remittuntur
668 4774 774 4813 non
803 4759 1036 4829 pr0pria,
1062 4758 1157 4813 sed
1184 4757 1354 4812 aliena
1387 4759 1640 4827 peccata?
1675 4777 1694 4811 ι

360 4848 465 4903 24.
485 4849 614 4916 Quid
631 4849 696 4905 ad
727 4851 824 4904 ista
850 4850 1040 4904 dicturi
1068 4857 1208 4915 sunt,
1238 4849 1422 4919 gratiae
1449 4848 1545 4904 Dei
1574 4864 1678 4903 non
1707 4849 1880 4904 solum

290 4941 619 4997 desertores
639 4981 656 5008 ,
687 4939 781 4996 sed
806 4940 964 4996 etiam
992 4939 1395 5011 persecutores?
1421 4938 1545 5009 quid
1574 4939 1640 4992 ad
1671 4939 1767 4994 ista
1797 4940 1881 4995 di-

274 5029 445 5086 cturi
474 5031 625 5085 sunt?
648 5031 764 5099 Quo
793 5038 948 5101 pacto
979 5031 1130 5085 nobis
1151 5029 1381 5100 paradisi
1410 5029 1678 5100 possessio
1702 5030 1883 5085 reddi-

277 5134 390 5179 tur
412 5119 437 5175 ἲ
462 5120 735 5188 Quomodo
772 5121 1017 5193 paradiso
1057 5122 1406 5184 restituimur,
1434 5121 1477 5176 si
1511 5135 1780 5191 nunquam
1809 5121 1882 5176 ibi

279 5211 542 5270 fuimus?
565 5213 668 5268 Aut
696 5213 963 5284 quomodo
992 5212 1064 5268 ibi
1093 5212 1305 5276 fuimus,
1341 5211 1442 5266 nisi
1469 5213 1590 5282 quia
1622 5212 1676 5266 in
1711 5211 1878 5266 Adam

277 5305 544 5363 fuimus?
568 5305 634 5361 Et
657 5304 925 5376 quomodo
944 5304 1009 5361 ad
1029 5305 1345 5360 sententiam
1366 5320 1483 5374 quae
1510 5305 1564 5358 in
1593 5313 1884 5374 transgres-

277 5409 492 5452 sorem
517 5395 652 5450 dicta
679 5405 762 5452 est
790 5397 1116 5466 pertinemus
1136 5437 1152 5460 ,
1181 5395 1225 5450 si
1255 5409 1445 5449 noxam
1475 5394 1542 5448 de
1584 5402 1883 5465 transgres-

280 5500 441 5541 sore
460 5501 558 5539 non
577 5485 866 5540 trahimus?
885 5486 1160 5541 Postremo
1179 5483 1557 5556 baptizandos'
1581 5484 1738 5539 etiam
1761 5493 1884 5542 ante

367 5639 388 5668 ί
436 5634 618 5695 Aliquot
641 5649 674 5699 _e_
694 5637 872 5686 nostris
892 5645 1018 5696 ttss.,
1039 5648 1183 5699 quam
1198 5634 1304 5699 _nati
1327 5641 1454 5699 sunt.

363 5700 395 5730 ³
580 5697 806 5766 Gallicani
835 5705 887 5748 ct
908 5693 1146 5758 Vaticani,
1191 5695 1325 5760 longe
1347 5697 1484 5748 altud
1507 5693 1707 5747 concilio
1729 5703 1888 5746 nostro

287 5764 448 5810 anim
470 5764 619 5808 etsunt
639 5764 726 5808 est.

368 5819 572 5931 aptati,
603 5825 844 5872 Postrema
872 5819 914 5874 si
959 5817 1282 5887 baptizandos.
1329 5819 1502 5880 Abest,
1544 5818 1613 5884 si,
1659 5832 1687 5869 a
1719 5831 1888 5870 mauu-

281 5893 440 5941 scrip

1607 439 1807 496 LIBER
1831 437 2158 507 QUARTUS

3413 439 3515 497 626

1939 553 2080 609 diem
2111 562 2294 611 censet
2318 566 2582 626 octavum,
2612 575 2678 616 ne
2702 575 2798 631 per
2827 559 3129 631 contagium
3158 557 3348 614 mortis
3375 557 3515 612 anti-

1939 660 2058 715 quae
2111 648 2277 715 prima
2330 651 2606 708 nativitate
2666 661 2995 707 contractum
3049 658 3270 720 pereant
3317 649 3515 706 anima:

1939 738 2279 806 parvulhrum
2311 758 2324 795 :
2355 741 2620 810 quomodo
2671 751 2936 814 pereunt,
2988 743 3032 796 si
3086 757 3152 797 ex
3208 741 3512 796 hominibus

1941 828 2100 884 etiam
2134 829 2371 887 fidelibus
2396 832 2486 902 qui
2517 844 2832 898 nascuntur,
2864 851 2967 888 non
3000 843 3248 889 leuentur
3272 847 3300 887 a
3329 831 3519 888 diabo-

1943 919 2014 984 lo,
2049 919 2218 978 donec
2242 934 2586 978 renascantur
2607 925 2658 979 in
2680 924 2908 992 Christo,
2932 933 2985 980 et
3010 926 3144 982 eruti
3170 925 3237 980 de
3260 931 3524 995 potestate

1944 1013 2280 1068 tenebrarum
2309 1015 2361 1069 in
2392 1031 2608 1086 regnum
2642 1017 2778 1070 illius
2810 1015 3441 1086 transferantur(Coloss.
3472 1031 3520 1081 ι,

1946 1102 2077 1174 l3)?
2106 1103 2172 1157 Et
2195 1106 2312 1175 quis
2336 1105 2463 1160 dicit
2491 1108 2817 1162 nascentium
2840 1148 2854 1168 ,
2885 1107 2982 1161 nisi
3010 1115 3374 1172 renascantur,
3402 1103 3522 1160 ani-

1947 1209 2062 1249 mas
2090 1196 2389 1264 perituras?
2428 1196 2628 1267 Nempe
2671 1199 2758 1253 ille
2795 1197 2882 1268 qui
2914 1199 2991 1253 sic
3021 1197 3200 1253 laudat
3225 1205 3525 1252 creatorem

1947 1293 2103 1353 atque
2128 1294 2445 1352 creaturam,
2467 1287 2706 1356 opificem
2727 1297 2887 1358 atque
2911 1304 3064 1358 opus,
3089 1294 3147 1342 ut
3168 1286 3381 1341 humani
3402 1301 3530 1342 sen-

1948 1387 2040 1429 sus
2069 1374 2343 1431 horrorem
2384 1393 2488 1447 quo
2516 1378 2868 1450 dedignantur
2907 1379 3151 1434 homines
3188 1387 3434 1435 recentes
3460 1379 3526 1433 ab

1949 1471 2102 1518 utero
2131 1466 2376 1534 parvulos
2414 1468 2680 1534 osculari,
2718 1469 2988 1525 Creatoris
3026 1469 3190 1539 ipsius
3217 1469 3529 1538 interposita

1951 1557 2288 1612 veneratione
2315 1568 2615 1629 compescat
2643 1569 2697 1615 et
2734 1563 3000 1632 corrigat,
3040 1561 3225 1617 dicens
3247 1602 3262 1630 ,
3296 1561 3348 1616 in
3391 1561 3533 1616 illius

1951 1645 2120 1701 aetatis
2161 1649 2344 1702 osculo
2388 1659 2630 1704 recentes
2672 1651 2764 1706 Dei
2808 1666 2993 1706 manus
3036 1665 3156 1706 esse
3198 1650 3529 1722 eogitandas.

1952 1735 2220 1808 Numquid
2249 1754 2375 1811 ergo
2399 1742 2660 1797 confitens
2689 1743 2946 1814 originale
2977 1752 3250 1813 peccatum
3273 1783 3288 1809 ,
3317 1752 3409 1798 aut
3433 1757 3530 1798 na-

1955 1834 2125 1881 turam
2173 1829 2474 1899 damnavit,
2523 1843 2614 1888 aut
2655 1835 2900 1903 nuptias?
2943 1833 3241 1905 Numquid,
3281 1834 3531 1905 quoniam

1957 1919 2194 1973 nascenti
2221 1935 2285 1975 ex
2313 1921 2482 1977 Adam
2513 1937 2606 1978 reo
2629 1922 2867 1978 adhibuit
2891 1924 3309 1994 regenerationis
3339 1939 3535 1995 purga-

1959 2008 2174 2076 tionem,
2211 2012 2331 2067 idco
2369 2013 2532 2069 Deum
2567 2015 2775 2086 negavit
2804 2015 3132 2071 nasccntium
3174 2014 3540 2070 conditorem?

1956 2100 2220 2172 Numquid
2237 2146 2249 2166 .
2279 2105 2399 2175 quia
2426 2117 2667 2162 metuens
2687 2107 2890 2161 animas
2914 2106 3197 2176 cujuslibet
3223 2106 3392 2160 aetatis
3419 2092 3539 2175 pcr-

1961 2191 2038 2246 ire
2061 2232 2076 2256 ,
2105 2194 2263 2248 etiam
2304 2203 2426 2251 ante
2455 2197 2593 2252 diem
2621 2207 2863 2253 octavum
2892 2195 3193 2252 liberandas
3219 2211 3338 2252 esse
3361 2210 3542 2251 sacra-

1961 2295 2142 2339 mento
2177 2285 2436 2355 Baptismi‘
2473 2303 2592 2346 cum
2634 2289 2956 2359 collegarum
2992 2288 3218 2344 concilio
3249 2285 3540 2357 judicavit,

1961 2373 2080 2430 ideo
2105 2375 2316 2445 nuptias
2343 2377 2646 2444 accusavit;
2675 2377 3098 2448 quandoquidem
3125 2378 3177 2432 in
3204 2377 3404 2432 infante
3427 2377 3542 2432 sive

1961 2465 2030 2522 de
2053 2466 2317 2538 conjugio,
2348 2468 2460 2524 sive
2480 2469 2546 2526 de
2571 2469 2850 2537 adulterio,
2886 2479 3060 2525 tamen
3091 2469 3210 2540 quia
3242 2469 3403 2524 homo
3435 2484 3535 2523 na—

1963 2563 2047 2612 tus
2065 2566 2164 2621 est,
2197 2569 2439 2615 recentes
2468 2561 2559 2615 Dei
2587 2575 2774 2616 manus
2797 2561 2984 2632 dignas
3007 2561 3165 2616 etiam
3187 2560 3372 2616 osculo
3398 2561 3543 2631 pacis

1963 2649 2226 2704 ostendit?
2255 2651 2311 2706 Si
2339 2666 2465 2723 ergo
2493 2653 2664 2722 potuit
2703 2663 2918 2710 sanctus
2953 2654 3232 2724 episcopus
3259 2664 3314 2710 et
3341 2663 3545 2725 martyr

1963 2741 2376 2811 gloriosissimus
2401 2743 2695 2816 Cyprianus
2715 2755 2985 2816 peccatum
3006 2746 3262 2818 originale
3289 2747 3339 2801 in
3369 2745 3545 2802 infan-

1966 2832 2105 2887 tibus
2131 2833 2388 2889 medicina
2411 2834 2605 2892 Christi
2633 2851 2854 2893 censerc
2877 2838 3191 2904 sanandum,
3214 2838 3358 2894 salva
3381 2836 3541 2892 laude

1967 2932 2222 2980 creaturae
2243 2967 2258 2992 ,
2287 2927 2431 2981 salva
2467 2927 2624 2984 laude
2660 2928 2997 2999 nuptiarum;
3025 2944 3120 2986 cur
3146 2930 3343 2985 novitia
3377 2929 3545 3000 pesti-

1968 3013 2150 3080 lentia,
2181 3031 2300 3072 cum
2329 3017 2484 3073 istum
2506 3035 2612 3074 non
2637 3019 2830 3076 audeat
2847 3021 3024 3076 dicere
3049 3020 3420 3088 Mauichaeum,
3442 3018 3548 3074 Ca-

1969 3107 2180 3164 tholicis
2207 3110 2296 3179 qui
2321 3111 2418 3165 ista
2439 3111 2747 3181 defendunt,
2774 3121 2831 3168 ut
2851 3113 3062 3184 obtegat
3089 3112 3382 3183 proprium,
3404 3119 3552 3182 putat

1969 3197 2325 3268 obiiciendum
2355 3195 2557 3258 crimen
2607 3203 2872 3259 alienum?
2901 3204 3040 3260 Ecce
3079 3203 3550 3275 prmdicatissimus

1971 3297 2224 3346 tractator
2245 3291 2541 3348 divinorum
2572 3295 2922 3365 eloquiorum,
2947 3305 3230 3368 antequam
3259 3305 3427 3351 terras
3449 3309 3548 3351 no-

1971 3388 2111 3438 stras
2135 3383 2217 3437 vel
2246 3384 2584 3441 tenuissimus
2611 3385 2744 3442 odor
2769 3385 3069 3442 Manichzere
3092 3386 3402 3457 pestilentiae
3428 3387 3551 3442 teti-

1971 3473 2164 3545 gisset,
2217 3475 2332 3531 sine
2383 3477 2490 3532 ulla
2538 3479 2926 3549 vituperatione
2969 3478 3133 3533 divini
3171 3478 3350 3548 operis
3389 3484 3552 3546 atque

1974 3565 2275 3634 nuptiarum
2299 3567 2578 3623 confitetur
2604 3569 2858 3638 originale
2896 3577 3168 3640 peccatum
3186 3611 3202 3637 ,
3233 3584 3340 3625 non
3365 3567 3551 3624 dicens

1972 3656 2239 3711 Christum
2270 3657 2374 3712 ulla
2404 3659 2604 3728 peccati
2626 3659 2832 3714 macula
2852 3673 3147 3731 aSpcrsum,
3171 3674 3271 3715 nec
3298 3667 3470 3714 tamen
3497 3656 3551 3718 ei

1974 3763 2287 3818 comparans
2323 3765 2537 3806 carnem
2578 3751 2779 3822 peccati
2834 3751 2885 3806 iu
2930 3751 3270 3808 nascentibus
3305 3753 3550 3817 caeteris,

1975 3839 2167 3909 quibus
2191 3855 2286 3910 per
2310 3841 2712 3898 similitudinem
2749 3843 2925 3898 carnis
2952 3843 3155 3914 peccati
3193 3840 3554 3900 mundatlonis

1977 3945 2193 4004 praestet
2233 3938 2486 3993 auxilium
2518 3957 2531 3994 :
2561 3955 2657 3996 nec
2708 3941 2929 4010 originis
2976 3942 3274 3998 animarum
3328 3940 3556 3998 obscura

1977 4026 2269 4094 quaestione
2302 4036 2550 4096 terretur,
2583 4045 2689 4100 quo
2712 4031 2886 4087 minus
2914 4046 3008 4086 eos
3047 4033 3135 4102 qui
3164 4031 3358 4088 Christi
3385 4031 3556 4102 gratia

1978 4115 2286 4182 liberantur,
2320 4117 2371 4172 in
2404 4119 2703 4188 paradisum
2735 4137 2975 4178 remeare
3014 4122 3258 4178 fateatur.
3288 4120 3553 4193 Numquid

1980 4224 2047 4264 ex
2074 4209 2240 4264 Adam
2278 4211 2405 4265 dicit
2443 4212 2507 4269 in_
2540 4211 2783 4268 homines
2827 4213 3013 4268 mortis
3056 4214 3413 4269 conditionem
3442 4214 3558 4269 sine

1980 4301 2180 4369 peccati
2208 4303 2522 4371 contagione
2549 4304 2838 4358 transisse?
2863 4302 2977 4358 Non
3017 4304 3159 4358 enim
3190 4312 3410 4374 propter
3434 4318 3557 4358 cor-

1980 4391 2124 4461 poris
2152 4403 2375 4447 mortem
2406 4393 2691 4459 vitandam,
2721 4394 2811 4450 sed
2841 4403 3057 4465 propter
3085 4404 3378 4465 peccatum,
3410 4393 3556 4465 quod

1979 4496 2076 4552 per
2103 4497 2265 4536 unum
2307 4482 2519 4539 intravit
2550 4485 2600 4539 in
2630 4485 2882 4540 mundum
2906 4527 2920 4552 ,
2948 4485 3076 4541 dicit
3107 4502 3200 4556 per
3226 4485 3556 4554 Baptismunt

1981 4573 2216 4641 parvulis
2254 4573 2540 4643 quamlibet
2578 4575 2646 4629 ab
2675 4587 2825 4630 utero
2851 4576 3231 4630 recentissimis
3261 4573 3555 4631 subveniri.

2051 4662 2275 4719 CAPUT
2307 4664 2396 4721 IX‘.
2417 4694 2490 4705 —
2505 4665 2595 4721 25.
2617 4663 2859 4736 Cypriani
2877 4665 3157 4721 testimonia
3176 4665 3238 4720 de
3256 4665 3420 4736 gratia
3443 4663 3558 4720 Dei.

1983 4754 2098 4810 Jam
2127 4770 2256 4811 vero
2281 4757 2501 4826 gratiam
2544 4757 2638 4814 Dei
2666 4756 3109 4827 quemadmodum
3149 4755 3402 4812 adversus
3429 4755 3563 4812 istos

1985 4849 2236 4920 praedicet
2257 4847 2548 4921 Cyprianus
2570 4892 2585 4918 ,
2615 4849 2701 4904 ubi
2727 4849 2794 4904 de
2817 4849 3059 4906 oratione
3087 4847 3351 4905 dominica
3379 4847 3562 4920 dispu-

1985 4950 2094 5005 tat,
2126 4939 2398 4995 evidenter
2435 4948 2670 5010 apparet.
2706 4938 2796 4994 Ait
2833 4940 2974 4995 enim
3009 4957 3023 4996 :
3059 4958 3078 4993 ‹
3118 4940 3384 5002 Dicimus.
3417 4938 3561 4995 San-

1986 5032 2234 5100 ctiﬁcetur
2256 5047 2435 5084 nomen
2460 5040 2601 5084 mum
2623 5046 2642 5084 :
2664 5045 2769 5085 non
2795 5029 2936 5100 quod
2961 5039 3204 5100 optemus
3232 5031 3342 5086 Deo
3364 5038 3421 5086 ut
3439 5043 3566 5084 san-

1985 5122 2245 5177 etilleetur
2270 5120 2600 5176 orationibus
2629 5120 2860 5190 nostris,
2906 5120 3002 5177 sed
3031 5121 3171 5193 quod
3212 5130 3456 5193 petamus
3495 5119 3565 5174 ab

1985 5229 2053 5270 eo
2095 5223 2151 5268 ut
2179 5228 2371 5269 nomen
2403 5212 2517 5282 ejus
2559 5213 2918 5277 sanctificctur
2945 5213 2999 5270 in
3039 5213 3210 5270 nobis.
3240 5211 3504 5268 Caeterum
3530 5225 3564 5267 ει

1985 5319 2092 5376 quo
2111 5303 2252 5360 Deus
2278 5302 2639 5358 sanctificatur
2656 5345 2670 5369 ,
2699 5304 2788 5376 qui
2816 5305 2929 5376 ipse
2956 5303 3289 5364 sanctiﬁcat?
3314 5302 3415 5360 Sed
3438 5301 3563 5373 quia

1989 5396 2102 5467 ipse
2129 5396 2294 5462 dixit,
2327 5395 2504 5451 Sancti
2543 5406 2727 5463 estote,
2759 5397 2997 5467 quoniam
3021 5406 3068 5450 et
3095 5411 3184 5466 ego
3211 5403 3414 5449 sanctus
3451 5409 3564 5447 sum

1989 5487 2170 5558 (Leuit.
2200 5503 2287 5542 xix
2307 5528 2322 5552 ,
2353 5485 2446 5553 2);
2476 5485 2527 5541 id
2549 5487 2776 5556 petimus
2803 5495 2857 5542 et
2877 5501 3124 5561 rogamus
3142 5526 3158 5552 ,
3186 5492 3245 5538 ut
3271 5484 3361 5554 qui
3390 5483 3444 5537 in
3465 5481 3568 5536 Ba-

1991 5581 2184 5648 ptismo
2212 5575 2524 5631 sanetilicati
2553 5589 2772 5641 sumus,
2804 5574 2857 5629 in
2888 5589 2953 5629 co
2992 5573 3131 5642 quod
3158 5586 3276 5627 esse
3301 5570 3564 5640 coepimus

1989 5681 2412 5740 perseveremus.
2439 5685 2459 5719 ι
2488 5664 2553 5720 Et
2571 5665 2677 5720 alio
2697 5666 2813 5721 loco
2832 5665 2886 5720 in
2908 5662 3096 5720 eadem
3118 5659 3336 5732 epistola
3361 5678 3378 5715 :
3403 5677 3424 5712 ι
3453 5661 3564 5714 Ad-

1991 5758 2163 5814 dimus
2187 5771 2432 5829 quoque,
2471 5775 2491 5811 ι
2528 5756 2728 5827 inquit,
2767 5772 2784 5806 ι
2823 5762 2875 5809 et
2899 5751 3157 5818 dicimus,
3188 5748 3308 5804 Fiat
3335 5749 3566 5806 voluntas
