4038 6482
515 382 613 443 627

510 504 594 546 tua
615 492 666 546 in
687 490 808 545 caelo
830 490 846 523 ί
876 496 923 544 ct
950 487 1003 561 in
1032 497 1163 542 terra
1185 503 1204 542 :
1225 504 1328 543 non
1351 498 1407 543 ut
1434 488 1573 544 Deus
1599 486 1757 545 faciat
1779 487 1922 558 quod
1943 487 2072 556 vult,

509 584 603 639 sed
630 592 689 638 ut
718 597 811 637 nos
837 580 1009 636 facere
1038 579 1299 650 possimus
1324 580 1463 650 quod
1489 580 1627 635 Deus
1648 580 1775 634 vult.
1805 579 1935 635 Nam
1969 580 2077 635 Deo

508 674 626 745 quis
653 672 894 740 obsistit,
923 686 1029 742 quo
1057 671 1231 725 minus
1259 670 1402 742 quod
1442 670 1568 727 velit
1603 670 1793 726 faciat?
1820 671 1924 728 Sed
1953 672 2077 742 quia

509 765 662 820 nobis
689 780 717 817 a
748 763 960 821 diabolo
985 763 1261 819 obsistitur
1279 805 1294 830 ,
1325 778 1429 834 quo
1456 763 1628 819 minus
1656 777 1751 834 per
1777 763 1958 819 omnia
1981 777 2080 820 no-

507 865 619 911 ster
657 856 868 911 aninms
891 864 1051 927 atque
1073 864 1223 913 actus
1254 855 1362 909 Deo
1403 854 1755 927 obsequatur,
1784 869 1999 910 oramus
2023 862 2079 911 et

507 946 735 1017 petimus
762 955 816 1000 ut
845 944 934 1001 fiat
957 945 1011 1001 in
1039 945 1193 1000 nobis
1217 944 1458 999 voluntas
1484 944 1598 1002 Dei.
1627 944 1757 1013 Quae
1799 952 1858 999 ut
1893 944 1985 999 flat
2022 945 2077 999 in

506 1036 678 1103 nobis,
711 1051 845 1106 opus
868 1043 951 1093 est
977 1036 1071 1093 Dei
1091 1036 1382 1103 voluntate,
1411 1034 1464 1091 id
1484 1044 1586 1102 est,
1612 1050 1713 1108 ope
1738 1035 1853 1106 ejus
1880 1043 1935 1090 et
1957 1049 2079 1104 pro-

508 1129 736 1181 tectione
768 1144 782 1180 :
814 1126 933 1197 quia
960 1140 1119 1182 nemo
1161 1127 1271 1182 suis
1295 1126 1495 1182 viribus
1521 1123 1674 1181 fortis
1702 1133 1815 1189 est,
1860 1123 1957 1181 sed
1981 1123 2077 1179 Dei

506 1217 830 1288 indulgentia
873 1227 929 1274 et
971 1216 1333 1272 misericordia
1374 1224 1517 1272 tutus
1553 1224 1654 1272 est.
1693 1233 1715 1269 ι
1752 1215 1880 1271 item
1922 1215 2026 1270 alio
2059 1232 2073 1269 :

513 1335 533 1368 ι
570 1317 710 1374 Fieri
750 1326 927 1372 autem
968 1316 1228 1387 petimus,
1265 1334 1286 1368 ι
1318 1314 1521 1386 inquit,
1557 1332 1578 1368 ι
1612 1313 1938 1370 voluntatem
1983 1311 2078 1371 Dei

507 1406 561 1462 in
590 1408 727 1462 coelo
755 1415 809 1461 et
834 1407 890 1464 in
914 1412 1077 1473 terra,
1107 1404 1247 1476 quod
1276 1412 1555 1476 utrumque
1576 1404 1645 1460 ad
1666 1402 2081 1460 consummatio-

506 1512 629 1553 nem
650 1506 847 1554 nostrae
866 1495 1240 1552 incolumitatis
1262 1495 1489 1566 pertinet
1508 1503 1563 1550 et
1579 1494 1785 1550 salutis.
1802 1492 1934 1547 Nam
1954 1507 2077 1548 cum

503 1600 699 1658 corpus
726 1601 757 1641 e
786 1595 926 1641 terra
956 1595 1011 1640 et
1047 1584 1289 1656 spiritum
1325 1583 1689 1655 possideamus
1715 1598 1746 1639 e
1772 1582 1945 1651 coelo,
1977 1581 2078 1653 ipsi

505 1687 645 1734 terra
667 1688 720 1734 et
741 1679 933 1739 omium
958 1692 1174 1745 sumus,
1206 1687 1261 1732 et
1287 1677 1339 1732 in
1370 1685 1629 1748 utroque,
1661 1676 1714 1731 id
1737 1684 1852 1742 est,
1884 1675 1937 1731 in
1960 1690 2076 1730 cor-

507 1786 636 1841 pore
661 1779 715 1826 et
742 1771 930 1840 Spiritu
961 1779 1017 1826 ut
1042 1771 1135 1826 Dei
1163 1770 1407 1827 voluntas
1433 1768 1523 1825 fiat
1548 1782 1781 1827 oramus.
1812 1769 1907 1823 Est
1935 1767 2075 1829 enim

508 1862 647 1921 inter
674 1876 887 1916 carnem
916 1870 973 1918 et
1011 1860 1254 1931 spiritum
1281 1859 1614 1927 colluctatio,
1644 1868 1698 1915 et
1721 1858 2077 1917 discordanti—

507 1951 607 2007 bus
626 1950 879 2005 adversus
898 1965 955 2007 se
976 1950 1199 2005 invicem
1219 1948 1521 2019 quotidiana
1542 1949 1867 2020 congressio,
1891 1957 1948 2003 ut
1969 1964 2077 2004 non

506 2056 623 2113 qua:
654 2040 894 2097 volumus
915 2081 929 2106 ,
960 2041 1074 2111 ipsa
1112 2039 1397 2106 faciamus,
1428 2039 1554 2095 dum
1583 2040 1800 2110 spiritus
1840 2039 2074 2094 coelestia

509 2139 564 2188 et
585 2130 761 2186 divina
787 2131 1007 2201 qumrit,
1047 2146 1173 2187 caro
1203 2140 1413 2186 terrena
1443 2139 1499 2186 et
1520 2130 1795 2185 szecularia
1822 2131 2076 2199 concupi-

505 2222 625 2277 scit.
647 2222 713 2276 Et
741 2221 861 2277 ideo
883 2220 1109 2292 petimus
1130 2220 1423 2277 iuter’duo
1442 2220 1543 2277 ista
1569 2236 1672 2292 Ope
1696 2230 1750 2275 et
1768 2221 1963 2275 auxilio
1987 2220 2078 2276 Dei

505 2312 843 2369 concordiam
870 2313 1017 2379 fieri;
1045 2320 1104 2367 ut
1126 2312 1253 2368 dum
1278 2320 1332 2368 ct
1354 2312 1407 2368 in
1432 2312 1620 2383 Spiritu
1645 2321 1698 2366 ct
1724 2312 1775 2366 in
1804 2327 1963 2368 carne
1986 2328 2080 2368 vo—

505 2404 681 2459 luntas
710 2402 804 2458 Dei
834 2402 1067 2474 geritur,
1096 2418 1214 2474 quae
1258 2418 1353 2474 per
1388 2417 1509 2463 eum
1537 2411 1716 2457 renata
1744 2411 1825 2457 est
1843 2443 1858 2468 ,
1903 2403 2077 2459 anima

505 2503 746 2551 servetur
761 2493 802 2548 ³.
827 2493 978 2562 Quod
993 2504 1176 2565 aperte
1193 2504 1354 2565 atque
1367 2493 1643 2549 manifeste
1659 2495 1929 2566 apostolus
1946 2495 2082 2550 Pau-

505 2585 590 2642 lus
618 2599 712 2640 sua
742 2600 872 2640 voce
896 2584 1132 2644 declarat
1162 2602 1176 2641 :
1208 2584 1372 2649 Caro,
1403 2584 1608 2656 inquit,
1639 2586 1944 2655 concupiscit
1980 2585 2078 2639 ad-

505 2694 674 2732 versus
697 2678 947 2749 spiritum,
972 2688 1019 2732 et
1045 2678 1250 2750 spiritus
1276 2677 1512 2732 adversus
1541 2693 1742 2731 carnem
1772 2693 1791 2732 :
1819 2677 1925 2731 lucc
1947 2678 2078 2732 enim

505 2769 1077 2835 invicrmadversantur;
1114 2778 1168 2823 ut
1205 2786 1304 2823 non
1329 2784 1444 2840 qua:
1460 2768 1640 2834 vultis,
1675 2769 1786 2840 ipsa
1830 2769 2025 2839 faciatis
2050 2788 2070 2823 ι

507 2859 701 2931 (Galat.
726 2860 908 2933 v.17).
932 2860 1000 2915 Ει
1025 2859 1177 2931 paulo
1199 2867 1318 2931 post
1347 2877 1362 2915 :
1389 2859 1598 2914 «Potest
1623 2868 1678 2914 et
1700 2859 1776 2913 sic
1800 2858 2072 2928 intelligi,»

506 2950 708 3021 inquit,
747 2968 765 3004 ι
804 2949 992 3008 fratres
1020 2949 1382 3015 dilectissimi,
1410 2948 1741 3020 ut’quoniam
1785 2950 2000 3006 mandat
2025 2957 2081 3013 et

507 3041 661 3097 docet
683 3043 936 3097 Dominus
959 3042 1113 3098 etiam
1137 3041 1379 3098 inimicos
1397 3041 1634 3110 diligere,
1652 3051 1706 3096 et
1731 3056 1825 3110 pro
1848 3041 1930 3097 his
1950 3058 2080 3111 quo-

505 3149 608 3204 que
636 3134 723 3205 qui
750 3150 845 3189 nos
873 3143 1257 3205 persequuntur
1284 3147 1439 3188 orare
1466 3131 1677 3206 (Matth.
1705 3148 1758 3198 v,
1786 3133 1894 3204 44),
1929 3142 2078 3204 peta-

507 3239 626 3280 mus
648 3232 703 3281 et
727 3242 821 3296 pro
846 3224 951 3281 illis
978 3225 1068 3297 qui
1093 3224 1267 3279 adhuc
1297 3232 1436 3279 terra
1465 3232 1606 3291 sunt,
1635 3231 1690 3279 ct
1716 3223 1937 3279 necdum
1963 3239 2077 3280 cat-

506 3317 668 3378 lestes
687 3332 806 3373 esse
825 3325 1121 3389 coeperunt,
1141 3324 1196 3372 ut
1213 3325 1268 3372 et
1284 3312 1424 3372 circa
1450 3316 1571 3371 illos
1588 3317 1831 3372 voluntas
1852 3317 1944 3372 Dei
1967 3316 2075 3385 ﬁat,

506 3424 661 3479 quam
679 3409 920 3465 Christus
939 3409 1205 3464 hominem
1221 3408 1585 3464 conservando
1602 3417 1653 3463 et
1672 3408 2079 3479 redintegrando

503 3500 743 3571 perfecit.
775 3520 796 3555 ι
830 3500 1064 3571 Itemque
1090 3500 1196 3555 alio
1225 3515 1241 3553 :
1278 3516 1298 3550 ι
1327 3499 1475 3554 llunc
1501 3508 1679 3554 autem
1708 3514 1922 3569 panem,
1953 3516 1971 3550 ι
1999 3498 2083 3552 in-

504 3590 635 3662 quit,
666 3610 686 3649 t
711 3591 827 3646 dari
854 3591 1006 3646 nobis
1025 3589 1260 3660 quotidie
1283 3589 1631 3660 postulamus,
1650 3603 1719 3645 ne
1744 3591 1833 3660 qui
1855 3590 1910 3645 in
1928 3589 2080 3644 Chri-

502 3690 589 3736 sto
616 3696 815 3747 sumus,
845 3690 899 3738 et
924 3678 1307 3739 Eucharistiam
1336 3679 1571 3750 quotidie
1599 3679 1664 3734 ad
1693 3679 1869 3736 cibum
1896 3680 2079 3740 salutis

504 3773 792 3844 accipimus
810 3814 825 3839 ,
856 3770 1216 3827 intercedente
1240 3770 1416 3841 aliquo
1455 3770 1702 3841 graviore
1728 3770 1924 3826 delicto
1952 3771 2078 3828 dum

503 3864 730 3920 abstenti
751 3863 773 3896 δ
799 3872 855 3920 et
880 3878 987 3919 non
1009 3862 1458 3920 communicantes
1486 3877 1517 3916 a
1545 3862 1746 3921 caelesti
1776 3878 1913 3934 pane
1949 3879 2078 3934 pro.

505 3955 767 4021 bibentur,
791 3970 821 4010 a
840 3954 1035 4012 Christi
1057 3970 1279 4025 corpore
1305 3970 1629 4028 separemur.
1661 3974 1682 4009 ι
1715 3955 1785 4012 Et
1810 3956 2079 4026 aliquanto

507 4059 626 4120 post
650 4048 701 4103 in
723 4048 913 4106 eadem
945 4065 959 4102 :
997 4066 1018 4101 ι
1052 4047 1274 4117 Quando
1293 4059 1472 4103 autem
1498 4062 1776 4117 rogamus,
1815 4066 1834 4101 ι
1869 4048 2074 4119 inquit,

517 4157 537 4190 ι
575 4155 644 4194 ne
701 4139 753 4193 in
800 4138 1147 4196 tentationem
1191 4139 1463 4197 veniamus
1509 4137 1619 4208 (Id.
1647 4155 1730 4205 v1,
1762 4138 1951 4209 9-15),
1983 4140 2081 4194 ad-

504 4244 783 4290 monemur
804 4227 1121 4283 infirmitatis
1140 4237 1192 4283 et
1222 4227 1594 4284 imbecillitatis
1621 4237 1833 4295 nostrae,
1856 4229 1980 4284 dum
2000 4229 2078 4285 sic

504 4334 752 4389 rogamus
770 4360 785 4385 ,
812 4333 880 4373 ne
905 4318 1025 4389 quis
1050 4334 1110 4373 se
1151 4316 1442 4373 insolenter
1463 4318 1674 4372 extollat
1699 4359 1714 4383 ,
1743 4334 1811 4373 ne
1835 4319 1953 4389 quis
1976 4317 2079 4374 sibi

504 4410 733 4479 superbe
752 4419 910 4481 atque
934 4416 1243 4479 arroganter
1263 4407 1462 4479 aliquid
1485 4418 1741 4477 assumat,
1763 4424 1829 4465 ne
1853 4408 1969 4479 quis
1988 4417 2080 4464 aut

504 4498 853 4556 confessionis
879 4509 969 4554 aut
993 4500 1256 4571 passionis
1284 4499 1504 4570 gloriam
1545 4515 1693 4554 suam
1723 4499 1915 4565 ducat;
1956 4515 2079 4555 eum

504 4592 761 4647 Dominus
798 4592 910 4662 ipse
937 4591 1284 4646 humilitatem
1311 4590 1507 4647 docens
1532 4590 1754 4658 dixerit,
1790 4590 2006 4661 Vigilate
2032 4600 2077 4645 et

504 4693 662 4747 orate,
685 4696 746 4735 ne
769 4681 972 4735 veniatis
997 4681 1049 4734 in
1075 4682 1392 4735 tctttationem
1418 4680 1656 4751 :spiritus
1681 4680 1881 4750 quidem
1907 4698 2080 4751 prom-

506 4782 621 4843 ptus
648 4780 752 4834 est,
782 4787 899 4825 caro
926 4781 1090 4825 autem
1118 4771 1319 4839 inﬁrma
1353 4768 1461 4842 (Id.
1494 4787 1615 4829 xxvi
1638 4812 1650 4835 ,
1682 4771 1773 4840 41)
1806 4788 1821 4827 :
1852 4780 1910 4825 ut
1950 4772 2078 4833 dum

506 4860 762 4930 prteccdit
787 4860 997 4915 humilis
1024 4870 1077 4915 et
1105 4860 1364 4916 submissa
1405 4859 1671 4916 confessio
1690 4902 1704 4928 ,
1732 4869 1785 4917 et
1811 4860 1967 4917 datur
1992 4870 2076 4916 to-

508 4960 620 5004 tum
650 4950 757 5004 Deo
776 4991 789 5014 ,
816 4949 1065 5020 quidquid
1090 4949 1398 5019 suppliciter
1423 4965 1544 5004 cum
1582 4950 1771 5005 timore
1798 4959 1851 5005 et
1876 4951 2078 5007 honore

511 5039 605 5094 Dei
648 5038 873 5107 petitur,
902 5039 1063 5108 ipsius
1089 5041 1284 5113 pietate
1310 5048 1604 5108 praestetur.
1645 5057 1663 5091 ι
1700 5039 1826 5097 item
1853 5041 1919 5094 ad
1945 5040 2078 5109 Qui-

505 5130 679 5184 rinum
704 5171 717 5195 ,
748 5128 799 5183 in
822 5144 925 5199 quo
950 5144 1109 5199 opere
1137 5147 1195 5185 se
1220 5131 1459 5201 Pelagius
1488 5132 1599 5187 vult
1623 5132 1737 5201 ejus
1762 5132 2077 5187 imitatorem

404 5224 411 5233 '
508 5219 695 5284 videri,
712 5220 783 5273 ait
801 5219 852 5274 in
870 5220 1002 5274 libro
1021 5220 1204 5275 tertio:
1229 5239 1246 5271 ι
1269 5221 1322 5276 lu
1341 5222 1483 5276 “nullo
1499 5221 1850 5289 gloriandum,
1867 5223 2078 5293 quando

512 5320 749 5367 nostrum
781 5311 911 5369 nihil
956 5312 1041 5368 sit.
1082 5330 1101 5365 ›
1134 5312 1229 5367 Cui
1262 5313 1530 5383 pr0posilo
1573 5313 1875 5369 testimonia
1903 5314 2080 5370 divina

569 5532 582 5562 ¹
620 5529 737 5582 Fditi
757 5565 772 5588 .
810 5528 929 5581 sicut
952 5528 1002 5582 in
1034 5526 1368 5590 ειειοηΑὺρει,
1411 5527 1561 5587 sicut,
1583 5540 1613 5578 a
1633 5528 1982 5590 manuscriptis.

566 5593 586 5665 ξ
623 5591 751 5665 Apud
761 5586 1068 5665 Cyprianum,
1094 5588 1293 5665 petimus
1316 5586 1523 5653 unpettse
1545 5589 1688 5640 inter.

564 5653 587 5685 ³
619 5653 819 5701 vaticaui
844 5660 967 5711 Mss,
994 5657 1264 5713 reparatur.

567 5714 586 5744 ⁸
622 5714 737 5763 Editi
761 5714 836 5763 hic
855 5721 907 5762 et
929 5711 1057 5762 infra
1072 5718 1349 5762 constanter
1386 5711 1595 5771 habent,
1621 5712 1846 5763 absentes.
1885 5717 1941 5763 At
1968 5718 2077 5763 Mss.

501 5773 721 5825 Calhcani
762 5783 814 5826 ct
848 5774 1056 5830 Vaticani
1089 5786 1315 5837 semper,
1357 5772 1555 5825 obstanti
1572 5787 1592 5837 ;
1636 5781 1690 5824 ut
1729 5773 1856 5837 apud
1891 5776 2074 5839 Cypria-

1131 344 1400 433 coxrn’a
1441 376 1617 432 DUAS
1655 372 2024 430 EPISTULAS
2061 373 2618 451 nemorumnam,
2652 381 2713 438 s.
2743 382 3106 442 mensum

3656 393 3766 453 628

2186 487 2529 561 subjungcns,
2550 493 2687 550 inter
2709 506 2897 553 caetera
2915 500 3091 570 posuit
3111 502 3460 573 apostolicum
3487 505 3636 576 illud,
3655 524 3767 578 quo

2186 579 2405 635 imorum
2426 584 2656 641 maxime
2673 601 2767 642 ora
2787 589 3077 644 claudenda
3098 601 3251 645 sunt:
3279 593 3414 659 Quid
3433 597 3560 650 enim
3583 597 3763 666 habes,

2184 669 2318 738 quod
2342 687 2442 725 non
2469 675 2744 744 accepisti?
2769 676 2833 732 Si
2855 688 3023 732 autem
3041 681 3305 750 accepisti,
3339 685 3460 750 quid
3482 686 3721 756 gloriaris
3742 729 3761 757 ,

2184 761 2329 827 quasi
2358 778 2459 817 non
2482 767 2730 835 acceperis
2758 766 2804 838 (l
2828 767 2944 822 Cor.
2971 784 3025 823 tv
3042 810 3058 836 ,
3087 770 3182 840 7)?
3208 770 3337 827 item
3365 775 3416 829 in
3442 776 3666 846 epistola
3694 777 3768 835 de

2183 851 2444 909 Patientia
2469 873 2482 910 :
2511 875 2531 908 ι
2558 857 2652 913 Est
2674 858 2817 914 enim
2842 860 3014 927 nobis,
3043 879 3064 914 ι
3098 862 3287 933 inquit,
3317 882 3337 917 ‹
3363 881 3485 921 cum
3512 868 3624 925 Deo
3644 870 3764 925 vir-

2183 951 2268 1001 tus
2291 945 2389 1000 ista
2414 950 2730 1016 communis;
2746 950 2870 1007 inde
2899 952 3147 1021 patientia
3175 954 3379 1024 incipit,
3400 957 3521 1013 inde
3543 960 3768 1016 claritas

2182 1033 2300 1104 ejus
2326 1045 2380 1090 et
2404 1037 2632 1108 dignitas
2660 1049 2821 1111 caput
2843 1042 3039 1110 sumit,
3068 1042 3218 1113 origo
3242 1053 3296 1100 et
3332 1048 3639 1118 magnitudo
3663 1065 3769 1120 pa-

2184 1124 2382 1180 tientiae
2403 1126 2516 1182 Deo
2534 1136 2752 1185 auctore
2770 1130 3028 1199 procedit.
3053 1148 3074 1183 ι

2252 1215 2344 1279 26.
2373 1215 2637 1287 Numquid
2674 1219 2777 1275 iste
2797 1231 3012 1278 sanctus
3051 1231 3154 1277 tam
3187 1227 3545 1285 memorabilis
3570 1228 3769 1287 Eccle-

2181 1304 2380 1361 siarum
2409 1307 2462 1361 in
2504 1310 2667 1365 verbo
2709 1311 2946 1367 veritatis
2987 1313 3309 1382 instructor,
3355 1317 3581 1375 liberum
3608 1322 3762 1378 arbi-

2182 1394 2341 1450 trium
2369 1406 2525 1467 negat
2565 1413 2683 1456 esse
2719 1400 2774 1456 in
2813 1400 3144 1469 hominibus,
3175 1406 3296 1475 quia
3325 1407 3433 1462 Deo
3463 1417 3629 1466 totum
3659 1411 3767 1468 tri-

2181 1482 2296 1539 buit
2316 1486 2456 1555 quod
2480 1497 2625 1543 recte
2650 1488 2913 1546 vivimus?
2936 1492 3203 1564 Numquid
3227 1496 3397 1567 legem
3421 1499 3513 1556 Dei
3537 1502 3724 1573 culpat
3742 1543 3764 1573 ,

2181 1574 2303 1644 quia
2319 1591 2423 1629 non
2440 1592 2507 1631 ex
2531 1578 2642 1651 ipsa
2660 1579 2677 1613 ί
2693 1579 2978 1650 justificari
2994 1582 3272 1640 hominem
3295 1587 3570 1658 significat;
3590 1607 3769 1663 quan—

2180 1668 2650 1752 doquidcm‘quod
2678 1676 2768 1733 illa
2808 1677 2994 1748 jubet,
3025 1695 3056 1735 a
3086 1682 3312 1738 Domino
3356 1685 3467 1741 Deo
3508 1689 3769 1757 precibus

2181 1761 2570 1831 impetrandum
2594 1781 2716 1825 esse
2728 1767 2961 1827 declarat
2973 1771 2998 1827 ?
3010 1771 3273 1844 Numquid
3289 1776 3388 1833 sub
3406 1778 3618 1833 nomine
3636 1793 3767 1849 gra-

2183 1851 2270 1907 tias
2296 1853 2460 1909 fatum
2488 1858 2714 1928 asserit,
2756 1861 3002 1930 quamvis
3029 1862 3205 1930 dicat,
3252 1866 3305 1920 in
3335 1866 3481 1922 nullo
3521 1869 3766 1939 glorian-

2181 1945 2307 2002 dum
2327 1986 2341 2011 ,
2369 1947 2580 2017 quando
2603 1958 2842 2005 nostrum
2869 1952 2998 2008 nihil
3018 1954 3125 2009 sit?
3145 1955 3408 2027 Numquid
3428 1999 3443 2025 ,
3468 1960 3604 2015 sicut
3626 1960 3719 2016 isti
3742 2002 3761 2029 ,

2181 2034 2434 2104 Spiritum
2463 2048 2703 2097 sanctum
2733 2039 3028 2111 adjutorem
3064 2043 3135 2104 ita
3164 2045 3335 2102 credit
3358 2062 3479 2104 esse
3508 2049 3720 2106 virtutis
3742 2091 3765 2120 ι

2184 2134 2432 2196 tanquam
2462 2127 2576 2197 ipsa
2620 2130 2787 2185 virtus
2828 2147 2947 2201 qua:
2988 2133 3057 2189 ab
3084 2133 3188 2190 hoc
3212 2135 3522 2207 adjuvatur,
3550 2141 3763 2197 oriatur

2182 2230 2252 2271 ex
2280 2217 2431 2271 nobis
2449 2258 2464 2283 ,
2504 2219 2715 2290 quando
2742 2230 2983 2278 nostrum
3012 2225 3144 2280 nihil
3166 2241 3289 2283 esse
3311 2242 3558 2286 asserens
3575 2273 3592 2299 ,
3624 2246 3764 2303 pro-

2184 2315 2301 2376 pter
2321 2306 2423 2363 hoc
2448 2310 2760 2378 Apostolum
2784 2311 2983 2370 dixisse
3002 2329 3418 2384 commemorat,
3452 2319 3589 2387 Quid
3622 2322 3767 2378 enim

2182 2397 2334 2456 [tabes
2352 2438 2366 2463 ,
2398 2401 2533 2469 quod
2557 2417 2657 2458 non
2682 2404 2918 2474 accepisti
2932 2406 2959 2459 .’
2986 2405 3338 2485 virtutemque
3368 2411 3768 2466 excellentissi-

2183 2504 2341 2555 mam,
2368 2489 2467 2544 hoc
2490 2501 2588 2556 est,
2612 2493 2941 2562 patientiam,
2969 2511 3075 2551 non
3105 2513 3135 2552 a
3165 2499 3319 2554 nobis
3346 2499 3472 2554 dicit
3495 2501 3764 2571 incipere,

2182 2596 2245 2637 ac
2268 2582 2459 2638 deinde
2484 2584 2721 2654 adjuvari
2750 2585 2951 2656 Spiritu
2982 2589 3112 2655 Dei;
3144 2591 3240 2646 sed
3259 2591 3327 2646 ab
3355 2593 3469 2662 ipso
3490 2603 3668 2662 caput,
3692 2594 3767 2651 ab

2183 2672 2299 2744 ipso
2325 2675 2582 2746 originem
2610 2680 2862 2735 sumere?
2889 2678 3168 2734 Postremo
3192 2697 3290 2738 nec
3316 2685 3641 2754 propositum
3663 2685 3763 2741 bo-

2182 2781 2342 2832 num,
2375 2781 2473 2822 nec
2516 2768 2745 2823 studium
2774 2769 3019 2836 virtutis,
3063 2785 3164 2825 nec
3201 2780 3409 2827 mentes
3449 2774 3616 2829 bonas
3642 2775 3766 2832 sine

2180 2858 2347 2927 gratia
2370 2859 2462 2913 Dei
2488 2859 2719 2929 incipere
2734 2863 2888 2918 esse'
2910 2862 2963 2916 in
2990 2861 3290 2918 hominibus
3313 2865 3619 2934 confitetur,
3637 2881 3763 2922 cum

2182 2948 2345 3017 dicit,
2371 2950 2427 3015 in~
2451 2952 2601 3005 nullo
2624 2953 2956 3022 gloriandum
2975 2995 2992 3019 ,
3019 2954 3231 3024 quando
3251 2965 3492 3011 nostrum
3518 2957 3649 3013 nihil
3666 2958 3763 3015 sit.

2182 3039 2318 3108 Quid
2347 3049 2452 3094 tam
2479 3041 2530 3096 in
2576 3043 2742 3101 libero
2768 3043 2987 3099 arbitrio
3023 3045 3368 3102 constitutum
3386 3088 3403 3114 ,
3431 3062 3590 3118 quam
3615 3046 3765 3119 quod

2184 3129 2269 3185 lex
2288 3129 2445 3195 dicit,
2476 3146 2581 3186 non
2601 3132 2927 3207 adorandum
2950 3133 3148 3188 idolum
3166 3175 3181 3199 ,
3208 3150 3317 3190 non
3342 3137 3717 3192 mmchandum
3742 3179 3762 3207 ,

2181 3236 2289 3276 non
2326 3219 2668 3276 homicidium
2699 3224 3149 3293 perpetrandum?
3170 3225 3275 3295 Ista
3304 3235 3482 3282 autem
3511 3235 3636 3282 sunt
3673 3237 3766 3283 at-

2182 3325 2285 3379 que
2313 3309 2614 3381 hujusmodi
2641 3313 2864 3368 crimina
2881 3352 2899 3381 ,
2930 3330 3048 3384 qua:
3075 3315 3121 3370 si
3164 3316 3442 3387 quisquam
3469 3318 3765 3374 commise-

2182 3401 2268 3467 rit,
2292 3416 2320 3454 a
2341 3403 2578 3472 corporis
2602 3401 2801 3459 Christi
2828 3406 3203 3467 communione
3225 3416 3553 3463 removetur.
3585 3408 3653 3463 Et
3679 3417 3765 3463 ta-

2182 3505 2303 3557 men
2330 3491 2375 3546 si
2401 3491 2738 3548 beatissimus
2779 3495 3073 3566 Cyprianus
3113 3496 3198 3555 his
3227 3513 3332 3552 uon
3362 3499 3765 3555 committendis

2182 3582 2511 3640 existimaret
2526 3594 2772 3638 nostram
2799 3587 3047 3644 sufficere
3074 3589 3422 3657 voluntatem,
3447 3606 3549 3646 non
3578 3593 3656 3648 sic
3678 3593 3769 3648 in-

2183 3672 2441 3743 telligeret
2467 3673 2608 3744 quod
2637 3675 2688 3730 in
2715 3678 2955 3734 oratione
2976 3677 3242 3740 dominica
3266 3679 3490 3735 dicimus
3510 3722 3526 3747 ,
3556 3680 3764 3737 Panem

2181 3773 2407 3818 nostrum
2429 3765 2772 3837 quotidianum
2792 3768 2860 3821 da
2882 3768 3024 3823 nobis
3049 3769 3225 3835 hodie;
3247 3780 3304 3825 ut
3324 3769 3427 3826 hoc
3451 3785 3551 3827 nos
3575 3781 3767 3843 petere

2181 3866 2549 3922 asseveraret,
2574 3873 2642 3913 ne
2669 3859 3029 3919 intercedente
3049 3861 3228 3931 aliquo
3245 3863 3488 3933 graviore
3513 3863 3718 3922 delicto
3743 3907 3762 3933 ,

2181 3945 2306 4001 dum
2323 3948 2545 4004 abstenti
2564 3959 2616 4004 et
2634 3966 2736 4004 non
2753 3952 3206 4011 communicantes
3219 3969 3251 4009 a
3267 3954 3469 4012 scelesti
3490 3970 3627 4025 pane
3643 3972 3767 4028 pro-

2182 4036 2459 4106 hibemur,
2489 4055 2520 4092 a
2550 4039 2744 4096 Christi
2770 4057 2993 4112 corpore
3019 4058 3347 4114 separemur.
3377 4046 3766 4117 Respondeant

2181 4137 2325 4188 certe
2354 4129 2589 4185 haeretici
2630 4132 2788 4199 novi,
2817 4133 2942 4203 quid
2972 4134 3230 4193 bonorum
3269 4137 3581 4192 meritorum
3612 4152 3763 4207 prte-

2180 4218 2335 4274 cedat
2364 4220 2416 4274 in
2462 4221 2763 4277 hominibus
2792 4222 3020 4278 inimicis
3058 4224 3260 4280 nomini
3301 4225 3609 4282 christiano.
3640 4226 3764 4283 Non

2181 4312 2355 4367 solum
2371 4313 2512 4368 enim
2539 4329 2646 4369 non
2675 4314 2870 4369 habent
2897 4314 3112 4380 bonum,
3132 4316 3226 4371 sed
3245 4316 3436 4372 habent
3460 4318 3618 4373 etiam
3636 4332 3769 4387 pes-

2181 4403 2372 4458 simum
2398 4407 2665 4459 meritum.
2696 4404 2764 4461 Et
2789 4415 2962 4462 tamen
2994 4407 3151 4462 etiam
3177 4407 3255 4463 sic
3278 4407 3573 4479 Cyprianus
3593 4410 3765 4467 intel-

2182 4492 2327 4564 ligit,
2357 4495 2501 4563 quod
2529 4497 2582 4549 in
2620 4496 2861 4551 oratione
2888 4496 3146 4562 dicimus,
3174 4497 3295 4552 Fiat
3323 4500 3550 4554 uoluntas
3577 4508 3671 4555 tua
3704 4500 3765 4556 in

2179 4583 2304 4637 calo
2329 4594 2375 4637 et
2399 4584 2449 4637 in
2474 4593 2607 4640 terra
2630 4602 2651 4637 :
2683 4594 2739 4639 ut
2763 4595 2817 4640 et
2839 4601 2936 4656 pro
2963 4587 3110 4657 ipsis,
3126 4588 3213 4657 qui
3245 4598 3457 4657 propter
3483 4589 3585 4643 hoc
3613 4598 3764 4646 terra

2182 4672 2544 4743 intelliguntur
2564 4675 2585 4706 ³
2603 4716 2619 4741 ,
2652 4691 2884 4731 oremus.
2913 4676 3138 4732 Oramus
3164 4694 3292 4749 ergo
3316 4695 3421 4734 non
3447 4678 3619 4736 solum
3658 4694 3767 4750 pro

2181 4763 2483 4819 nolentibus
2504 4804 2519 4830 ,
2553 4781 2733 4819 verum
2757 4766 2916 4821 etiam
2942 4781 3039 4835 pro
3065 4770 3482 4837 repugnantibus
3504 4776 3559 4824 et
3581 4783 3765 4839 oppu-

2179 4858 2481 4929 gnantibus.
2509 4858 2643 4926 Quid
2673 4875 2799 4929 ergo
2828 4860 3089 4929 petimus,
3121 4860 3223 4915 nisi
3250 4869 3304 4914 ut
3334 4862 3461 4915 fiant
3483 4875 3551 4917 ex
3571 4860 3767 4917 nolen-

2183 4949 2321 5003 tibus
2362 4950 2631 5014 volentes,
2680 4964 2744 5003 ex
2776 4951 3190 5019 repugnantibus
3226 4952 3656 5017 consentientes,
3689 4965 3763 5006 ex

2183 5040 2604 5111 Oppugnantibus
2647 5039 2922 5095 amantes?
2953 5040 2993 5095 A
3025 5055 3166 5109 quo,
3210 5039 3311 5097 nisi
3338 5040 3407 5096 ab
3435 5040 3527 5096 illo
3554 5040 3620 5095 de
3649 5055 3774 5111 quo

2182 5135 2435 5204 scriptum
2490 5143 2591 5194 est,
2628 5132 2953 5203 Pra'paratar
2994 5132 3222 5188 voluntas
3247 5150 3282 5186 a
3308 5131 3524 5187 Domino
3569 5130 3763 5202 (Prov.

2182 5242 2269 5293 vin
2296 5267 2310 5292 ,
2354 5242 2455 5280 sec.
2484 5225 2646 5294 LXX)
2680 5226 2702 5278 ἲ
2745 5225 2959 5279 Discant
3005 5238 3133 5292 ergo
3174 5238 3295 5279 esse
3331 5223 3619 5289 catholici,
3664 5225 3763 5294 qui

2182 5316 2572 5384 dedignantur,
2612 5315 2655 5368 si
2696 5313 2819 5384 quid
2863 5314 2984 5368 mali
3026 5327 3131 5368 non
3174 5313 3409 5378 faciunt,
3449 5322 3505 5370 et
3544 5314 3588 5369 si
3628 5313 3766 5383 quid

2182 5406 2306 5462 boni
2336 5406 2577 5473 faciunt,
2618 5420 2723 5461 non
2762 5404 2816 5459 in
2855 5419 2916 5460 se
2948 5403 3116 5474 ipsis,
3155 5402 3254 5459 scd
3284 5403 3338 5458 in
3376 5402 3602 5459 Domino
3639 5402 3769 5474 glo-

2181 5498 2328 5553 riari.

2249 5651 2264 5683 ι
2298 5648 2413 5699 Editi
2432 5681 2446 5706 ,
2476 5649 2693 5711 (quando
2728 5660 2820 5699 non
2862 5660 2927 5699 ea:
2968 5647 3087 5711 ipso.
3123 5646 3444 5699 Emendantur
3485 5646 3544 5698 ad
3585 5654 3695 5699 ttss.

2246 5714 2266 5743 ³
2300 5717 2348 5758 In
2373 5710 2539 5769 editis,
2563 5716 2607 5759 et
2631 5723 2746 5759 esse.
2773 5711 2946 5767 Abest,
2969 5710 3041 5767 et,
3059 5722 3086 5757 a
3106 5718 3211 5758 Mss.

2248 5774 2268 5804 ³
2299 5767 2532 5841 Gallicani
2554 5778 2681 5841 Mss,
2703 5771 2783 5834 qui
2805 5777 2998 5835 propter
3017 5769 3123 5833 hoc,
3156 5769 3269 5834 quia
3289 5768 3545 5822 carnaliter
3563 5767 3724 5822 vitth
3747 5802 3771 5834 ,

2185 5839 2315 5888 terra
2337 5831 2681 5895 intelliguntur.
