4038 6512
239 400 332 463 629

300 511 523 571 CAPUT
556 511 624 566 Χ.
650 542 717 551 --
736 510 825 565 27.
848 504 1087 581 Cypriani
1108 504 1385 561 testimonia
1409 503 1470 558 de
1483 504 1696 576 justitia:
1719 519 1812 557 no-

237 616 351 661 stri:
375 605 775 676 imperfectione.
808 600 940 657 Illud
966 600 1074 670 jam
1103 608 1169 654 tet
1185 598 1315 659 tium
1342 596 1646 663 videamus,
1673 595 1816 668 quod

237 712 338 752 non
366 695 543 749 minus
570 697 622 750 in
667 695 782 750 iStis
824 708 983 749 omne
1005 691 1203 748 Christi
1231 690 1528 747 membrum
1565 697 1621 745 et
1647 699 1815 745 totum

236 787 350 856 ejus
367 800 562 856 corpus
586 785 860 851 exhorret,
879 783 1000 854 quia
1017 780 1342 838 contendunt
1357 796 1478 836 esse
1500 778 1551 835 in
1572 780 1671 836 hac
1688 781 1815 847 vita,

238 877 317 931 vel
361 874 525 930 fuisse
562 876 772 945 jnstos,
819 874 1022 929 nullum
1068 872 1326 927 habentes
1367 871 1585 924 omnino
1625 884 1817 939 pecca-

238 976 345 1023 tum
377 964 474 1039 (a).
505 965 622 1035 Qua
652 965 1068 1037 przcsumptione
1094 963 1429 1032 apertissime
1454 961 1679 1016 orationi
1717 960 1817 1016 do-

237 1057 443 1113 tninica:
466 1056 873 1120 contradicunt,
905 1055 958 1110 in
985 1069 1086 1124 qua
1109 1054 1284 1107 omnia
1313 1052 1551 1108 membra
1576 1051 1774 1107 Christi
1800 1093 1816 1117 ,

238 1149 444 1204 Dimitte
468 1149 611 1203 nobis
634 1148 801 1203 debila
825 1156 996 1201 nostra
1014 1187 1031 1214 ,
1063 1145 1240 1200 veraci
1269 1143 1431 1200 corde
1456 1153 1512 1199 et
1549 1141 1817 1215 quotidia-

239 1240 315 1294 nis
330 1240 552 1295 vocibus
569 1239 817 1295 clamant.
833 1237 1122 1291 Videamus
1137 1249 1264 1305 ergo
1279 1233 1405 1306 quid
1421 1234 1578 1289 etiam
1597 1249 1659 1288 ex
1679 1232 1781 1287 hoc
1799 1233 1816 1264 ί

236 1333 535 1408 Cyprianus
562 1334 613 1387 in
638 1332 861 1386 Domino
886 1329 1298 1400 gloriosissimus
1325 1326 1577 1392 senserit;
1601 1325 1728 1396 quid
1750 1322 1817 1379 ad

238 1422 574 1479 instruendas
599 1422 884 1487 Ecclesias,
916 1436 1018 1474 non
1050 1420 1230 1487 utique
1260 1415 1692 1481 Manichzeorum,
1724 1413 1819 1470 sed

238 1516 631 1571 Catholicorum
650 1557 666 1583 ,
694 1530 800 1569 non
822 1515 993 1569 solum
1020 1511 1249 1576 dixerit,
1278 1525 1464 1564 verum
1491 1508 1651 1564 etiam
1680 1507 1821 1562 litte—

240 1608 332 1673 ris,
356 1607 739 1678 memoria'que
770 1603 1115 1659 mandaverit.
1146 1600 1201 1656 In
1230 1600 1453 1672 epistola
1483 1599 1551 1654 de
1573 1597 1746 1668 Opere
1765 1606 1820 1654 et

241 1698 610 1769 Eleemosynis
643 1713 657 1751 :
694 1715 713 1748 ι
752 1698 1115 1766 Agnoscamus
1158 1693 1369 1761 itaque,
1416 1691 1641 1756 fratres,
1682 1709 1699 1743 ι
1737 1690 1819 1744 in-

237 1788 384 1860 quit,
421 1806 443 1843 s
478 1787 844 1851 dilectissimi,
877 1786 1067 1841 divina:
1094 1782 1434 1854 indulgentia:
1461 1781 1672 1837 salubre
1703 1796 1821 1836 mu-

240 1874 337 1933 n'us
355 1921 369 1940 .
400 1887 457 1933 et
481 1876 836 1934 emundandis
855 1877 876 1908 ³
907 1873 1296 1946 purgandisqne
1326 1872 1555 1944 peccatis
1580 1871 1778 1926 nostris
1800 1913 1817 1936 ,

228 1969 323 2047 .qui
354 1970 472 2025 sine
512 1969 692 2039 aliquo
720 1967 1058 2023 conscientia:
1083 1966 1305 2021 vulnere
1345 1979 1465 2019 esse
1492 1978 1598 2019 non
1630 1978 1820 2033 possu-

241 2076 357 2115 mus
375 2102 388 2124 .
437 2060 665 2117 medelis
692 2058 1053 2132 spiritualibus
1076 2058 1296 2113 vulnera
1326 2064 1507 2111 nostra
1550 2068 1819 2110 curemus.

239 2151 347 2208 Nec
384 2153 668 2222 quisquam
710 2151 789 2207 sic
812 2151 911 2207 sibi
937 2149 1006 2205 de
1045 2163 1177 2220 puro
1204 2157 1363 2219 atque
1387 2145 1455 2202 de
1481 2145 1822 2202 immaculato

242 2251 452 2313 pectore
480 2241 814 2303 blandiatur,
856 2250 913 2294 ut
941 2236 1240 2295 innocentia
1267 2252 1363 2292 sua
1391 2235 1559 2292 fretus
1599 2234 1821 2291 medici-

241 2348 361 2387 nam
379 2348 486 2387 non
514 2339 665 2402 putet
688 2328 1040 2386 adhibendam
1059 2342 1177 2384 esse
1191 2326 1500 2383 vulneribus
1518 2342 1531 2378 :
1554 2341 1672 2380 cum
1691 2326 1824 2381 scri-

240 2434 385 2495 ptum
404 2423 493 2489 sit,
518 2422 644 2487 Quis
659 2421 954 2494 gloriabitur
975 2429 1175 2475 castum
1193 2435 1246 2472 se
1268 2417 1447 2472 habere
1470 2417 1594 2470 cor?
1610 2426 1695 2470 aut
1712 2417 1822 2489 quis

241 2512 538 2585 gloriabitur
564 2512 809 2566 mundum
834 2527 887 2566 se
925 2526 1030 2566 esse
1056 2525 1088 2563 a
1114 2508 1330 2577 peccatis
1374 2505 1554 2575 (Prov.
1585 2522 1653 2561 xx
1674 2547 1688 2571 ,
1721 2506 1776 2573 9)
1800 2506 1823 2560 ?

242 2618 293 2662 et
330 2610 523 2663 iterum
551 2605 604 2661 in
636 2604 873 2676 Epistola
897 2618 993 2659 sua
1016 2600 1250 2659 Joannes
1286 2610 1449 2671 ponat
1475 2608 1529 2656 et
1554 2599 1731 2666 dicat,
1763 2599 1825 2653 Si

242 2701 514 2755 dixerimus
536 2702 658 2773 quia
680 2710 937 2771 peccatum
960 2715 1061 2754 non
1096 2699 1368 2764 habemus,
1398 2712 1488 2750 nos
1523 2695 1660 2765 ipsos
1682 2693 1822 2747 deci-

240 2793 425 2862 pimus,
452 2802 498 2845 et
520 2791 703 2845 veritas
728 2792 779 2844 in
800 2789 941 2846 nobis
959 2806 1057 2844 non
1079 2799 1151 2844 est
1173 2787 1193 2819 ³
1227 2786 1269 2859 (l
1295 2784 1452 2843 Joan.
1477 2801 1518 2854 ι,
1542 2784 1623 2855 8).
1647 2781 1703 2839 Si
1731 2798 1825 2838 au-

242 2891 345 2937 tem
377 2898 537 2941 nemo
564 2896 681 2938 esse
708 2881 824 2938 sine
849 2890 1065 2954 peccato
1094 2889 1287 2952 potest,
1315 2890 1370 2936 et
1394 2878 1631 2950 quisquis
1656 2892 1714 2933 se
1742 2876 1827 2932 in-

240 2972 510 3043 culpatum
541 2971 871 3040 dixerithaut
901 2971 1160 3043 superbus
1186 2978 1278 3026 aut
1303 2970 1497 3025 stultus
1524 2977 1606 3023 est
1628 2985 1643 3022 :
1666 2981 1824 3038 quam

241 3063 567 3128 necessaria,
586 3077 743 3133 quam
772 3062 994 3132 benigna
1022 3070 1105 3116 cst
1130 3060 1306 3116 divina
1330 3058 1613 3116 clementia
1633 3074 1647 3123 ;
1665 3073 1783 3128 qua:
1800 3056 1825 3087 δ

240 3169 360 3208 cum
378 3154 515 3208 sciat
542 3167 647 3206 non
671 3152 857 3207 deesse
873 3150 1072 3207 sanatis
1088 3150 1331 3222 quaedam
1358 3148 1691 3221 postmodum
1712 3147 1827 3202 vul-

241 3259 369 3299 nera
391 3284 406 3307 ,
438 3242 588 3297 dedit
615 3242 860 3298 curandis
888 3242 1064 3297 denuo
1091 3239 1448 3311 sanandisque
1468 3240 1489 3271 ⁸
1520 3238 1826 3295 vulneribus

240 3336 483 3392 remedia
509 3335 796 3391 salutaria?
824 3355 842 3390 ›
870 3336 1074 3393 Rursus
1100 3335 1152 3390 in
1179 3333 1366 3391 eadem
1390 3350 1403 3386 :
1443 3351 1462 3386 ‹
1492 3332 1560 3387 Et
1577 3331 1825 3403 quoniam

238 3428 512 3499 quotidie,
551 3446 571 3481 ι
607 3428 810 3499 inquit,
846 3411 866 3481 ᾇ
902 3428 1089 3484 deesse
1114 3443 1219 3483 non
1256 3434 1432 3499 potest
1468 3425 1608 3496 quod
1636 3438 1825 3494 pecce-

237 3528 330 3574 tur
379 3519 430 3573 in
471 3528 759 3589 conspectu
784 3518 913 3587 Dei;
954 3518 1209 3575 sacriﬁcia
1237 3517 1537 3588 quotidiana
1583 3530 1688 3570 non
1731 3514 1827 3571 dc-

236 3609 444 3677 erant',
470 3610 661 3679 quibus
686 3615 903 3681 possent
926 3617 1139 3680 peccata
1165 3608 1350 3679 tergi.s
1370 3606 1505 3662 Item
1530 3606 1581 3661 in
1605 3605 1829 3677 epistola

234 3700 302 3756 de
353 3700 670 3757 hlortalitate
701 3717 715 3756 :
753 3718 773 3753 ι
809 3700 941 3757 Cum
984 3698 1241 3763 avaritia,
1282 3718 1301 3751 ι
1336 3699 1539 3769 inquit,
1575 3716 1596 3750 ι
1633 3696 1785 3753 nobis
1807 3736 1823 3764 ,

233 3809 367 3850 cum
392 3793 720 3866 impudicitia
736 3835 754 3861 ,
782 3808 901 3849 cum
927 3793 1001 3848 ira
1020 3833 1039 3862 ,
1063 3807 1184 3847 cum
1209 3789 1496 3847 ambitione
1521 3789 1827 3860 congressio

231 3892 362 3951 est;
390 3900 510 3939 cum
536 3883 835 3941 carnalibus
858 3884 1019 3951 vitiis,
1050 3898 1169 3938 cum
1196 3881 1461 3938 illecebris
1485 3881 1826 3938 saecularibus

229 3973 457 4031 assidua
482 3984 536 4029 et
564 3975 784 4030 molesta
826 3974 1046 4030 luctatio
1060 3983 1150 4030 est
1180 3991 1194 4026 :
1228 3974 1444 4030 obsessa
1469 3987 1622 4029 mens
1650 3972 1825 4028 homi-

231 4068 319 4123 nis
342 4108 366 4133 ,
411 4075 469 4120 et
507 4065 737 4138 undique
760 4065 958 4121 diaboli
985 4063 1325 4121 infestatione
1350 4065 1540 4121 vallata
1559 4104 1577 4131 ,
1608 4066 1696 4119 vix
1732 4078 1825 4120 oc-

229 4156 415 4214 currit
448 4156 666 4228 singulis
684 4200 699 4225 ,
728 4158 814 4212 vix
840 4156 1061 4213 resistit.
1090 4156 1147 4212 Si
1174 4156 1391 4211 avaritia
1419 4163 1681 4226 prostrata
1703 4163 1786 4211 est
1807 4193 1823 4221 ,

229 4249 488 4320 exsurgit
510 4248 706 4316 libido;
736 4250 781 4306 si
808 4249 973 4305 libido
996 4263 1302 4320 compressa
1329 4256 1430 4313 est,
1454 4246 1691 4302 succedit
1708 4248 1828 4301 'am-

227 4344 413 4408 bitio;
440 4341 490 4396 si
511 4341 730 4398 ambitio
755 4349 1057 4411 contempta
1083 4349 1198 4408 est,
1228 4341 1303 4394 ira
1328 4346 1650 4408 exasperat,
1678 4336 1827 4394 inﬂat

226 4432 519 4505 superbia,
546 4432 830 4489 vinolentia
858 4432 1063 4495 invitat,
1093 4431 1288 4486 invidia
1312 4428 1651 4486 concordiam
1673 4444 1823 4505 rum-

225 4527 305 4598 pit
330 4568 350 4594 ,
385 4523 668 4578 amicitiam
697 4523 840 4579 zelus
859 4524 880 4557 "
904 4523 1167 4579 abscindit
1197 4540 1211 4575 :
1241 4521 1448 4593 cogeris
1467 4519 1782 4577 maledicere
1804 4562 1821 4588 ,

223 4618 387 4692 quod
416 4617 596 4673 divina
636 4617 724 4672 lex
770 4616 1048 4689 prohibet;
1077 4614 1412 4685 compelleris
1441 4614 1622 4685 iurare
1640 4655 1655 4682 ,
1681 4613 1826 4686 quod

224 4730 346 4770 non
380 4712 527 4767 licet.
553 4710 655 4767 Tot
672 4709 1073 4781 persecutiones
1098 4708 1307 4764 animus
1331 4706 1566 4778 quotidie
1590 4707 1785 4778 patitur
1806 4749 1823 4778 ,

302 4933 319 4963 ι
361 4928 505 4986 miti,
522 4926 571 4976 in
590 4925 700 4975 hoc.
734 4931 863 4985 Mss,
885 4934 953 4986 eo;
970 4920 1078 4973 hoc.

295 4997 319 5025 ι
365 4980 520 5056 £diti_',
555 4980 960 5056 utentwtdundis.
1004 4991 1059 5035 At
1093 4985 1144 5033 in
1164 4988 1271 5034 Mss.
1296 4988 1350 5034 et
1368 4980 1495 5047 apud
1524 4983 1825 5048 Cyprianum,

221 5063 272 5105 et
298 5048 653 5104 emtmdundis.

294 5118 320 5148 ³
366 5113 455 5162 uie
476 5112 598 5172 apud
628 5109 929 5176 Cyprianum.
947 5106 1152 5176 additur,
1171 5172 1179 5176 Δ
1197 5103 1246 5156 si
1287 5110 1447 5176 autem
1479 5102 1681 5176 cmfessi
1704 5104 1829 5175 fue-

222 5176 405 5248 rimus
426 5166 620 5248 pereat};
639 5166 818 5248 nostra,
840 5166 1000 5235 fidelis
1019 5174 1063 5218 et
1075 5168 1237 5232 justus
1269 5173 1339 5218 est
1363 5166 1609 5226 Dominus,
1632 5166 1715 5231 qui
1745 5178 1829 5216 no-

221 5239 304 5289 bis
332 5232 541 5301 peccata
564 5232 791 5283 dimittat.
841 5232 850 5235 '
1375 5287 1386 5300 .
1722 5286 1735 5298 .

187 5328 197 5334 -
293 5302 319 5331 δ
364 5303 418 5362 tu
441 5297 585 5362 editis
593 5303 824 5362 omissum
839 5297 961 5349 erat,
982 5302 1125 5362 quam
1146 5300 1603 5362 necessarranguam
1627 5286 1830 5362 beingna

221 5368 302 5413 est
347 5356 521 5409 divina
556 5354 835 5412 clementia,
873 5350 1003 5416 qua.
1038 5352 1249 5400 liabetur
1271 5352 1319 5399 in
1351 5350 1599 5400 (mllitanis
1634 5350 1751 5399 Mss.
1780 5357 1832 5400 et

221 5419 377 5485 εηιυί]
400 5422 697 5481 Cyprianum.
807 5472 817 5485 .
930 5472 960 5485 μ
1161 5481 1169 5485 Δ
1329 5480 1338 5485 Α
1389 5479 1425 5485 __
1749 5472 1760 5485 ι
1771 5472 1781 5483 .

293 5486 318 5517 ι
366 5472 539 5531 ειοῖίιι
573 5486 706 5536 l.ov.,
744 5472 1093 5536 salvandisque.
1150 5481 1249 5522 Am.
1296 5480 1347 5523 et
1389 5479 1532 5532 Mss,
1575 5472 1830 5523 sanamlis-

220 5558 353 5638 ἔρεξ’
368 5601 519 5661 Editi,
541 5600 763 5651 deerunt.
785 5598 1083 5661 castigantur
1108 5608 1171 5645 ex
1197 5603 1298 5645 Mss.

295 5669 322 5700 ⁷
366 5674 442 5714 ει·-
470 5657 523 5713 et
549 5669 682 5717 t.ov.,
706 5658 859 5709 scelus
883 5657 1186 5710 (mendose.

298 5729 385 5789 (α)
420 5734 597 5789 Qogma
622 5716 739 5789 illud
762 5718 1066 5789 Pelagianam
1081 5721 1179 5789 iam
1202 5717 1475 5789 damnatum
1496 5716 1655 5789 fuerat
1678 5730 1702 5764 a
1721 5730 1832 5789 con:

222 5778 380 5839 cilio'
401 5778 570 5835 Africae
617 5778 893 5831 universali
926 5782 1036 5830 anui
1070 5778 1175 5829 illi.
1226 5782 1336 5829 Vide
1379 5779 1527 5839 infra,
1576 5781 1621 5827 in
1646 5785 1781 5841 (arte
1805 5778 1833 5826 Ξ

222 5864 277 5914 At,-
292 5848 553 5913 .pendic'ts.

1575 392 1775 447 LIBER
1816 390 2155 459 QUARTUS.

1923 510 2002 557 tot
2024 504 2275 573 periculis
2292 515 2474 574 pectus
2500 516 2717 579 urgetur
2736 508 2775 573 ¹,
2794 517 2849 563 et
2873 507 3102 563 delectat
3127 506 3213 564 hie
3236 508 3373 577 inter
3389 509 3502 563 dia-

1919 593 2027 648 boli
2068 594 2274 665 gladios
2294 598 2315 629 ³
2341 596 2430 652 diu
2457 607 2629 664 stare;
2659 613 2778 653 cum
2823 600 2990 669 magis
3015 598 3500 670 concupiscendunt

1920 685 1991 740 sit
2033 694 2087 742 et
2127 687 2449 757 optandum,
2477 689 2545 743 ad
2570 690 2839 746 Christum
2880 691 3228 748 subveniente
3266 691 3501 748 velocius

1922 787 2093 834 morte
2124 774 2429 851 preparare.
2462 800 2480 833 ι
2515 781 2644 836 Item
2672 783 2724 837 in
2753 784 2863 850 ipsa
2900 800 2911 836 :
2950 801 2970 837 ι
3008 783 3221 850 Beatus,
3253 801 3272 835 ι
3309 784 3498 853 inquit.

1928 888 1946 921 ι
1981 870 2252 940 apostolus
2276 871 2474 926 Paulus
2498 872 2551 926 in
2578 871 2811 942 Epistola
2837 889 2929 929 sua
2953 874 3099 945 ponit
3122 887 3173 931 et
3202 874 3350 940 dicit,
3369 873 3502 929 Mihi

1922 963 2080 1018 vivere
2106 960 2332 1017 Christus
2358 972 2450 1027 est,
2477 972 2524 1018 et
2547 964 2673 1017 mori
2697 964 2892 1018 lucrum
2917 964 3175 1035 (Philipp.
3200 980 3238 1030 ι,
3260 965 3355 1033 2|)
3381 981 3393 1016 :
3420 964 3502 1018 Iu-

1922 1067 2072 1107 crum
2099 1053 2389 1107 maximum
2412 1060 2728 1122 computans
2747 1054 2858 1122 jam
2894 1055 3233 1110 seecularibus
3258 1054 3459 1124 laqueis
3481 1053 3501 1085 ³

1923 1159 2028 1197 non
2074 1144 2274 1208 teneri,
2299 1143 2410 1214 jam
2453 1145 2612 1199 nullis
2654 1134 2895 1214 peccatis
2923 1154 2976 1201 et
3004 1147 3147 1201 vitiis
3186 1146 3364 1202 carnis
3402 1146 3500 1202 ob~

1888 1286 1893 1291 .
1923 1235 2136 1290 noxium
2163 1235 2296 1291 ﬁeri.
2334 1255 2354 1289 ι
2388 1234 2520 1292 Item
2548 1236 2615 1292 de
2636 1236 2878 1292 oratione
2901 1236 3166 1294 dominica
3187 1278 3202 1303 ,
3228 1252 3500 1307 exponens

1922 1325 2059 1394 quod
2085 1327 2313 1397 petimus
2336 1327 2574 1383 dicentes
2592 1367 2609 1394 ,
2640 1327 3000 1397 Sancti/iretur
3024 1345 3206 1383 nomen
3233 1337 3370 1383 tuum
3390 1344 3411 1393 ;
3431 1328 3505 1384 ait

1923 1416 2061 1472 inter
2087 1426 2278 1474 canora
2308 1435 2323 1472 :
2360 1437 2380 1473 ι
2415 1417 2560 1489 Opus
2588 1428 2670 1474 est
2698 1420 2839 1475 enim
2865 1420 3021 1476 nobis
3045 1421 3351 1490 quotidiana
3377 1436 3503 1477 san-

1922 1508 2360 1575 ctiﬁcatione,_ut
2385 1510 2475 1581 qui
2501 1510 2738 1581 quotidie
2761 1511 3118 1582 delinquimus
3137 1550 3154 1576 ,
3180 1510 3374 1567 delicta
3402 1527 3503 1566 no-

1922 1608 2031 1653 stra
2055 1599 2473 1655 sanctiﬁcatione
2496 1600 2707 1656 assidua
2746 1616 3112 1671 repurgemus.
3152 1620 3171 1653 ι
3206 1601 3412 1657 Rursus
3450 1601 3504 1656 in

1921 1690 2108 1745 eadem
2128 1732 2145 1758 ,
2172 1706 2293 1746 cum
2319 1701 2610 1761 exponeret
2647 1692 2791 1763 quod
2818 1693 3077 1758 dicimus,
3113 1693 3319 1749 Dimitte
3362 1694 3505 1749 nobis

1923 1779 2086 1835 debita
2112 1790 2284 1836 nostra
2326 1781 2535 1853 (Matth.
2565 1798 2649 1850 Vl,
2678 1782 2747 1850 9,
2776 1782 2863 1855 l2)
2898 1802 2912 1839 :
2948 1802 2968 1835 ι
3005 1783 3174 1852 Quam
3203 1785 3505 1841 necessarie

1923 1879 2120 1937 autem,
2153 1891 2171 1925 ι
2206 1873 2392 1943 inquit,
2431 1891 2453 1926 ι
2480 1888 2637 1943 quam
2666 1875 3007 1943 providenter
3031 1884 3086 1930 et
3110 1876 3393 1931 salubriter
3412 1876 3506 1933 ad-

1923 1978 2202 2020 monemur
2219 2007 2236 2034 ,
2265 1966 2407 2037 quod
2446 1975 2755 2037 peceatores
2777 1982 2964 2022 sumus
2985 2009 2999 2034 ,
3027 1968 3117 2035 qui
3146 1984 3241 2039 pro
3276 1969 3507 2039 peccatis

1924 2072 2113 2128 rogare
2152 2060 2554 2128 compellimur;
2587 2067 2648 2115 ut
2670 2059 2796 2117 dum
2824 2059 3146 2131 indulgentia
3175 2060 3244 2116 de
3270 2061 3383 2116 Deo
3411 2075 3507 2130 pe-

1927 2148 2089 2215 titur,
2131 2149 2473 2205 conscientias
2501 2165 2612 2206 suae
2651 2149 2861 2206 animus
2886 2151 3228 2207 recordetur!
3270 2151 3349 2207 Ne
3387 2151 3507 2222 quis

1925 2239 2027 2294 sibi
2051 2243 2199 2312 quasi
2227 2241 2481 2297 innocens
2508 2242 2731 2313 placeat,
2748 2251 2804 2299 et
2824 2257 2885 2298 se
2904 2243 3211 2300 extollendo
3235 2244 3357 2313 plus
3381 2258 3510 2314 per-

1925 2340 2044 2397 eat,
2092 2330 2371 2387 instruitur
2398 2340 2454 2388 et
2491 2331 2713 2388 docetur
2735 2348 2957 2404 peccare
2982 2348 3041 2389 se
3080 2334 3350 2405 quotidie,
3379 2334 3507 2391 dum

1925 2419 2162 2490 quotidie
2179 2435 2274 2490 pro
2284 2423 2518 2491 peccatis
2530 2411 2745 2492 iubetur
2758 2438 2932 2479 orare.
2946 2424 3034 2482 Sic
3049 2425 3277 2496 denique
3291 2434 3345 2481 et
3356 2426 3512 2483 Joan-

1928 2526 2023 2566 nes
2064 2511 2118 2565 in
2147 2511 2383 2579 Epistola
2422 2528 2518 2568 sua
2545 2523 2729 2571 monet
2750 2514 2933 2571 dicens
2955 2559 2969 2582 ,
3001 2515 3061 2572 Si
3089 2516 3364 2572 dixerimus
3390 2518 3511 2589 quia

1927 2610 2185 2673 peccatum
2209 2617 2310 2658 non
2334 2601 2605 2670 habemus,
2632 2620 2723 2659 nos
2745 2605 2881 2675 ipsos
2921 2605 3195 2675 decipimus
3215 2646 3230 2673 ,
3259 2616 3305 2661 et
3328 2607 3511 2662 veritas

1927 2693 1979 2747 in
2005 2694 2146 2748 nobis
2169 2710 2269 2749 non
2291 2705 2384 2750 est.
2415 2695 2478 2751 Si
2504 2704 2667 2750 autem
2691 2698 2905 2769 confessi
2931 2701 3174 2768 fuerimus
3198 2707 3399 2768 peccata
3420 2714 3514 2753 no-

1927 2794 2052 2853 stra,
2079 2787 2244 2857 fidelis
2264 2797 2312 2842 et
2326 2788 2501 2859 justus
2520 2798 2591 2842 est
2610 2787 2633 2820 ⁸
2660 2788 2746 2859 qui
2771 2787 2913 2843 nobis
2944 2799 3146 2859 peccata
3169 2790 3385 2844 dimittat
3413 2809 3445 2842 ι-
3467 2791 3509 2861 (l

1927 2875 2083 2932 Joan.
2113 2894 2166 2944 ι,
2193 2878 2227 2934 8
2254 2888 2301 2932 et
2323 2878 2400 2950 9).
2440 2878 2627 2934 Merito
2652 2888 2706 2934 et
2730 2878 2794 2934 ad
2818 2878 3095 2947 Quirinum
3122 2879 3189 2935 de
3213 2881 3313 2935 hac
3338 2895 3398 2936 re
3417 2880 3512 2936 ab-

1930 2968 2309 3025 solutissimum
2339 2971 2658 3026 sententiam
2698 2985 2847 3026 suam
2889 2973 3200 3042 proposuit,
3243 2972 3511 3028 cui-testi-

1929 3061 2108 3116 monia
2133 3061 2329 3119 divina
2348 3062 2724 3133 subjungeret,
2762 3082 2782 3116 ‹
2816 3062 3092 3119 Neminem
3121 3064 3236 3120 sine
3273 3064 3430 3121 sorde
3461 3074 3512 3120 et

1930 3151 2045 3206 sine
2070 3161 2286 3223 peccato
2309 3168 2431 3209 esse
2467 3172 2486 3206 ι
2524 3153 2661 3226 (Lib.
2689 3155 2755 3221 3,
2785 3171 2900 3226 cap.
2925 3154 3035 3226 54)
3073 3173 3087 3215 :
3119 3155 3209 3210 ubi
3232 3156 3390 3212 etiam
3421 3156 3509 3210 illa

1930 3245 2232 3302 testimonia
2268 3247 2477 3315 posuit,
2507 3247 2699 3318 quibus
2720 3247 3063 3304 conﬁrmatur
3088 3248 3343 3323 originale
3379 3263 3509 3322 pec-

1930 3343 2104 3390 catum
2126 3376 2142 3403 ,
2168 3350 2289 3407 quae
2316 3345 2576 3392 conantur
2598 3337 2684 3393 isti
2710 3338 2763 3392 in
2804 3338 2987 3394 nescio
3011 3352 3145 3408 quos
3167 3338 3302 3395 alios
3337 3353 3512 3394 novos

1931 3440 2122 3482 sensus
2162 3440 2456 3498 pravosque
2480 3437 2793 3483 convertere
2823 3446 2838 3483 :
2869 3428 2983 3485 sive
3017 3428 3157 3499 quod
3180 3429 3257 3483 ait
3295 3437 3512 3484 sanctus

1930 3516 2032 3573 Job
2050 3559 2064 3584 ,
2091 3517 2365 3574 Neminem
2390 3533 2511 3575 esse
2547 3519 2656 3573 sine
2680 3518 2831 3574 sorde
2847 3560 2863 3586 ,
2904 3535 2993 3574 nec
3025 3520 3173 3591 cujus
3194 3520 3260 3573 sit
3284 3520 3383 3574 vita
3408 3519 3512 3574 disi

1931 3609 2080 3663 unius
2105 3625 2255 3679 super
2281 3618 2464 3663 terram
2489 3608 2611 3678 (Job
2635 3625 2743 3676 xxv,
2770 3610 2805 3665 5
2828 3651 2844 3677 ,
2870 3626 2970 3665 sec.
2999 3609 3201 3682 LXX);
3227 3612 3339 3667 sive
3363 3611 3509 3682 quod

1930 3698 1984 3754 lu
2011 3699 2221 3755 Psalmo
2246 3700 2453 3770 legitur,
2483 3697 2548 3754 1η
2570 3699 2796 3770 facinore
2812 3712 3080 3771 conceptus
3102 3717 3233 3766 sum,
3259 3703 3375 3757 etin
3396 3718 3512 3772 pec-

1931 3791 2054 3846 catis
2079 3807 2157 3846 me
2191 3801 2347 3846 mater
2370 3808 2482 3846 mea
2504 3792 2556 3846 in
2585 3802 2724 3848 utero
2746 3792 2873 3848 aluit
2900 3791 3070 3863 (Psal.
3099 3807 3131 3847 ι.
3149 3834 3165 3861 ,
3193 3793 3270 3865 7).
3308 3792 3513 3861 Quibus

1932 3880 2284 3949 testimoniis,
2310 3889 2529 3952 propter
2552 3896 2647 3938 eos
2686 3882 2845 3938 etiam
2873 3883 2962 3953 qui
2978 3883 3088 3953 jam
3116 3883 3168 3938 in
3195 3892 3354 3940 aetate
3391 3898 3511 3940 ma-

1926 3970 2032 4042 jori
2069 3981 2192 4027 sunt
2217 3972 2384 4027 sancti
2404 4014 2418 4038 ,
2444 3973 2567 4044 quia
2604 3987 2705 4029 nec
2730 3972 2829 4044 ipsi
2857 3981 2984 4028 sunt
3008 3973 3125 4030 sine
3150 3973 3309 4030 sorde
3349 3984 3511 4045 atque

1931 4067 2171 4131 peccato,
2193 4060 2432 4131 adjunxit
2459 4061 2617 4117 etiam
2642 4060 2770 4116 illud
2795 4060 3087 4118 beatissimi
3105 4061 3346 4131 Joannis,
3368 4064 3512 4135 quod

1929 4151 2111 4206 multis
2133 4158 2188 4207 et
2209 4151 2328 4205 aliis
2355 4151 2488 4206 locis
2512 4165 2657 4220 saepe
2683 4160 3070 4208 commemorat
3098 4169 3113 4206 :
3145 4153 3207 4208 Si
3233 4153 3512 4208 dixerimus

1928 4242 2048 4312 qttia
2075 4249 2335 4311 peccatum
2359 4257 2460 4296 non
2498 4241 2769 4310 habemus;
2795 4249 2852 4297 et
2887 4249 3082 4297 caatera
3106 4242 3344 4312 ejusdem
3382 4258 3509 4299 sen-

1933 4330 2110 4387 tentiae
2128 4371 2144 4397 ,
2170 4346 2289 4402 qua:
2317 4331 2386 4386 ab
2409 4330 2656 4386 omnibus
2679 4330 2968 4387 Catholicis
3011 4345 3118 4387 non
3147 4340 3387 4386 tacentur
3408 4334 3508 4388 ad-

1930 4436 2118 4477 versus
2136 4421 2273 4478 istos
2291 4462 2307 4489 ,
2337 4421 2426 4494 qui
2449 4435 2509 4477 se
2532 4421 2693 4491 ipsos
2718 4421 3023 4493 decipiunt,
3051 4430 3106 4478 et
3129 4422 3181 4478 in
3207 4423 3286 4480 eis
3313 4423 3509 4479 veritas

1933 4526 2040 4570 non
2071 4524 2171 4567 est.

1935 4642 1951 4693 χ
2002 4627 2094 4683 28.
2136 4627 2347 4689 Dicant,
2390 4625 2438 4680 si
2478 4622 2677 4681 audent
2711 4623 3010 4696 Pelagiani,
3052 4624 3193 4681 hunc
3241 4625 3509 4683 hominem

1935 4714 2032 4777 Dei
2060 4718 2465 4775 Manichaeorum
2498 4732 2681 4773 errore
2710 4732 3014 4787 perversum
3035 4758 3050 4786 ,
3080 4717 3200 4789 quia
3232 4719 3301 4774 ita
3330 4720 3511 4777 laudat

1933 4820 2179 4877 sanctos,
2211 4818 2269 4866 ut
2305 4819 2481 4865 tamen
2511 4808 2734 4864 fateatur
2771 4809 3040 4865 neminem
3080 4809 3134 4864 in
3162 4808 3263 4865 hac
3294 4810 3403 4867 vita
3442 4812 3511 4867 ad

1935 4914 2131 4961 tantam
2170 4900 2545 4974 perfectionem
2576 4900 2849 4970 pervenire
2873 4901 2895 4934 ⁸
2927 4901 3142 4972 iustitia:
3162 4943 3178 4969 ,
3206 4910 3265 4958 ut
3307 4904 3510 4961 nullum

1934 4996 2126 5052 habeat
2151 4994 2368 5051 omnino
2395 4999 2669 5063 peccatum
2693 5032 2708 5056 ,
2736 4992 3054 5047 sententiam
3087 5004 3236 5047 suam
3269 4995 3511 5049 testimo-

1934 5090 2142 5144 niorum
2159 5085 2530 5142 eanonicorum
2549 5084 2821 5154 perspicua
2839 5084 3059 5141 veritate
3074 5094 3127 5140 et
3140 5085 3317 5142 divina
3331 5097 3510 5145 aucto.

1934 5181 2091 5236 ritate
2110 5177 2449 5233 conﬁrmans.
2478 5173 2737 5246 Numquid
2763 5176 2903 5231 enim
2926 5186 3084 5248 negat
3110 5195 3129 5231 ι
3162 5178 3215 5233 in
3242 5178 3517 5248 Baptismo‘

1936 5272 2178 5327 universa
2206 5275 2418 5339 peccata
2454 5266 2676 5332 dimitti,
2713 5285 2731 5318 ι
2764 5267 2886 5337 quia
2914 5267 3107 5323 fatetur
3146 5283 3362 5323 manere
3399 5267 3510 5322 fra-

1936 5362 2189 5431 gilitatem
2216 5367 2373 5428 atque
2400 5356 2758 5412 inﬁrmitatem
2785 5401 2798 5425 ,
2828 5358 2968 5415 unde
3009 5374 3106 5415 nos
3133 5360 3261 5415 dicit
3288 5373 3514 5428 precare

2001 5472 2017 5503 ³
2051 5468 2271 5519 Gallicani
2294 5475 2423 5528 Mss,
2447 5472 2513 5518 tot
2537 5466 2762 5533 periculis
2785 5475 2829 5518 et
2853 5470 3057 5532 peccatis
3076 5475 3292 5533 urgetur.

2001 5534 2021 5563 ’
2054 5532 2327 5593 sicinguss.
2355 5538 2407 5579 et
2427 5530 2555 5593 apud
2577 5538 2653 5592 κει
2671 5528 2874 5580 νὶίιιιιιιιὶ.
2914 5540 2969 5580 At
2992 5538 3091 5580 Am.
3118 5528 3192 5579 Er.
3215 5540 3268 5581 et
3288 5538 3420 5592 Lov.,
3443 5528 3515 5582 iu-

1940 5600 2011 5645 ter
2036 5590 2215 5656 diaboli
2248 5590 2457 5656 laqueos.

2001 5656 2024 5720 ξ
2054 5654 2185 5720 Apud
2214 5649 2515 5720 Cyprianum,
2535 5651 2708 5720 siccati
2731 5649 2925 5720 laqueis.
2951 5708 2963 5720 ο

1940 5717 2031 5827 6;)
2057 5710 2530 5826 Apéd‘c'yiriauum',
2549 5716 2708 5779 justus
2731 5710 2800 5763 est
2828 5710 3084 5773 Dominus;
3124 5716 3179 5760 ut
3218 5721 3377 5775 sumi,
3422 5710 3513 5762 col.

1973 5791 2012 5827 ι..
2035 5814 2048 5827 .
2076 5791 2105 5824 u
2163 5811 2174 5824 .
2225 5813 2235 5824 .

1973 5785 2048 5835 :lll,
2076 5785 2174 5826 not.
2197 5785 2235 5824 ⁸.

2004 5841 2024 5872 ⁸
2061 5845 2188 5897 Ima,
2223 5836 2477 5903 pertinere.
