  <div class='ocr_page' id='page_1' title='image "/cluster/home/n/w/nwhite01/storage/ocr_20150623/44/hvd.32044015706336/321.png"; bbox 0 0 4038 6468; ppageno 0'>
   <div class='ocr_carea' id='block_1_1' title="bbox 543 410 638 466">
    <p class='ocr_par' dir='ltr' id='par_1_1' title="bbox 543 410 638 466">
     <span class='ocr_line' id='line_1_1' title="bbox 543 410 638 466; baseline 0 -1"><span class='ocrx_word' id='word_1_1' title='bbox 543 410 638 466; x_wconf 69' lang='lat'><strong>(:31</strong></span> 
     </span>
    </p>
   </div>
   <div class='ocr_carea' id='block_1_2' title="bbox 542 517 2112 595">
    <p class='ocr_par' dir='ltr' id='par_1_2' title="bbox 542 517 2112 595">
     <span class='ocr_line' id='line_1_2' title="bbox 542 517 2112 595; baseline -0.008 -16"><span class='ocrx_word' id='word_1_2' title='bbox 542 533 662 595; x_wconf 86' lang='lat' dir='ltr'><strong>post</strong></span> <span class='ocrx_word' id='word_1_3' title='bbox 690 522 1043 592; x_wconf 84' lang='lat' dir='ltr'><strong>Baptismum,</strong></span> <span class='ocrx_word' id='word_1_4' title='bbox 1073 527 1126 574; x_wconf 89' lang='lat' dir='ltr'><strong>ct</strong></span> <span class='ocrx_word' id='word_1_5' title='bbox 1160 533 1326 589; x_wconf 88' lang='lat' dir='ltr'><strong>usque</strong></span> <span class='ocrx_word' id='word_1_6' title='bbox 1357 519 1407 572; x_wconf 94' lang='lat' dir='ltr'><strong>iu</strong></span> <span class='ocrx_word' id='word_1_7' title='bbox 1447 518 1602 587; x_wconf 80' lang='lat' dir='ltr'><strong>hujus</strong></span> <span class='ocrx_word' id='word_1_8' title='bbox 1643 517 1761 572; x_wconf 79' lang='lat' dir='ltr'><strong>vita:</strong></span> <span class='ocrx_word' id='word_1_9' title='bbox 1798 517 1953 570; x_wconf 84' lang='lat' dir='ltr'><strong>linem</strong></span> <span class='ocrx_word' id='word_1_10' title='bbox 1992 529 2112 571; x_wconf 87' lang='lat' dir='ltr'><strong>cum</strong></span> 
     </span>
    </p>
   </div>
   <div class='ocr_carea' id='block_1_3' title="bbox 541 605 2115 670">
    <p class='ocr_par' dir='ltr' id='par_1_3' title="bbox 541 605 2115 670">
     <span class='ocr_line' id='line_1_3' title="bbox 541 605 2115 670; baseline -0.008 0"><span class='ocrx_word' id='word_1_11' title='bbox 541 614 837 670; x_wconf 89' lang='lat' dir='ltr'><strong>carnalibus</strong></span> <span class='ocrx_word' id='word_1_12' title='bbox 875 610 1013 664; x_wconf 86' lang='lat' dir='ltr'><strong>vitiis</strong></span> <span class='ocrx_word' id='word_1_13' title='bbox 1059 610 1445 665; x_wconf 89' lang='lat' dir='ltr'><strong>indesinentcm</strong></span> <span class='ocrx_word' id='word_1_14' title='bbox 1489 610 1504 640; x_wconf 85' lang='grc'>¹</span> <span class='ocrx_word' id='word_1_15' title='bbox 1534 608 1730 662; x_wconf 88' lang='lat' dir='ltr'><strong>habere</strong></span> <span class='ocrx_word' id='word_1_16' title='bbox 1771 605 2115 662; x_wconf 85' lang='lat' dir='ltr'><strong>conﬂictum?</strong></span> 
     </span>
    </p>
   </div>
   <div class='ocr_carea' id='block_1_4' title="bbox 543 694 2114 767">
    <p class='ocr_par' dir='ltr' id='par_1_4' title="bbox 543 694 2114 767">
     <span class='ocr_line' id='line_1_4' title="bbox 543 694 2114 767; baseline -0.007 -8"><span class='ocrx_word' id='word_1_17' title='bbox 543 705 647 761; x_wconf 87' lang='lat' dir='ltr'><strong>Aut</strong></span> <span class='ocrx_word' id='word_1_18' title='bbox 671 703 786 756; x_wconf 88' lang='lat' dir='ltr'><strong>ideo</strong></span> <span class='ocrx_word' id='word_1_19' title='bbox 815 715 922 754; x_wconf 93' lang='lat' dir='ltr'><strong>non</strong></span> <span class='ocrx_word' id='word_1_20' title='bbox 963 699 1308 763; x_wconf 86' lang='lat' dir='ltr'><strong>meminerat,</strong></span> <span class='ocrx_word' id='word_1_21' title='bbox 1339 698 1464 767; x_wconf 88' lang='lat' dir='ltr'><strong>quid</strong></span> <span class='ocrx_word' id='word_1_22' title='bbox 1499 715 1517 749; x_wconf 77' lang='grc' dir='ltr'><strong>ι</strong></span> <span class='ocrx_word' id='word_1_23' title='bbox 1555 697 1620 752; x_wconf 91' lang='lat' dir='ltr'><strong>de</strong></span> <span class='ocrx_word' id='word_1_24' title='bbox 1651 696 1978 750; x_wconf 89' lang='lat' dir='ltr'><strong>immaculata</strong></span> <span class='ocrx_word' id='word_1_25' title='bbox 2010 694 2114 748; x_wconf 78' lang='lat' dir='ltr'><strong>Ec-</strong></span> 
     </span>
    </p>
   </div>
   <div class='ocr_carea' id='block_1_5' title="bbox 544 787 2112 860">
    <p class='ocr_par' dir='ltr' id='par_1_5' title="bbox 544 787 2112 860">
     <span class='ocr_line' id='line_1_5' title="bbox 544 787 2112 860; baseline -0.005 -13"><span class='ocrx_word' id='word_1_26' title='bbox 544 793 702 847; x_wconf 81' lang='lat' dir='ltr'><strong>cicsia</strong></span> <span class='ocrx_word' id='word_1_27' title='bbox 735 811 751 844; x_wconf 72' lang='grc' dir='ltr'><strong>ι</strong></span> <span class='ocrx_word' id='word_1_28' title='bbox 784 791 1004 845; x_wconf 80' lang='lat' dir='ltr'><strong>dixisset</strong></span> <span class='ocrx_word' id='word_1_29' title='bbox 1034 791 1323 860; x_wconf 83' lang='lat' dir='ltr'><strong>Apostolus</strong></span> <span class='ocrx_word' id='word_1_30' title='bbox 1350 788 1565 858; x_wconf 71' lang='lat' dir='ltr'><strong>(Ep/tes.</strong></span> <span class='ocrx_word' id='word_1_31' title='bbox 1596 803 1658 852; x_wconf 90' lang='lat' dir='ltr'><strong>v,</strong></span> <span class='ocrx_word' id='word_1_32' title='bbox 1686 787 1798 855; x_wconf 60' lang='grc' dir='ltr'><strong>ει),</strong></span> <span class='ocrx_word' id='word_1_33' title='bbox 1829 787 1947 854; x_wconf 80' lang='lat' dir='ltr'><strong>quia</strong></span> <span class='ocrx_word' id='word_1_34' title='bbox 1979 800 2112 854; x_wconf 67' lang='lat' dir='ltr'><strong>prat-</strong></span> 
     </span>
    </p>
   </div>
   <div class='ocr_carea' id='block_1_6' title="bbox 542 876 2118 949">
    <p class='ocr_par' dir='ltr' id='par_1_6' title="bbox 542 876 2118 949">
     <span class='ocr_line' id='line_1_6' title="bbox 542 876 2118 949; baseline -0.004 -14"><span class='ocrx_word' id='word_1_35' title='bbox 542 881 678 949; x_wconf 80' lang='lat' dir='ltr'><strong>cepit</strong></span> <span class='ocrx_word' id='word_1_36' title='bbox 726 880 991 935; x_wconf 87' lang='lat' dir='ltr'><strong>nemiuem</strong></span> <span class='ocrx_word' id='word_1_37' title='bbox 1037 881 1117 935; x_wconf 88' lang='lat' dir='ltr'><strong>sic</strong></span> <span class='ocrx_word' id='word_1_38' title='bbox 1155 880 1251 934; x_wconf 87' lang='lat' dir='ltr'><strong>sibi</strong></span> <span class='ocrx_word' id='word_1_39' title='bbox 1298 879 1364 934; x_wconf 89' lang='lat' dir='ltr'><strong>de</strong></span> <span class='ocrx_word' id='word_1_40' title='bbox 1406 893 1536 948; x_wconf 87' lang='lat' dir='ltr'><strong>puro</strong></span> <span class='ocrx_word' id='word_1_41' title='bbox 1579 888 1735 947; x_wconf 91' lang='lat' dir='ltr'><strong>atque</strong></span> <span class='ocrx_word' id='word_1_42' title='bbox 1783 876 2118 930; x_wconf 87' lang='lat' dir='ltr'><strong>immaculato</strong></span> 
     </span>
    </p>
   </div>
   <div class='ocr_carea' id='block_1_7' title="bbox 545 967 2114 1039">
    <p class='ocr_par' dir='ltr' id='par_1_7' title="bbox 545 967 2114 1039">
     <span class='ocr_line' id='line_1_7' title="bbox 545 967 2114 1039; baseline -0.004 -14"><span class='ocrx_word' id='word_1_43' title='bbox 545 980 755 1039; x_wconf 82' lang='lat' dir='ltr'><strong>pectore</strong></span> <span class='ocrx_word' id='word_1_44' title='bbox 791 971 986 1026; x_wconf 89' lang='lat' dir='ltr'><strong>debere</strong></span> <span class='ocrx_word' id='word_1_45' title='bbox 1031 969 1282 1034; x_wconf 78' lang='lat' dir='ltr'><strong>blandiri,</strong></span> <span class='ocrx_word' id='word_1_46' title='bbox 1336 977 1391 1023; x_wconf 92' lang='lat' dir='ltr'><strong>ut</strong></span> <span class='ocrx_word' id='word_1_47' title='bbox 1434 969 1731 1024; x_wconf 89' lang='lat' dir='ltr'><strong>innocentia</strong></span> <span class='ocrx_word' id='word_1_48' title='bbox 1777 981 1871 1021; x_wconf 91' lang='lat' dir='ltr'><strong>sua</strong></span> <span class='ocrx_word' id='word_1_49' title='bbox 1915 967 2114 1030; x_wconf 80' lang='lat' dir='ltr'><strong>fretus,</strong></span> 
     </span>
    </p>
   </div>
   <div class='ocr_carea' id='block_1_8' title="bbox 543 1057 2119 1131">
    <p class='ocr_par' dir='ltr' id='par_1_8' title="bbox 543 1057 2119 1131">
     <span class='ocr_line' id='line_1_8' title="bbox 543 1057 2119 1131; baseline -0.004 -14"><span class='ocrx_word' id='word_1_50' title='bbox 543 1062 858 1118; x_wconf 82' lang='lat' dir='ltr'><strong>medicinam</strong></span> <span class='ocrx_word' id='word_1_51' title='bbox 890 1078 994 1116; x_wconf 93' lang='lat' dir='ltr'><strong>non</strong></span> <span class='ocrx_word' id='word_1_52' title='bbox 1036 1071 1180 1131; x_wconf 91' lang='lat' dir='ltr'><strong>putet</strong></span> <span class='ocrx_word' id='word_1_53' title='bbox 1221 1061 1571 1131; x_wconf 81' lang='lat' dir='ltr'><strong>adhibendam</strong></span> <span class='ocrx_word' id='word_1_54' title='bbox 1616 1074 1734 1116; x_wconf 89' lang='lat' dir='ltr'><strong>esse</strong></span> <span class='ocrx_word' id='word_1_55' title='bbox 1778 1057 2119 1112; x_wconf 90' lang='lat' dir='ltr'><strong>vulneribus?</strong></span> 
     </span>
    </p>
   </div>
   <div class='ocr_carea' id='block_1_9' title="bbox 545 1148 2118 1224">
    <p class='ocr_par' dir='ltr' id='par_1_9' title="bbox 545 1148 2118 1224">
     <span class='ocr_line' id='line_1_9' title="bbox 545 1148 2118 1224; baseline -0.006 -15"><span class='ocrx_word' id='word_1_56' title='bbox 545 1155 679 1209; x_wconf 81' lang='lat' dir='ltr'><strong>Puto</strong></span> <span class='ocrx_word' id='word_1_57' title='bbox 704 1153 842 1224; x_wconf 91' lang='lat' dir='ltr'><strong>quod</strong></span> <span class='ocrx_word' id='word_1_58' title='bbox 884 1153 1179 1209; x_wconf 87' lang='lat' dir='ltr'><strong>concedant</strong></span> <span class='ocrx_word' id='word_1_59' title='bbox 1221 1153 1339 1207; x_wconf 89' lang='lat' dir='ltr'><strong>novi</strong></span> <span class='ocrx_word' id='word_1_60' title='bbox 1372 1150 1603 1206; x_wconf 68' lang='lat' dir='ltr'><strong>iret-elici</strong></span> <span class='ocrx_word' id='word_1_61' title='bbox 1635 1150 1759 1204; x_wconf 91' lang='lat' dir='ltr'><strong>huic</strong></span> <span class='ocrx_word' id='word_1_62' title='bbox 1785 1148 1988 1215; x_wconf 81' lang='lat' dir='ltr'><strong>homini</strong></span> <span class='ocrx_word' id='word_1_63' title='bbox 2027 1161 2118 1201; x_wconf 84' lang='lat' dir='ltr'><strong>ca-</strong></span> 
     </span>
    </p>
   </div>
   <div class='ocr_carea' id='block_1_10' title="bbox 542 1239 2118 1312">
    <p class='ocr_par' dir='ltr' id='par_1_10' title="bbox 542 1239 2118 1312">
     <span class='ocr_line' id='line_1_10' title="bbox 542 1239 2118 1312; baseline -0.004 -14"><span class='ocrx_word' id='word_1_64' title='bbox 542 1245 740 1299; x_wconf 89' lang='lat' dir='ltr'><strong>tholico</strong></span> <span class='ocrx_word' id='word_1_65' title='bbox 763 1245 919 1309; x_wconf 87' lang='lat' dir='ltr'><strong>scire,</strong></span> <span class='ocrx_word' id='word_1_66' title='bbox 953 1263 970 1295; x_wconf 75' lang='grc' dir='ltr'><strong>ι</strong></span> <span class='ocrx_word' id='word_1_67' title='bbox 1000 1244 1250 1312; x_wconf 89' lang='lat' dir='ltr'><strong>Spiritum</strong></span> <span class='ocrx_word' id='word_1_68' title='bbox 1279 1252 1517 1296; x_wconf 90' lang='lat' dir='ltr'><strong>sanctum</strong></span> <span class='ocrx_word' id='word_1_69' title='bbox 1546 1249 1750 1295; x_wconf 87' lang='lat' dir='ltr'><strong>mentes</strong></span> <span class='ocrx_word' id='word_1_70' title='bbox 1771 1240 1938 1294; x_wconf 91' lang='lat' dir='ltr'><strong>bonas</strong></span> <span class='ocrx_word' id='word_1_71' title='bbox 1958 1239 2118 1293; x_wconf 91' lang='lat' dir='ltr'><strong>etiam</strong></span> 
     </span>
    </p>
   </div>
   <div class='ocr_carea' id='block_1_11' title="bbox 541 1331 2120 1407">
    <p class='ocr_par' dir='ltr' id='par_1_11' title="bbox 541 1331 2120 1407">
     <span class='ocr_line' id='line_1_11' title="bbox 541 1331 2120 1407; baseline -0.003 -17"><span class='ocrx_word' id='word_1_72' title='bbox 541 1337 772 1407; x_wconf 85' lang='lat' dir='ltr'><strong>antiquis</strong></span> <span class='ocrx_word' id='word_1_73' title='bbox 799 1337 1121 1406; x_wconf 84' lang='lat' dir='ltr'><strong>temporibus</strong></span> <span class='ocrx_word' id='word_1_74' title='bbox 1146 1335 1443 1405; x_wconf 81' lang='lat' dir='ltr'><strong>adjuvisse:</strong></span> <span class='ocrx_word' id='word_1_75' title='bbox 1480 1353 1499 1386; x_wconf 73' lang='grc' dir='ltr'><strong>ι</strong></span> <span class='ocrx_word' id='word_1_76' title='bbox 1533 1333 1639 1388; x_wconf 91' lang='lat' dir='ltr'><strong>imo</strong></span> <span class='ocrx_word' id='word_1_77' title='bbox 1668 1333 1824 1387; x_wconf 88' lang='lat' dir='ltr'><strong>etiam</strong></span> <span class='ocrx_word' id='word_1_78' title='bbox 1851 1331 1989 1402; x_wconf 86' lang='lat' dir='ltr'><strong>quod</strong></span> <span class='ocrx_word' id='word_1_79' title='bbox 2021 1331 2120 1400; x_wconf 90' lang='lat' dir='ltr'><strong>ipsi</strong></span> 
     </span>
    </p>
   </div>
   <div class='ocr_carea' id='block_1_12' title="bbox 542 1425 2122 1496">
    <p class='ocr_par' dir='ltr' id='par_1_12' title="bbox 542 1425 2122 1496">
     <span class='ocr_line' id='line_1_12' title="bbox 542 1425 2122 1496; baseline -0.004 -14"><span class='ocrx_word' id='word_1_80' title='bbox 542 1430 728 1483; x_wconf 91' lang='lat' dir='ltr'><strong>nolunt</strong></span> <span class='ocrx_word' id='word_1_81' title='bbox 747 1471 762 1494; x_wconf 87' lang='lat'><strong>,</strong></span> <span class='ocrx_word' id='word_1_82' title='bbox 789 1443 888 1482; x_wconf 90' lang='lat' dir='ltr'><strong>nec</strong></span> <span class='ocrx_word' id='word_1_83' title='bbox 918 1437 1120 1482; x_wconf 90' lang='lat' dir='ltr'><strong>mentes</strong></span> <span class='ocrx_word' id='word_1_84' title='bbox 1150 1429 1314 1482; x_wconf 89' lang='lat' dir='ltr'><strong>bonas</strong></span> <span class='ocrx_word' id='word_1_85' title='bbox 1339 1441 1431 1482; x_wconf 91' lang='lat' dir='ltr'><strong>eos</strong></span> <span class='ocrx_word' id='word_1_86' title='bbox 1461 1427 1559 1480; x_wconf 87' lang='lat' dir='ltr'><strong>nisi</strong></span> <span class='ocrx_word' id='word_1_87' title='bbox 1588 1441 1686 1496; x_wconf 90' lang='lat' dir='ltr'><strong>per</strong></span> <span class='ocrx_word' id='word_1_88' title='bbox 1708 1425 1960 1495; x_wconf 84' lang='lat' dir='ltr'><strong>Spiritum</strong></span> <span class='ocrx_word' id='word_1_89' title='bbox 1999 1438 2122 1479; x_wconf 84' lang='lat' dir='ltr'><strong>san-</strong></span> 
     </span>
    </p>
   </div>
   <div class='ocr_carea' id='block_1_13' title="bbox 541 1507 2121 1588">
    <p class='ocr_par' dir='ltr' id='par_1_13' title="bbox 541 1507 2121 1588">
     <span class='ocr_line' id='line_1_13' title="bbox 541 1507 2121 1588; baseline -0.002 -16"><span class='ocrx_word' id='word_1_90' title='bbox 541 1525 684 1572; x_wconf 92' lang='lat' dir='ltr'><strong>ctum</strong></span> <span class='ocrx_word' id='word_1_91' title='bbox 716 1517 913 1573; x_wconf 88' lang='lat' dir='ltr'><strong>habere</strong></span> <span class='ocrx_word' id='word_1_92' title='bbox 939 1519 1190 1588; x_wconf 90' lang='lat' dir='ltr'><strong>potuisse.</strong></span> <span class='ocrx_word' id='word_1_93' title='bbox 1227 1518 1358 1571; x_wconf 84' lang='lat' dir='ltr'><strong>Puto</strong></span> <span class='ocrx_word' id='word_1_94' title='bbox 1387 1515 1529 1586; x_wconf 90' lang='lat' dir='ltr'><strong>quod</strong></span> <span class='ocrx_word' id='word_1_95' title='bbox 1564 1533 1583 1568; x_wconf 75' lang='grc' dir='ltr'><strong>ι</strong></span> <span class='ocrx_word' id='word_1_96' title='bbox 1607 1507 1801 1571; x_wconf 84' lang='lat' dir='ltr'><strong>omnes</strong></span> <span class='ocrx_word' id='word_1_97' title='bbox 1827 1514 2121 1584; x_wconf 84' lang='lat' dir='ltr'><strong>Prophetas</strong></span> 
     </span>
    </p>
   </div>
   <div class='ocr_carea' id='block_1_14' title="bbox 541 1604 2122 1678">
    <p class='ocr_par' dir='ltr' id='par_1_14' title="bbox 541 1604 2122 1678">
     <span class='ocr_line' id='line_1_14' title="bbox 541 1604 2122 1678; baseline -0.003 -15"><span class='ocrx_word' id='word_1_98' title='bbox 541 1617 596 1663; x_wconf 89' lang='lat' dir='ltr'><strong>et</strong></span> <span class='ocrx_word' id='word_1_99' title='bbox 626 1607 910 1678; x_wconf 87' lang='lat' dir='ltr'><strong>Apostoios</strong></span> <span class='ocrx_word' id='word_1_100' title='bbox 938 1607 1020 1662; x_wconf 91' lang='lat' dir='ltr'><strong>vel</strong></span> <span class='ocrx_word' id='word_1_101' title='bbox 1046 1607 1310 1677; x_wconf 89' lang='lat' dir='ltr'><strong>quoslibet</strong></span> <span class='ocrx_word' id='word_1_102' title='bbox 1336 1614 1547 1660; x_wconf 90' lang='lat' dir='ltr'><strong>sanctos</strong></span> <span class='ocrx_word' id='word_1_103' title='bbox 1571 1646 1586 1671; x_wconf 91' lang='lat'><strong>,</strong></span> <span class='ocrx_word' id='word_1_104' title='bbox 1619 1605 1707 1675; x_wconf 89' lang='lat' dir='ltr'><strong>qui</strong></span> <span class='ocrx_word' id='word_1_105' title='bbox 1735 1604 1958 1660; x_wconf 91' lang='lat' dir='ltr'><strong>Domino</strong></span> <span class='ocrx_word' id='word_1_106' title='bbox 1988 1620 2122 1674; x_wconf 78' lang='lat' dir='ltr'><strong>quo-</strong></span> 
     </span>
    </p>
   </div>
   <div class='ocr_carea' id='block_1_15' title="bbox 475 1695 2124 1768">
    <p class='ocr_par' dir='ltr' id='par_1_15' title="bbox 475 1695 2124 1768">
     <span class='ocr_line' id='line_1_15' title="bbox 475 1695 2124 1768; baseline 0.001 -21"><span class='ocrx_word' id='word_1_107' title='bbox 475 1740 480 1747; x_wconf 87' lang='lat'><strong>.</strong></span> <span class='ocrx_word' id='word_1_108' title='bbox 542 1712 770 1767; x_wconf 82' lang='lat' dir='ltr'><strong>eumque</strong></span> <span class='ocrx_word' id='word_1_109' title='bbox 813 1705 1048 1768; x_wconf 88' lang='lat' dir='ltr'><strong>tempore</strong></span> <span class='ocrx_word' id='word_1_110' title='bbox 1091 1697 1431 1766; x_wconf 89' lang='lat' dir='ltr'><strong>placuerunt,</strong></span> <span class='ocrx_word' id='word_1_111' title='bbox 1477 1711 1582 1750; x_wconf 92' lang='lat' dir='ltr'><strong>non</strong></span> <span class='ocrx_word' id='word_1_112' title='bbox 1627 1695 1679 1749; x_wconf 92' lang='lat' dir='ltr'><strong>in</strong></span> <span class='ocrx_word' id='word_1_113' title='bbox 1728 1696 2124 1764; x_wconf 85' lang='lat' dir='ltr'><strong>comparatione</strong></span> 
     </span>
    </p>
   </div>
   <div class='ocr_carea' id='block_1_16' title="bbox 542 1783 2121 1853">
    <p class='ocr_par' dir='ltr' id='par_1_16' title="bbox 542 1783 2121 1853">
     <span class='ocr_line' id='line_1_16' title="bbox 542 1783 2121 1853; baseline -0.003 -11"><span class='ocrx_word' id='word_1_114' title='bbox 542 1786 946 1853; x_wconf 76' lang='lat' dir='ltr'><strong>sceleratorum,</strong></span> <span class='ocrx_word' id='word_1_115' title='bbox 969 1805 992 1838; x_wconf 79' lang='grc' dir='ltr'><strong>ι</strong></span> <span class='ocrx_word' id='word_1_116' title='bbox 1007 1787 1139 1842; x_wconf 87' lang='lat' dir='ltr'><strong>sicut</strong></span> <span class='ocrx_word' id='word_1_117' title='bbox 1161 1801 1256 1840; x_wconf 93' lang='lat' dir='ltr'><strong>nos</strong></span> <span class='ocrx_word' id='word_1_118' title='bbox 1272 1785 1356 1840; x_wconf 86' lang='lat' dir='ltr'><strong>isti</strong></span> <span class='ocrx_word' id='word_1_119' title='bbox 1373 1786 1548 1840; x_wconf 88' lang='lat' dir='ltr'><strong>dicere</strong></span> <span class='ocrx_word' id='word_1_120' title='bbox 1564 1785 1972 1850; x_wconf 87' lang='lat' dir='ltr'><strong>calumniantur,</strong></span> <span class='ocrx_word' id='word_1_121' title='bbox 1992 1802 2010 1834; x_wconf 89' lang='grc'><strong><em>‹</em></strong></span> <span class='ocrx_word' id='word_1_122' title='bbox 2031 1783 2121 1838; x_wconf 91' lang='lat' dir='ltr'><strong>sed</strong></span> 
     </span>
    </p>
   </div>
   <div class='ocr_carea' id='block_1_17' title="bbox 543 1875 2124 1948">
    <p class='ocr_par' dir='ltr' id='par_1_17' title="bbox 543 1875 2124 1948">
     <span class='ocr_line' id='line_1_17' title="bbox 543 1875 2124 1948; baseline -0.003 -16"><span class='ocrx_word' id='word_1_123' title='bbox 543 1878 726 1947; x_wconf 83' lang='lat' dir='ltr'><strong>regula</strong></span> <span class='ocrx_word' id='word_1_124' title='bbox 753 1878 1027 1942; x_wconf 89' lang='lat' dir='ltr'><strong>virtutum,</strong></span> <span class='ocrx_word' id='word_1_125' title='bbox 1061 1895 1080 1930; x_wconf 75' lang='grc' dir='ltr'><strong>ι</strong></span> <span class='ocrx_word' id='word_1_126' title='bbox 1111 1878 1246 1932; x_wconf 85' lang='lat' dir='ltr'><strong>sicut</strong></span> <span class='ocrx_word' id='word_1_127' title='bbox 1273 1891 1332 1932; x_wconf 91' lang='lat' dir='ltr'><strong>se</strong></span> <span class='ocrx_word' id='word_1_128' title='bbox 1359 1876 1538 1931; x_wconf 87' lang='lat' dir='ltr'><strong>dicere</strong></span> <span class='ocrx_word' id='word_1_129' title='bbox 1565 1876 1872 1948; x_wconf 79' lang='lat' dir='ltr'><strong>gloriantur,</strong></span> <span class='ocrx_word' id='word_1_130' title='bbox 1905 1893 1924 1926; x_wconf 77' lang='grc' dir='ltr'><strong>ι</strong></span> <span class='ocrx_word' id='word_1_131' title='bbox 1952 1875 2124 1944; x_wconf 88' lang='lat' dir='ltr'><strong>justos</strong></span> 
     </span>
    </p>
   </div>
   <div class='ocr_carea' id='block_1_18' title="bbox 544 1966 2124 2042">
    <p class='ocr_par' dir='ltr' id='par_1_18' title="bbox 544 1966 2124 2042">
     <span class='ocr_line' id='line_1_18' title="bbox 544 1966 2124 2042; baseline -0.002 -18"><span class='ocrx_word' id='word_1_132' title='bbox 544 1969 710 2026; x_wconf 81' lang='lat' dir='ltr'><strong>fuisse</strong></span> <span class='ocrx_word' id='word_1_133' title='bbox 739 1989 758 2022; x_wconf 75' lang='grc' dir='ltr'><strong>ι</strong></span> <span class='ocrx_word' id='word_1_134' title='bbox 788 1978 1006 2024; x_wconf 85' lang='lat' dir='ltr'><strong>noverat</strong></span> <span class='ocrx_word' id='word_1_135' title='bbox 1031 1970 1327 2042; x_wconf 82' lang='lat' dir='ltr'><strong>Cyprianus</strong></span> <span class='ocrx_word' id='word_1_136' title='bbox 1347 2011 1361 2036; x_wconf 93' lang='lat'><strong>,</strong></span> <span class='ocrx_word' id='word_1_137' title='bbox 1393 1969 1481 2040; x_wconf 93' lang='lat' dir='ltr'><strong>qui</strong></span> <span class='ocrx_word' id='word_1_138' title='bbox 1509 1976 1684 2024; x_wconf 89' lang='lat' dir='ltr'><strong>tamen</strong></span> <span class='ocrx_word' id='word_1_139' title='bbox 1712 1967 1876 2023; x_wconf 88' lang='lat' dir='ltr'><strong>dicit:</strong></span> <span class='ocrx_word' id='word_1_140' title='bbox 1908 1985 1927 2019; x_wconf 79' lang='grc' dir='ltr'><strong>ι</strong></span> <span class='ocrx_word' id='word_1_141' title='bbox 1957 1966 2124 2021; x_wconf 85' lang='lat' dir='ltr'><strong>Nemo</strong></span> 
     </span>
    </p>
   </div>
   <div class='ocr_carea' id='block_1_19' title="bbox 545 2046 2122 2132">
    <p class='ocr_par' dir='ltr' id='par_1_19' title="bbox 545 2046 2122 2132">
     <span class='ocr_line' id='line_1_19' title="bbox 545 2046 2122 2132; baseline -0.003 -16"><span class='ocrx_word' id='word_1_142' title='bbox 545 2074 666 2116; x_wconf 85' lang='lat' dir='ltr'><strong>esse</strong></span> <span class='ocrx_word' id='word_1_143' title='bbox 702 2060 820 2126; x_wconf 82' lang='lat' dir='ltr'><strong>sine</strong></span> <span class='ocrx_word' id='word_1_144' title='bbox 845 2071 1060 2131; x_wconf 90' lang='lat' dir='ltr'><strong>peccato</strong></span> <span class='ocrx_word' id='word_1_145' title='bbox 1100 2046 1304 2130; x_wconf 79' lang='lat' dir='ltr'><strong>potest;</strong></span> <span class='ocrx_word' id='word_1_146' title='bbox 1344 2068 1399 2116; x_wconf 91' lang='lat' dir='ltr'><strong>et</strong></span> <span class='ocrx_word' id='word_1_147' title='bbox 1435 2059 1670 2132; x_wconf 85' lang='lat' dir='ltr'><strong>quisquis</strong></span> <span class='ocrx_word' id='word_1_148' title='bbox 1705 2074 1762 2114; x_wconf 90' lang='lat' dir='ltr'><strong>se</strong></span> <span class='ocrx_word' id='word_1_149' title='bbox 1802 2059 2122 2128; x_wconf 83' lang='lat' dir='ltr'><strong>inculpatum</strong></span> 
     </span>
    </p>
   </div>
   <div class='ocr_carea' id='block_1_20' title="bbox 545 2150 2126 2222">
    <p class='ocr_par' dir='ltr' id='par_1_20' title="bbox 545 2150 2126 2222">
     <span class='ocr_line' id='line_1_20' title="bbox 545 2150 2126 2222; baseline 0.001 -17"><span class='ocrx_word' id='word_1_150' title='bbox 545 2150 740 2206; x_wconf 82' lang='lat' dir='ltr'><strong>dixerit</strong></span> <span class='ocrx_word' id='word_1_151' title='bbox 761 2193 778 2222; x_wconf 88' lang='lat'><strong>,</strong></span> <span class='ocrx_word' id='word_1_152' title='bbox 805 2159 896 2206; x_wconf 89' lang='lat' dir='ltr'><strong>aut</strong></span> <span class='ocrx_word' id='word_1_153' title='bbox 922 2151 1180 2222; x_wconf 87' lang='lat' dir='ltr'><strong>superbus</strong></span> <span class='ocrx_word' id='word_1_154' title='bbox 1199 2193 1214 2218; x_wconf 89' lang='lat'><strong>,</strong></span> <span class='ocrx_word' id='word_1_155' title='bbox 1245 2161 1335 2206; x_wconf 90' lang='lat' dir='ltr'><strong>aut</strong></span> <span class='ocrx_word' id='word_1_156' title='bbox 1363 2152 1557 2207; x_wconf 90' lang='lat' dir='ltr'><strong>stultus</strong></span> <span class='ocrx_word' id='word_1_157' title='bbox 1585 2158 1684 2207; x_wconf 91' lang='lat' dir='ltr'><strong>est.</strong></span> <span class='ocrx_word' id='word_1_158' title='bbox 1716 2169 1734 2204; x_wconf 77' lang='grc' dir='ltr'><strong>ι</strong></span> <span class='ocrx_word' id='word_1_159' title='bbox 1765 2150 1872 2205; x_wconf 82' lang='lat' dir='ltr'><strong>Nec</strong></span> <span class='ocrx_word' id='word_1_160' title='bbox 1908 2159 2126 2221; x_wconf 87' lang='lat' dir='ltr'><strong>propter</strong></span> 
     </span>
    </p>
   </div>
   <div class='ocr_carea' id='block_1_21' title="bbox 545 2231 2126 2314">
    <p class='ocr_par' dir='ltr' id='par_1_21' title="bbox 545 2231 2126 2314">
     <span class='ocr_line' id='line_1_21' title="bbox 545 2231 2126 2314; baseline -0.001 -17"><span class='ocrx_word' id='word_1_161' title='bbox 545 2242 688 2300; x_wconf 77' lang='lat' dir='ltr'><strong>aliud</strong></span> <span class='ocrx_word' id='word_1_162' title='bbox 723 2243 963 2314; x_wconf 77' lang='lat' dir='ltr'><strong>intelligit</strong></span> <span class='ocrx_word' id='word_1_163' title='bbox 1003 2231 1287 2313; x_wconf 67' lang='lat' dir='ltr'><strong>Scriptum,</strong></span> <span class='ocrx_word' id='word_1_164' title='bbox 1339 2243 1464 2310; x_wconf 84' lang='lat' dir='ltr'><strong>Quis</strong></span> <span class='ocrx_word' id='word_1_165' title='bbox 1501 2242 1797 2314; x_wconf 82' lang='lat' dir='ltr'><strong>gloriabitur</strong></span> <span class='ocrx_word' id='word_1_166' title='bbox 1833 2252 2026 2296; x_wconf 87' lang='lat' dir='ltr'><strong>castum</strong></span> <span class='ocrx_word' id='word_1_167' title='bbox 2072 2257 2126 2296; x_wconf 82' lang='lat' dir='ltr'><strong>se</strong></span> 
     </span>
    </p>
   </div>
   <div class='ocr_carea' id='block_1_22' title="bbox 547 2323 2124 2406">
    <p class='ocr_par' dir='ltr' id='par_1_22' title="bbox 547 2323 2124 2406">
     <span class='ocr_line' id='line_1_22' title="bbox 547 2323 2124 2406; baseline 0.001 -20"><span class='ocrx_word' id='word_1_168' title='bbox 547 2333 728 2388; x_wconf 73' lang='lat' dir='ltr'><strong>habere</strong></span> <span class='ocrx_word' id='word_1_169' title='bbox 750 2351 836 2388; x_wconf 89' lang='lat' dir='ltr'><strong>cor</strong></span> <span class='ocrx_word' id='word_1_170' title='bbox 849 2335 881 2388; x_wconf 78' lang='lat'><strong>?-</strong></span> <span class='ocrx_word' id='word_1_171' title='bbox 898 2343 984 2388; x_wconf 83' lang='lat' dir='ltr'><strong>aut</strong></span> <span class='ocrx_word' id='word_1_172' title='bbox 1013 2335 1123 2405; x_wconf 83' lang='lat' dir='ltr'><strong>quis</strong></span> <span class='ocrx_word' id='word_1_173' title='bbox 1146 2333 1442 2406; x_wconf 81' lang='lat' dir='ltr'><strong>gloriabitur</strong></span> <span class='ocrx_word' id='word_1_174' title='bbox 1466 2323 1709 2388; x_wconf 86' lang='lat' dir='ltr'><strong>mundum</strong></span> <span class='ocrx_word' id='word_1_175' title='bbox 1738 2350 1790 2388; x_wconf 87' lang='lat' dir='ltr'><strong>se</strong></span> <span class='ocrx_word' id='word_1_176' title='bbox 1817 2349 1923 2388; x_wconf 85' lang='lat' dir='ltr'><strong>esse</strong></span> <span class='ocrx_word' id='word_1_177' title='bbox 1945 2350 1977 2386; x_wconf 91' lang='lat' dir='ltr'><strong>a</strong></span> <span class='ocrx_word' id='word_1_178' title='bbox 2005 2350 2124 2403; x_wconf 85' lang='lat' dir='ltr'><strong>pec-</strong></span> 
     </span>
    </p>
   </div>
   <div class='ocr_carea' id='block_1_23' title="bbox 545 2411 2126 2496">
    <p class='ocr_par' dir='ltr' id='par_1_23' title="bbox 545 2411 2126 2496">
     <span class='ocr_line' id='line_1_23' title="bbox 545 2411 2126 2496; baseline -0.001 -16"><span class='ocrx_word' id='word_1_179' title='bbox 545 2426 671 2480; x_wconf 78' lang='lat' dir='ltr'><strong>catis</strong></span> <span class='ocrx_word' id='word_1_180' title='bbox 697 2426 878 2496; x_wconf 76' lang='lat' dir='ltr'><strong>(Prov.</strong></span> <span class='ocrx_word' id='word_1_181' title='bbox 907 2443 1010 2493; x_wconf 91' lang='lat' dir='ltr'><strong>xx,</strong></span> <span class='ocrx_word' id='word_1_182' title='bbox 1039 2425 1136 2495; x_wconf 88' lang='lat'><strong>9)?</strong></span> <span class='ocrx_word' id='word_1_183' title='bbox 1165 2427 1298 2481; x_wconf 91' lang='lat' dir='ltr'><strong>Puto</strong></span> <span class='ocrx_word' id='word_1_184' title='bbox 1327 2426 1471 2496; x_wconf 89' lang='lat' dir='ltr'><strong>quod</strong></span> <span class='ocrx_word' id='word_1_185' title='bbox 1495 2442 1598 2482; x_wconf 92' lang='lat' dir='ltr'><strong>non</strong></span> <span class='ocrx_word' id='word_1_186' title='bbox 1628 2425 1695 2481; x_wconf 90' lang='lat' dir='ltr'><strong>ab</strong></span> <span class='ocrx_word' id='word_1_187' title='bbox 1723 2425 1835 2493; x_wconf 83' lang='lat' dir='ltr'><strong>istis</strong></span> <span class='ocrx_word' id='word_1_188' title='bbox 1857 2411 2126 2481; x_wconf 89' lang='lat' dir='ltr'><strong>docendus</strong></span> 
     </span>
    </p>
   </div>
   <div class='ocr_carea' id='block_1_24' title="bbox 546 2513 2126 2590">
    <p class='ocr_par' dir='ltr' id='par_1_24' title="bbox 546 2513 2126 2590">
     <span class='ocr_line' id='line_1_24' title="bbox 546 2513 2126 2590; baseline 0.001 -18"><span class='ocrx_word' id='word_1_189' title='bbox 546 2513 719 2572; x_wconf 77' lang='lat' dir='ltr'><strong>fuerat</strong></span> <span class='ocrx_word' id='word_1_190' title='bbox 752 2517 1078 2590; x_wconf 79' lang='lat' dir='ltr'><strong>Cyprianus,</strong></span> <span class='ocrx_word' id='word_1_191' title='bbox 1118 2517 1261 2588; x_wconf 89' lang='lat' dir='ltr'><strong>quod</strong></span> <span class='ocrx_word' id='word_1_192' title='bbox 1303 2518 1500 2587; x_wconf 88' lang='lat' dir='ltr'><strong>optime</strong></span> <span class='ocrx_word' id='word_1_193' title='bbox 1537 2517 1776 2583; x_wconf 90' lang='lat' dir='ltr'><strong>sciebat,</strong></span> <span class='ocrx_word' id='word_1_194' title='bbox 1806 2536 1825 2570; x_wconf 74' lang='grc' dir='ltr'><strong>ι</strong></span> <span class='ocrx_word' id='word_1_195' title='bbox 1862 2517 1913 2571; x_wconf 92' lang='lat' dir='ltr'><strong>in</strong></span> <span class='ocrx_word' id='word_1_196' title='bbox 1949 2518 2126 2573; x_wconf 79' lang='lat' dir='ltr'><strong>futuro</strong></span> 
     </span>
    </p>
   </div>
   <div class='ocr_carea' id='block_1_25' title="bbox 546 2598 2126 2676">
    <p class='ocr_par' dir='ltr' id='par_1_25' title="bbox 546 2598 2126 2676">
     <span class='ocr_line' id='line_1_25' title="bbox 546 2598 2126 2676; baseline -0.001 -14"><span class='ocrx_word' id='word_1_197' title='bbox 546 2613 789 2676; x_wconf 84' lang='lat' dir='ltr'><strong>tempore</strong></span> <span class='ocrx_word' id='word_1_198' title='bbox 817 2606 1114 2662; x_wconf 90' lang='lat' dir='ltr'><strong>mercedem</strong></span> <span class='ocrx_word' id='word_1_199' title='bbox 1141 2621 1260 2662; x_wconf 90' lang='lat' dir='ltr'><strong>esse</strong></span> <span class='ocrx_word' id='word_1_200' title='bbox 1292 2598 1548 2661; x_wconf 86' lang='lat' dir='ltr'><strong>bonorum</strong></span> <span class='ocrx_word' id='word_1_201' title='bbox 1583 2621 1833 2676; x_wconf 89' lang='lat' dir='ltr'><strong>operum,</strong></span> <span class='ocrx_word' id='word_1_202' title='bbox 1865 2608 2126 2670; x_wconf 84' lang='lat' dir='ltr'><strong>malorum</strong></span> 
     </span>
    </p>
   </div>
   <div class='ocr_carea' id='block_1_26' title="bbox 547 2696 2124 2768">
    <p class='ocr_par' dir='ltr' id='par_1_26' title="bbox 547 2696 2124 2768">
     <span class='ocr_line' id='line_1_26' title="bbox 547 2696 2124 2768; baseline 0.002 -18"><span class='ocrx_word' id='word_1_203' title='bbox 547 2705 731 2752; x_wconf 80' lang='lat' dir='ltr'><strong>autem</strong></span> <span class='ocrx_word' id='word_1_204' title='bbox 751 2696 1066 2766; x_wconf 87' lang='lat' dir='ltr'><strong>supplicium</strong></span> <span class='ocrx_word' id='word_1_205' title='bbox 1087 2714 1102 2764; x_wconf 93' lang='lat'><strong>;</strong></span> <span class='ocrx_word' id='word_1_206' title='bbox 1123 2706 1371 2752; x_wconf 63' lang='lat' dir='ltr'><strong>caeterum</strong></span> <span class='ocrx_word' id='word_1_207' title='bbox 1399 2697 1664 2752; x_wconf 89' lang='lat' dir='ltr'><strong>neminem</strong></span> <span class='ocrx_word' id='word_1_208' title='bbox 1688 2712 1863 2767; x_wconf 89' lang='lat' dir='ltr'><strong>posse,</strong></span> <span class='ocrx_word' id='word_1_209' title='bbox 1894 2714 2010 2768; x_wconf 72' lang='lat' dir='ltr'><strong>qua:</strong></span> <span class='ocrx_word' id='word_1_210' title='bbox 2039 2697 2124 2753; x_wconf 89' lang='lat' dir='ltr'><strong>hic</strong></span> 
     </span>
    </p>
   </div>
   <div class='ocr_carea' id='block_1_27' title="bbox 546 2786 2123 2856">
    <p class='ocr_par' dir='ltr' id='par_1_27' title="bbox 546 2786 2123 2856">
     <span class='ocr_line' id='line_1_27' title="bbox 546 2786 2123 2856; baseline 0.001 -16"><span class='ocrx_word' id='word_1_211' title='bbox 546 2787 959 2856; x_wconf 85' lang='lat' dir='ltr'><strong>contempserit,</strong></span> <span class='ocrx_word' id='word_1_212' title='bbox 989 2787 1094 2842; x_wconf 93' lang='lat' dir='ltr'><strong>illic</strong></span> <span class='ocrx_word' id='word_1_213' title='bbox 1121 2788 1143 2819; x_wconf 82' lang='grc'>¹</span> <span class='ocrx_word' id='word_1_214' title='bbox 1175 2786 1418 2840; x_wconf 90' lang='lat' dir='ltr'><strong>mandata</strong></span> <span class='ocrx_word' id='word_1_215' title='bbox 1462 2787 1753 2856; x_wconf 86' lang='lat' dir='ltr'><strong>perlicere:</strong></span> <span class='ocrx_word' id='word_1_216' title='bbox 1802 2806 1820 2840; x_wconf 73' lang='grc' dir='ltr'><strong>ι</strong></span> <span class='ocrx_word' id='word_1_217' title='bbox 1855 2795 1909 2842; x_wconf 90' lang='lat' dir='ltr'><strong>et</strong></span> <span class='ocrx_word' id='word_1_218' title='bbox 1949 2796 2123 2844; x_wconf 88' lang='lat' dir='ltr'><strong>tamen</strong></span> 
     </span>
    </p>
   </div>
   <div class='ocr_carea' id='block_1_28' title="bbox 549 2878 2124 2948">
    <p class='ocr_par' dir='ltr' id='par_1_28' title="bbox 549 2878 2124 2948">
     <span class='ocr_line' id='line_1_28' title="bbox 549 2878 2124 2948; baseline 0.002 -16"><span class='ocrx_word' id='word_1_219' title='bbox 549 2879 707 2933; x_wconf 87' lang='lat' dir='ltr'><strong>etiam</strong></span> <span class='ocrx_word' id='word_1_220' title='bbox 751 2878 922 2948; x_wconf 91' lang='lat' dir='ltr'><strong>ipsum</strong></span> <span class='ocrx_word' id='word_1_221' title='bbox 965 2879 1260 2948; x_wconf 89' lang='lat' dir='ltr'><strong>apostolum</strong></span> <span class='ocrx_word' id='word_1_222' title='bbox 1290 2879 1541 2944; x_wconf 89' lang='lat' dir='ltr'><strong>Paulum,</strong></span> <span class='ocrx_word' id='word_1_223' title='bbox 1588 2879 1953 2934; x_wconf 92' lang='lat' dir='ltr'><strong>mandatorum</strong></span> <span class='ocrx_word' id='word_1_224' title='bbox 1985 2881 2124 2935; x_wconf 78' lang='lat' dir='ltr'><strong>divi-</strong></span> 
     </span>
    </p>
   </div>
   <div class='ocr_carea' id='block_1_29' title="bbox 551 2971 2125 3039">
    <p class='ocr_par' dir='ltr' id='par_1_29' title="bbox 551 2971 2125 3039">
     <span class='ocr_line' id='line_1_29' title="bbox 551 2971 2125 3039; baseline 0.004 -18"><span class='ocrx_word' id='word_1_225' title='bbox 551 2985 739 3022; x_wconf 85' lang='lat' dir='ltr'><strong>norum</strong></span> <span class='ocrx_word' id='word_1_226' title='bbox 768 2985 872 3022; x_wconf 86' lang='lat' dir='ltr'><strong>non</strong></span> <span class='ocrx_word' id='word_1_227' title='bbox 899 2971 1078 3039; x_wconf 83' lang='lat' dir='ltr'><strong>utique</strong></span> <span class='ocrx_word' id='word_1_228' title='bbox 1103 2979 1544 3038; x_wconf 82' lang='lat' dir='ltr'><strong>contemptorem,</strong></span> <span class='ocrx_word' id='word_1_229' title='bbox 1572 2987 1676 3038; x_wconf 92' lang='lat' dir='ltr'><strong>non</strong></span> <span class='ocrx_word' id='word_1_230' title='bbox 1705 2971 1774 3026; x_wconf 92' lang='lat' dir='ltr'><strong>ob</strong></span> <span class='ocrx_word' id='word_1_231' title='bbox 1798 2972 1939 3026; x_wconf 90' lang='lat' dir='ltr'><strong>aliud</strong></span> <span class='ocrx_word' id='word_1_232' title='bbox 1969 2973 2125 3028; x_wconf 90' lang='lat' dir='ltr'><strong>intel-</strong></span> 
     </span>
    </p>
   </div>
   <div class='ocr_carea' id='block_1_30' title="bbox 551 3057 2126 3129">
    <p class='ocr_par' dir='ltr' id='par_1_30' title="bbox 551 3057 2126 3129">
     <span class='ocr_line' id='line_1_30' title="bbox 551 3057 2126 3129; baseline 0.005 -19"><span class='ocrx_word' id='word_1_233' title='bbox 551 3057 667 3127; x_wconf 88' lang='lat' dir='ltr'><strong>ligit</strong></span> <span class='ocrx_word' id='word_1_234' title='bbox 697 3059 990 3128; x_wconf 85' lang='lat' dir='ltr'><strong>asscritquc</strong></span> <span class='ocrx_word' id='word_1_235' title='bbox 1026 3059 1256 3126; x_wconf 79' lang='lat' dir='ltr'><strong>dixisse,</strong></span> <span class='ocrx_word' id='word_1_236' title='bbox 1290 3059 1422 3114; x_wconf 74' lang='lat' dir='ltr'><strong>Mihi</strong></span> <span class='ocrx_word' id='word_1_237' title='bbox 1461 3062 1620 3114; x_wconf 83' lang='lat' dir='ltr'><strong>vivere</strong></span> <span class='ocrx_word' id='word_1_238' title='bbox 1657 3059 1885 3117; x_wconf 76' lang='lat' dir='ltr'><strong>Christus</strong></span> <span class='ocrx_word' id='word_1_239' title='bbox 1927 3073 2027 3129; x_wconf 88' lang='lat' dir='ltr'><strong>est,</strong></span> <span class='ocrx_word' id='word_1_240' title='bbox 2079 3074 2126 3118; x_wconf 89' lang='lat' dir='ltr'><strong>et</strong></span> 
     </span>
    </p>
   </div>
   <div class='ocr_carea' id='block_1_31' title="bbox 549 3149 2125 3222">
    <p class='ocr_par' dir='ltr' id='par_1_31' title="bbox 549 3149 2125 3222">
     <span class='ocr_line' id='line_1_31' title="bbox 549 3149 2125 3222; baseline 0.004 -21"><span class='ocrx_word' id='word_1_241' title='bbox 549 3149 679 3202; x_wconf 84' lang='lat' dir='ltr'><strong>mori</strong></span> <span class='ocrx_word' id='word_1_242' title='bbox 706 3149 901 3202; x_wconf 87' lang='lat' dir='ltr'><strong>lucrum</strong></span> <span class='ocrx_word' id='word_1_243' title='bbox 929 3149 1182 3220; x_wconf 81' lang='lat' dir='ltr'><strong>(Philipp.</strong></span> <span class='ocrx_word' id='word_1_244' title='bbox 1215 3166 1266 3218; x_wconf 87' lang='grc' dir='ltr'>ι,</span> <span class='ocrx_word' id='word_1_245' title='bbox 1297 3151 1418 3221; x_wconf 76' lang='lat'><strong>2|);</strong></span> <span class='ocrx_word' id='word_1_246' title='bbox 1450 3152 1550 3206; x_wconf 86' lang='lat' dir='ltr'><strong>nisi</strong></span> <span class='ocrx_word' id='word_1_247' title='bbox 1578 3152 1699 3222; x_wconf 83' lang='lat' dir='ltr'><strong>quia</strong></span> <span class='ocrx_word' id='word_1_248' title='bbox 1728 3152 1931 3208; x_wconf 89' lang='lat' dir='ltr'><strong>lucrum</strong></span> <span class='ocrx_word' id='word_1_249' title='bbox 1960 3155 2125 3208; x_wconf 84' lang='lat' dir='ltr'><strong>maxi-</strong></span> 
     </span>
    </p>
   </div>
   <div class='ocr_carea' id='block_1_32' title="bbox 547 3242 2124 3312">
    <p class='ocr_par' dir='ltr' id='par_1_32' title="bbox 547 3242 2124 3312">
     <span class='ocr_line' id='line_1_32' title="bbox 547 3242 2124 3312; baseline 0.003 -17"><span class='ocrx_word' id='word_1_250' title='bbox 547 3255 695 3296; x_wconf 86' lang='lat' dir='ltr'><strong>mum</strong></span> <span class='ocrx_word' id='word_1_251' title='bbox 737 3242 1075 3311; x_wconf 90' lang='lat' dir='ltr'><strong>computabat</strong></span> <span class='ocrx_word' id='word_1_252' title='bbox 1097 3283 1110 3306; x_wconf 91' lang='lat'><strong>,</strong></span> <span class='ocrx_word' id='word_1_253' title='bbox 1134 3242 1242 3311; x_wconf 92' lang='lat' dir='ltr'><strong>jam</strong></span> <span class='ocrx_word' id='word_1_254' title='bbox 1273 3251 1392 3312; x_wconf 78' lang='lat' dir='ltr'><strong>pust</strong></span> <span class='ocrx_word' id='word_1_255' title='bbox 1418 3243 1556 3298; x_wconf 88' lang='lat' dir='ltr'><strong>hanc</strong></span> <span class='ocrx_word' id='word_1_256' title='bbox 1591 3245 1747 3299; x_wconf 87' lang='lat' dir='ltr'><strong>vitam</strong></span> <span class='ocrx_word' id='word_1_257' title='bbox 1786 3246 2124 3300; x_wconf 66' lang='lat' dir='ltr'><strong>saecularibus</strong></span> 
     </span>
    </p>
   </div>
   <div class='ocr_carea' id='block_1_33' title="bbox 548 3332 2124 3404">
    <p class='ocr_par' dir='ltr' id='par_1_33' title="bbox 548 3332 2124 3404">
     <span class='ocr_line' id='line_1_33' title="bbox 548 3332 2124 3404; baseline 0.003 -18"><span class='ocrx_word' id='word_1_258' title='bbox 548 3332 750 3402; x_wconf 88' lang='lat' dir='ltr'><strong>laqueis</strong></span> <span class='ocrx_word' id='word_1_259' title='bbox 778 3347 880 3386; x_wconf 91' lang='lat' dir='ltr'><strong>non</strong></span> <span class='ocrx_word' id='word_1_260' title='bbox 911 3333 1099 3399; x_wconf 90' lang='lat' dir='ltr'><strong>teneri,</strong></span> <span class='ocrx_word' id='word_1_261' title='bbox 1128 3333 1237 3403; x_wconf 89' lang='lat' dir='ltr'><strong>jam</strong></span> <span class='ocrx_word' id='word_1_262' title='bbox 1269 3333 1426 3388; x_wconf 89' lang='lat' dir='ltr'><strong>nullis</strong></span> <span class='ocrx_word' id='word_1_263' title='bbox 1455 3335 1686 3404; x_wconf 89' lang='lat' dir='ltr'><strong>peccatis</strong></span> <span class='ocrx_word' id='word_1_264' title='bbox 1713 3345 1768 3390; x_wconf 90' lang='lat' dir='ltr'><strong>et</strong></span> <span class='ocrx_word' id='word_1_265' title='bbox 1788 3336 1929 3389; x_wconf 89' lang='lat' dir='ltr'><strong>vitiis</strong></span> <span class='ocrx_word' id='word_1_266' title='bbox 1949 3337 2124 3391; x_wconf 89' lang='lat' dir='ltr'><strong>carnis</strong></span> 
     </span>
    </p>
   </div>
   <div class='ocr_carea' id='block_1_34' title="bbox 547 3425 2120 3499">
    <p class='ocr_par' dir='ltr' id='par_1_34' title="bbox 547 3425 2120 3499">
     <span class='ocr_line' id='line_1_34' title="bbox 547 3425 2120 3499; baseline 0.003 -21"><span class='ocrx_word' id='word_1_267' title='bbox 547 3425 831 3480; x_wconf 84' lang='lat' dir='ltr'><strong>obnoxium</strong></span> <span class='ocrx_word' id='word_1_268' title='bbox 865 3425 996 3480; x_wconf 83' lang='lat' dir='ltr'><strong>ﬁeri.</strong></span> <span class='ocrx_word' id='word_1_269' title='bbox 1041 3427 1218 3482; x_wconf 86' lang='lat' dir='ltr'><strong>Sensit</strong></span> <span class='ocrx_word' id='word_1_270' title='bbox 1254 3440 1379 3497; x_wconf 83' lang='lat' dir='ltr'><strong>ergo</strong></span> <span class='ocrx_word' id='word_1_271' title='bbox 1421 3427 1756 3482; x_wconf 90' lang='lat' dir='ltr'><strong>beatissimus</strong></span> <span class='ocrx_word' id='word_1_272' title='bbox 1795 3425 2120 3499; x_wconf 88' lang='lat' dir='ltr'><strong>Cyprianus,</strong></span> 
     </span>
    </p>
   </div>
   <div class='ocr_carea' id='block_1_35' title="bbox 547 3516 2120 3588">
    <p class='ocr_par' dir='ltr' id='par_1_35' title="bbox 547 3516 2120 3588">
     <span class='ocr_line' id='line_1_35' title="bbox 547 3516 2120 3588; baseline 0.002 -18"><span class='ocrx_word' id='word_1_273' title='bbox 547 3525 710 3586; x_wconf 87' lang='lat' dir='ltr'><strong>atque</strong></span> <span class='ocrx_word' id='word_1_274' title='bbox 745 3518 797 3571; x_wconf 91' lang='lat' dir='ltr'><strong>in</strong></span> <span class='ocrx_word' id='word_1_275' title='bbox 826 3517 1118 3572; x_wconf 87' lang='lat' dir='ltr'><strong>divinarum</strong></span> <span class='ocrx_word' id='word_1_276' title='bbox 1149 3516 1539 3588; x_wconf 87' lang='lat' dir='ltr'><strong>Scripturarum</strong></span> <span class='ocrx_word' id='word_1_277' title='bbox 1570 3519 1792 3573; x_wconf 88' lang='lat' dir='ltr'><strong>veritate</strong></span> <span class='ocrx_word' id='word_1_278' title='bbox 1817 3520 2082 3588; x_wconf 83' lang='lat' dir='ltr'><strong>perspexit</strong></span> <span class='ocrx_word' id='word_1_279' title='bbox 2106 3561 2120 3584; x_wconf 93' lang='lat'><strong>,</strong></span> 
     </span>
    </p>
   </div>
   <div class='ocr_carea' id='block_1_36' title="bbox 547 3607 2120 3677">
    <p class='ocr_par' dir='ltr' id='par_1_36' title="bbox 547 3607 2120 3677">
     <span class='ocr_line' id='line_1_36' title="bbox 547 3607 2120 3677; baseline 0 -16"><span class='ocrx_word' id='word_1_280' title='bbox 547 3608 707 3661; x_wconf 86' lang='lat' dir='ltr'><strong>etiam</strong></span> <span class='ocrx_word' id='word_1_281' title='bbox 729 3607 961 3676; x_wconf 86' lang='lat' dir='ltr'><strong>ipsorum</strong></span> <span class='ocrx_word' id='word_1_282' title='bbox 983 3608 1358 3676; x_wconf 83' lang='lat' dir='ltr'><strong>Apostolorum</strong></span> <span class='ocrx_word' id='word_1_283' title='bbox 1374 3607 1612 3677; x_wconf 86' lang='lat' dir='ltr'><strong>quamvis</strong></span> <span class='ocrx_word' id='word_1_284' title='bbox 1629 3607 1844 3675; x_wconf 89' lang='lat' dir='ltr'><strong>bonam,</strong></span> <span class='ocrx_word' id='word_1_285' title='bbox 1863 3618 2120 3676; x_wconf 86' lang='lat' dir='ltr'><strong>sanctam,</strong></span> 
     </span>
    </p>
   </div>
   <div class='ocr_carea' id='block_1_37' title="bbox 543 3700 2122 3769">
    <p class='ocr_par' dir='ltr' id='par_1_37' title="bbox 543 3700 2122 3769">
     <span class='ocr_line' id='line_1_37' title="bbox 543 3700 2122 3769; baseline 0.003 -20"><span class='ocrx_word' id='word_1_286' title='bbox 543 3702 848 3769; x_wconf 88' lang='lat' dir='ltr'><strong>justamque</strong></span> <span class='ocrx_word' id='word_1_287' title='bbox 891 3700 1079 3765; x_wconf 88' lang='lat' dir='ltr'><strong>vitam,</strong></span> <span class='ocrx_word' id='word_1_288' title='bbox 1131 3700 1416 3754; x_wconf 83' lang='lat' dir='ltr'><strong>nonnullos</strong></span> <span class='ocrx_word' id='word_1_289' title='bbox 1453 3715 1620 3756; x_wconf 88' lang='lat' dir='ltr'><strong>nexus</strong></span> <span class='ocrx_word' id='word_1_290' title='bbox 1663 3701 1996 3757; x_wconf 70' lang='lat' dir='ltr'><strong>smcularium</strong></span> <span class='ocrx_word' id='word_1_291' title='bbox 2042 3701 2122 3754; x_wconf 88' lang='lat' dir='ltr'><strong>la-</strong></span> 
     </span>
    </p>
   </div>
   <div class='ocr_carea' id='block_1_38' title="bbox 549 3789 2124 3861">
    <p class='ocr_par' dir='ltr' id='par_1_38' title="bbox 549 3789 2124 3861">
     <span class='ocr_line' id='line_1_38' title="bbox 549 3789 2124 3861; baseline 0.003 -19"><span class='ocrx_word' id='word_1_292' title='bbox 549 3803 804 3859; x_wconf 83' lang='lat' dir='ltr'><strong>queorum</strong></span> <span class='ocrx_word' id='word_1_293' title='bbox 831 3789 990 3844; x_wconf 76' lang='lat' dir='ltr'><strong>fuisse</strong></span> <span class='ocrx_word' id='word_1_294' title='bbox 1019 3804 1343 3859; x_wconf 90' lang='lat' dir='ltr'><strong>perpessam,</strong></span> <span class='ocrx_word' id='word_1_295' title='bbox 1371 3790 1638 3845; x_wconf 89' lang='lat' dir='ltr'><strong>nonnullis</strong></span> <span class='ocrx_word' id='word_1_296' title='bbox 1661 3792 1892 3861; x_wconf 88' lang='lat' dir='ltr'><strong>peccatis</strong></span> <span class='ocrx_word' id='word_1_297' title='bbox 1911 3799 1965 3846; x_wconf 87' lang='lat' dir='ltr'><strong>et</strong></span> <span class='ocrx_word' id='word_1_298' title='bbox 1986 3791 2124 3846; x_wconf 90' lang='lat' dir='ltr'><strong>vitiis</strong></span> 
     </span>
    </p>
   </div>
   <div class='ocr_carea' id='block_1_39' title="bbox 548 3878 2124 3950">
    <p class='ocr_par' dir='ltr' id='par_1_39' title="bbox 548 3878 2124 3950">
     <span class='ocr_line' id='line_1_39' title="bbox 548 3878 2124 3950; baseline 0.001 -16"><span class='ocrx_word' id='word_1_299' title='bbox 548 3878 724 3934; x_wconf 85' lang='lat' dir='ltr'><strong>carnis</strong></span> <span class='ocrx_word' id='word_1_300' title='bbox 751 3879 1065 3943; x_wconf 78' lang='lat' dir='ltr'><strong>obnoxiam;</strong></span> <span class='ocrx_word' id='word_1_301' title='bbox 1088 3888 1142 3933; x_wconf 87' lang='lat' dir='ltr'><strong>et</strong></span> <span class='ocrx_word' id='word_1_302' title='bbox 1172 3879 1290 3934; x_wconf 92' lang='lat' dir='ltr'><strong>ideo</strong></span> <span class='ocrx_word' id='word_1_303' title='bbox 1312 3894 1405 3935; x_wconf 93' lang='lat' dir='ltr'><strong>eos</strong></span> <span class='ocrx_word' id='word_1_304' title='bbox 1430 3888 1654 3934; x_wconf 90' lang='lat' dir='ltr'><strong>mortem</strong></span> <span class='ocrx_word' id='word_1_305' title='bbox 1683 3879 2038 3950; x_wconf 85' lang='lat' dir='ltr'><strong>desiderasse,</strong></span> <span class='ocrx_word' id='word_1_306' title='bbox 2067 3891 2124 3936; x_wconf 94' lang='lat' dir='ltr'><strong>ut</strong></span> 
     </span>
    </p>
   </div>
   <div class='ocr_carea' id='block_1_40' title="bbox 549 3969 2124 4043">
    <p class='ocr_par' dir='ltr' id='par_1_40' title="bbox 549 3969 2124 4043">
     <span class='ocr_line' id='line_1_40' title="bbox 549 3969 2124 4043; baseline 0.004 -21"><span class='ocrx_word' id='word_1_307' title='bbox 549 3969 633 4024; x_wconf 87' lang='lat' dir='ltr'><strong>his</strong></span> <span class='ocrx_word' id='word_1_308' title='bbox 660 3969 812 4025; x_wconf 85' lang='lat' dir='ltr'><strong>malis</strong></span> <span class='ocrx_word' id='word_1_309' title='bbox 836 3979 1098 4038; x_wconf 89' lang='lat' dir='ltr'><strong>carerent,</strong></span> <span class='ocrx_word' id='word_1_310' title='bbox 1130 3978 1182 4024; x_wconf 86' lang='lat' dir='ltr'><strong>et</strong></span> <span class='ocrx_word' id='word_1_311' title='bbox 1213 3981 1268 4024; x_wconf 93' lang='lat' dir='ltr'><strong>ut</strong></span> <span class='ocrx_word' id='word_1_312' title='bbox 1295 3971 1359 4026; x_wconf 92' lang='lat' dir='ltr'><strong>ad</strong></span> <span class='ocrx_word' id='word_1_313' title='bbox 1387 3971 1551 4037; x_wconf 91' lang='lat' dir='ltr'><strong>illam,</strong></span> <span class='ocrx_word' id='word_1_314' title='bbox 1579 3987 1698 4042; x_wconf 81' lang='lat' dir='ltr'><strong>qua:</strong></span> <span class='ocrx_word' id='word_1_315' title='bbox 1723 3973 1820 4026; x_wconf 91' lang='lat' dir='ltr'><strong>ista</strong></span> <span class='ocrx_word' id='word_1_316' title='bbox 1848 3989 1950 4027; x_wconf 90' lang='lat' dir='ltr'><strong>non</strong></span> <span class='ocrx_word' id='word_1_317' title='bbox 1977 3983 2124 4043; x_wconf 88' lang='lat' dir='ltr'><strong>pate-</strong></span> 
     </span>
    </p>
   </div>
   <div class='ocr_carea' id='block_1_41' title="bbox 548 4059 2122 4132">
    <p class='ocr_par' dir='ltr' id='par_1_41' title="bbox 548 4059 2122 4132">
     <span class='ocr_line' id='line_1_41' title="bbox 548 4059 2122 4132; baseline 0.003 -20"><span class='ocrx_word' id='word_1_318' title='bbox 548 4067 728 4122; x_wconf 76' lang='lat' dir='ltr'><strong>retur,</strong></span> <span class='ocrx_word' id='word_1_319' title='bbox 759 4072 857 4113; x_wconf 93' lang='lat' dir='ltr'><strong>nec</strong></span> <span class='ocrx_word' id='word_1_320' title='bbox 876 4059 983 4128; x_wconf 90' lang='lat' dir='ltr'><strong>jam</strong></span> <span class='ocrx_word' id='word_1_321' title='bbox 1015 4059 1067 4113; x_wconf 91' lang='lat' dir='ltr'><strong>in</strong></span> <span class='ocrx_word' id='word_1_322' title='bbox 1093 4059 1340 4114; x_wconf 89' lang='lat' dir='ltr'><strong>mandato</strong></span> <span class='ocrx_word' id='word_1_323' title='bbox 1367 4060 1623 4125; x_wconf 84' lang='lat' dir='ltr'><strong>facienda,</strong></span> <span class='ocrx_word' id='word_1_324' title='bbox 1657 4061 1750 4116; x_wconf 91' lang='lat' dir='ltr'><strong>sed</strong></span> <span class='ocrx_word' id='word_1_325' title='bbox 1779 4063 1830 4116; x_wconf 91' lang='lat' dir='ltr'><strong>in</strong></span> <span class='ocrx_word' id='word_1_326' title='bbox 1858 4063 2074 4132; x_wconf 64' lang='lat' dir='ltr'><strong>praemio</strong></span> <span class='ocrx_word' id='word_1_327' title='bbox 2101 4063 2122 4094; x_wconf 84' lang='grc'>⁸</span> 
     </span>
    </p>
   </div>
   <div class='ocr_carea' id='block_1_42' title="bbox 550 4148 2117 4222">
    <p class='ocr_par' dir='ltr' id='par_1_42' title="bbox 550 4148 2117 4222">
     <span class='ocr_line' id='line_1_42' title="bbox 550 4148 2117 4222; baseline 0.004 -21"><span class='ocrx_word' id='word_1_328' title='bbox 550 4148 886 4218; x_wconf 82' lang='lat' dir='ltr'><strong>percipienda</strong></span> <span class='ocrx_word' id='word_1_329' title='bbox 921 4157 1094 4214; x_wconf 87' lang='lat' dir='ltr'><strong>esset,</strong></span> <span class='ocrx_word' id='word_1_330' title='bbox 1144 4150 1428 4220; x_wconf 81' lang='lat' dir='ltr'><strong>perfectam</strong></span> <span class='ocrx_word' id='word_1_331' title='bbox 1464 4151 1717 4219; x_wconf 87' lang='lat' dir='ltr'><strong>justitiam</strong></span> <span class='ocrx_word' id='word_1_332' title='bbox 1763 4153 2117 4222; x_wconf 90' lang='lat' dir='ltr'><strong>pervenirent.</strong></span> 
     </span>
    </p>
   </div>
   <div class='ocr_carea' id='block_1_43' title="bbox 548 4237 2120 4312">
    <p class='ocr_par' dir='ltr' id='par_1_43' title="bbox 548 4237 2120 4312">
     <span class='ocr_line' id='line_1_43' title="bbox 548 4237 2120 4312; baseline 0.003 -19"><span class='ocrx_word' id='word_1_333' title='bbox 548 4237 729 4308; x_wconf 79' lang='lat' dir='ltr'><strong>Neque</strong></span> <span class='ocrx_word' id='word_1_334' title='bbox 757 4241 896 4296; x_wconf 91' lang='lat' dir='ltr'><strong>enim</strong></span> <span class='ocrx_word' id='word_1_335' title='bbox 927 4256 1044 4296; x_wconf 93' lang='lat' dir='ltr'><strong>cum</strong></span> <span class='ocrx_word' id='word_1_336' title='bbox 1067 4243 1272 4297; x_wconf 89' lang='lat' dir='ltr'><strong>venerit</strong></span> <span class='ocrx_word' id='word_1_337' title='bbox 1298 4241 1438 4312; x_wconf 91' lang='lat' dir='ltr'><strong>quod</strong></span> <span class='ocrx_word' id='word_1_338' title='bbox 1466 4256 1680 4297; x_wconf 90' lang='lat' dir='ltr'><strong>oramus</strong></span> <span class='ocrx_word' id='word_1_339' title='bbox 1708 4242 1942 4298; x_wconf 92' lang='lat' dir='ltr'><strong>dicentes</strong></span> <span class='ocrx_word' id='word_1_340' title='bbox 1964 4284 1980 4308; x_wconf 95' lang='lat'><strong>,</strong></span> <span class='ocrx_word' id='word_1_341' title='bbox 2023 4243 2120 4298; x_wconf 83' lang='lat' dir='ltr'><strong>Ve-</strong></span> 
     </span>
    </p>
   </div>
   <div class='ocr_carea' id='block_1_44' title="bbox 548 4331 2122 4405">
    <p class='ocr_par' dir='ltr' id='par_1_44' title="bbox 548 4331 2122 4405">
     <span class='ocr_line' id='line_1_44' title="bbox 548 4331 2122 4405; baseline 0.003 -20"><span class='ocrx_word' id='word_1_342' title='bbox 548 4331 655 4385; x_wconf 89' lang='lat' dir='ltr'><strong>niat</strong></span> <span class='ocrx_word' id='word_1_343' title='bbox 680 4331 702 4363; x_wconf 68' lang='lat'><strong>‘</strong></span> <span class='ocrx_word' id='word_1_344' title='bbox 728 4349 933 4404; x_wconf 84' lang='lat' dir='ltr'><strong>regnum</strong></span> <span class='ocrx_word' id='word_1_345' title='bbox 964 4342 1103 4386; x_wconf 88' lang='lat' dir='ltr'><strong>tuum</strong></span> <span class='ocrx_word' id='word_1_346' title='bbox 1139 4333 1350 4403; x_wconf 82' lang='lat' dir='ltr'><strong>(Matth.</strong></span> <span class='ocrx_word' id='word_1_347' title='bbox 1381 4349 1468 4398; x_wconf 87' lang='lat' dir='ltr'><strong>vt,</strong></span> <span class='ocrx_word' id='word_1_348' title='bbox 1501 4332 1589 4405; x_wconf 82' lang='lat' dir='ltr'><strong>iO)</strong></span> <span class='ocrx_word' id='word_1_349' title='bbox 1615 4374 1629 4399; x_wconf 92' lang='lat'><strong>,</strong></span> <span class='ocrx_word' id='word_1_350' title='bbox 1671 4349 1774 4388; x_wconf 93' lang='lat' dir='ltr'><strong>non</strong></span> <span class='ocrx_word' id='word_1_351' title='bbox 1807 4336 1907 4389; x_wconf 93' lang='lat' dir='ltr'><strong>erit</strong></span> <span class='ocrx_word' id='word_1_352' title='bbox 1950 4335 2003 4388; x_wconf 92' lang='lat' dir='ltr'><strong>in</strong></span> <span class='ocrx_word' id='word_1_353' title='bbox 2032 4335 2122 4390; x_wconf 92' lang='lat' dir='ltr'><strong>illo</strong></span> 
     </span>
    </p>
   </div>
   <div class='ocr_carea' id='block_1_45' title="bbox 548 4423 2122 4499">
    <p class='ocr_par' dir='ltr' id='par_1_45' title="bbox 548 4423 2122 4499">
     <span class='ocr_line' id='line_1_45' title="bbox 548 4423 2122 4499; baseline 0.003 -21"><span class='ocrx_word' id='word_1_354' title='bbox 548 4423 644 4478; x_wconf 80' lang='lat' dir='ltr'><strong>Dei</strong></span> <span class='ocrx_word' id='word_1_355' title='bbox 670 4439 832 4493; x_wconf 88' lang='lat' dir='ltr'><strong>regno</strong></span> <span class='ocrx_word' id='word_1_356' title='bbox 861 4425 962 4479; x_wconf 92' lang='lat' dir='ltr'><strong>ulla</strong></span> <span class='ocrx_word' id='word_1_357' title='bbox 984 4424 1182 4493; x_wconf 88' lang='lat' dir='ltr'><strong>justitia</strong></span> <span class='ocrx_word' id='word_1_358' title='bbox 1208 4443 1222 4479; x_wconf 92' lang='lat'><strong>:</strong></span> <span class='ocrx_word' id='word_1_359' title='bbox 1253 4440 1376 4488; x_wconf 87' lang='lat' dir='ltr'><strong>cum</strong></span> <span class='ocrx_word' id='word_1_360' title='bbox 1398 4426 1539 4480; x_wconf 91' lang='lat' dir='ltr'><strong>dicat</strong></span> <span class='ocrx_word' id='word_1_361' title='bbox 1565 4427 1869 4496; x_wconf 82' lang='lat' dir='ltr'><strong>Apostolus,</strong></span> <span class='ocrx_word' id='word_1_362' title='bbox 1905 4427 2024 4483; x_wconf 80' lang='lat' dir='ltr'><strong>Non</strong></span> <span class='ocrx_word' id='word_1_363' title='bbox 2050 4438 2122 4499; x_wconf 84' lang='lat' dir='ltr'><strong>est</strong></span> 
     </span>
    </p>
   </div>
   <div class='ocr_carea' id='block_1_46' title="bbox 548 4513 2122 4587">
    <p class='ocr_par' dir='ltr' id='par_1_46' title="bbox 548 4513 2122 4587">
     <span class='ocr_line' id='line_1_46' title="bbox 548 4513 2122 4587; baseline 0.005 -21"><span class='ocrx_word' id='word_1_364' title='bbox 548 4513 679 4566; x_wconf 85' lang='lat' dir='ltr'><strong>enim</strong></span> <span class='ocrx_word' id='word_1_365' title='bbox 712 4530 920 4584; x_wconf 83' lang='lat' dir='ltr'><strong>regnum</strong></span> <span class='ocrx_word' id='word_1_366' title='bbox 946 4514 1044 4568; x_wconf 86' lang='lat' dir='ltr'><strong>Dei</strong></span> <span class='ocrx_word' id='word_1_367' title='bbox 1081 4531 1193 4571; x_wconf 85' lang='lat' dir='ltr'><strong>esca</strong></span> <span class='ocrx_word' id='word_1_368' title='bbox 1227 4523 1275 4568; x_wconf 90' lang='lat' dir='ltr'><strong>et</strong></span> <span class='ocrx_word' id='word_1_369' title='bbox 1304 4525 1480 4584; x_wconf 83' lang='lat' dir='ltr'><strong>potus,</strong></span> <span class='ocrx_word' id='word_1_370' title='bbox 1508 4516 1596 4570; x_wconf 86' lang='lat' dir='ltr'><strong>sed</strong></span> <span class='ocrx_word' id='word_1_371' title='bbox 1615 4518 1816 4587; x_wconf 86' lang='lat' dir='ltr'><strong>justitia</strong></span> <span class='ocrx_word' id='word_1_372' title='bbox 1855 4527 1901 4572; x_wconf 90' lang='lat' dir='ltr'><strong>et</strong></span> <span class='ocrx_word' id='word_1_373' title='bbox 1931 4535 2033 4586; x_wconf 66' lang='lat' dir='ltr'><strong>pan;</strong></span> <span class='ocrx_word' id='word_1_374' title='bbox 2075 4529 2122 4574; x_wconf 84' lang='lat' dir='ltr'><strong>et</strong></span> 
     </span>
    </p>
   </div>
   <div class='ocr_carea' id='block_1_47' title="bbox 550 4604 2120 4678">
    <p class='ocr_par' dir='ltr' id='par_1_47' title="bbox 550 4604 2120 4678">
     <span class='ocr_line' id='line_1_47' title="bbox 550 4604 2120 4678; baseline 0.004 -23"><span class='ocrx_word' id='word_1_375' title='bbox 550 4604 791 4672; x_wconf 80' lang='lat' dir='ltr'><strong>gaudium</strong></span> <span class='ocrx_word' id='word_1_376' title='bbox 816 4604 868 4657; x_wconf 85' lang='lat' dir='ltr'><strong>in</strong></span> <span class='ocrx_word' id='word_1_377' title='bbox 895 4604 1093 4674; x_wconf 83' lang='lat' dir='ltr'><strong>Spiritu</strong></span> <span class='ocrx_word' id='word_1_378' title='bbox 1117 4615 1289 4658; x_wconf 87' lang='lat' dir='ltr'><strong>sancto</strong></span> <span class='ocrx_word' id='word_1_379' title='bbox 1313 4605 1484 4676; x_wconf 84' lang='lat' dir='ltr'><strong>(Rom.</strong></span> <span class='ocrx_word' id='word_1_380' title='bbox 1517 4621 1634 4673; x_wconf 79' lang='lat' dir='ltr'><strong>xw,</strong></span> <span class='ocrx_word' id='word_1_381' title='bbox 1658 4606 1768 4678; x_wconf 76' lang='lat' dir='ltr'><strong>i7).</strong></span> <span class='ocrx_word' id='word_1_382' title='bbox 1798 4607 1997 4677; x_wconf 90' lang='lat' dir='ltr'><strong>Nempe</strong></span> <span class='ocrx_word' id='word_1_383' title='bbox 2021 4611 2120 4664; x_wconf 86' lang='lat' dir='ltr'><strong>ista</strong></span> 
     </span>
    </p>
   </div>
   <div class='ocr_carea' id='block_1_48' title="bbox 550 4693 2122 4766">
    <p class='ocr_par' dir='ltr' id='par_1_48' title="bbox 550 4693 2122 4766">
     <span class='ocr_line' id='line_1_48' title="bbox 550 4693 2122 4766; baseline 0.006 -20"><span class='ocrx_word' id='word_1_384' title='bbox 550 4693 647 4746; x_wconf 87' lang='lat' dir='ltr'><strong>tria</strong></span> <span class='ocrx_word' id='word_1_385' title='bbox 679 4693 816 4748; x_wconf 83' lang='lat' dir='ltr'><strong>inter</strong></span> <span class='ocrx_word' id='word_1_386' title='bbox 843 4705 1032 4748; x_wconf 78' lang='lat' dir='ltr'><strong>czetera</strong></span> <span class='ocrx_word' id='word_1_387' title='bbox 1079 4703 1340 4764; x_wconf 68' lang='lat' dir='ltr'><strong>prtecepta</strong></span> <span class='ocrx_word' id='word_1_388' title='bbox 1383 4695 1557 4750; x_wconf 92' lang='lat' dir='ltr'><strong>divina</strong></span> <span class='ocrx_word' id='word_1_389' title='bbox 1591 4697 1982 4766; x_wconf 87' lang='lat' dir='ltr'><strong>praecipiuntur.</strong></span> <span class='ocrx_word' id='word_1_390' title='bbox 2024 4699 2122 4755; x_wconf 83' lang='lat' dir='ltr'><strong>Hic</strong></span> 
     </span>
    </p>
   </div>
   <div class='ocr_carea' id='block_1_49' title="bbox 552 4782 2127 4858">
    <p class='ocr_par' dir='ltr' id='par_1_49' title="bbox 552 4782 2127 4858">
     <span class='ocr_line' id='line_1_49' title="bbox 552 4782 2127 4858; baseline 0.006 -23"><span class='ocrx_word' id='word_1_391' title='bbox 552 4782 704 4836; x_wconf 85' lang='lat' dir='ltr'><strong>nobis</strong></span> <span class='ocrx_word' id='word_1_392' title='bbox 731 4783 1032 4854; x_wconf 76' lang='lat' dir='ltr'><strong>przeeipitur</strong></span> <span class='ocrx_word' id='word_1_393' title='bbox 1055 4784 1254 4852; x_wconf 84' lang='lat' dir='ltr'><strong>justitia</strong></span> <span class='ocrx_word' id='word_1_394' title='bbox 1279 4799 1399 4840; x_wconf 91' lang='lat' dir='ltr'><strong>cum</strong></span> <span class='ocrx_word' id='word_1_395' title='bbox 1425 4786 1616 4841; x_wconf 90' lang='lat' dir='ltr'><strong>dicitur</strong></span> <span class='ocrx_word' id='word_1_396' title='bbox 1633 4827 1648 4851; x_wconf 91' lang='lat'><strong>,</strong></span> <span class='ocrx_word' id='word_1_397' title='bbox 1681 4785 1854 4841; x_wconf 82' lang='lat' dir='ltr'><strong>Facite</strong></span> <span class='ocrx_word' id='word_1_398' title='bbox 1869 4789 2127 4858; x_wconf 72' lang='lat' dir='ltr'><strong>justitiam</strong></span> 
     </span>
    </p>
   </div>
   <div class='ocr_carea' id='block_1_50' title="bbox 553 4872 2124 4946">
    <p class='ocr_par' dir='ltr' id='par_1_50' title="bbox 553 4872 2124 4946">
     <span class='ocr_line' id='line_1_50' title="bbox 553 4872 2124 4946; baseline 0.006 -22"><span class='ocrx_word' id='word_1_399' title='bbox 553 4872 702 4943; x_wconf 86' lang='lat' dir='ltr'><strong>(Isai.</strong></span> <span class='ocrx_word' id='word_1_400' title='bbox 733 4889 845 4937; x_wconf 64' lang='lat' dir='ltr'><strong>cvi,</strong></span> <span class='ocrx_word' id='word_1_401' title='bbox 897 4874 972 4945; x_wconf 79' lang='lat' dir='ltr'><strong>i).</strong></span> <span class='ocrx_word' id='word_1_402' title='bbox 1024 4875 1331 4945; x_wconf 71' lang='lat' dir='ltr'><strong>Pnecipitur</strong></span> <span class='ocrx_word' id='word_1_403' title='bbox 1369 4891 1470 4946; x_wconf 89' lang='lat' dir='ltr'><strong>pax</strong></span> <span class='ocrx_word' id='word_1_404' title='bbox 1513 4892 1632 4931; x_wconf 92' lang='lat' dir='ltr'><strong>cum</strong></span> <span class='ocrx_word' id='word_1_405' title='bbox 1673 4877 1881 4944; x_wconf 90' lang='lat' dir='ltr'><strong>dicitur,</strong></span> <span class='ocrx_word' id='word_1_406' title='bbox 1931 4878 2124 4934; x_wconf 83' lang='lat' dir='ltr'><strong>Pacem</strong></span> 
     </span>
    </p>
   </div>
   <div class='ocr_carea' id='block_1_51' title="bbox 550 4965 2118 5040">
    <p class='ocr_par' dir='ltr' id='par_1_51' title="bbox 550 4965 2118 5040">
     <span class='ocr_line' id='line_1_51' title="bbox 550 4965 2118 5040; baseline 0.008 -25"><span class='ocrx_word' id='word_1_407' title='bbox 550 4966 726 5020; x_wconf 79' lang='lat' dir='ltr'><strong>habete</strong></span> <span class='ocrx_word' id='word_1_408' title='bbox 763 4965 892 5022; x_wconf 83' lang='lat' dir='ltr'><strong>inter</strong></span> <span class='ocrx_word' id='word_1_409' title='bbox 920 4980 1006 5024; x_wconf 81' lang='lat' dir='ltr'><strong>vos</strong></span> <span class='ocrx_word' id='word_1_410' title='bbox 1036 4965 1226 5036; x_wconf 76' lang='lat' dir='ltr'><strong>(Marc.</strong></span> <span class='ocrx_word' id='word_1_411' title='bbox 1252 4982 1308 5020; x_wconf 73' lang='grc' dir='ltr'><strong>ιι</strong></span> <span class='ocrx_word' id='word_1_412' title='bbox 1335 5007 1348 5030; x_wconf 91' lang='grc'><em>,</em></span> <span class='ocrx_word' id='word_1_413' title='bbox 1379 4967 1490 5036; x_wconf 69' lang='grc'><strong>49).</strong></span> <span class='ocrx_word' id='word_1_414' title='bbox 1523 4969 1836 5037; x_wconf 71' lang='lat' dir='ltr'><strong>Prmcipitur</strong></span> <span class='ocrx_word' id='word_1_415' title='bbox 1871 4972 2118 5040; x_wconf 78' lang='lat' dir='ltr'><strong>gaudium</strong></span> 
     </span>
    </p>
   </div>
   <div class='ocr_carea' id='block_1_52' title="bbox 549 5053 2115 5132">
    <p class='ocr_par' dir='ltr' id='par_1_52' title="bbox 549 5053 2115 5132">
     <span class='ocr_line' id='line_1_52' title="bbox 549 5053 2115 5132; baseline 0.004 -22"><span class='ocrx_word' id='word_1_416' title='bbox 549 5069 670 5110; x_wconf 90' lang='lat' dir='ltr'><strong>cum</strong></span> <span class='ocrx_word' id='word_1_417' title='bbox 713 5053 942 5118; x_wconf 88' lang='lat' dir='ltr'><strong>dicitur,</strong></span> <span class='ocrx_word' id='word_1_418' title='bbox 991 5053 1214 5116; x_wconf 74' lang='lat' dir='ltr'><strong>Gaudete</strong></span> <span class='ocrx_word' id='word_1_419' title='bbox 1241 5056 1294 5108; x_wconf 86' lang='lat' dir='ltr'><strong>in</strong></span> <span class='ocrx_word' id='word_1_420' title='bbox 1338 5056 1553 5110; x_wconf 86' lang='lat' dir='ltr'><strong>Domino</strong></span> <span class='ocrx_word' id='word_1_421' title='bbox 1594 5073 1788 5128; x_wconf 83' lang='lat' dir='ltr'><strong>semper</strong></span> <span class='ocrx_word' id='word_1_422' title='bbox 1833 5058 2115 5132; x_wconf 81' lang='lat' dir='ltr'><strong>(Philipp.</strong></span> 
     </span>
    </p>
   </div>
   <div class='ocr_carea' id='block_1_53' title="bbox 550 5143 2115 5217">
    <p class='ocr_par' dir='ltr' id='par_1_53' title="bbox 550 5143 2115 5217">
     <span class='ocr_line' id='line_1_53' title="bbox 550 5143 2115 5217; baseline 0.003 -20"><span class='ocrx_word' id='word_1_423' title='bbox 550 5157 602 5197; x_wconf 88' lang='lat' dir='ltr'><strong>Iv</strong></span> <span class='ocrx_word' id='word_1_424' title='bbox 617 5184 631 5208; x_wconf 95' lang='lat'><strong>,</strong></span> <span class='ocrx_word' id='word_1_425' title='bbox 657 5143 736 5212; x_wconf 71' lang='lat'><strong>4).</strong></span> <span class='ocrx_word' id='word_1_426' title='bbox 759 5143 960 5214; x_wconf 83' lang='lat' dir='ltr'><strong>Negent</strong></span> <span class='ocrx_word' id='word_1_427' title='bbox 979 5159 1106 5214; x_wconf 81' lang='lat' dir='ltr'><strong>ergo</strong></span> <span class='ocrx_word' id='word_1_428' title='bbox 1125 5143 1386 5214; x_wconf 73' lang='lat' dir='ltr'><strong>Pelagiani</strong></span> <span class='ocrx_word' id='word_1_429' title='bbox 1413 5145 1533 5205; x_wconf 69' lang='lat' dir='ltr'><strong>hate</strong></span> <span class='ocrx_word' id='word_1_430' title='bbox 1548 5145 1717 5200; x_wconf 79' lang='lat' dir='ltr'><strong>futura</strong></span> <span class='ocrx_word' id='word_1_431' title='bbox 1743 5146 1797 5202; x_wconf 88' lang='lat' dir='ltr'><strong>in</strong></span> <span class='ocrx_word' id='word_1_432' title='bbox 1819 5163 1982 5217; x_wconf 80' lang='lat' dir='ltr'><strong>regno</strong></span> <span class='ocrx_word' id='word_1_433' title='bbox 2005 5151 2115 5217; x_wconf 84' lang='lat' dir='ltr'><strong>Dei,</strong></span> 
     </span>
    </p>
   </div>
   <div class='ocr_carea' id='block_1_54' title="bbox 551 5233 2115 5307">
    <p class='ocr_par' dir='ltr' id='par_1_54' title="bbox 551 5233 2115 5307">
     <span class='ocr_line' id='line_1_54' title="bbox 551 5233 2115 5307; baseline 0.004 -19"><span class='ocrx_word' id='word_1_434' title='bbox 551 5234 638 5289; x_wconf 90' lang='lat' dir='ltr'><strong>ubi</strong></span> <span class='ocrx_word' id='word_1_435' title='bbox 665 5234 780 5289; x_wconf 87' lang='lat' dir='ltr'><strong>sine</strong></span> <span class='ocrx_word' id='word_1_436' title='bbox 818 5233 922 5290; x_wconf 86' lang='lat' dir='ltr'><strong>ﬁne</strong></span> <span class='ocrx_word' id='word_1_437' title='bbox 949 5234 1220 5299; x_wconf 82' lang='lat' dir='ltr'><strong>vivemus;</strong></span> <span class='ocrx_word' id='word_1_438' title='bbox 1252 5244 1342 5290; x_wconf 85' lang='lat' dir='ltr'><strong>aut</strong></span> <span class='ocrx_word' id='word_1_439' title='bbox 1389 5250 1553 5306; x_wconf 86' lang='lat' dir='ltr'><strong>usque</strong></span> <span class='ocrx_word' id='word_1_440' title='bbox 1579 5235 1712 5292; x_wconf 91' lang='lat' dir='ltr'><strong>adeo</strong></span> <span class='ocrx_word' id='word_1_441' title='bbox 1734 5279 1749 5304; x_wconf 89' lang='lat'><strong>,</strong></span> <span class='ocrx_word' id='word_1_442' title='bbox 1787 5238 1830 5291; x_wconf 92' lang='lat' dir='ltr'><strong>si</strong></span> <span class='ocrx_word' id='word_1_443' title='bbox 1872 5238 2115 5307; x_wconf 81' lang='lat' dir='ltr'><strong>videtur,</strong></span> 
     </span>
    </p>
   </div>
   <div class='ocr_carea' id='block_1_55' title="bbox 550 5325 2121 5398">
    <p class='ocr_par' dir='ltr' id='par_1_55' title="bbox 550 5325 2121 5398">
     <span class='ocr_line' id='line_1_55' title="bbox 550 5325 2121 5398; baseline 0.004 -18"><span class='ocrx_word' id='word_1_444' title='bbox 550 5326 820 5393; x_wconf 44' lang='lat' dir='ltr'><strong>insaniant,</strong></span> <span class='ocrx_word' id='word_1_445' title='bbox 841 5333 896 5379; x_wconf 91' lang='lat' dir='ltr'><strong>ut</strong></span> <span class='ocrx_word' id='word_1_446' title='bbox 917 5325 1197 5394; x_wconf 72' lang='lat' dir='ltr'><strong>justitiam,</strong></span> <span class='ocrx_word' id='word_1_447' title='bbox 1230 5341 1410 5395; x_wconf 81' lang='lat' dir='ltr'><strong>pacem</strong></span> <span class='ocrx_word' id='word_1_448' title='bbox 1439 5365 1454 5392; x_wconf 91' lang='lat'><strong>,</strong></span> <span class='ocrx_word' id='word_1_449' title='bbox 1481 5327 1726 5397; x_wconf 83' lang='lat' dir='ltr'><strong>gaudium</strong></span> <span class='ocrx_word' id='word_1_450' title='bbox 1748 5368 1762 5392; x_wconf 95' lang='lat'><strong>,</strong></span> <span class='ocrx_word' id='word_1_451' title='bbox 1791 5330 1963 5398; x_wconf 87' lang='lat' dir='ltr'><strong>qualia</strong></span> <span class='ocrx_word' id='word_1_452' title='bbox 1993 5342 2121 5387; x_wconf 87' lang='lat' dir='ltr'><strong>sunt</strong></span> 
     </span>
    </p>
   </div>
   <div class='ocr_carea' id='block_1_56' title="bbox 549 5415 2116 5488">
    <p class='ocr_par' dir='ltr' id='par_1_56' title="bbox 549 5415 2116 5488">
     <span class='ocr_line' id='line_1_56' title="bbox 549 5415 2116 5488; baseline 0.003 -17"><span class='ocrx_word' id='word_1_453' title='bbox 549 5417 636 5478; x_wconf 88' lang='lat' dir='ltr'><strong>hic</strong></span> <span class='ocrx_word' id='word_1_454' title='bbox 658 5416 815 5488; x_wconf 89' lang='lat' dir='ltr'><strong>justis</strong></span> <span class='ocrx_word' id='word_1_455' title='bbox 839 5456 862 5485; x_wconf 90' lang='lat'><strong>,_</strong></span> <span class='ocrx_word' id='word_1_456' title='bbox 886 5415 1006 5484; x_wconf 85' lang='lat' dir='ltr'><strong>talia</strong></span> <span class='ocrx_word' id='word_1_457' title='bbox 1048 5427 1099 5472; x_wconf 92' lang='lat' dir='ltr'><strong>et</strong></span> <span class='ocrx_word' id='word_1_458' title='bbox 1127 5417 1235 5472; x_wconf 89' lang='lat' dir='ltr'><strong>illic</strong></span> <span class='ocrx_word' id='word_1_459' title='bbox 1260 5417 1426 5470; x_wconf 79' lang='lat' dir='ltr'><strong>futura</strong></span> <span class='ocrx_word' id='word_1_460' title='bbox 1452 5432 1572 5472; x_wconf 89' lang='lat' dir='ltr'><strong>esse</strong></span> <span class='ocrx_word' id='word_1_461' title='bbox 1596 5419 1933 5485; x_wconf 79' lang='lat' dir='ltr'><strong>contendant.</strong></span> <span class='ocrx_word' id='word_1_462' title='bbox 1963 5421 2116 5488; x_wconf 85' lang='lat' dir='ltr'><strong>Quod</strong></span> 
     </span>
    </p>
   </div>
   <div class='ocr_carea' id='block_1_57' title="bbox 609 5549 1246 5606">
    <p class='ocr_par' dir='ltr' id='par_1_57' title="bbox 609 5549 1246 5606">
     <span class='ocr_line' id='line_1_57' title="bbox 609 5549 1246 5606; baseline 0 -8"><span class='ocrx_word' id='word_1_463' title='bbox 609 5551 625 5582; x_wconf 85' lang='grc'>¹</span> <span class='ocrx_word' id='word_1_464' title='bbox 661 5556 709 5598; x_wconf 87' lang='grc' dir='ltr'><strong>1η</strong></span> <span class='ocrx_word' id='word_1_465' title='bbox 730 5549 891 5606; x_wconf 87' lang='lat' dir='ltr'><strong>editis,</strong></span> <span class='ocrx_word' id='word_1_466' title='bbox 910 5549 1246 5600; x_wconf 79' lang='lat' dir='ltr'><strong>indesinenter.</strong></span> 
     </span>
    </p>
   </div>
   <div class='ocr_carea' id='block_1_58' title="bbox 606 5609 2108 5677">
    <p class='ocr_par' dir='ltr' id='par_1_58' title="bbox 606 5609 2108 5677">
     <span class='ocr_line' id='line_1_58' title="bbox 606 5609 2108 5677; baseline 0.008 -20"><span class='ocrx_word' id='word_1_467' title='bbox 606 5613 626 5642; x_wconf 73' lang='grc'>⁸</span> <span class='ocrx_word' id='word_1_468' title='bbox 661 5611 800 5677; x_wconf 59' lang='lat' dir='ltr'><strong>inditi,</strong></span> <span class='ocrx_word' id='word_1_469' title='bbox 834 5611 1161 5677; x_wconf 73' lang='lat' dir='ltr'><strong>contempserit</strong></span> <span class='ocrx_word' id='word_1_470' title='bbox 1195 5610 1422 5661; x_wconf 77' lang='lat' dir='ltr'><strong>numdata</strong></span> <span class='ocrx_word' id='word_1_471' title='bbox 1453 5609 1684 5676; x_wconf 74' lang='lat' dir='ltr'><strong>perﬁcere</strong></span> <span class='ocrx_word' id='word_1_472' title='bbox 1701 5649 1716 5673; x_wconf 96' lang='lat'><strong>,_</strong></span> <span class='ocrx_word' id='word_1_473' title='bbox 1755 5615 1960 5676; x_wconf 83' lang='lat' dir='ltr'><strong>omisso,</strong></span> <span class='ocrx_word' id='word_1_474' title='bbox 1992 5617 2108 5677; x_wconf 76' lang='lat' dir='ltr'><strong>illic,</strong></span> 
     </span>
    </p>
   </div>
   <div class='ocr_carea' id='block_1_59' title="bbox 545 5673 1204 5741">
    <p class='ocr_par' dir='ltr' id='par_1_59' title="bbox 545 5673 1204 5741">
     <span class='ocr_line' id='line_1_59' title="bbox 545 5673 1204 5741; baseline -0.02 -10"><span class='ocrx_word' id='word_1_475' title='bbox 545 5673 680 5741; x_wconf 56' lang='lat'><strong>(109‘!</strong></span> <span class='ocrx_word' id='word_1_476' title='bbox 699 5678 804 5741; x_wconf 60' lang='grc' dir='ltr'><strong>διεβ.</strong></span> <span class='ocrx_word' id='word_1_477' title='bbox 831 5686 894 5722; x_wconf 78' lang='lat' dir='ltr'><strong>ex</strong></span> <span class='ocrx_word' id='word_1_478' title='bbox 921 5674 1204 5741; x_wconf 68' lang='lat' dir='ltr'><strong>restituitur.</strong></span> 
     </span>
    </p>
   </div>
   <div class='ocr_carea' id='block_1_60' title="bbox 571 5734 1925 5802">
    <p class='ocr_par' dir='ltr' id='par_1_60' title="bbox 571 5734 1925 5802">
     <span class='ocr_line' id='line_1_60' title="bbox 571 5734 1925 5802; baseline 0.005 -23"><span class='ocrx_word' id='word_1_479' title='bbox 571 5740 579 5746; x_wconf 88' lang='lat'><strong>&#39;</strong></span> <span class='ocrx_word' id='word_1_480' title='bbox 607 5735 626 5802; x_wconf 60' lang='grc' dir='ltr'><strong><em>ξ</em></strong></span> <span class='ocrx_word' id='word_1_481' title='bbox 660 5740 731 5780; x_wconf 76' lang='lat' dir='ltr'><strong>Er.</strong></span> <span class='ocrx_word' id='word_1_482' title='bbox 759 5739 886 5802; x_wconf 57' lang='grc' dir='ltr'><strong>ιρνη</strong></span> <span class='ocrx_word' id='word_1_483' title='bbox 922 5734 1390 5802; x_wconf 31' lang='grc' dir='ltr'><strong>ίιιριγεηιὶιιυηηιὶω.</strong></span> <span class='ocrx_word' id='word_1_484' title='bbox 1419 5742 1468 5786; x_wconf 92' lang='lat' dir='ltr'><strong>et</strong></span> <span class='ocrx_word' id='word_1_485' title='bbox 1494 5743 1615 5798; x_wconf 65' lang='lat'><strong>5155.,</strong></span> <span class='ocrx_word' id='word_1_486' title='bbox 1639 5736 1686 5788; x_wconf 81' lang='lat' dir='ltr'><strong>in</strong></span> <span class='ocrx_word' id='word_1_487' title='bbox 1713 5741 1925 5800; x_wconf 74' lang='grc' dir='ltr'><strong>ρι’ωιιςὶο,.</strong></span> 
     </span>
    </p>
   </div>
   <div class='ocr_carea' id='block_1_61' title="bbox 605 5796 1344 5855">
    <p class='ocr_par' dir='ltr' id='par_1_61' title="bbox 605 5796 1344 5855">
     <span class='ocr_line' id='line_1_61' title="bbox 605 5796 1344 5855; baseline 0.004 -13"><span class='ocrx_word' id='word_1_488' title='bbox 605 5796 624 5829; x_wconf 61' lang='grc' dir='ltr'>δ</span> <span class='ocrx_word' id='word_1_489' title='bbox 660 5804 756 5846; x_wconf 64' lang='lat' dir='ltr'><strong>am.</strong></span> <span class='ocrx_word' id='word_1_490' title='bbox 781 5800 852 5843; x_wconf 82' lang='lat' dir='ltr'><strong>Er.</strong></span> <span class='ocrx_word' id='word_1_491' title='bbox 881 5803 929 5844; x_wconf 79' lang='lat' dir='ltr'><strong>et</strong></span> <span class='ocrx_word' id='word_1_492' title='bbox 953 5800 1079 5855; x_wconf 73' lang='lat' dir='ltr'><strong>Mss,</strong></span> <span class='ocrx_word' id='word_1_493' title='bbox 1122 5796 1344 5849; x_wconf 68' lang='lat' dir='ltr'><strong>Idl‘t’lllﬂl.</strong></span> 
     </span>
    </p>
   </div>
   <div class='ocr_carea' id='block_1_62' title="bbox 1179 399 3160 472">
    <p class='ocr_par' dir='ltr' id='par_1_62' title="bbox 1179 399 3160 472">
     <span class='ocr_line' id='line_1_62' title="bbox 1179 399 3160 472; baseline -0.002 -10"><span class='ocrx_word' id='word_1_494' title='bbox 1179 405 1446 462; x_wconf 75' lang='lat' dir='ltr'><strong>CONTRA</strong></span> <span class='ocrx_word' id='word_1_495' title='bbox 1492 403 1666 460; x_wconf 72' lang='lat' dir='ltr'><strong>DUAS</strong></span> <span class='ocrx_word' id='word_1_496' title='bbox 1703 400 2070 469; x_wconf 65' lang='lat' dir='ltr'><strong>EPISTOi..\S</strong></span> <span class='ocrx_word' id='word_1_497' title='bbox 2111 399 2657 472; x_wconf 66' lang='lat' dir='ltr'><strong>PELAGIANORUM,</strong></span> <span class='ocrx_word' id='word_1_498' title='bbox 2697 402 2754 458; x_wconf 89' lang='lat' dir='ltr'><strong>S.</strong></span> <span class='ocrx_word' id='word_1_499' title='bbox 2795 401 3160 460; x_wconf 74' lang='lat' dir='ltr'><strong>AUGUSTINI</strong></span> 
     </span>
    </p>
   </div>
   <div class='ocr_carea' id='block_1_63' title="bbox 3699 408 3813 468">
    <p class='ocr_par' dir='ltr' id='par_1_63' title="bbox 3699 408 3813 468">
     <span class='ocr_line' id='line_1_63' title="bbox 3699 408 3813 468; baseline 0.018 -2"><span class='ocrx_word' id='word_1_500' title='bbox 3699 408 3813 468; x_wconf 74' lang='grc'><strong>652</strong></span> 
     </span>
    </p>
   </div>
   <div class='ocr_carea' id='block_1_64' title="bbox 2227 513 3807 584">
    <p class='ocr_par' dir='ltr' id='par_1_64' title="bbox 2227 513 3807 584">
     <span class='ocr_line' id='line_1_64' title="bbox 2227 513 3807 584; baseline 0.006 -18"><span class='ocrx_word' id='word_1_501' title='bbox 2227 513 2271 567; x_wconf 90' lang='lat' dir='ltr'><strong>si</strong></span> <span class='ocrx_word' id='word_1_502' title='bbox 2302 520 2354 567; x_wconf 92' lang='lat' dir='ltr'><strong>et</strong></span> <span class='ocrx_word' id='word_1_503' title='bbox 2380 522 2554 580; x_wconf 90' lang='lat' dir='ltr'><strong>erunt,</strong></span> <span class='ocrx_word' id='word_1_504' title='bbox 2581 522 2634 570; x_wconf 91' lang='lat' dir='ltr'><strong>et</strong></span> <span class='ocrx_word' id='word_1_505' title='bbox 2663 529 2766 568; x_wconf 90' lang='lat' dir='ltr'><strong>non</strong></span> <span class='ocrx_word' id='word_1_506' title='bbox 2790 514 2911 568; x_wconf 91' lang='lat' dir='ltr'><strong>talia</strong></span> <span class='ocrx_word' id='word_1_507' title='bbox 2939 524 3131 580; x_wconf 87' lang='lat' dir='ltr'><strong>erunt;</strong></span> <span class='ocrx_word' id='word_1_508' title='bbox 3163 513 3401 584; x_wconf 79' lang='lat' dir='ltr'><strong>proiecto</strong></span> <span class='ocrx_word' id='word_1_509' title='bbox 3428 531 3612 573; x_wconf 90' lang='lat' dir='ltr'><strong>eorum</strong></span> <span class='ocrx_word' id='word_1_510' title='bbox 3639 515 3727 574; x_wconf 88' lang='lat' dir='ltr'><strong>hic</strong></span> <span class='ocrx_word' id='word_1_511' title='bbox 3751 518 3807 578; x_wconf 90' lang='lat' dir='ltr'><strong>in</strong></span> 
     </span>
    </p>
   </div>
   <div class='ocr_carea' id='block_1_65' title="bbox 2225 603 3808 678">
    <p class='ocr_par' dir='ltr' id='par_1_65' title="bbox 2225 603 3808 678">
     <span class='ocr_line' id='line_1_65' title="bbox 2225 603 3808 678; baseline 0.006 -23"><span class='ocrx_word' id='word_1_512' title='bbox 2225 613 2489 674; x_wconf 78' lang='lat' dir='ltr'><strong>prrecepto</strong></span> <span class='ocrx_word' id='word_1_513' title='bbox 2514 603 2744 659; x_wconf 90' lang='lat' dir='ltr'><strong>curanda</strong></span> <span class='ocrx_word' id='word_1_514' title='bbox 2774 613 2854 659; x_wconf 92' lang='lat' dir='ltr'><strong>est</strong></span> <span class='ocrx_word' id='word_1_515' title='bbox 2879 606 3038 672; x_wconf 91' lang='lat' dir='ltr'><strong>actio,</strong></span> <span class='ocrx_word' id='word_1_516' title='bbox 3072 606 3179 660; x_wconf 92' lang='lat' dir='ltr'><strong>illic</strong></span> <span class='ocrx_word' id='word_1_517' title='bbox 3207 607 3257 660; x_wconf 90' lang='lat' dir='ltr'><strong>in</strong></span> <span class='ocrx_word' id='word_1_518' title='bbox 3297 608 3512 676; x_wconf 65' lang='lat' dir='ltr'><strong>praemio</strong></span> <span class='ocrx_word' id='word_1_519' title='bbox 3541 609 3808 678; x_wconf 83' lang='lat' dir='ltr'><strong>speranda</strong></span> 
     </span>
    </p>
   </div>
   <div class='ocr_carea' id='block_1_66' title="bbox 2223 692 3807 767">
    <p class='ocr_par' dir='ltr' id='par_1_66' title="bbox 2223 692 3807 767">
     <span class='ocr_line' id='line_1_66' title="bbox 2223 692 3807 767; baseline 0.004 -17"><span class='ocrx_word' id='word_1_520' title='bbox 2223 692 2477 764; x_wconf 84' lang='lat' dir='ltr'><strong>perfectio</strong></span> <span class='ocrx_word' id='word_1_521' title='bbox 2503 711 2516 748; x_wconf 92' lang='lat'><strong>:</strong></span> <span class='ocrx_word' id='word_1_522' title='bbox 2550 694 2637 748; x_wconf 89' lang='lat' dir='ltr'><strong>ubi</strong></span> <span class='ocrx_word' id='word_1_523' title='bbox 2667 695 3004 751; x_wconf 63' lang='lat' dir='ltr'><strong>saecularibus</strong></span> <span class='ocrx_word' id='word_1_524' title='bbox 3035 697 3155 750; x_wconf 87' lang='lat' dir='ltr'><strong>ullis</strong></span> <span class='ocrx_word' id='word_1_525' title='bbox 3182 697 3382 767; x_wconf 83' lang='lat' dir='ltr'><strong>laqueis</strong></span> <span class='ocrx_word' id='word_1_526' title='bbox 3407 712 3511 752; x_wconf 91' lang='lat' dir='ltr'><strong>non</strong></span> <span class='ocrx_word' id='word_1_527' title='bbox 3538 700 3807 767; x_wconf 81' lang='lat' dir='ltr'><strong>retenti&#39;,</strong></span> 
     </span>
    </p>
   </div>
   <div class='ocr_carea' id='block_1_67' title="bbox 2225 786 3814 861">
    <p class='ocr_par' dir='ltr' id='par_1_67' title="bbox 2225 786 3814 861">
     <span class='ocr_line' id='line_1_67' title="bbox 2225 786 3814 861; baseline 0.006 -23"><span class='ocrx_word' id='word_1_528' title='bbox 2225 786 2481 856; x_wconf 90' lang='lat' dir='ltr'><strong>nullisque</strong></span> <span class='ocrx_word' id='word_1_529' title='bbox 2527 787 2756 855; x_wconf 89' lang='lat' dir='ltr'><strong>peccatis</strong></span> <span class='ocrx_word' id='word_1_530' title='bbox 2792 797 2847 842; x_wconf 90' lang='lat' dir='ltr'><strong>et</strong></span> <span class='ocrx_word' id='word_1_531' title='bbox 2883 788 3026 843; x_wconf 89' lang='lat' dir='ltr'><strong>vitiis</strong></span> <span class='ocrx_word' id='word_1_532' title='bbox 3069 791 3243 844; x_wconf 91' lang='lat' dir='ltr'><strong>carnis</strong></span> <span class='ocrx_word' id='word_1_533' title='bbox 3287 789 3500 844; x_wconf 88' lang='lat' dir='ltr'><strong>obnoxii</strong></span> <span class='ocrx_word' id='word_1_534' title='bbox 3545 792 3814 861; x_wconf 88' lang='lat' dir='ltr'><strong>(propter</strong></span> 
     </span>
    </p>
   </div>
   <div class='ocr_carea' id='block_1_68' title="bbox 2224 875 3812 952">
    <p class='ocr_par' dir='ltr' id='par_1_68' title="bbox 2224 875 3812 952">
     <span class='ocr_line' id='line_1_68' title="bbox 2224 875 3812 952; baseline 0.004 -23"><span class='ocrx_word' id='word_1_535' title='bbox 2224 875 2364 946; x_wconf 92' lang='lat' dir='ltr'><strong>quod</strong></span> <span class='ocrx_word' id='word_1_536' title='bbox 2383 877 2684 947; x_wconf 87' lang='lat' dir='ltr'><strong>Apostolus,</strong></span> <span class='ocrx_word' id='word_1_537' title='bbox 2709 877 2845 932; x_wconf 89' lang='lat' dir='ltr'><strong>sicut</strong></span> <span class='ocrx_word' id='word_1_538' title='bbox 2865 877 2964 932; x_wconf 92' lang='lat' dir='ltr'><strong>hoc</strong></span> <span class='ocrx_word' id='word_1_539' title='bbox 2987 879 3342 936; x_wconf 90' lang='lat' dir='ltr'><strong>testimonium</strong></span> <span class='ocrx_word' id='word_1_540' title='bbox 3364 881 3572 950; x_wconf 89' lang='lat' dir='ltr'><strong>accepit</strong></span> <span class='ocrx_word' id='word_1_541' title='bbox 3589 878 3812 952; x_wconf 84' lang='lat' dir='ltr'><strong>Cypria-</strong></span> 
     </span>
    </p>
   </div>
   <div class='ocr_carea' id='block_1_69' title="bbox 2226 965 3813 1042">
    <p class='ocr_par' dir='ltr' id='par_1_69' title="bbox 2226 965 3813 1042">
     <span class='ocr_line' id='line_1_69' title="bbox 2226 965 3813 1042; baseline 0.007 -26"><span class='ocrx_word' id='word_1_542' title='bbox 2226 978 2324 1026; x_wconf 87' lang='lat' dir='ltr'><strong>nus</strong></span> <span class='ocrx_word' id='word_1_543' title='bbox 2345 1005 2358 1029; x_wconf 94' lang='lat'><strong>,</strong></span> <span class='ocrx_word' id='word_1_544' title='bbox 2389 965 2522 1026; x_wconf 89' lang='lat' dir='ltr'><strong>mori</strong></span> <span class='ocrx_word' id='word_1_545' title='bbox 2553 965 2756 1021; x_wconf 91' lang='lat' dir='ltr'><strong>lucrum</strong></span> <span class='ocrx_word' id='word_1_546' title='bbox 2787 966 2886 1024; x_wconf 89' lang='lat' dir='ltr'><strong>sibi</strong></span> <span class='ocrx_word' id='word_1_547' title='bbox 2913 981 3034 1022; x_wconf 87' lang='lat' dir='ltr'><strong>esse</strong></span> <span class='ocrx_word' id='word_1_548' title='bbox 3061 967 3268 1022; x_wconf 90' lang='lat' dir='ltr'><strong>dicebat</strong></span> <span class='ocrx_word' id='word_1_549' title='bbox 3287 970 3326 1036; x_wconf 85' lang='lat'><strong>),</strong></span> <span class='ocrx_word' id='word_1_550' title='bbox 3359 969 3590 1039; x_wconf 81' lang='lat' dir='ltr'><strong>perfecte</strong></span> <span class='ocrx_word' id='word_1_551' title='bbox 3622 971 3813 1042; x_wconf 84' lang='lat' dir='ltr'><strong>diliga-</strong></span> 
     </span>
    </p>
   </div>
   <div class='ocr_carea' id='block_1_70' title="bbox 2225 1055 3814 1132">
    <p class='ocr_par' dir='ltr' id='par_1_70' title="bbox 2225 1055 3814 1132">
     <span class='ocr_line' id='line_1_70' title="bbox 2225 1055 3814 1132; baseline 0.007 -25"><span class='ocrx_word' id='word_1_552' title='bbox 2225 1068 2344 1108; x_wconf 91' lang='lat' dir='ltr'><strong>mus</strong></span> <span class='ocrx_word' id='word_1_553' title='bbox 2375 1055 2540 1110; x_wconf 92' lang='lat' dir='ltr'><strong>Deum</strong></span> <span class='ocrx_word' id='word_1_554' title='bbox 2560 1097 2575 1122; x_wconf 91' lang='lat'><strong>,</strong></span> <span class='ocrx_word' id='word_1_555' title='bbox 2624 1059 2776 1126; x_wconf 89' lang='lat' dir='ltr'><strong>cujus</strong></span> <span class='ocrx_word' id='word_1_556' title='bbox 2809 1057 2911 1116; x_wconf 92' lang='lat' dir='ltr'><strong>erit</strong></span> <span class='ocrx_word' id='word_1_557' title='bbox 2947 1057 3081 1113; x_wconf 81' lang='lat' dir='ltr'><strong>facie</strong></span> <span class='ocrx_word' id='word_1_558' title='bbox 3107 1058 3170 1113; x_wconf 88' lang='lat' dir='ltr'><strong>ad</strong></span> <span class='ocrx_word' id='word_1_559' title='bbox 3201 1058 3387 1114; x_wconf 81' lang='lat' dir='ltr'><strong>faciem</strong></span> <span class='ocrx_word' id='word_1_560' title='bbox 3429 1063 3814 1132; x_wconf 89' lang='lat' dir='ltr'><strong>contemplatio</strong></span> 
     </span>
    </p>
   </div>
   <div class='ocr_carea' id='block_1_71' title="bbox 2227 1146 3810 1223">
    <p class='ocr_par' dir='ltr' id='par_1_71' title="bbox 2227 1146 3810 1223">
     <span class='ocr_line' id='line_1_71' title="bbox 2227 1146 3810 1223; baseline 0.008 -22"><span class='ocrx_word' id='word_1_561' title='bbox 2227 1146 2271 1216; x_wconf 90' lang='lat' dir='ltr'><strong>(l</strong></span> <span class='ocrx_word' id='word_1_562' title='bbox 2303 1146 2419 1208; x_wconf 85' lang='lat' dir='ltr'><strong>Cor.</strong></span> <span class='ocrx_word' id='word_1_563' title='bbox 2453 1165 2582 1216; x_wconf 96' lang='lat' dir='ltr'><strong>xm,</strong></span> <span class='ocrx_word' id='word_1_564' title='bbox 2627 1150 2755 1219; x_wconf 77' lang='lat' dir='ltr'><strong>i2);</strong></span> <span class='ocrx_word' id='word_1_565' title='bbox 2786 1149 3020 1222; x_wconf 81' lang='lat' dir='ltr'><strong>perfecte</strong></span> <span class='ocrx_word' id='word_1_566' title='bbox 3062 1151 3339 1222; x_wconf 78' lang='lat' dir='ltr'><strong>diligamus</strong></span> <span class='ocrx_word' id='word_1_567' title='bbox 3385 1161 3439 1212; x_wconf 88' lang='lat' dir='ltr'><strong>et</strong></span> <span class='ocrx_word' id='word_1_568' title='bbox 3465 1153 3769 1223; x_wconf 84' lang='lat' dir='ltr'><strong>proximum</strong></span> <span class='ocrx_word' id='word_1_569' title='bbox 3791 1195 3810 1223; x_wconf 85' lang='lat'><strong>,</strong></span> 
     </span>
    </p>
   </div>
   <div class='ocr_carea' id='block_1_72' title="bbox 2227 1239 3816 1310">
    <p class='ocr_par' dir='ltr' id='par_1_72' title="bbox 2227 1239 3816 1310">
     <span class='ocr_line' id='line_1_72' title="bbox 2227 1239 3816 1310; baseline 0.006 -18"><span class='ocrx_word' id='word_1_570' title='bbox 2227 1253 2346 1292; x_wconf 90' lang='lat' dir='ltr'><strong>cmn</strong></span> <span class='ocrx_word' id='word_1_571' title='bbox 2375 1239 2722 1294; x_wconf 81' lang='lat' dir='ltr'><strong>manifestatis</strong></span> <span class='ocrx_word' id='word_1_572' title='bbox 2748 1241 3155 1310; x_wconf 84' lang='lat' dir='ltr'><strong>cogitationibus</strong></span> <span class='ocrx_word' id='word_1_573' title='bbox 3180 1242 3356 1297; x_wconf 87' lang='lat' dir='ltr'><strong>cordis</strong></span> <span class='ocrx_word' id='word_1_574' title='bbox 3385 1243 3525 1297; x_wconf 88' lang='lat' dir='ltr'><strong>nulla</strong></span> <span class='ocrx_word' id='word_1_575' title='bbox 3552 1243 3719 1300; x_wconf 89' lang='lat' dir='ltr'><strong>ullum</strong></span> <span class='ocrx_word' id='word_1_576' title='bbox 3745 1243 3816 1302; x_wconf 83' lang='lat' dir='ltr'><strong>de</strong></span> 
     </span>
    </p>
   </div>
   <div class='ocr_carea' id='block_1_73' title="bbox 2228 1329 3452 1403">
    <p class='ocr_par' dir='ltr' id='par_1_73' title="bbox 2228 1329 3452 1403">
     <span class='ocr_line' id='line_1_73' title="bbox 2228 1329 3452 1403; baseline 0.002 -19"><span class='ocrx_word' id='word_1_577' title='bbox 2228 1329 2335 1384; x_wconf 87' lang='lat' dir='ltr'><strong>ullo</strong></span> <span class='ocrx_word' id='word_1_578' title='bbox 2367 1329 2487 1382; x_wconf 91' lang='lat' dir='ltr'><strong>mali</strong></span> <span class='ocrx_word' id='word_1_579' title='bbox 2519 1329 2676 1384; x_wconf 92' lang='lat' dir='ltr'><strong>ullius</strong></span> <span class='ocrx_word' id='word_1_580' title='bbox 2702 1332 2868 1401; x_wconf 91' lang='lat' dir='ltr'><strong>possit</strong></span> <span class='ocrx_word' id='word_1_581' title='bbox 2893 1331 3181 1387; x_wconf 88' lang='lat' dir='ltr'><strong>sollicitare</strong></span> <span class='ocrx_word' id='word_1_582' title='bbox 3202 1333 3452 1403; x_wconf 82' lang='lat' dir='ltr'><strong>suSpicio.</strong></span> 
     </span>
    </p>
   </div>
   <div class='ocr_carea' id='block_1_74' title="bbox 2297 1418 3814 1495">
    <p class='ocr_par' dir='ltr' id='par_1_74' title="bbox 2297 1418 3814 1495">
     <span class='ocr_line' id='line_1_74' title="bbox 2297 1418 3814 1495; baseline 0.004 -21"><span class='ocrx_word' id='word_1_583' title='bbox 2297 1418 2521 1474; x_wconf 85' lang='lat' dir='ltr'><strong>CAPUT</strong></span> <span class='ocrx_word' id='word_1_584' title='bbox 2551 1419 2831 1476; x_wconf 76' lang='lat' dir='ltr'><strong>Xi.—29.</strong></span> <span class='ocrx_word' id='word_1_585' title='bbox 2865 1422 3114 1476; x_wconf 77' lang='lat' dir='ltr'><strong>Ambrosii</strong></span> <span class='ocrx_word' id='word_1_586' title='bbox 3140 1432 3312 1476; x_wconf 88' lang='lat' dir='ltr'><strong>contra</strong></span> <span class='ocrx_word' id='word_1_587' title='bbox 3341 1422 3643 1495; x_wconf 83' lang='lat' dir='ltr'><strong>Pelagianos</strong></span> <span class='ocrx_word' id='word_1_588' title='bbox 3667 1426 3814 1480; x_wconf 84' lang='lat' dir='ltr'><strong>testi-</strong></span> 
     </span>
    </p>
   </div>
   <div class='ocr_carea' id='block_1_75' title="bbox 2228 1509 3814 1586">
    <p class='ocr_par' dir='ltr' id='par_1_75' title="bbox 2228 1509 3814 1586">
     <span class='ocr_line' id='line_1_75' title="bbox 2228 1509 3814 1586; baseline 0.006 -25"><span class='ocrx_word' id='word_1_589' title='bbox 2228 1509 2424 1574; x_wconf 86' lang='lat' dir='ltr'><strong>monia,</strong></span> <span class='ocrx_word' id='word_1_590' title='bbox 2452 1509 2515 1562; x_wconf 85' lang='lat' dir='ltr'><strong>de</strong></span> <span class='ocrx_word' id='word_1_591' title='bbox 2551 1509 2785 1580; x_wconf 88' lang='lat' dir='ltr'><strong>originali</strong></span> <span class='ocrx_word' id='word_1_592' title='bbox 2820 1521 3018 1580; x_wconf 87' lang='lat' dir='ltr'><strong>peccato</strong></span> <span class='ocrx_word' id='word_1_593' title='bbox 3041 1554 3055 1575; x_wconf 92' lang='lat'><strong>,</strong></span> <span class='ocrx_word' id='word_1_594' title='bbox 3084 1513 3147 1566; x_wconf 88' lang='lat' dir='ltr'><strong>de</strong></span> <span class='ocrx_word' id='word_1_595' title='bbox 3168 1513 3331 1582; x_wconf 88' lang='lat' dir='ltr'><strong>gratia</strong></span> <span class='ocrx_word' id='word_1_596' title='bbox 3381 1513 3475 1568; x_wconf 88' lang='lat' dir='ltr'><strong>Dei</strong></span> <span class='ocrx_word' id='word_1_597' title='bbox 3511 1523 3555 1568; x_wconf 87' lang='lat' dir='ltr'><strong>et</strong></span> <span class='ocrx_word' id='word_1_598' title='bbox 3583 1515 3647 1568; x_wconf 87' lang='lat' dir='ltr'><strong>de</strong></span> <span class='ocrx_word' id='word_1_599' title='bbox 3673 1531 3814 1586; x_wconf 68' lang='lat' dir='ltr'><strong>prc-</strong></span> 
     </span>
    </p>
   </div>
   <div class='ocr_carea' id='block_1_76' title="bbox 2228 1598 3814 1674">
    <p class='ocr_par' dir='ltr' id='par_1_76' title="bbox 2228 1598 3814 1674">
     <span class='ocr_line' id='line_1_76' title="bbox 2228 1598 3814 1674; baseline 0.005 -24"><span class='ocrx_word' id='word_1_600' title='bbox 2228 1598 2378 1651; x_wconf 88' lang='lat' dir='ltr'><strong>sentis</strong></span> <span class='ocrx_word' id='word_1_601' title='bbox 2395 1599 2610 1668; x_wconf 78' lang='lat' dir='ltr'><strong>justitia:</strong></span> <span class='ocrx_word' id='word_1_602' title='bbox 2630 1600 3021 1670; x_wconf 81' lang='lat' dir='ltr'><strong>imperfectione.</strong></span> <span class='ocrx_word' id='word_1_603' title='bbox 3045 1600 3150 1656; x_wconf 90' lang='lat' dir='ltr'><strong>Sed</strong></span> <span class='ocrx_word' id='word_1_604' title='bbox 3177 1611 3230 1657; x_wconf 90' lang='lat' dir='ltr'><strong>et</strong></span> <span class='ocrx_word' id='word_1_605' title='bbox 3254 1605 3273 1633; x_wconf 85' lang='grc'>²</span> <span class='ocrx_word' id='word_1_606' title='bbox 3290 1603 3399 1672; x_wconf 89' lang='lat' dir='ltr'><strong>jam</strong></span> <span class='ocrx_word' id='word_1_607' title='bbox 3424 1603 3814 1674; x_wconf 78' lang='lat' dir='ltr'><strong>gloriosissimo</strong></span> 
     </span>
    </p>
   </div>
   <div class='ocr_carea' id='block_1_77' title="bbox 2231 1687 3815 1770">
    <p class='ocr_par' dir='ltr' id='par_1_77' title="bbox 2231 1687 3815 1770">
     <span class='ocr_line' id='line_1_77' title="bbox 2231 1687 3815 1770; baseline 0.008 -30"><span class='ocrx_word' id='word_1_608' title='bbox 2231 1687 2448 1758; x_wconf 85' lang='lat' dir='ltr'><strong>martyri</strong></span> <span class='ocrx_word' id='word_1_609' title='bbox 2473 1687 2739 1759; x_wconf 84' lang='lat' dir='ltr'><strong>Cypriano</strong></span> <span class='ocrx_word' id='word_1_610' title='bbox 2765 1731 2780 1754; x_wconf 89' lang='lat'><strong>,</strong></span> <span class='ocrx_word' id='word_1_611' title='bbox 2809 1689 2874 1744; x_wconf 91' lang='lat' dir='ltr'><strong>ad</strong></span> <span class='ocrx_word' id='word_1_612' title='bbox 2904 1690 3032 1744; x_wconf 90' lang='lat' dir='ltr'><strong>istos</strong></span> <span class='ocrx_word' id='word_1_613' title='bbox 3059 1691 3377 1749; x_wconf 85' lang='lat' dir='ltr'><strong>cumulatius</strong></span> <span class='ocrx_word' id='word_1_614' title='bbox 3415 1693 3815 1770; x_wconf 68' lang='lat' dir='ltr'><strong>redarguendo:</strong></span> 
     </span>
    </p>
   </div>
   <div class='ocr_carea' id='block_1_78' title="bbox 2230 1778 3812 1856">
    <p class='ocr_par' dir='ltr' id='par_1_78' title="bbox 2230 1778 3812 1856">
     <span class='ocr_line' id='line_1_78' title="bbox 2230 1778 3812 1856; baseline 0.006 -24"><span class='ocrx_word' id='word_1_615' title='bbox 2230 1778 2590 1832; x_wconf 88' lang='lat' dir='ltr'><strong>beatissimum</strong></span> <span class='ocrx_word' id='word_1_616' title='bbox 2613 1779 2867 1834; x_wconf 88' lang='lat' dir='ltr'><strong>addamus</strong></span> <span class='ocrx_word' id='word_1_617' title='bbox 2887 1781 3224 1838; x_wconf 88' lang='lat' dir='ltr'><strong>Ambrosium</strong></span> <span class='ocrx_word' id='word_1_618' title='bbox 3252 1801 3265 1838; x_wconf 89' lang='lat'><strong>:</strong></span> <span class='ocrx_word' id='word_1_619' title='bbox 3290 1785 3540 1854; x_wconf 90' lang='lat' dir='ltr'><strong>quoniam</strong></span> <span class='ocrx_word' id='word_1_620' title='bbox 3561 1795 3616 1842; x_wconf 87' lang='lat' dir='ltr'><strong>et</strong></span> <span class='ocrx_word' id='word_1_621' title='bbox 3636 1785 3812 1856; x_wconf 86' lang='lat' dir='ltr'><strong>ipsum</strong></span> 
     </span>
    </p>
   </div>
   <div class='ocr_carea' id='block_1_79' title="bbox 2231 1867 3814 1947">
    <p class='ocr_par' dir='ltr' id='par_1_79' title="bbox 2231 1867 3814 1947">
     <span class='ocr_line' id='line_1_79' title="bbox 2231 1867 3814 1947; baseline 0.006 -25"><span class='ocrx_word' id='word_1_622' title='bbox 2231 1867 2472 1937; x_wconf 79' lang='lat' dir='ltr'><strong>Pelagius</strong></span> <span class='ocrx_word' id='word_1_623' title='bbox 2497 1869 2562 1922; x_wconf 89' lang='lat' dir='ltr'><strong>ita</strong></span> <span class='ocrx_word' id='word_1_624' title='bbox 2591 1868 2842 1934; x_wconf 88' lang='lat' dir='ltr'><strong>laudavit,</strong></span> <span class='ocrx_word' id='word_1_625' title='bbox 2869 1878 2927 1924; x_wconf 92' lang='lat' dir='ltr'><strong>ut</strong></span> <span class='ocrx_word' id='word_1_626' title='bbox 2948 1885 3015 1925; x_wconf 89' lang='lat' dir='ltr'><strong>ne</strong></span> <span class='ocrx_word' id='word_1_627' title='bbox 3039 1871 3106 1926; x_wconf 91' lang='lat' dir='ltr'><strong>ab</strong></span> <span class='ocrx_word' id='word_1_628' title='bbox 3131 1871 3358 1928; x_wconf 89' lang='lat' dir='ltr'><strong>inimicis</strong></span> <span class='ocrx_word' id='word_1_629' title='bbox 3381 1874 3594 1944; x_wconf 90' lang='lat' dir='ltr'><strong>quidem</strong></span> <span class='ocrx_word' id='word_1_630' title='bbox 3616 1876 3668 1930; x_wconf 92' lang='lat' dir='ltr'><strong>in</strong></span> <span class='ocrx_word' id='word_1_631' title='bbox 3695 1876 3814 1947; x_wconf 86' lang='lat' dir='ltr'><strong>ejus</strong></span> 
     </span>
    </p>
   </div>
   <div class='ocr_carea' id='block_1_80' title="bbox 2230 1955 3816 2034">
    <p class='ocr_par' dir='ltr' id='par_1_80' title="bbox 2230 1955 3816 2034">
     <span class='ocr_line' id='line_1_80' title="bbox 2230 1955 3816 2034; baseline 0.008 -24"><span class='ocrx_word' id='word_1_632' title='bbox 2230 1955 2378 2012; x_wconf 87' lang='lat' dir='ltr'><strong>libris</strong></span> <span class='ocrx_word' id='word_1_633' title='bbox 2416 1958 2556 2028; x_wconf 90' lang='lat' dir='ltr'><strong>quod</strong></span> <span class='ocrx_word' id='word_1_634' title='bbox 2597 1960 3115 2030; x_wconf 87' lang='lat' dir='ltr'><strong>reprehenderetur,</strong></span> <span class='ocrx_word' id='word_1_635' title='bbox 3143 1961 3347 2018; x_wconf 90' lang='lat' dir='ltr'><strong>diceret</strong></span> <span class='ocrx_word' id='word_1_636' title='bbox 3375 1965 3621 2021; x_wconf 89' lang='lat' dir='ltr'><strong>inveniri.</strong></span> <span class='ocrx_word' id='word_1_637' title='bbox 3661 1967 3816 2034; x_wconf 83' lang='lat' dir='ltr'><strong>Quo-</strong></span> 
     </span>
    </p>
   </div>
   <div class='ocr_carea' id='block_1_81' title="bbox 2230 2052 3814 2130">
    <p class='ocr_par' dir='ltr' id='par_1_81' title="bbox 2230 2052 3814 2130">
     <span class='ocr_line' id='line_1_81' title="bbox 2230 2052 3814 2130; baseline 0.006 -24"><span class='ocrx_word' id='word_1_638' title='bbox 2230 2052 2371 2106; x_wconf 90' lang='lat' dir='ltr'><strong>niam</strong></span> <span class='ocrx_word' id='word_1_639' title='bbox 2401 2067 2528 2123; x_wconf 86' lang='lat' dir='ltr'><strong>ergo</strong></span> <span class='ocrx_word' id='word_1_640' title='bbox 2555 2053 2819 2124; x_wconf 87' lang='lat' dir='ltr'><strong>Pelagiani</strong></span> <span class='ocrx_word' id='word_1_641' title='bbox 2848 2053 3029 2110; x_wconf 91' lang='lat' dir='ltr'><strong>dicunt</strong></span> <span class='ocrx_word' id='word_1_642' title='bbox 3052 2069 3157 2117; x_wconf 90' lang='lat' dir='ltr'><strong>non</strong></span> <span class='ocrx_word' id='word_1_643' title='bbox 3187 2070 3306 2112; x_wconf 89' lang='lat' dir='ltr'><strong>esse</strong></span> <span class='ocrx_word' id='word_1_644' title='bbox 3331 2057 3588 2128; x_wconf 75' lang='lat' dir='ltr'><strong>originale</strong></span> <span class='ocrx_word' id='word_1_645' title='bbox 3617 2075 3814 2130; x_wconf 85' lang='lat' dir='ltr'><strong>pecca-</strong></span> 
     </span>
    </p>
   </div>
   <div class='ocr_carea' id='block_1_82' title="bbox 2231 2145 3816 2222">
    <p class='ocr_par' dir='ltr' id='par_1_82' title="bbox 2231 2145 3816 2222">
     <span class='ocr_line' id='line_1_82' title="bbox 2231 2145 3816 2222; baseline 0.006 -25"><span class='ocrx_word' id='word_1_646' title='bbox 2231 2149 2361 2210; x_wconf 91' lang='lat' dir='ltr'><strong>tum,</strong></span> <span class='ocrx_word' id='word_1_647' title='bbox 2388 2158 2508 2198; x_wconf 92' lang='lat' dir='ltr'><strong>cum</strong></span> <span class='ocrx_word' id='word_1_648' title='bbox 2533 2158 2639 2214; x_wconf 90' lang='lat' dir='ltr'><strong>quo</strong></span> <span class='ocrx_word' id='word_1_649' title='bbox 2665 2154 2948 2203; x_wconf 88' lang='lat' dir='ltr'><strong>nascantur</strong></span> <span class='ocrx_word' id='word_1_650' title='bbox 2968 2145 3212 2211; x_wconf 80' lang='lat' dir='ltr'><strong>infantes,</strong></span> <span class='ocrx_word' id='word_1_651' title='bbox 3237 2157 3291 2203; x_wconf 90' lang='lat' dir='ltr'><strong>et</strong></span> <span class='ocrx_word' id='word_1_652' title='bbox 3312 2148 3592 2206; x_wconf 88' lang='lat' dir='ltr'><strong>Catholicis</strong></span> <span class='ocrx_word' id='word_1_653' title='bbox 3619 2152 3707 2222; x_wconf 88' lang='lat' dir='ltr'><strong>qui</strong></span> <span class='ocrx_word' id='word_1_654' title='bbox 3733 2152 3816 2215; x_wconf 83' lang='lat' dir='ltr'><strong>eis</strong></span> 
     </span>
    </p>
   </div>
   <div class='ocr_carea' id='block_1_83' title="bbox 2230 2234 3816 2306">
    <p class='ocr_par' dir='ltr' id='par_1_83' title="bbox 2230 2234 3816 2306">
     <span class='ocr_line' id='line_1_83' title="bbox 2230 2234 3816 2306; baseline 0.007 -19"><span class='ocrx_word' id='word_1_655' title='bbox 2230 2247 2326 2303; x_wconf 89' lang='lat' dir='ltr'><strong>pro</strong></span> <span class='ocrx_word' id='word_1_656' title='bbox 2349 2234 2710 2304; x_wconf 89' lang='lat' dir='ltr'><strong>antiquissima</strong></span> <span class='ocrx_word' id='word_1_657' title='bbox 2742 2235 2994 2291; x_wconf 78' lang='lat' dir='ltr'><strong>Ecclesiae</strong></span> <span class='ocrx_word' id='word_1_658' title='bbox 3025 2236 3126 2295; x_wconf 86' lang='lat' dir='ltr'><strong>iide</strong></span> <span class='ocrx_word' id='word_1_659' title='bbox 3152 2239 3421 2306; x_wconf 88' lang='lat' dir='ltr'><strong>resistunt,</strong></span> <span class='ocrx_word' id='word_1_660' title='bbox 3450 2239 3666 2298; x_wconf 68' lang='lat' dir='ltr'><strong>haeresis</strong></span> <span class='ocrx_word' id='word_1_661' title='bbox 3695 2243 3816 2304; x_wconf 81' lang='lat' dir='ltr'><strong>Ma-</strong></span> 
     </span>
    </p>
   </div>
   <div class='ocr_carea' id='block_1_84' title="bbox 2231 2323 3817 2398">
    <p class='ocr_par' dir='ltr' id='par_1_84' title="bbox 2231 2323 3817 2398">
     <span class='ocr_line' id='line_1_84' title="bbox 2231 2323 3817 2398; baseline 0.009 -21"><span class='ocrx_word' id='word_1_662' title='bbox 2231 2323 2448 2378; x_wconf 71' lang='lat' dir='ltr'><strong>nichtea:</strong></span> <span class='ocrx_word' id='word_1_663' title='bbox 2483 2325 2684 2380; x_wconf 89' lang='lat' dir='ltr'><strong>crimen</strong></span> <span class='ocrx_word' id='word_1_664' title='bbox 2721 2326 3014 2396; x_wconf 90' lang='lat' dir='ltr'><strong>objiciunt:</strong></span> <span class='ocrx_word' id='word_1_665' title='bbox 3059 2330 3376 2398; x_wconf 88' lang='lat' dir='ltr'><strong>respondeat</strong></span> <span class='ocrx_word' id='word_1_666' title='bbox 3403 2332 3479 2387; x_wconf 91' lang='lat' dir='ltr'><strong>eis</strong></span> <span class='ocrx_word' id='word_1_667' title='bbox 3520 2332 3586 2388; x_wconf 91' lang='lat' dir='ltr'><strong>de</strong></span> <span class='ocrx_word' id='word_1_668' title='bbox 3615 2332 3718 2390; x_wconf 88' lang='lat' dir='ltr'><strong>hac</strong></span> <span class='ocrx_word' id='word_1_669' title='bbox 3754 2350 3817 2395; x_wconf 83' lang='lat' dir='ltr'><strong>re</strong></span> 
     </span>
    </p>
   </div>
   <div class='ocr_carea' id='block_1_85' title="bbox 2231 2413 3818 2492">
    <p class='ocr_par' dir='ltr' id='par_1_85' title="bbox 2231 2413 3818 2492">
     <span class='ocr_line' id='line_1_85' title="bbox 2231 2413 3818 2492; baseline 0.008 -24"><span class='ocrx_word' id='word_1_670' title='bbox 2231 2413 2394 2470; x_wconf 91' lang='lat' dir='ltr'><strong>homo</strong></span> <span class='ocrx_word' id='word_1_671' title='bbox 2423 2415 2518 2470; x_wconf 90' lang='lat' dir='ltr'><strong>Dei</strong></span> <span class='ocrx_word' id='word_1_672' title='bbox 2563 2417 2886 2485; x_wconf 91' lang='lat' dir='ltr'><strong>catholicus,</strong></span> <span class='ocrx_word' id='word_1_673' title='bbox 2926 2427 2980 2474; x_wconf 93' lang='lat' dir='ltr'><strong>et</strong></span> <span class='ocrx_word' id='word_1_674' title='bbox 3015 2419 3083 2474; x_wconf 89' lang='lat' dir='ltr'><strong>ab</strong></span> <span class='ocrx_word' id='word_1_675' title='bbox 3113 2420 3227 2489; x_wconf 92' lang='lat' dir='ltr'><strong>ipso</strong></span> <span class='ocrx_word' id='word_1_676' title='bbox 3252 2421 3463 2492; x_wconf 86' lang='lat' dir='ltr'><strong>Pelagio</strong></span> <span class='ocrx_word' id='word_1_677' title='bbox 3501 2423 3551 2478; x_wconf 93' lang='lat' dir='ltr'><strong>in</strong></span> <span class='ocrx_word' id='word_1_678' title='bbox 3581 2425 3818 2485; x_wconf 80' lang='lat' dir='ltr'><strong>veritate</strong></span> 
     </span>
    </p>
   </div>
   <div class='ocr_carea' id='block_1_86' title="bbox 2231 2505 3819 2586">
    <p class='ocr_par' dir='ltr' id='par_1_86' title="bbox 2231 2505 3819 2586">
     <span class='ocr_line' id='line_1_86' title="bbox 2231 2505 3819 2586; baseline 0.007 -26"><span class='ocrx_word' id='word_1_679' title='bbox 2231 2505 2354 2574; x_wconf 79' lang='lat' dir='ltr'><strong>ﬁdei</strong></span> <span class='ocrx_word' id='word_1_680' title='bbox 2392 2507 2413 2538; x_wconf 85' lang='grc'><strong><em>⁸</em></strong></span> <span class='ocrx_word' id='word_1_681' title='bbox 2438 2507 2680 2563; x_wconf 85' lang='lat' dir='ltr'><strong>laudatus</strong></span> <span class='ocrx_word' id='word_1_682' title='bbox 2707 2509 3048 2576; x_wconf 88' lang='lat' dir='ltr'><strong>Ambrosius;</strong></span> <span class='ocrx_word' id='word_1_683' title='bbox 3091 2511 3178 2582; x_wconf 92' lang='lat' dir='ltr'><strong>qui</strong></span> <span class='ocrx_word' id='word_1_684' title='bbox 3207 2527 3326 2566; x_wconf 92' lang='lat' dir='ltr'><strong>cum</strong></span> <span class='ocrx_word' id='word_1_685' title='bbox 3358 2513 3540 2568; x_wconf 88' lang='lat' dir='ltr'><strong>Isaiam</strong></span> <span class='ocrx_word' id='word_1_686' title='bbox 3575 2516 3819 2586; x_wconf 81' lang='lat' dir='ltr'><strong>prophe-</strong></span> 
     </span>
    </p>
   </div>
   <div class='ocr_carea' id='block_1_87' title="bbox 2231 2597 3814 2670">
    <p class='ocr_par' dir='ltr' id='par_1_87' title="bbox 2231 2597 3814 2670">
     <span class='ocr_line' id='line_1_87' title="bbox 2231 2597 3814 2670; baseline 0.006 -20"><span class='ocrx_word' id='word_1_687' title='bbox 2231 2604 2338 2666; x_wconf 86' lang='lat' dir='ltr'><strong>tam</strong></span> <span class='ocrx_word' id='word_1_688' title='bbox 2367 2608 2655 2667; x_wconf 88' lang='lat' dir='ltr'><strong>exponeret</strong></span> <span class='ocrx_word' id='word_1_689' title='bbox 2687 2597 2797 2670; x_wconf 90' lang='lat' dir='ltr'><strong>(a),</strong></span> <span class='ocrx_word' id='word_1_690' title='bbox 2829 2599 2939 2653; x_wconf 89' lang='lat' dir='ltr'><strong>ait:</strong></span> <span class='ocrx_word' id='word_1_691' title='bbox 2982 2619 3002 2652; x_wconf 75' lang='grc' dir='ltr'><strong>ι</strong></span> <span class='ocrx_word' id='word_1_692' title='bbox 3039 2600 3237 2656; x_wconf 88' lang='lat' dir='ltr'><strong>Idcirco</strong></span> <span class='ocrx_word' id='word_1_693' title='bbox 3264 2600 3505 2657; x_wconf 87' lang='lat' dir='ltr'><strong>Christus</strong></span> <span class='ocrx_word' id='word_1_694' title='bbox 3547 2603 3814 2660; x_wconf 75' lang='lat' dir='ltr'><strong>immacu-</strong></span> 
     </span>
    </p>
   </div>
   <div class='ocr_carea' id='block_1_88' title="bbox 2231 2687 3816 2761">
    <p class='ocr_par' dir='ltr' id='par_1_88' title="bbox 2231 2687 3816 2761">
     <span class='ocr_line' id='line_1_88' title="bbox 2231 2687 3816 2761; baseline 0.008 -19"><span class='ocrx_word' id='word_1_695' title='bbox 2231 2687 2386 2755; x_wconf 91' lang='lat' dir='ltr'><strong>latus,</strong></span> <span class='ocrx_word' id='word_1_696' title='bbox 2413 2689 2536 2760; x_wconf 89' lang='lat' dir='ltr'><strong>quia</strong></span> <span class='ocrx_word' id='word_1_697' title='bbox 2561 2705 2658 2746; x_wconf 87' lang='lat' dir='ltr'><strong>nec</strong></span> <span class='ocrx_word' id='word_1_698' title='bbox 2681 2691 2791 2760; x_wconf 91' lang='lat' dir='ltr'><strong>ipsa</strong></span> <span class='ocrx_word' id='word_1_699' title='bbox 2817 2691 3030 2761; x_wconf 89' lang='lat' dir='ltr'><strong>quidem</strong></span> <span class='ocrx_word' id='word_1_700' title='bbox 3053 2693 3298 2749; x_wconf 89' lang='lat' dir='ltr'><strong>nascendi</strong></span> <span class='ocrx_word' id='word_1_701' title='bbox 3328 2696 3480 2751; x_wconf 90' lang='lat' dir='ltr'><strong>solita</strong></span> <span class='ocrx_word' id='word_1_702' title='bbox 3505 2697 3816 2756; x_wconf 83' lang='lat' dir='ltr'><strong>conditione</strong></span> 
     </span>
    </p>
   </div>
   <div class='ocr_carea' id='block_1_89' title="bbox 2231 2781 3816 2858">
    <p class='ocr_par' dir='ltr' id='par_1_89' title="bbox 2231 2781 3816 2858">
     <span class='ocr_line' id='line_1_89' title="bbox 2231 2781 3816 2858; baseline 0.008 -25"><span class='ocrx_word' id='word_1_703' title='bbox 2231 2781 2521 2835; x_wconf 87' lang='lat' dir='ltr'><strong>maculatus</strong></span> <span class='ocrx_word' id='word_1_704' title='bbox 2551 2789 2652 2837; x_wconf 89' lang='lat' dir='ltr'><strong>est.</strong></span> <span class='ocrx_word' id='word_1_705' title='bbox 2685 2799 2704 2834; x_wconf 77' lang='grc' dir='ltr'><strong>ι</strong></span> <span class='ocrx_word' id='word_1_706' title='bbox 2731 2782 2797 2836; x_wconf 85' lang='grc' dir='ltr'>Ει</span> <span class='ocrx_word' id='word_1_707' title='bbox 2822 2783 2926 2836; x_wconf 90' lang='lat' dir='ltr'><strong>alio</strong></span> <span class='ocrx_word' id='word_1_708' title='bbox 2951 2783 3070 2839; x_wconf 92' lang='lat' dir='ltr'><strong>loco</strong></span> <span class='ocrx_word' id='word_1_709' title='bbox 3092 2784 3144 2838; x_wconf 91' lang='lat' dir='ltr'><strong>in</strong></span> <span class='ocrx_word' id='word_1_710' title='bbox 3167 2785 3354 2840; x_wconf 88' lang='lat' dir='ltr'><strong>eodem</strong></span> <span class='ocrx_word' id='word_1_711' title='bbox 3381 2801 3562 2856; x_wconf 87' lang='lat' dir='ltr'><strong>opere,</strong></span> <span class='ocrx_word' id='word_1_712' title='bbox 3587 2788 3816 2858; x_wconf 87' lang='lat' dir='ltr'><strong>loquens</strong></span> 
     </span>
    </p>
   </div>
   <div class='ocr_carea' id='block_1_90' title="bbox 2230 2870 3815 2949">
    <p class='ocr_par' dir='ltr' id='par_1_90' title="bbox 2230 2870 3815 2949">
     <span class='ocr_line' id='line_1_90' title="bbox 2230 2870 3815 2949; baseline 0.007 -24"><span class='ocrx_word' id='word_1_713' title='bbox 2230 2870 2297 2925; x_wconf 90' lang='lat' dir='ltr'><strong>de</strong></span> <span class='ocrx_word' id='word_1_714' title='bbox 2322 2872 2562 2940; x_wconf 86' lang='lat' dir='ltr'><strong>apostolo</strong></span> <span class='ocrx_word' id='word_1_715' title='bbox 2589 2872 2744 2927; x_wconf 84' lang='lat' dir='ltr'><strong>Petro</strong></span> <span class='ocrx_word' id='word_1_716' title='bbox 2770 2890 2783 2926; x_wconf 93' lang='lat'><strong>:</strong></span> <span class='ocrx_word' id='word_1_717' title='bbox 2813 2891 2832 2924; x_wconf 74' lang='grc' dir='ltr'><strong>ι</strong></span> <span class='ocrx_word' id='word_1_718' title='bbox 2867 2873 2982 2944; x_wconf 87' lang='lat' dir='ltr'><strong>Ipse</strong></span> <span class='ocrx_word' id='word_1_719' title='bbox 3011 2889 3088 2940; x_wconf 80' lang='lat' dir='ltr'><strong>se,</strong></span> <span class='ocrx_word' id='word_1_720' title='bbox 3121 2893 3140 2927; x_wconf 72' lang='grc' dir='ltr'><strong>ι</strong></span> <span class='ocrx_word' id='word_1_721' title='bbox 3168 2875 3355 2947; x_wconf 88' lang='lat' dir='ltr'><strong>inquit,</strong></span> <span class='ocrx_word' id='word_1_722' title='bbox 3386 2896 3406 2930; x_wconf 69' lang='grc' dir='ltr'><strong>ι</strong></span> <span class='ocrx_word' id='word_1_723' title='bbox 3432 2877 3642 2945; x_wconf 86' lang='lat' dir='ltr'><strong>obtulit,</strong></span> <span class='ocrx_word' id='word_1_724' title='bbox 3668 2880 3815 2949; x_wconf 88' lang='lat' dir='ltr'><strong>quod</strong></span> 
     </span>
    </p>
   </div>
   <div class='ocr_carea' id='block_1_91' title="bbox 2231 2962 3815 3033">
    <p class='ocr_par' dir='ltr' id='par_1_91' title="bbox 2231 2962 3815 3033">
     <span class='ocr_line' id='line_1_91' title="bbox 2231 2962 3815 3033; baseline 0.007 -19"><span class='ocrx_word' id='word_1_725' title='bbox 2231 2971 2354 3016; x_wconf 87' lang='lat' dir='ltr'><strong>autc</strong></span> <span class='ocrx_word' id='word_1_726' title='bbox 2380 2962 2597 3032; x_wconf 86' lang='lat' dir='ltr'><strong>putabat</strong></span> <span class='ocrx_word' id='word_1_727' title='bbox 2637 2978 2755 3018; x_wconf 90' lang='lat' dir='ltr'><strong>esse</strong></span> <span class='ocrx_word' id='word_1_728' title='bbox 2802 2973 3109 3033; x_wconf 89' lang='lat' dir='ltr'><strong>peccatum,</strong></span> <span class='ocrx_word' id='word_1_729' title='bbox 3139 2966 3301 3020; x_wconf 88' lang='lat' dir='ltr'><strong>lavari</strong></span> <span class='ocrx_word' id='word_1_730' title='bbox 3345 2966 3446 3022; x_wconf 90' lang='lat' dir='ltr'><strong>sibi</strong></span> <span class='ocrx_word' id='word_1_731' title='bbox 3488 2985 3593 3023; x_wconf 93' lang='lat' dir='ltr'><strong>non</strong></span> <span class='ocrx_word' id='word_1_732' title='bbox 3637 2971 3815 3026; x_wconf 88' lang='lat' dir='ltr'><strong>solum</strong></span> 
     </span>
    </p>
   </div>
   <div class='ocr_carea' id='block_1_92' title="bbox 2231 3053 3816 3135">
    <p class='ocr_par' dir='ltr' id='par_1_92' title="bbox 2231 3053 3816 3135">
     <span class='ocr_line' id='line_1_92' title="bbox 2231 3053 3816 3135; baseline 0.007 -28"><span class='ocrx_word' id='word_1_733' title='bbox 2231 3053 2433 3123; x_wconf 91' lang='lat' dir='ltr'><strong>pedes,</strong></span> <span class='ocrx_word' id='word_1_734' title='bbox 2463 3053 2556 3109; x_wconf 89' lang='lat' dir='ltr'><strong>sed</strong></span> <span class='ocrx_word' id='word_1_735' title='bbox 2600 3063 2655 3110; x_wconf 91' lang='lat' dir='ltr'><strong>et</strong></span> <span class='ocrx_word' id='word_1_736' title='bbox 2695 3065 2850 3126; x_wconf 89' lang='lat' dir='ltr'><strong>caput</strong></span> <span class='ocrx_word' id='word_1_737' title='bbox 2897 3071 3119 3135; x_wconf 86' lang='lat' dir='ltr'><strong>poscens</strong></span> <span class='ocrx_word' id='word_1_738' title='bbox 3147 3054 3320 3130; x_wconf 83' lang='lat' dir='ltr'><strong>(Joan.</strong></span> <span class='ocrx_word' id='word_1_739' title='bbox 3360 3075 3487 3127; x_wconf 87' lang='lat' dir='ltr'><strong>xm,</strong></span> <span class='ocrx_word' id='word_1_740' title='bbox 3535 3061 3628 3132; x_wconf 86' lang='lat'><strong>9):</strong></span> <span class='ocrx_word' id='word_1_741' title='bbox 3669 3063 3816 3133; x_wconf 89' lang='lat' dir='ltr'><strong>quod</strong></span> 
     </span>
    </p>
   </div>
   <div class='ocr_carea' id='block_1_93' title="bbox 2231 3145 3815 3226">
    <p class='ocr_par' dir='ltr' id='par_1_93' title="bbox 2231 3145 3815 3226">
     <span class='ocr_line' id='line_1_93' title="bbox 2231 3145 3815 3226; baseline 0.008 -27"><span class='ocrx_word' id='word_1_742' title='bbox 2231 3145 2374 3200; x_wconf 91' lang='lat' dir='ltr'><strong>illico</strong></span> <span class='ocrx_word' id='word_1_743' title='bbox 2403 3146 2770 3215; x_wconf 87' lang='lat' dir='ltr'><strong>intellexisset,</strong></span> <span class='ocrx_word' id='word_1_744' title='bbox 2801 3147 3011 3204; x_wconf 90' lang='lat' dir='ltr'><strong>lavacro</strong></span> <span class='ocrx_word' id='word_1_745' title='bbox 3039 3149 3253 3226; x_wconf 87' lang='lat' dir='ltr'><strong>pedum,</strong></span> <span class='ocrx_word' id='word_1_746' title='bbox 3285 3151 3372 3220; x_wconf 91' lang='lat' dir='ltr'><strong>qui</strong></span> <span class='ocrx_word' id='word_1_747' title='bbox 3402 3152 3451 3205; x_wconf 92' lang='lat' dir='ltr'><strong>in</strong></span> <span class='ocrx_word' id='word_1_748' title='bbox 3480 3152 3650 3221; x_wconf 88' lang='lat' dir='ltr'><strong>primo</strong></span> <span class='ocrx_word' id='word_1_749' title='bbox 3679 3153 3815 3226; x_wconf 90' lang='lat' dir='ltr'><strong>lapsi</strong></span> 
     </span>
    </p>
   </div>
   <div class='ocr_carea' id='block_1_94' title="bbox 2229 3240 3810 3305">
    <p class='ocr_par' dir='ltr' id='par_1_94' title="bbox 2229 3240 3810 3305">
     <span class='ocr_line' id='line_1_94' title="bbox 2229 3240 3810 3305; baseline 0.005 -12"><span class='ocrx_word' id='word_1_750' title='bbox 2229 3250 2354 3294; x_wconf 88' lang='lat' dir='ltr'><strong>sunt</strong></span> <span class='ocrx_word' id='word_1_751' title='bbox 2382 3240 2612 3305; x_wconf 87' lang='lat' dir='ltr'><strong>homine,</strong></span> <span class='ocrx_word' id='word_1_752' title='bbox 2641 3241 2849 3297; x_wconf 91' lang='lat' dir='ltr'><strong>sordem</strong></span> <span class='ocrx_word' id='word_1_753' title='bbox 2877 3242 3121 3305; x_wconf 80' lang='lat' dir='ltr'><strong>obnoxia:</strong></span> <span class='ocrx_word' id='word_1_754' title='bbox 3150 3245 3501 3302; x_wconf 90' lang='lat' dir='ltr'><strong>successionis</strong></span> <span class='ocrx_word' id='word_1_755' title='bbox 3527 3246 3752 3301; x_wconf 88' lang='lat' dir='ltr'><strong>aboleri.</strong></span> <span class='ocrx_word' id='word_1_756' title='bbox 3788 3265 3810 3302; x_wconf 74' lang='grc' dir='ltr'><strong>ι</strong></span> 
     </span>
    </p>
   </div>
   <div class='ocr_carea' id='block_1_95' title="bbox 2229 3330 3812 3409">
    <p class='ocr_par' dir='ltr' id='par_1_95' title="bbox 2229 3330 3812 3409">
     <span class='ocr_line' id='line_1_95' title="bbox 2229 3330 3812 3409; baseline 0.004 -23"><span class='ocrx_word' id='word_1_757' title='bbox 2229 3330 2358 3386; x_wconf 88' lang='lat' dir='ltr'><strong>item</strong></span> <span class='ocrx_word' id='word_1_758' title='bbox 2387 3330 2438 3385; x_wconf 94' lang='lat' dir='ltr'><strong>in</strong></span> <span class='ocrx_word' id='word_1_759' title='bbox 2462 3331 2648 3386; x_wconf 90' lang='lat' dir='ltr'><strong>eodem</strong></span> <span class='ocrx_word' id='word_1_760' title='bbox 2671 3347 2834 3401; x_wconf 91' lang='lat' dir='ltr'><strong>opere</strong></span> <span class='ocrx_word' id='word_1_761' title='bbox 2861 3350 2875 3386; x_wconf 91' lang='lat'><strong>:</strong></span> <span class='ocrx_word' id='word_1_762' title='bbox 2906 3351 2925 3385; x_wconf 79' lang='grc' dir='ltr'><strong>ι</strong></span> <span class='ocrx_word' id='word_1_763' title='bbox 2953 3333 3231 3388; x_wconf 88' lang='lat' dir='ltr'><strong>Servatum</strong></span> <span class='ocrx_word' id='word_1_764' title='bbox 3257 3343 3338 3393; x_wconf 87' lang='lat' dir='ltr'><strong>est</strong></span> <span class='ocrx_word' id='word_1_765' title='bbox 3365 3335 3540 3407; x_wconf 79' lang='lat' dir='ltr'><strong>igitur,</strong></span> <span class='ocrx_word' id='word_1_766' title='bbox 3571 3353 3589 3385; x_wconf 72' lang='grc' dir='ltr'><strong>ο</strong></span> <span class='ocrx_word' id='word_1_767' title='bbox 3617 3336 3812 3409; x_wconf 90' lang='lat' dir='ltr'><strong>inquit,</strong></span> 
     </span>
    </p>
   </div>
   <div class='ocr_carea' id='block_1_96' title="bbox 2235 3424 3814 3496">
    <p class='ocr_par' dir='ltr' id='par_1_96' title="bbox 2235 3424 3814 3496">
     <span class='ocr_line' id='line_1_96' title="bbox 2235 3424 3814 3496; baseline 0.006 -20"><span class='ocrx_word' id='word_1_768' title='bbox 2235 3442 2255 3476; x_wconf 73' lang='grc' dir='ltr'><strong>ι</strong></span> <span class='ocrx_word' id='word_1_769' title='bbox 2290 3433 2345 3478; x_wconf 92' lang='lat' dir='ltr'><strong>ut</strong></span> <span class='ocrx_word' id='word_1_770' title='bbox 2381 3439 2445 3478; x_wconf 88' lang='lat' dir='ltr'><strong>ex</strong></span> <span class='ocrx_word' id='word_1_771' title='bbox 2472 3425 2586 3478; x_wconf 91' lang='lat' dir='ltr'><strong>viro</strong></span> <span class='ocrx_word' id='word_1_772' title='bbox 2614 3432 2667 3479; x_wconf 90' lang='lat' dir='ltr'><strong>ct</strong></span> <span class='ocrx_word' id='word_1_773' title='bbox 2695 3425 2917 3479; x_wconf 91' lang='lat' dir='ltr'><strong>muliere</strong></span> <span class='ocrx_word' id='word_1_774' title='bbox 2939 3467 2952 3489; x_wconf 99' lang='lat'><strong>,</strong></span> <span class='ocrx_word' id='word_1_775' title='bbox 2986 3424 3037 3480; x_wconf 91' lang='lat' dir='ltr'><strong>id</strong></span> <span class='ocrx_word' id='word_1_776' title='bbox 3067 3434 3148 3480; x_wconf 90' lang='lat' dir='ltr'><strong>est</strong></span> <span class='ocrx_word' id='word_1_777' title='bbox 3167 3467 3182 3492; x_wconf 90' lang='lat'><strong>,</strong></span> <span class='ocrx_word' id='word_1_778' title='bbox 3213 3440 3310 3495; x_wconf 89' lang='lat' dir='ltr'><strong>per</strong></span> <span class='ocrx_word' id='word_1_779' title='bbox 3337 3426 3482 3481; x_wconf 89' lang='lat' dir='ltr'><strong>illam</strong></span> <span class='ocrx_word' id='word_1_780' title='bbox 3522 3441 3814 3496; x_wconf 89' lang='lat' dir='ltr'><strong>corporum</strong></span> 
     </span>
    </p>
   </div>
   <div class='ocr_carea' id='block_1_97' title="bbox 2228 3514 3814 3589">
    <p class='ocr_par' dir='ltr' id='par_1_97' title="bbox 2228 3514 3814 3589">
     <span class='ocr_line' id='line_1_97' title="bbox 2228 3514 3814 3589; baseline 0.005 -23"><span class='ocrx_word' id='word_1_781' title='bbox 2228 3514 2656 3568; x_wconf 88' lang='lat' dir='ltr'><strong>commixtionem</strong></span> <span class='ocrx_word' id='word_1_782' title='bbox 2683 3529 2839 3569; x_wconf 91' lang='lat' dir='ltr'><strong>nemo</strong></span> <span class='ocrx_word' id='word_1_783' title='bbox 2863 3515 3103 3570; x_wconf 88' lang='lat' dir='ltr'><strong>videatur</strong></span> <span class='ocrx_word' id='word_1_784' title='bbox 3126 3530 3316 3586; x_wconf 78' lang='lat' dir='ltr'><strong>expers</strong></span> <span class='ocrx_word' id='word_1_785' title='bbox 3340 3532 3459 3572; x_wconf 91' lang='lat' dir='ltr'><strong>esse</strong></span> <span class='ocrx_word' id='word_1_786' title='bbox 3485 3517 3692 3583; x_wconf 89' lang='lat' dir='ltr'><strong>delicti;</strong></span> <span class='ocrx_word' id='word_1_787' title='bbox 3716 3521 3814 3589; x_wconf 91' lang='lat' dir='ltr'><strong>qui</strong></span> 
     </span>
    </p>
   </div>
   <div class='ocr_carea' id='block_1_98' title="bbox 2229 3606 3814 3680">
    <p class='ocr_par' dir='ltr' id='par_1_98' title="bbox 2229 3606 3814 3680">
     <span class='ocr_line' id='line_1_98' title="bbox 2229 3606 3814 3680; baseline 0.005 -20"><span class='ocrx_word' id='word_1_788' title='bbox 2229 3615 2405 3666; x_wconf 90' lang='lat' dir='ltr'><strong>autem</strong></span> <span class='ocrx_word' id='word_1_789' title='bbox 2432 3621 2621 3676; x_wconf 84' lang='lat' dir='ltr'><strong>expers</strong></span> <span class='ocrx_word' id='word_1_790' title='bbox 2641 3606 2819 3662; x_wconf 90' lang='lat' dir='ltr'><strong>delicti</strong></span> <span class='ocrx_word' id='word_1_791' title='bbox 2847 3615 2958 3673; x_wconf 92' lang='lat' dir='ltr'><strong>est,</strong></span> <span class='ocrx_word' id='word_1_792' title='bbox 2993 3623 3182 3677; x_wconf 86' lang='lat' dir='ltr'><strong>expers</strong></span> <span class='ocrx_word' id='word_1_793' title='bbox 3205 3615 3288 3664; x_wconf 90' lang='lat' dir='ltr'><strong>est</strong></span> <span class='ocrx_word' id='word_1_794' title='bbox 3315 3609 3473 3663; x_wconf 89' lang='lat' dir='ltr'><strong>etiam</strong></span> <span class='ocrx_word' id='word_1_795' title='bbox 3505 3609 3814 3680; x_wconf 86' lang='lat' dir='ltr'><strong>hujusmodi</strong></span> 
     </span>
    </p>
   </div>
   <div class='ocr_carea' id='block_1_99' title="bbox 2229 3699 3806 3774">
    <p class='ocr_par' dir='ltr' id='par_1_99' title="bbox 2229 3699 3806 3774">
     <span class='ocr_line' id='line_1_99' title="bbox 2229 3699 3806 3774; baseline 0.005 -21"><span class='ocrx_word' id='word_1_796' title='bbox 2229 3699 2604 3768; x_wconf 91' lang='lat' dir='ltr'><strong>conceptionis.</strong></span> <span class='ocrx_word' id='word_1_797' title='bbox 2633 3717 2652 3751; x_wconf 75' lang='grc' dir='ltr'><strong>ι</strong></span> <span class='ocrx_word' id='word_1_798' title='bbox 2673 3699 2800 3754; x_wconf 91' lang='lat' dir='ltr'><strong>item</strong></span> <span class='ocrx_word' id='word_1_799' title='bbox 2823 3709 3005 3755; x_wconf 91' lang='lat' dir='ltr'><strong>contra</strong></span> <span class='ocrx_word' id='word_1_800' title='bbox 3027 3699 3342 3755; x_wconf 90' lang='lat' dir='ltr'><strong>Novatianos</strong></span> <span class='ocrx_word' id='word_1_801' title='bbox 3358 3701 3597 3758; x_wconf 82' lang='lat' dir='ltr'><strong>scribens</strong></span> <span class='ocrx_word' id='word_1_802' title='bbox 3619 3702 3756 3774; x_wconf 87' lang='lat' dir='ltr'><strong>(Lib.</strong></span> <span class='ocrx_word' id='word_1_803' title='bbox 3783 3705 3806 3761; x_wconf 80' lang='grc'><strong>1</strong></span> 
     </span>
    </p>
   </div>
   <div class='ocr_carea' id='block_1_100' title="bbox 2229 3789 3815 3863">
    <p class='ocr_par' dir='ltr' id='par_1_100' title="bbox 2229 3789 3815 3863">
     <span class='ocr_line' id='line_1_100' title="bbox 2229 3789 3815 3863; baseline 0.005 -21"><span class='ocrx_word' id='word_1_804' title='bbox 2229 3789 2291 3842; x_wconf 90' lang='lat' dir='ltr'><strong>de</strong></span> <span class='ocrx_word' id='word_1_805' title='bbox 2317 3789 2527 3856; x_wconf 76' lang='lat' dir='ltr'><strong>Puenit.,</strong></span> <span class='ocrx_word' id='word_1_806' title='bbox 2562 3805 2676 3859; x_wconf 88' lang='lat' dir='ltr'><strong>cap.</strong></span> <span class='ocrx_word' id='word_1_807' title='bbox 2705 3789 2758 3860; x_wconf 80' lang='grc'><strong>5)</strong></span> <span class='ocrx_word' id='word_1_808' title='bbox 2786 3807 2798 3844; x_wconf 92' lang='lat'><strong>:</strong></span> <span class='ocrx_word' id='word_1_809' title='bbox 2837 3808 2854 3840; x_wconf 80' lang='grc' dir='ltr'><strong>ι</strong></span> <span class='ocrx_word' id='word_1_810' title='bbox 2888 3789 3083 3845; x_wconf 90' lang='lat' dir='ltr'><strong>Omnes</strong></span> <span class='ocrx_word' id='word_1_811' title='bbox 3115 3791 3404 3859; x_wconf 65' lang='lat' dir='ltr'><strong>homines,»</strong></span> <span class='ocrx_word' id='word_1_812' title='bbox 3442 3793 3627 3863; x_wconf 88' lang='lat' dir='ltr'><strong>inquit,</strong></span> <span class='ocrx_word' id='word_1_813' title='bbox 3661 3811 3680 3844; x_wconf 78' lang='grc' dir='ltr'><strong>ι</strong></span> <span class='ocrx_word' id='word_1_814' title='bbox 3708 3795 3815 3850; x_wconf 90' lang='lat' dir='ltr'><strong>sub</strong></span> 
     </span>
    </p>
   </div>
   <div class='ocr_carea' id='block_1_101' title="bbox 2229 3879 3810 3954">
    <p class='ocr_par' dir='ltr' id='par_1_101' title="bbox 2229 3879 3810 3954">
     <span class='ocr_line' id='line_1_101' title="bbox 2229 3879 3810 3954; baseline 0.004 -21"><span class='ocrx_word' id='word_1_815' title='bbox 2229 3888 2446 3950; x_wconf 84' lang='lat' dir='ltr'><strong>peccato</strong></span> <span class='ocrx_word' id='word_1_816' title='bbox 2488 3881 2773 3934; x_wconf 92' lang='lat' dir='ltr'><strong>nascimur.</strong></span> <span class='ocrx_word' id='word_1_817' title='bbox 2824 3879 3057 3948; x_wconf 86' lang='lat' dir='ltr'><strong>Quorum</strong></span> <span class='ocrx_word' id='word_1_818' title='bbox 3097 3881 3210 3951; x_wconf 66' lang='lat' dir='ltr'><strong>ipse</strong></span> <span class='ocrx_word' id='word_1_819' title='bbox 3251 3891 3400 3937; x_wconf 91' lang='lat' dir='ltr'><strong>ortus</strong></span> <span class='ocrx_word' id='word_1_820' title='bbox 3442 3884 3490 3935; x_wconf 91' lang='lat' dir='ltr'><strong>in</strong></span> <span class='ocrx_word' id='word_1_821' title='bbox 3522 3883 3648 3937; x_wconf 90' lang='lat' dir='ltr'><strong>vitio</strong></span> <span class='ocrx_word' id='word_1_822' title='bbox 3686 3895 3810 3954; x_wconf 84' lang='lat' dir='ltr'><strong>est,</strong></span> 
     </span>
    </p>
   </div>
   <div class='ocr_carea' id='block_1_102' title="bbox 2229 3970 3810 4036">
    <p class='ocr_par' dir='ltr' id='par_1_102' title="bbox 2229 3970 3810 4036">
     <span class='ocr_line' id='line_1_102' title="bbox 2229 3970 3810 4036; baseline 0.001 -11"><span class='ocrx_word' id='word_1_823' title='bbox 2229 3971 2365 4025; x_wconf 89' lang='lat' dir='ltr'><strong>sicut</strong></span> <span class='ocrx_word' id='word_1_824' title='bbox 2396 3970 2556 4024; x_wconf 87' lang='lat' dir='ltr'><strong>habes</strong></span> <span class='ocrx_word' id='word_1_825' title='bbox 2586 3970 2800 4036; x_wconf 89' lang='lat' dir='ltr'><strong>lectum,</strong></span> <span class='ocrx_word' id='word_1_826' title='bbox 2831 3970 3040 4026; x_wconf 88' lang='lat' dir='ltr'><strong>dicente</strong></span> <span class='ocrx_word' id='word_1_827' title='bbox 3068 3971 3232 4025; x_wconf 88' lang='lat' dir='ltr'><strong>David</strong></span> <span class='ocrx_word' id='word_1_828' title='bbox 3259 3989 3272 4025; x_wconf 89' lang='lat'><strong>:</strong></span> <span class='ocrx_word' id='word_1_829' title='bbox 3306 3972 3434 4026; x_wconf 88' lang='lat' dir='ltr'><strong>Ecce</strong></span> <span class='ocrx_word' id='word_1_830' title='bbox 3461 3972 3592 4026; x_wconf 88' lang='lat' dir='ltr'><strong>enim</strong></span> <span class='ocrx_word' id='word_1_831' title='bbox 3619 3975 3671 4025; x_wconf 86' lang='lat' dir='ltr'><strong>in</strong></span> <span class='ocrx_word' id='word_1_832' title='bbox 3701 3975 3810 4026; x_wconf 81' lang='lat' dir='ltr'><strong>ini-</strong></span> 
     </span>
    </p>
   </div>
   <div class='ocr_carea' id='block_1_103' title="bbox 2227 4061 3816 4133">
    <p class='ocr_par' dir='ltr' id='par_1_103' title="bbox 2227 4061 3816 4133">
     <span class='ocr_line' id='line_1_103' title="bbox 2227 4061 3816 4133; baseline 0.003 -19"><span class='ocrx_word' id='word_1_833' title='bbox 2227 4061 2497 4133; x_wconf 86' lang='lat' dir='ltr'><strong>quitatibus</strong></span> <span class='ocrx_word' id='word_1_834' title='bbox 2521 4073 2786 4132; x_wconf 81' lang='lat' dir='ltr'><strong>conceptus</strong></span> <span class='ocrx_word' id='word_1_835' title='bbox 2813 4079 2944 4128; x_wconf 84' lang='lat' dir='ltr'><strong>smn,</strong></span> <span class='ocrx_word' id='word_1_836' title='bbox 2972 4072 3016 4115; x_wconf 89' lang='lat' dir='ltr'><strong>et</strong></span> <span class='ocrx_word' id='word_1_837' title='bbox 3040 4063 3093 4116; x_wconf 89' lang='lat' dir='ltr'><strong>in</strong></span> <span class='ocrx_word' id='word_1_838' title='bbox 3113 4063 3304 4117; x_wconf 77' lang='lat' dir='ltr'><strong>delictis</strong></span> <span class='ocrx_word' id='word_1_839' title='bbox 3332 4064 3518 4133; x_wconf 84' lang='lat' dir='ltr'><strong>peperit</strong></span> <span class='ocrx_word' id='word_1_840' title='bbox 3546 4080 3622 4116; x_wconf 88' lang='lat' dir='ltr'><strong>me</strong></span> <span class='ocrx_word' id='word_1_841' title='bbox 3648 4075 3816 4119; x_wconf 83' lang='lat' dir='ltr'><strong>mater</strong></span> 
     </span>
    </p>
   </div>
   <div class='ocr_carea' id='block_1_104' title="bbox 2227 4152 3812 4227">
    <p class='ocr_par' dir='ltr' id='par_1_104' title="bbox 2227 4152 3812 4227">
     <span class='ocr_line' id='line_1_104' title="bbox 2227 4152 3812 4227; baseline -0.001 -18"><span class='ocrx_word' id='word_1_842' title='bbox 2227 4172 2338 4209; x_wconf 85' lang='lat' dir='ltr'><strong>mea</strong></span> <span class='ocrx_word' id='word_1_843' title='bbox 2365 4174 2383 4207; x_wconf 75' lang='grc' dir='ltr'><strong>ι</strong></span> <span class='ocrx_word' id='word_1_844' title='bbox 2417 4153 2586 4227; x_wconf 85' lang='lat' dir='ltr'><strong>(Psal.</strong></span> <span class='ocrx_word' id='word_1_845' title='bbox 2621 4169 2684 4220; x_wconf 73' lang='grc' dir='ltr'>ι,</span> <span class='ocrx_word' id='word_1_846' title='bbox 2712 4152 2788 4226; x_wconf 89' lang='grc'><strong>7).</strong></span> <span class='ocrx_word' id='word_1_847' title='bbox 2839 4153 2966 4208; x_wconf 91' lang='lat' dir='ltr'><strong>item</strong></span> <span class='ocrx_word' id='word_1_848' title='bbox 3010 4153 3062 4207; x_wconf 91' lang='lat' dir='ltr'><strong>in</strong></span> <span class='ocrx_word' id='word_1_849' title='bbox 3095 4154 3347 4223; x_wconf 80' lang='lat' dir='ltr'><strong>Apologia</strong></span> <span class='ocrx_word' id='word_1_850' title='bbox 3386 4154 3655 4225; x_wconf 77' lang='lat' dir='ltr'><strong>propheta:</strong></span> <span class='ocrx_word' id='word_1_851' title='bbox 3699 4155 3812 4208; x_wconf 82' lang='lat' dir='ltr'><strong>Da-</strong></span> 
     </span>
    </p>
   </div>
   <div class='ocr_carea' id='block_1_105' title="bbox 2226 4245 3816 4316">
    <p class='ocr_par' dir='ltr' id='par_1_105' title="bbox 2226 4245 3816 4316">
     <span class='ocr_line' id='line_1_105' title="bbox 2226 4245 3816 4316; baseline 0.002 -15"><span class='ocrx_word' id='word_1_852' title='bbox 2226 4247 2350 4302; x_wconf 91' lang='lat' dir='ltr'><strong>vid:</strong></span> <span class='ocrx_word' id='word_1_853' title='bbox 2393 4264 2411 4298; x_wconf 84' lang='grc' dir='ltr'><strong>ι</strong></span> <span class='ocrx_word' id='word_1_854' title='bbox 2443 4247 2738 4316; x_wconf 89' lang='lat' dir='ltr'><strong>Antequam</strong></span> <span class='ocrx_word' id='word_1_855' title='bbox 2778 4261 3088 4310; x_wconf 85' lang='lat' dir='ltr'><strong>nascamur,</strong></span> <span class='ocrx_word' id='word_1_856' title='bbox 3117 4263 3136 4298; x_wconf 72' lang='grc' dir='ltr'><strong>ι</strong></span> <span class='ocrx_word' id='word_1_857' title='bbox 3171 4245 3371 4316; x_wconf 87' lang='lat' dir='ltr'><strong>inquit,</strong></span> <span class='ocrx_word' id='word_1_858' title='bbox 3406 4265 3423 4298; x_wconf 83' lang='grc' dir='ltr'><strong>ι</strong></span> <span class='ocrx_word' id='word_1_859' title='bbox 3474 4248 3816 4304; x_wconf 82' lang='lat' dir='ltr'><strong>maculamur</strong></span> 
     </span>
    </p>
   </div>
   <div class='ocr_carea' id='block_1_106' title="bbox 2226 4339 3812 4411">
    <p class='ocr_par' dir='ltr' id='par_1_106' title="bbox 2226 4339 3812 4411">
     <span class='ocr_line' id='line_1_106' title="bbox 2226 4339 3812 4411; baseline 0.001 -17"><span class='ocrx_word' id='word_1_860' title='bbox 2226 4339 2470 4408; x_wconf 84' lang='lat' dir='ltr'><strong>contagio</strong></span> <span class='ocrx_word' id='word_1_861' title='bbox 2493 4379 2507 4403; x_wconf 93' lang='lat'><strong>,</strong></span> <span class='ocrx_word' id='word_1_862' title='bbox 2536 4346 2590 4393; x_wconf 93' lang='lat' dir='ltr'><strong>et</strong></span> <span class='ocrx_word' id='word_1_863' title='bbox 2615 4349 2736 4392; x_wconf 83' lang='lat' dir='ltr'><strong>ante</strong></span> <span class='ocrx_word' id='word_1_864' title='bbox 2768 4354 2978 4394; x_wconf 89' lang='lat' dir='ltr'><strong>usuram</strong></span> <span class='ocrx_word' id='word_1_865' title='bbox 3008 4339 3138 4392; x_wconf 90' lang='lat' dir='ltr'><strong>lucis</strong></span> <span class='ocrx_word' id='word_1_866' title='bbox 3164 4340 3381 4410; x_wconf 85' lang='lat' dir='ltr'><strong>originis</strong></span> <span class='ocrx_word' id='word_1_867' title='bbox 3412 4341 3574 4411; x_wconf 91' lang='lat' dir='ltr'><strong>ipsius</strong></span> <span class='ocrx_word' id='word_1_868' title='bbox 3603 4343 3812 4411; x_wconf 70' lang='lat' dir='ltr'><strong>accipio</strong></span> 
     </span>
    </p>
   </div>
   <div class='ocr_carea' id='block_1_107' title="bbox 2228 4429 3816 4502">
    <p class='ocr_par' dir='ltr' id='par_1_107' title="bbox 2228 4429 3816 4502">
     <span class='ocr_line' id='line_1_107' title="bbox 2228 4429 3816 4502; baseline 0.006 -20"><span class='ocrx_word' id='word_1_869' title='bbox 2228 4445 2344 4483; x_wconf 91' lang='lat' dir='ltr'><strong>mus</strong></span> <span class='ocrx_word' id='word_1_870' title='bbox 2387 4429 2628 4498; x_wconf 91' lang='lat' dir='ltr'><strong>injuriam</strong></span> <span class='ocrx_word' id='word_1_871' title='bbox 2656 4469 2670 4495; x_wconf 93' lang='lat'><strong>,</strong></span> <span class='ocrx_word' id='word_1_872' title='bbox 2717 4430 2767 4482; x_wconf 93' lang='lat' dir='ltr'><strong>in</strong></span> <span class='ocrx_word' id='word_1_873' title='bbox 2803 4430 3073 4502; x_wconf 89' lang='lat' dir='ltr'><strong>iniquitate</strong></span> <span class='ocrx_word' id='word_1_874' title='bbox 3119 4431 3464 4500; x_wconf 91' lang='lat' dir='ltr'><strong>concipimnr.</strong></span> <span class='ocrx_word' id='word_1_875' title='bbox 3503 4452 3522 4485; x_wconf 82' lang='grc'><strong><em>›</em></strong></span> <span class='ocrx_word' id='word_1_876' title='bbox 3556 4433 3686 4490; x_wconf 91' lang='lat' dir='ltr'><strong>Item</strong></span> <span class='ocrx_word' id='word_1_877' title='bbox 3738 4434 3816 4491; x_wconf 83' lang='lat' dir='ltr'><strong>de</strong></span> 
     </span>
    </p>
   </div>
   <div class='ocr_carea' id='block_1_108' title="bbox 2227 4521 3824 4593">
    <p class='ocr_par' dir='ltr' id='par_1_108' title="bbox 2227 4521 3824 4593">
     <span class='ocr_line' id='line_1_108' title="bbox 2227 4521 3824 4593; baseline 0.004 -17"><span class='ocrx_word' id='word_1_878' title='bbox 2227 4521 2452 4576; x_wconf 88' lang='lat' dir='ltr'><strong>Domino</strong></span> <span class='ocrx_word' id='word_1_879' title='bbox 2473 4522 2727 4590; x_wconf 88' lang='lat' dir='ltr'><strong>loquens:</strong></span> <span class='ocrx_word' id='word_1_880' title='bbox 2758 4539 2775 4572; x_wconf 82' lang='grc' dir='ltr'><strong>ι</strong></span> <span class='ocrx_word' id='word_1_881' title='bbox 2805 4521 3025 4590; x_wconf 84' lang='lat' dir='ltr'><strong>Dignum</strong></span> <span class='ocrx_word' id='word_1_882' title='bbox 3047 4522 3241 4576; x_wconf 90' lang='lat' dir='ltr'><strong>etenim</strong></span> <span class='ocrx_word' id='word_1_883' title='bbox 3265 4521 3381 4588; x_wconf 80' lang='lat' dir='ltr'><strong>fuit,</strong></span> <span class='ocrx_word' id='word_1_884' title='bbox 3415 4542 3434 4576; x_wconf 77' lang='grc' dir='ltr'><strong>ι</strong></span> <span class='ocrx_word' id='word_1_885' title='bbox 3459 4523 3665 4593; x_wconf 90' lang='lat' dir='ltr'><strong>inquit,</strong></span> <span class='ocrx_word' id='word_1_886' title='bbox 3695 4543 3713 4576; x_wconf 81' lang='grc' dir='ltr'><strong>ι</strong></span> <span class='ocrx_word' id='word_1_887' title='bbox 3750 4535 3824 4582; x_wconf 72' lang='lat' dir='ltr'><strong>ut</strong></span> 
     </span>
    </p>
   </div>
   <div class='ocr_carea' id='block_1_109' title="bbox 2225 4613 3814 4694">
    <p class='ocr_par' dir='ltr' id='par_1_109' title="bbox 2225 4613 3814 4694">
     <span class='ocr_line' id='line_1_109' title="bbox 2225 4613 3814 4694; baseline 0.005 -28"><span class='ocrx_word' id='word_1_888' title='bbox 2225 4615 2313 4684; x_wconf 93' lang='lat' dir='ltr'><strong>qui</strong></span> <span class='ocrx_word' id='word_1_889' title='bbox 2346 4630 2449 4666; x_wconf 94' lang='lat' dir='ltr'><strong>non</strong></span> <span class='ocrx_word' id='word_1_890' title='bbox 2491 4622 2605 4667; x_wconf 89' lang='lat' dir='ltr'><strong>erat</strong></span> <span class='ocrx_word' id='word_1_891' title='bbox 2642 4613 2914 4667; x_wconf 80' lang='lat' dir='ltr'><strong>habiturus</strong></span> <span class='ocrx_word' id='word_1_892' title='bbox 2951 4630 3221 4684; x_wconf 85' lang='lat' dir='ltr'><strong>corporeae</strong></span> <span class='ocrx_word' id='word_1_893' title='bbox 3261 4615 3282 4647; x_wconf 70' lang='grc'><strong>⁸</strong></span> <span class='ocrx_word' id='word_1_894' title='bbox 3308 4625 3576 4694; x_wconf 86' lang='lat' dir='ltr'><strong>peccatum</strong></span> <span class='ocrx_word' id='word_1_895' title='bbox 3617 4619 3814 4690; x_wconf 76' lang='lat' dir='ltr'><strong>prola-</strong></span> 
     </span>
    </p>
   </div>
   <div class='ocr_carea' id='block_1_110' title="bbox 2226 4701 3814 4774">
    <p class='ocr_par' dir='ltr' id='par_1_110' title="bbox 2226 4701 3814 4774">
     <span class='ocr_line' id='line_1_110' title="bbox 2226 4701 3814 4774; baseline 0.005 -18"><span class='ocrx_word' id='word_1_896' title='bbox 2226 4701 2424 4773; x_wconf 91' lang='lat' dir='ltr'><strong>psionis</strong></span> <span class='ocrx_word' id='word_1_897' title='bbox 2447 4743 2462 4766; x_wconf 96' lang='lat'><strong>,</strong></span> <span class='ocrx_word' id='word_1_898' title='bbox 2487 4702 2687 4756; x_wconf 93' lang='lat' dir='ltr'><strong>nullum</strong></span> <span class='ocrx_word' id='word_1_899' title='bbox 2714 4704 2934 4757; x_wconf 91' lang='lat' dir='ltr'><strong>sentiret</strong></span> <span class='ocrx_word' id='word_1_900' title='bbox 2975 4706 3332 4774; x_wconf 86' lang='lat' dir='ltr'><strong>generationis</strong></span> <span class='ocrx_word' id='word_1_901' title='bbox 3359 4709 3592 4762; x_wconf 83' lang='lat' dir='ltr'><strong>naturale</strong></span> <span class='ocrx_word' id='word_1_902' title='bbox 3617 4719 3814 4764; x_wconf 75' lang='lat' dir='ltr'><strong>conta-</strong></span> 
     </span>
    </p>
   </div>
   <div class='ocr_carea' id='block_1_111' title="bbox 2223 4794 3812 4872">
    <p class='ocr_par' dir='ltr' id='par_1_111' title="bbox 2223 4794 3812 4872">
     <span class='ocr_line' id='line_1_111' title="bbox 2223 4794 3812 4872; baseline 0.007 -25"><span class='ocrx_word' id='word_1_903' title='bbox 2223 4796 2386 4866; x_wconf 84' lang='lat' dir='ltr'><strong>gium.</strong></span> <span class='ocrx_word' id='word_1_904' title='bbox 2411 4794 2595 4848; x_wconf 84' lang='lat' dir='ltr'><strong>Merito</strong></span> <span class='ocrx_word' id='word_1_905' title='bbox 2617 4809 2744 4864; x_wconf 89' lang='lat' dir='ltr'><strong>ergo</strong></span> <span class='ocrx_word' id='word_1_906' title='bbox 2770 4794 2932 4850; x_wconf 86' lang='lat' dir='ltr'><strong>David</strong></span> <span class='ocrx_word' id='word_1_907' title='bbox 2956 4795 3200 4852; x_wconf 84' lang='lat' dir='ltr'><strong>ﬂebiliter</strong></span> <span class='ocrx_word' id='word_1_908' title='bbox 3221 4798 3272 4852; x_wconf 93' lang='lat' dir='ltr'><strong>in</strong></span> <span class='ocrx_word' id='word_1_909' title='bbox 3296 4813 3353 4853; x_wconf 91' lang='lat' dir='ltr'><strong>se</strong></span> <span class='ocrx_word' id='word_1_910' title='bbox 3376 4799 3667 4868; x_wconf 89' lang='lat' dir='ltr'><strong>deploravit</strong></span> <span class='ocrx_word' id='word_1_911' title='bbox 3689 4803 3812 4872; x_wconf 79' lang='lat' dir='ltr'><strong>ipsa</strong></span> 
     </span>
    </p>
   </div>
   <div class='ocr_carea' id='block_1_112' title="bbox 2224 4884 3813 4959">
    <p class='ocr_par' dir='ltr' id='par_1_112' title="bbox 2224 4884 3813 4959">
     <span class='ocr_line' id='line_1_112' title="bbox 2224 4884 3813 4959; baseline 0.006 -21"><span class='ocrx_word' id='word_1_912' title='bbox 2224 4884 2615 4954; x_wconf 87' lang='lat' dir='ltr'><strong>inquinamenta</strong></span> <span class='ocrx_word' id='word_1_913' title='bbox 2663 4893 2904 4956; x_wconf 79' lang='lat' dir='ltr'><strong>naturze,</strong></span> <span class='ocrx_word' id='word_1_914' title='bbox 2951 4895 3005 4940; x_wconf 92' lang='lat' dir='ltr'><strong>et</strong></span> <span class='ocrx_word' id='word_1_915' title='bbox 3051 4887 3190 4956; x_wconf 89' lang='lat' dir='ltr'><strong>quod</strong></span> <span class='ocrx_word' id='word_1_916' title='bbox 3239 4890 3386 4957; x_wconf 86' lang='lat' dir='ltr'><strong>prius</strong></span> <span class='ocrx_word' id='word_1_917' title='bbox 3436 4888 3694 4959; x_wconf 79' lang='lat' dir='ltr'><strong>inciperet</strong></span> <span class='ocrx_word' id='word_1_918' title='bbox 3755 4894 3813 4948; x_wconf 88' lang='lat' dir='ltr'><strong>iu</strong></span> 
     </span>
    </p>
   </div>
   <div class='ocr_carea' id='block_1_113' title="bbox 2225 4963 3816 5050">
    <p class='ocr_par' dir='ltr' id='par_1_113' title="bbox 2225 4963 3816 5050">
     <span class='ocr_line' id='line_1_113' title="bbox 2225 4963 3816 5050; baseline 0.006 -23"><span class='ocrx_word' id='word_1_919' title='bbox 2225 4963 2437 5027; x_wconf 87' lang='lat' dir='ltr'><strong>homine</strong></span> <span class='ocrx_word' id='word_1_920' title='bbox 2465 4973 2669 5027; x_wconf 90' lang='lat' dir='ltr'><strong>macula</strong></span> <span class='ocrx_word' id='word_1_921' title='bbox 2697 4988 2852 5042; x_wconf 89' lang='lat' dir='ltr'><strong>quam</strong></span> <span class='ocrx_word' id='word_1_922' title='bbox 2889 4975 2994 5028; x_wconf 89' lang='lat' dir='ltr'><strong>vita</strong></span> <span class='ocrx_word' id='word_1_923' title='bbox 3023 4994 3040 5027; x_wconf 77' lang='grc' dir='ltr'><strong>ι</strong></span> <span class='ocrx_word' id='word_1_924' title='bbox 3080 4975 3229 5046; x_wconf 83' lang='lat' dir='ltr'><strong>(Cap.</strong></span> <span class='ocrx_word' id='word_1_925' title='bbox 3261 4977 3372 5050; x_wconf 84' lang='lat' dir='ltr'><strong>ii).</strong></span> <span class='ocrx_word' id='word_1_926' title='bbox 3403 4977 3532 5033; x_wconf 91' lang='lat' dir='ltr'><strong>item</strong></span> <span class='ocrx_word' id='word_1_927' title='bbox 3560 4978 3626 5034; x_wconf 91' lang='lat' dir='ltr'><strong>de</strong></span> <span class='ocrx_word' id='word_1_928' title='bbox 3662 4981 3816 5038; x_wconf 82' lang='lat' dir='ltr'><strong>Area</strong></span> 
     </span>
    </p>
   </div>
   <div class='ocr_carea' id='block_1_114' title="bbox 2223 5064 3814 5137">
    <p class='ocr_par' dir='ltr' id='par_1_114' title="bbox 2223 5064 3814 5137">
     <span class='ocr_line' id='line_1_114' title="bbox 2223 5064 3814 5137; baseline 0.004 -17"><span class='ocrx_word' id='word_1_929' title='bbox 2223 5064 2334 5120; x_wconf 87' lang='lat' dir='ltr'><strong>Noe</strong></span> <span class='ocrx_word' id='word_1_930' title='bbox 2364 5083 2376 5119; x_wconf 92' lang='lat'><strong>:</strong></span> <span class='ocrx_word' id='word_1_931' title='bbox 2405 5084 2424 5118; x_wconf 72' lang='grc' dir='ltr'><strong>ι</strong></span> <span class='ocrx_word' id='word_1_932' title='bbox 2451 5065 2553 5120; x_wconf 87' lang='lat' dir='ltr'><strong>Per</strong></span> <span class='ocrx_word' id='word_1_933' title='bbox 2581 5080 2742 5118; x_wconf 92' lang='lat' dir='ltr'><strong>unum</strong></span> <span class='ocrx_word' id='word_1_934' title='bbox 2771 5065 2948 5135; x_wconf 88' lang='lat' dir='ltr'><strong>igitur,</strong></span> <span class='ocrx_word' id='word_1_935' title='bbox 2984 5083 3004 5118; x_wconf 75' lang='grc' dir='ltr'><strong>ι</strong></span> <span class='ocrx_word' id='word_1_936' title='bbox 3039 5066 3228 5137; x_wconf 88' lang='lat' dir='ltr'><strong>inquit,</strong></span> <span class='ocrx_word' id='word_1_937' title='bbox 3259 5085 3279 5120; x_wconf 74' lang='grc' dir='ltr'><strong>ι</strong></span> <span class='ocrx_word' id='word_1_938' title='bbox 3314 5067 3590 5124; x_wconf 88' lang='lat' dir='ltr'><strong>Dominum</strong></span> <span class='ocrx_word' id='word_1_939' title='bbox 3617 5071 3814 5127; x_wconf 79' lang='lat' dir='ltr'><strong>Jesum</strong></span> 
     </span>
    </p>
   </div>
   <div class='ocr_carea' id='block_1_115' title="bbox 2224 5159 3818 5234">
    <p class='ocr_par' dir='ltr' id='par_1_115' title="bbox 2224 5159 3818 5234">
     <span class='ocr_line' id='line_1_115' title="bbox 2224 5159 3818 5234; baseline 0.007 -21"><span class='ocrx_word' id='word_1_940' title='bbox 2224 5159 2367 5213; x_wconf 88' lang='lat' dir='ltr'><strong>salus</strong></span> <span class='ocrx_word' id='word_1_941' title='bbox 2397 5167 2615 5214; x_wconf 89' lang='lat' dir='ltr'><strong>ventura</strong></span> <span class='ocrx_word' id='word_1_942' title='bbox 2645 5159 2943 5215; x_wconf 87' lang='lat' dir='ltr'><strong>nationibus</strong></span> <span class='ocrx_word' id='word_1_943' title='bbox 2971 5159 3268 5217; x_wconf 88' lang='lat' dir='ltr'><strong>declaratur</strong></span> <span class='ocrx_word' id='word_1_944' title='bbox 3289 5203 3306 5231; x_wconf 85' lang='lat'><strong>,</strong></span> <span class='ocrx_word' id='word_1_945' title='bbox 3336 5163 3425 5234; x_wconf 83' lang='lat' dir='ltr'><strong>qui</strong></span> <span class='ocrx_word' id='word_1_946' title='bbox 3449 5164 3594 5220; x_wconf 83' lang='lat' dir='ltr'><strong>solus</strong></span> <span class='ocrx_word' id='word_1_947' title='bbox 3633 5170 3818 5234; x_wconf 82' lang='lat' dir='ltr'><strong>potuit</strong></span> 
     </span>
    </p>
   </div>
   <div class='ocr_carea' id='block_1_116' title="bbox 2285 5313 3818 5377">
    <p class='ocr_par' dir='ltr' id='par_1_116' title="bbox 2285 5313 3818 5377">
     <span class='ocr_line' id='line_1_116' title="bbox 2285 5313 3818 5377; baseline 0.006 -16"><span class='ocrx_word' id='word_1_948' title='bbox 2285 5314 2300 5346; x_wconf 74' lang='grc'>³</span> <span class='ocrx_word' id='word_1_949' title='bbox 2334 5313 2452 5377; x_wconf 67' lang='grc' dir='ltr'>ιωριί</span> <span class='ocrx_word' id='word_1_950' title='bbox 2476 5321 2573 5377; x_wconf 83' lang='lat' dir='ltr'><strong>Am.</strong></span> <span class='ocrx_word' id='word_1_951' title='bbox 2599 5320 2753 5377; x_wconf 38' lang='lat' dir='ltr'><strong>Erset</strong></span> <span class='ocrx_word' id='word_1_952' title='bbox 2774 5322 2904 5377; x_wconf 85' lang='lat' dir='ltr'><strong>Lov.,</strong></span> <span class='ocrx_word' id='word_1_953' title='bbox 2928 5329 3020 5367; x_wconf 83' lang='lat' dir='ltr'><strong>non</strong></span> <span class='ocrx_word' id='word_1_954' title='bbox 3047 5324 3186 5368; x_wconf 80' lang='lat' dir='ltr'><strong>erum</strong></span> <span class='ocrx_word' id='word_1_955' title='bbox 3216 5319 3385 5371; x_wconf 74' lang='lat' dir='ltr'><strong>retenti</strong></span> <span class='ocrx_word' id='word_1_956' title='bbox 3411 5330 3432 5370; x_wconf 90' lang='lat'><strong>:</strong></span> <span class='ocrx_word' id='word_1_957' title='bbox 3465 5326 3517 5369; x_wconf 90' lang='lat' dir='ltr'><strong>et</strong></span> <span class='ocrx_word' id='word_1_958' title='bbox 3535 5317 3667 5369; x_wconf 75' lang='lat' dir='ltr'><strong>ﬁnita</strong></span> <span class='ocrx_word' id='word_1_959' title='bbox 3687 5333 3818 5370; x_wconf 85' lang='lat' dir='ltr'><strong>sen-</strong></span> 
     </span>
    </p>
   </div>
   <div class='ocr_carea' id='block_1_117' title="bbox 2221 5375 3819 5440">
    <p class='ocr_par' dir='ltr' id='par_1_117' title="bbox 2221 5375 3819 5440">
     <span class='ocr_line' id='line_1_117' title="bbox 2221 5375 3819 5440; baseline 0.005 -17"><span class='ocrx_word' id='word_1_960' title='bbox 2221 5375 2446 5440; x_wconf 64' lang='lat' dir='ltr'><strong>tentiain</strong></span> <span class='ocrx_word' id='word_1_961' title='bbox 2468 5376 2635 5433; x_wconf 87' lang='lat' dir='ltr'><strong>verbo,</strong></span> <span class='ocrx_word' id='word_1_962' title='bbox 2662 5375 2850 5440; x_wconf 74' lang='lat' dir='ltr'><strong>dicebat</strong></span> <span class='ocrx_word' id='word_1_963' title='bbox 2867 5375 2974 5438; x_wconf 61' lang='lat' dir='ltr'><strong>{sic</strong></span> <span class='ocrx_word' id='word_1_964' title='bbox 3005 5379 3118 5428; x_wconf 86' lang='lat' dir='ltr'><strong>inde</strong></span> <span class='ocrx_word' id='word_1_965' title='bbox 3158 5393 3329 5440; x_wconf 87' lang='lat' dir='ltr'><strong>novam</strong></span> <span class='ocrx_word' id='word_1_966' title='bbox 3364 5381 3613 5440; x_wconf 68' lang='lat' dir='ltr'><strong>inchoent,</strong></span> <span class='ocrx_word' id='word_1_967' title='bbox 3638 5383 3819 5440; x_wconf 54' lang='lat' dir='ltr'><strong>(terre-</strong></span> 
     </span>
    </p>
   </div>
   <div class='ocr_carea' id='block_1_118' title="bbox 2220 5433 3819 5504">
    <p class='ocr_par' dir='ltr' id='par_1_118' title="bbox 2220 5433 3819 5504">
     <span class='ocr_line' id='line_1_118' title="bbox 2220 5433 3819 5504; baseline 0.005 -21"><span class='ocrx_word' id='word_1_968' title='bbox 2220 5441 2293 5484; x_wconf 89' lang='lat' dir='ltr'><strong>cte</strong></span> <span class='ocrx_word' id='word_1_969' title='bbox 2315 5433 2589 5504; x_wconf 67' lang='lat' dir='ltr'><strong>diligamus,</strong></span> <span class='ocrx_word' id='word_1_970' title='bbox 2612 5438 2779 5504; x_wconf 73' lang='lat' dir='ltr'><strong>vel,ut</strong></span> <span class='ocrx_word' id='word_1_971' title='bbox 2800 5433 2924 5504; x_wconf 77' lang='lat' dir='ltr'><strong>apud</strong></span> <span class='ocrx_word' id='word_1_972' title='bbox 2961 5444 3092 5499; x_wconf 79' lang='lat' dir='ltr'><strong>Lov.,</strong></span> <span class='ocrx_word' id='word_1_973' title='bbox 3127 5439 3394 5504; x_wconf 80' lang='lat' dir='ltr'><strong>diligemus.</strong></span> <span class='ocrx_word' id='word_1_974' title='bbox 3435 5433 3649 5504; x_wconf 76' lang='lat' dir='ltr'><strong>Vaticani</strong></span> <span class='ocrx_word' id='word_1_975' title='bbox 3673 5433 3819 5491; x_wconf 66' lang='lat' dir='ltr'><strong>coiit-</strong></span> 
     </span>
    </p>
   </div>
   <div class='ocr_carea' id='block_1_119' title="bbox 2219 5495 3810 5568">
    <p class='ocr_par' dir='ltr' id='par_1_119' title="bbox 2219 5495 3810 5568">
     <span class='ocr_line' id='line_1_119' title="bbox 2219 5495 3810 5568; baseline 0.005 -22"><span class='ocrx_word' id='word_1_976' title='bbox 2219 5509 2303 5568; x_wconf 87' lang='lat' dir='ltr'><strong>c_es</strong></span> <span class='ocrx_word' id='word_1_977' title='bbox 2321 5566 2327 5568; x_wconf 84' lang='lat'>_</span> <span class='ocrx_word' id='word_1_978' title='bbox 2347 5495 2564 5568; x_wconf 67' lang='lat' dir='ltr'><strong>hocloeo</strong></span> <span class='ocrx_word' id='word_1_979' title='bbox 2599 5495 2705 5548; x_wconf 82' lang='lat' dir='ltr'><strong>non</strong></span> <span class='ocrx_word' id='word_1_980' title='bbox 2736 5495 2915 5568; x_wconf 72' lang='lat' dir='ltr'><strong>habent</strong></span> <span class='ocrx_word' id='word_1_981' title='bbox 2927 5533 2949 5568; x_wconf 32' lang='grc' dir='ltr'><strong>,ι</strong></span> <span class='ocrx_word' id='word_1_982' title='bbox 2978 5495 3118 5568; x_wconf 62' lang='lat' dir='ltr'><strong>erunt</strong></span> <span class='ocrx_word' id='word_1_983' title='bbox 3145 5513 3162 5550; x_wconf 93' lang='lat'><strong>:</strong></span> <span class='ocrx_word' id='word_1_984' title='bbox 3185 5495 3272 5568; x_wconf 62' lang='lat' dir='ltr'><strong>seti</strong></span> <span class='ocrx_word' id='word_1_985' title='bbox 3296 5510 3429 5564; x_wconf 87' lang='lat' dir='ltr'><strong>post,</strong></span> <span class='ocrx_word' id='word_1_986' title='bbox 3455 5502 3682 5565; x_wconf 72' lang='lat' dir='ltr'><strong>obnoxii;</strong></span> <span class='ocrx_word' id='word_1_987' title='bbox 3711 5511 3810 5553; x_wconf 70' lang='lat' dir='ltr'><strong>ao-</strong></span> 
     </span>
    </p>
   </div>
   <div class='ocr_carea' id='block_1_120' title="bbox 2217 5558 3369 5618">
    <p class='ocr_par' dir='ltr' id='par_1_120' title="bbox 2217 5558 3369 5618">
     <span class='ocr_line' id='line_1_120' title="bbox 2217 5558 3369 5618; baseline 0.003 -12"><span class='ocrx_word' id='word_1_988' title='bbox 2217 5558 2354 5618; x_wconf 88' lang='lat' dir='ltr'><strong>dunt,</strong></span> <span class='ocrx_word' id='word_1_989' title='bbox 2373 5558 2565 5609; x_wconf 86' lang='lat' dir='ltr'><strong>erimus.</strong></span> <span class='ocrx_word' id='word_1_990' title='bbox 2591 5569 2815 5608; x_wconf 70' lang='lat' dir='ltr'><strong>Neutrum</strong></span> <span class='ocrx_word' id='word_1_991' title='bbox 2839 5566 2917 5609; x_wconf 89' lang='lat' dir='ltr'><strong>est</strong></span> <span class='ocrx_word' id='word_1_992' title='bbox 2938 5561 2986 5609; x_wconf 89' lang='lat' dir='ltr'><strong>in</strong></span> <span class='ocrx_word' id='word_1_993' title='bbox 3001 5561 3248 5612; x_wconf 80' lang='lat' dir='ltr'><strong>Gallicanis</strong></span> <span class='ocrx_word' id='word_1_994' title='bbox 3267 5558 3369 5612; x_wconf 76' lang='lat' dir='ltr'><strong>tt&#39;ss.</strong></span> 
     </span>
    </p>
   </div>
   <div class='ocr_carea' id='block_1_121' title="bbox 2281 5617 3553 5682">
    <p class='ocr_par' dir='ltr' id='par_1_121' title="bbox 2281 5617 3553 5682">
     <span class='ocr_line' id='line_1_121' title="bbox 2281 5617 3553 5682; baseline 0.005 -15"><span class='ocrx_word' id='word_1_995' title='bbox 2281 5623 2300 5652; x_wconf 79' lang='grc'>¹</span> <span class='ocrx_word' id='word_1_996' title='bbox 2339 5617 2462 5678; x_wconf 75' lang='lat' dir='ltr'><strong>ttss.,</strong></span> <span class='ocrx_word' id='word_1_997' title='bbox 2487 5619 2571 5682; x_wconf 71' lang='lat' dir='ltr'><strong>sed</strong></span> <span class='ocrx_word' id='word_1_998' title='bbox 2583 5619 2690 5680; x_wconf 84' lang='lat' dir='ltr'><strong>jam</strong></span> <span class='ocrx_word' id='word_1_999' title='bbox 2702 5617 3066 5682; x_wconf 82' lang='lat' dir='ltr'><strong>gloriosissimo,</strong></span> <span class='ocrx_word' id='word_1_1000' title='bbox 3089 5625 3195 5671; x_wconf 88' lang='lat' dir='ltr'><strong>sine</strong></span> <span class='ocrx_word' id='word_1_1001' title='bbox 3221 5621 3465 5682; x_wconf 73' lang='lat' dir='ltr'><strong>particula,</strong></span> <span class='ocrx_word' id='word_1_1002' title='bbox 3489 5631 3553 5674; x_wconf 83' lang='lat' dir='ltr'><strong>rt.</strong></span> 
     </span>
    </p>
   </div>
   <div class='ocr_carea' id='block_1_122' title="bbox 2283 5639 3290 5751">
    <p class='ocr_par' dir='ltr' id='par_1_122' title="bbox 2283 5639 3290 5751">
     <span class='ocr_line' id='line_1_122' title="bbox 2283 5639 3290 5682; baseline 0.004 -15"><span class='ocrx_word' id='word_1_1003' title='bbox 2283 5639 2300 5652; x_wconf 93' lang='lat'><strong><em>-</em></strong></span> <span class='ocrx_word' id='word_1_1004' title='bbox 2339 5639 2462 5678; x_wconf 72' lang='lat' dir='ltr'><strong>niss.,</strong></span> <span class='ocrx_word' id='word_1_1005' title='bbox 2487 5639 2568 5669; x_wconf 83' lang='lat' dir='ltr'><strong>seu</strong></span> <span class='ocrx_word' id='word_1_1006' title='bbox 2583 5639 2690 5680; x_wconf 75' lang='grc' dir='ltr'><strong>μνη</strong></span> <span class='ocrx_word' id='word_1_1007' title='bbox 2711 5639 3066 5682; x_wconf 71' lang='lat' dir='ltr'><strong>gwrwstssimo,</strong></span> <span class='ocrx_word' id='word_1_1008' title='bbox 3089 5639 3195 5671; x_wconf 80' lang='lat' dir='ltr'><strong>Sine</strong></span> <span class='ocrx_word' id='word_1_1009' title='bbox 3237 5639 3290 5672; x_wconf 78' lang='lat' dir='ltr'><strong>:ai</strong></span> 
     </span>
     <span class='ocr_line' id='line_1_123' title="bbox 2283 5639 3290 5751; baseline 0.007 -24"><span class='ocrx_word' id='word_1_1010' title='bbox 2283 5682 2304 5751; x_wconf 70' lang='lat' dir='ltr'><strong>fl</strong></span> <span class='ocrx_word' id='word_1_1011' title='bbox 2336 5688 2465 5751; x_wconf 36' lang='lat' dir='ltr'><strong>iiut},</strong></span> <span class='ocrx_word' id='word_1_1012' title='bbox 2487 5678 2792 5751; x_wconf 49' lang='lat' dir='ltr'><strong>[identteiius</strong></span> <span class='ocrx_word' id='word_1_1013' title='bbox 2812 5685 2978 5732; x_wconf 66' lang='lat' dir='ltr'><strong>caeteri</strong></span> <span class='ocrx_word' id='word_1_1014' title='bbox 3002 5683 3130 5742; x_wconf 90' lang='lat' dir='ltr'><strong>libri,</strong></span> <span class='ocrx_word' id='word_1_1015' title='bbox 3157 5639 3290 5746; x_wconf 57' lang='lat' dir='ltr'><strong>falci.</strong></span> 
     </span>
    </p>
   </div>
   <div class='ocr_carea' id='block_1_123' title="bbox 2282 5741 3072 5806">
    <p class='ocr_par' dir='ltr' id='par_1_123' title="bbox 2282 5741 3072 5806">
     <span class='ocr_line' id='line_1_124' title="bbox 2282 5741 3072 5806; baseline 0 -16"><span class='ocrx_word' id='word_1_1016' title='bbox 2282 5744 2300 5806; x_wconf 57' lang='grc' dir='ltr'>ξ</span> <span class='ocrx_word' id='word_1_1017' title='bbox 2335 5741 2406 5794; x_wconf 72' lang='lat' dir='ltr'><strong>sic</strong></span> <span class='ocrx_word' id='word_1_1018' title='bbox 2421 5741 2670 5806; x_wconf 59' lang='grc' dir='ltr'><strong>διεδ.μωὶιὶ</strong></span> <span class='ocrx_word' id='word_1_1019' title='bbox 2700 5755 2835 5800; x_wconf 83' lang='lat' dir='ltr'><strong>vero,</strong></span> <span class='ocrx_word' id='word_1_1020' title='bbox 2859 5757 3072 5806; x_wconf 84' lang='lat' dir='ltr'><strong>corpore.</strong></span> 
     </span>
    </p>
   </div>
   <div class='ocr_carea' id='block_1_124' title="bbox 2283 5803 3306 5864">
    <p class='ocr_par' dir='ltr' id='par_1_124' title="bbox 2283 5803 3306 5864">
     <span class='ocr_line' id='line_1_125' title="bbox 2283 5803 3306 5864; baseline 0.01 -18"><span class='ocrx_word' id='word_1_1021' title='bbox 2283 5804 2354 5862; x_wconf 73' lang='grc' dir='ltr'><strong>(τι)</strong></span> <span class='ocrx_word' id='word_1_1022' title='bbox 2380 5803 2616 5864; x_wconf 56' lang='lat' dir='ltr'><strong>Expositio</strong></span> <span class='ocrx_word' id='word_1_1023' title='bbox 2636 5803 2736 5852; x_wconf 64' lang='lat' dir='ltr'><strong>imre</strong></span> <span class='ocrx_word' id='word_1_1024' title='bbox 2760 5806 2807 5852; x_wconf 91' lang='lat' dir='ltr'><strong>in</strong></span> <span class='ocrx_word' id='word_1_1025' title='bbox 2830 5803 2992 5854; x_wconf 84' lang='lat' dir='ltr'><strong>Isaiam</strong></span> <span class='ocrx_word' id='word_1_1026' title='bbox 3016 5821 3107 5856; x_wconf 80' lang='lat' dir='ltr'><strong>non</strong></span> <span class='ocrx_word' id='word_1_1027' title='bbox 3134 5817 3306 5859; x_wconf 77' lang='lat' dir='ltr'><strong>exst:.t.</strong></span> 
     </span>
    </p>
   </div>
  </div>
