4038 6538
319 407 417 464 633

318 519 485 590 justus
529 527 672 580 esse,
722 525 843 571 cum
881 509 1150 582 generatio
1190 509 1361 564 omnis
1398 517 1631 573 erraret,
1680 521 1786 561 non
1826 503 1896 559 ob

321 609 455 666 aliud
488 610 538 675 ⁸,
585 608 692 664 nisi
720 607 842 678 quia
881 615 1033 660 natus
1068 621 1132 660 ex
1173 604 1374 674 virgine
1404 602 1760 674 generationis
1803 599 1898 655 ob-

320 704 485 758 noxia:
529 700 807 770 privilegio
844 697 1060 752 minime
1105 704 1390 750 teneretur.
1439 693 1571 747 Ecce
1594 736 1608 760 ,
1641 712 1660 744 ι
1695 692 1894 761 inquit,

325 815 344 849 ι
376 795 426 847 in
472 793 820 863 iniquitatibus
845 799 1111 860 conceptus
1135 805 1278 850 sum,
1309 797 1354 840 et
1393 787 1444 840 in
1477 785 1671 838 delictis
1708 783 1899 854 peperit

317 901 394 938 me
420 892 580 936 mater
605 898 716 934 mea
737 880 891 946 ,dieit
920 879 963 932 is
992 879 1079 948 qui
1103 877 1277 947 justus
1306 892 1414 945 pra:
1443 875 1648 929 exteris
1672 872 1894 943 putaba-

319 985 418 1030 tur.
457 974 629 1044 Quem
671 974 830 1044 igitur
852 973 960 1042 jam
999 970 1201 1040 justum
1249 968 1505 1033 dixerim,
1557 967 1656 1020 nisi
1708 966 1896 1018 horum

318 1065 546 1120 liberum
574 1065 929 1125 vinculorum,
956 1077 1113 1132 quem
1139 1071 1339 1115 natura:
1367 1058 1662 1114 communis
1685 1056 1895 1110 vincula

321 1169 421 1210 non
468 1163 687 1210 teneant
732 1154 795 1206 ’ἲ
825 1173 843 1206 ι
875 1153 1012 1208 Ecce
1040 1153 1122 1205 vir
1154 1160 1368 1206 sanctus
1391 1191 1404 1212 ,
1451 1148 1644 1218 Pelagii
1686 1163 1896 1218 quoque

321 1247 624 1302 testimonio
693 1246 746 1300 in
790 1244 892 1300 llde
943 1244 1199 1299 catholica
1256 1242 1688 1313 probatissimus,
1741 1241 1895 1295 Pela-

319 1339 499 1409 gianos
529 1344 782 1406 negantes
809 1335 1063 1405 originale
1101 1344 1369 1404 peccatum
1403 1341 1543 1388 tanta
1589 1330 1894 1386 manifesta-

317 1431 460 1484 tione
487 1427 758 1498 redarguit
784 1443 798 1492 ;
828 1442 926 1482 nec
953 1435 1129 1481 tamen
1154 1442 1272 1480 cum
1297 1424 1598 1478 Maniehzeis
1620 1424 1699 1477 vel
1729 1423 1892 1476 Deum

318 1520 646 1575 nascentium
673 1517 1004 1573 conditorem
1033 1525 1207 1586 negat,
1238 1515 1322 1571 vel
1345 1515 1573 1585 nuptias,
1596 1527 1728 1584 quas
1757 1513 1895 1567 Deus

320 1610 542 1664 instituit
566 1617 623 1664 et
649 1608 918 1664 benedixit
942 1648 956 1671 ,
991 1617 1226 1662 accusat.

385 1699 474 1755 50.
516 1699 786 1769 Pelagiani
812 1699 992 1754 dicunt
1016 1698 1083 1752 ab
1127 1697 1342 1752 homine
1385 1697 1620 1766 incipere
1649 1695 1893 1750 meritum

319 1806 410 1861 per
438 1790 665 1845 liberum
709 1791 1004 1855 arbitrium,
1051 1790 1134 1844 cui
1179 1789 1320 1844 Deus
1349 1789 1676 1858 subsequens
1713 1787 1895 1858 gratia:

317 1881 574 1936 retribuat
597 1881 979 1951 adjumentum.
1009 1881 1182 1935 Etiam
1229 1881 1313 1934 hic
1353 1894 1444 1935 eos
1488 1879 1700 1934 refellat
1736 1893 1898 1933 vene-

316 1973 514 2027 randus
541 1975 878 2041 Ambrosius,
905 1973 1090 2029 dicens
1132 1973 1184 2027 iu
1218 1973 1556 2043 Expositione
1581 1970 1729 2026 Isaia:
1769 1985 1895 2039 pro-

319 2064 522 2133 phetam
554 2084 575 2117 ι
607 2065 740 2131 Quia
767 2065 997 2120 humana
1038 2065 1202 2120 cura'
1228 2066 1346 2120 sine
1387 2065 1563 2120 divina
1595 2079 1695 2134 ope
1726 2063 1894 2118 imbe-

316 2155 428 2209 cilla
451 2164 537 2210 est
562 2155 628 2208 ad
653 2155 996 2219 medendum,
1027 2155 1193 2211 Deum
1219 2155 1584 2211 auxiliatorem
1616 2153 1889 2224 requirit.)

317 2243 440 2299 Item
460 2245 512 2299 in
547 2244 688 2299 libro
711 2246 800 2315 qui
827 2245 1149 2314 inscribitur,
1169 2245 1236 2301 de
1262 2246 1402 2316 Fuga
1431 2247 1611 2301 szeculi
1643 2244 1791 2318 (Cap.
1820 2244 1893 2316 l):

321 2355 343 2389 e
364 2337 638 2407 Frequens
663 2338 869 2406 nobis,»
897 2339 1085 2410 inquit,
1114 2358 1134 2392 ι
1168 2340 1236 2395 de
1263 2339 1562 2409 elfugiendo
1582 2340 1778 2394 saeculo
1795 2340 1896 2394 isto

317 2438 635 2495 estscrmo;
668 2439 826 2500 atque
870 2431 1066 2485 utinam
1115 2447 1270 2501 quam
1322 2431 1488 2486 facilis
1539 2447 1736 2498 sermo,
1789 2439 1896 2488 tam

317 2529 498 2574 cautus
515 2528 572 2575 et
593 2520 855 2591 sollicitus
880 2521 1097 2576 affectus
1113 2520 1155 2576 ⁸.
1183 2521 1284 2578 Sed
1317 2523 1457 2592 quod
1487 2523 1636 2593 pejus
1665 2533 1766 2590 est,
1791 2523 1898 2579 fre-

321 2618 542 2666 cueuter
581 2610 767 2679 irrepit
793 2619 1121 2666 terrenarum
1152 2612 1399 2667 illecebra
1430 2613 1794 2683 cupiditatum,
1843 2624 1899 2668 et

319 2700 630 2764 vanitatum,
659 2701 888 2756 oll'usio'
911 2713 1142 2758 mentem
1169 2712 1410 2774 occupat,
1443 2714 1498 2758 ut
1522 2703 1660 2775 quod
1683 2703 1897 2760 studeas

319 2789 504 2856 vitare,
537 2791 638 2847 hoc
665 2795 865 2863 cogites
884 2795 1167 2866 animoque
1192 2798 1388 2852 volvas.
1419 2797 1568 2866 Quod
1589 2813 1778 2853 cavere
1797 2796 1898 2852 dif-

321 2881 458 2936 licile
486 2889 571 2937 est
591 2883 812 2953 homini,
840 2902 1042 2943 exuere
1079 2899 1255 2943 autem
1284 2885 1627 2959 impossibile.
1659 2891 1898 2962 Denique

319 2974 424 3027 voti
453 2973 626 3043 magis
650 2990 766 3030 eam
791 2992 909 3033 esse
929 2993 1062 3044 rem,
1087 2995 1242 3050 quam
1265 2981 1502 3047 effectus,
1535 2989 1761 3038 testatur
1779 2998 1900 3053 pro-

319 3065 472 3134 pheta
494 3066 744 3135 dicentlo,
774 3068 987 3125 Declina
1015 3087 1102 3125 cor
1128 3089 1292 3126 meum
1329 3075 1380 3127 in
1406 3075 1687 3128 testimonia
1724 3087 1826 3142 tua,
1851 3085 1900 3132 et

319 3177 417 3213 non
457 3161 511 3214 in
549 3163 816 3216 avaritiam
857 3162 1028 3232 (Psal.
1055 3180 1234 3233 cxvut,
1266 3165 1377 3237 56).
1411 3167 1522 3221 Non
1552 3169 1690 3223 enim
1721 3171 1771 3223 in
1801 3184 1899 3238 po-

319 3261 508 3308 testate
539 3263 718 3308 nostra
745 3255 903 3310 sunt‘
923 3271 1017 3311 cor
1045 3267 1284 3312 nostrum
1311 3267 1365 3314 et
1394 3271 1588 3314 nostra:
1616 3262 1897 3332 cogitatio-

321 3361 437 3411 nes,
461 3361 585 3416 qua:
610 3346 898 3416 improviso
925 3349 1106 3404 offusa:
1135 3360 1367 3406 mentem
1397 3353 1735 3424 animumque
1763 3369 1898 3410 eon-

318 3435 569 3502 fundunt,
601 3446 762 3508 atque
787 3439 891 3494 alio
919 3439 1133 3496 trahunt
1156 3457 1314 3512 quam
1338 3452 1391 3497 tu
1419 3446 1758 3512 pr0posueris
1785 3465 1797 3500 :
1827 3447 1895 3503 ad

318 3528 596 3582 saecularia
623 3539 895 3595 revocant,
920 3531 1185 3587 mundana
1217 3534 1478 3600 inserunt,
1501 3536 1790 3604 voluptaria
1819 3538 1898 3593 iu-

315 3627 526 3687 gerunt,
552 3618 862 3674 illecebrosa
889 3621 1162 3687 intexunt;
1186 3623 1404 3693 ipsoque
1431 3624 1483 3678 in
1514 3634 1770 3696 tempore,
1787 3643 1897 3699 quo

315 3710 528 3764 elevare
559 3719 788 3764 mentem
818 3726 1086 3780 paramus,
1118 3713 1331 3769 insertis
1357 3715 1598 3772 inanibus
1623 3720 1900 3788 cogitatio-

316 3800 471 3852 nibus
491 3797 560 3851 ad
581 3809 787 3854 terrena
808 3802 1115 3872 plerumque
1131 3803 1424 3874 dejicimur.
1445 3807 1574 3875 Quis
1593 3819 1768 3865 autem
1790 3820 1896 3867 tam

315 3887 526 3950 beatus,
555 3889 644 3958 qui
672 3890 723 3942 in
762 3891 923 3945 corde
966 3907 1064 3946 δυο
1105 3907 1316 3964 semper
1350 3898 1634 3953 ascendat?
1663 3900 1766 3956 Sed
1796 3901 1897 3957 hoc

315 3977 430 4032 sine
446 3978 646 4032 auxilio
665 3979 842 4034 divino
861 3981 949 4050 qui
973 3981 1084 4036 fieri
1113 3985 1322 4052 potest?
1340 3985 1497 4041 Nullo
1521 3990 1758 4058 profecto
1783 4007 1898 4046 mo-

314 4069 402 4124 do.
434 4071 675 4141 Denique
704 4087 861 4141 supra
897 4074 1082 4128 eadem
1112 4075 1378 4146 Scriptura
1419 4079 1576 4134 dicit:
1609 4081 1792 4137 Beatus
1821 4084 1897 4137 vir

314 4165 460 4232 cujus
475 4172 547 4216 est
563 4164 722 4216 auxili
728 4181 808 4217 um
829 4167 935 4235 ejus
955 4166 1043 4220 abs
1065 4177 1129 4234 te,
1159 4167 1370 4224 Domine
1382 4187 1401 4234 ;
1423 4187 1654 4227 ascensus
1674 4176 1725 4227 iu
1743 4177 1894 4230 corde

312 4255 420 4322 ejus
449 4271 468 4304 ι
507 4251 680 4323 (Psal.
705 4270 927 4320 Lxxxut,
952 4256 1027 4326 6).
1056 4257 1191 4325 Quid
1221 4260 1452 4327 apertius
1475 4271 1528 4316 et
1548 4264 1896 4320 sufficientius

313 4343 414 4398 dici
443 4346 653 4414 potest?
681 4345 786 4400 Sed
832 4362 898 4401 ne
939 4347 1206 4418 Pelagiani
1238 4349 1373 4406 forte
1417 4354 1790 4423 respondeant,
1825 4373 1892 4411 eo

312 4433 429 4504 ipso
457 4450 566 4505 quo
594 4435 828 4490 divinum
868 4439 1116 4492 auxilium
1143 4442 1432 4509 poscitur“,
1465 4446 1767 4513 przecedere
1795 4447 1894 4502 ho-

313 4527 774 4592 minis-meritum;
802 4529 1026 4599 idipsum
1054 4532 1298 4586 meritum
1330 4551 1448 4590 esse
1486 4537 1740 4604 dicentes,
1770 4542 1891 4610 quia

313 4618 517 4672 orando
547 4618 606 4671 lit
631 4618 822 4688 dignus
849 4621 932 4674 cui
971 4623 1136 4691 gratia
1163 4624 1342 4680 divina
1383 4628 1690 4685 subveniat:
1719 4641 1893 4688 atten-

313 4708 442 4763 dant
465 4707 592 4778 quid
626 4709 762 4764 idem
798 4712 878 4764 vir
899 4702 1111 4767 sanctus
1129 4713 1269 4768 dicat
1287 4717 1337 4770 in
1359 4718 1696 4788 Expositione
1721 4724 1888 4780 lsaite.

316 4817 336 4850 ι
363 4800 430 4854 Et
454 4813 614 4854 orare
664 4800 848 4866 Deum,
883 4820 902 4853 ι
955 4803 1141 4873 inquit,
1179 4823 1198 4856 ‹
1240 4809 1406 4874 gratia
1459 4812 1745 4878 spiritualis
1788 4824 1887 4870 est.

312 4887 482 4943 Nemo
529 4890 670 4944 enim
715 4891 844 4946 dicit
896 4893 1175 4950 Dominum
1199 4896 1402 4965 Jesttm,
1437 4900 1536 4954 nisi
1585 4901 1637 4956 in
1689 4904 1889 4974 Spiritu

310 4988 498 5035 sancto
522 4999 542 5032 ι
582 4980 624 5053 (1
647 4981 763 5036 Cor.
801 4998 897 5049 xu,
940 4984 1018 5054 5).
1055 4984 1208 5042 Unde
1249 4997 1304 5042 et
1345 5004 1616 5060 exponens
1651 4995 1894 5068 Evange-

571 5152 823 5222 omittunt,
845 5165 939 5225 non
977 5154 1034 5205 ob
1056 5155 1193 5225 aliud
1212 5168 1229 5217 ;
1274 5167 1325 5225 et
1347 5159 1529 5225 habent
1546 5161 1635 5225 sic,
1657 5163 1754 5215 nisi
1771 5172 1893 5218 esset

797 5214 880 5290 φά
900 5214 1219 5290 gestationis
1238 5219 1455 5290 ‘2th
1476 5214 1755 5290 pritil'cgib.
1776 5214 1888 5278 ’έίὲί

309 5270 683 5342 κθᾳρηιεεςιιιῦε
706 5270 838 5324 locus
867 5270 926 5324 ad
941 5277 1230 5342 __(‘.al|icanos
1250 5270 1428 5342 ns'sg'm
1447 5270 1506 5333 οἱ)
1522 5270 1892 5340 ιῐιιίιέιῖέὶνὲινῖηᾜὶ

308 5330 1135 5408 codices;lib..2_contra.sulianum,
1158 5354 1208 5408 n:
1235 5341 1281 5389 4.

683 5403 810 5468 Mss,
829 5397 924 5468 nisi
951 5397 1106 5471 solum
1126 5393 1707 5471 "liberum‘vinculorum,
1751 5423 1890 5470 quem

308 5459 499 5528 natura
521 5459 782 5528 eguth
803 5459 991 5509 vincula
1012 5474 1105 5528 non
1121 5464 1346 5528 tenebant
1361 5464 1386 5515 ?

372 5515 395 5604 ξ
429 5521 478 5564 ιιι
501 5515 660 5577 editis,
687 5533 788 5580 pro,
817 5533 952 5585 cura,
979 5525 1292 5576 substitutum
1312 5526 1488 5591 fuerat,
1513 5538 1700 5584 natura.

372 5635 391 5644 _
429 5581 476 5644 tu
498 5583 627 5644 μεθ,
651 5581 860 5644 effectus.

595 5613 627 5631 ο.
651 5593 860 5631 enectus.

371 5635 394 5706 ξ
429 5614 1028 5706 ιὲἰῇἆῖὲήἶἭὲἑῖῗὲιῇιείο.

372 5698 394 5771 3
427 5700 562 5771 stiti.
580 5708 666 5751 εει.
690 5698 817 5771 uss;
839 5698 960 5771 siin:-

371 5759 390 5786 '
428 5760 569 5820 Editi,
593 5765 750 5824 possit.
775 5759 1094 5820 emendantur
1117 5783 1145 5821 a
1162 5779 1264 5824 uss.

1657 389 1858 448 LIBER
1895 386 2236 455 QUARTUS.

3469 407 3573 467 036

2005 505 2132 561 lium
2172 510 2462 566 secundum
2507 511 2702 569 Lucam
2749 531 2764 570 :
2815 533 2834 569 ς
2866 515 3027 572 Vides
3070 516 3273 588 utique,
3310 535 3328 572 ι
3381 518 3571 590 inquit,

2009 616 2029 651 ι
2080 599 2202 669 quia
2264 601 2457 673 ubique
2520 604 2728 660 Domini
2777 607 2942 662 virtus
3004 607 3194 666 studiis
3253 619 3570 679 cooperator

2005 688 2267 755 humanis,
2313 700 2369 746 ut
2421 709 2578 748 nemo
2636 697 2802 765 possit
2844 697 3108 754 mdilieare
3159 700 3274 755 sine
3324 700 3570 769 Domino,

2002 795 2159 835 nemo
2214 783 2480 838 custodire
2527 785 2640 841 sine
2685 787 2924 853 Domino,
2971 805 3130 846 nemo
3167 790 3454 862 quidquam
3483 795 3569 848 iu-

2002 871 2178 940 cipere
2207 872 2320 928 sine
2353 873 2573 929 Domino
2598 895 2617 928 ι
2650 876 2783 948 (Lib.
2818 878 2854 932 2
2885 880 2936 933 in
2973 895 3087 950 cap.
3124 880 3158 934 5
3180 879 3365 946 Lucae,
3398 899 3450 937 n.
3475 883 3567 952 δι,

2002 964 2064 1016 de
2119 961 2244 1018 Iesu
2267 965 2562 1039 baptizata).
2609 968 2872 1040 Numquid
2900 973 3145 1043 quoniam
3175 973 3287 1029 haec
3329 975 3456 1035 dicit
3495 977 3577 1032 vir

2003 1060 2176 1108 tantus
2203 1055 2536 1125 Ambrosius,
2565 1067 2618 1114 et
2645 1061 2866 1130 gratiam
2895 1062 3010 1129 Dei,
3043 1063 3178 1117 sicut
3207 1064 3314 1119 filio
3340 1066 3572 1137 promis-

2000 1141 2165 1200 sionis
2194 1149 2456 1218 congruit,
2483 1161 2631 1220 grata
2673 1152 2869 1222 pietate
2910 1155 3263 1222 commendat,
3310 1157 3428 1212 ideo
3473 1157 3573 1213 de-

1999 1239 2158 1292 struit
2187 1239 2406 1294 liberum
2430 1241 2741 1298 arbitrium?
2769 1255 2859 1299 aut
2895 1261 3012 1300 eam
3053 1247 3166 1302 vult
3204 1248 3421 1318 intelligi
3449 1264 3571 1320 gra-

2001 1327 2149 1394 tiam,
2182 1345 2336 1399 quam
2363 1330 2588 1388 diversis
2619 1333 2972 1389 locutionihus
2989 1336 3251 1406 Pelagiani
3269 1338 3571 1394 noluutnisi

2000 1418 2168 1488 legem
2195 1421 2383 1484 videri,
2414 1431 2471 1476 ut
2498 1424 2745 1480 videlicet
2774 1440 2877 1480 non
2904 1427 2968 1481 ad
2991 1426 3288 1484 faciendum
3315 1429 3456 1500 quod
3482 1446 3572 1486 co—

1998 1510 2352 1576 gnoverimus,
2381 1513 2473 1566 sed
2499 1513 2562 1566 ad
2584 1517 3004 1585 cognoscendum
3027 1519 3151 1587 quid
3177 1519 3446 1586 faciamus,
3475 1536 3574 1576 nos

2001 1600 2138 1654 Deus
2164 1601 2412 1670 adjuvare
2441 1606 2721 1660 credatur?
2749 1606 2803 1662 Si
2835 1608 2935 1662 hoc
2963 1609 3116 1662 istum
3164 1610 3430 1666 hominem
3477 1611 3572 1667 Dei

1998 1704 2185 1758 sapere
2211 1694 2535 1760 exi~timant,
2565 1696 2686 1764 quid
2715 1696 2782 1750 de
2813 1697 2922 1766 ipsa
2954 1699 3066 1767 lege
3092 1699 3304 1767 dixerit,
3335 1700 3575 1756 audiant.

1999 1779 2054 1834 In
2079 1781 2212 1836 libro
2231 1782 2299 1837 de
2327 1783 2464 1854 Fuga
2496 1787 2674 1840 saeculi
2697 1804 2709 1837 :
2736 1805 2754 1837 ι
2783 1788 2915 1853 Lex,
2942 1808 2960 1841 ι
2987 1790 3174 1859 inquit,
3203 1809 3221 1842 ι
3250 1807 3311 1846 os
3336 1793 3572 1849 omnium

1997 1875 2169 1942 potuit
2217 1876 2491 1931 obstruere
2515 1919 2529 1942 ,
2589 1894 2691 1932 non
2722 1881 2890 1948 potuit
2940 1893 3172 1936 mentem
3211 1893 3522 1940 convertere
3549 1903 3568 1938 ι

2003 1965 2152 2036 (Cap.
2198 1968 2272 2038 3).
2322 1968 2452 2024 item
2495 1970 2600 2025 alio
2642 1970 2759 2026 loco
2802 1971 2854 2026 lu
2902 1973 3089 2028 eodem
3121 1975 3254 2030 libro
3291 1993 3304 2030 :
3339 1994 3358 2028 ι
3387 1977 3515 2045 Lex,
3549 1997 3571 2032 ι

2000 2057 2185 2126 inquit,
2213 2078 2231 2111 ι
2256 2058 2450 2113 factum
2468 2060 2701 2127 damnat,
2721 2078 2825 2117 non
2843 2064 3012 2118 aufert
3027 2065 3278 2120 malitiam
3293 2086 3310 2119 ι
3334 2067 3481 2140 (Cap.
3497 2068 3575 2138 7).

2000 2147 2226 2204 Videant
2265 2151 2474 2206 fidelem
2512 2161 2566 2206 et
2603 2153 2921 2208 catholicum
2963 2155 3134 2210 virum
3165 2155 3417 2226 Apostolo
3445 2173 3579 2212 cona

1999 2240 2196 2295 sentire
2221 2240 2436 2306 dicenti,
2462 2242 2664 2298 Scimus
2689 2253 2854 2298 autem
2880 2245 2998 2314 quia
3024 2262 3349 2317 quacumque
3382 2248 3464 2302 lea:
3502 2249 3578 2302 lo-

1999 2332 2186 2402 quitur,
2215 2333 2292 2386 his
2321 2335 2402 2403 qui
2424 2335 2474 2388 in
2504 2335 2612 2406 lege
2631 2346 2746 2390 sunt
2768 2337 3008 2408 loquitur,
3032 2349 3086 2392 ut
3107 2356 3251 2394 omne
3270 2357 3326 2394 os
3350 2339 3580 2396 obstrua-

2001 2431 2100 2487 tur,
2133 2432 2178 2476 et
2203 2439 2318 2476 reus
2335 2425 2425 2496 fiat
2449 2427 2610 2480 omnis
2635 2429 2848 2481 mundus
2874 2427 3015 2493 Deo;
3039 2431 3156 2499 quia
3189 2448 3289 2484 non
3321 2432 3577 2502 iustiﬁca-

2001 2513 2131 2567 bitur
2153 2530 2215 2567 ea:
2236 2514 2344 2584 lege
2365 2518 2526 2570 omnis
2552 2533 2669 2571 caro
2688 2534 2857 2571 coram
2882 2520 2970 2573 illo
2996 2520 3172 2591 (Rom.
3197 2537 3272 2588 ttt,
3302 2521 3368 2577 19
3392 2531 3438 2575 et
3458 2521 3576 2594 ΞΟ).

2001 2605 2081 2660 Ex
2107 2621 2173 2662 eo
2200 2607 2340 2662 enim
2371 2609 2661 2680 apostolico
2689 2625 2850 2666 sensu
2894 2611 2981 2665 illa
3029 2613 3251 2682 sumpsit
3281 2622 3336 2669 et
3359 2614 3576 2685 scripsit

2001 2700 2334 2756 Ambrosius.

2073 2792 2161 2848 3i.
2201 2793 2318 2848 Jam
2349 2808 2475 2848 vero
2503 2795 2750 2864 quoniam
2777 2795 3042 2865 Pelagiani
3081 2795 3282 2862 dicunt,
3321 2795 3493 2866 justos
3522 2795 3575 2851 in

2002 2880 2100 2936 hac
2128 2882 2232 2936 vita
2254 2883 2337 2938 vel
2352 2898 2471 2939 esse
2496 2884 2576 2938 vel
2607 2883 2792 2949 fuisse,
2822 2886 2908 2954 qui
2938 2886 3054 2940 sine
3080 2887 3187 2941 ullo
3209 2896 3423 2956 peccato
3439 2886 3580 2941 vixe-

2001 2975 2106 3031 rint
2129 2978 2170 3042 ί,
2208 2977 2260 3030 in
2301 2985 2501 3032 tantum
2531 2986 2586 3031 ttt
2611 2977 2716 3032 vita
2747 2977 2939 3043 futura,
2983 2994 3099 3048 quae
3128 2979 3179 3032 in
3212 2980 3430 3049 praemio
3457 2993 3580 3048 spe-

2001 3068 2166 3124 randa
2214 3077 2317 3135 est,
2362 3068 2661 3136 provectior
2687 3077 2741 3123 et
2768 3067 3051 3138 perfectior
3083 3083 3202 3124 esse
3231 3084 3337 3123 non
3365 3070 3532 3140 possit
3560 3087 3576 3124 :

2002 3161 2160 3215 etlam
2189 3160 2278 3216 hic
2319 3160 2397 3216 eis
2436 3161 2755 3231 respondeat
2781 3176 2981 3232 eosque
3020 3161 3214 3216 refutet
3244 3163 3579 3218 Ambrosius.

1999 3251 2132 3306 Nam
2163 3266 2432 3321 exponens
2482 3251 2668 3307 lsaiam
2713 3253 3045 3322 prophetam,
3092 3262 3305 3322 propter
3345 3251 3398 3307 id
3436 3252 3578 3323 quod

2001 3345 2254 3414 scriptum
2285 3352 2384 3408 est,
2418 3343 2582 3398 Filios
2626 3343 2778 3415 genui
2813 3353 2860 3398 et
2898 3345 3133 3407 excitavi,
3180 3345 3279 3414 ipsi
3306 3355 3473 3399 autem
3502 3363 3581 3400 me

2000 3446 2291 3507 spreverunt
2322 3436 2471 3508 (Isai.
2502 3453 2540 3502 ι,
2566 3437 2644 3508 2),
2676 3437 2907 3509 suscepit
2927 3436 2992 3492 de
3012 3428 3441 3508 generationibus
3457 3453 3576 3508 quae

2001 3544 2064 3584 ex
2099 3529 2209 3583 Deo
2251 3535 2376 3582 sunt
2414 3528 2715 3598 diSputare;
2762 3537 2919 3598 atque
2960 3528 3014 3583 in
3059 3528 3170 3598 ipsa
3219 3528 3580 3598 disputatione

2000 3619 2434 3674 Commemoravit
2463 3619 2821 3674 testimonium
2848 3619 3087 3685 Joannis,
3120 3619 3207 3674 ttbi
3237 3619 3328 3685 ait,
3359 3619 3460 3686 Qui
3480 3636 3578 3674 na-

2001 3719 2082 3765 tus
2105 3721 2176 3765 est
2195 3727 2258 3765 ea:
2287 3709 2414 3778 Deo,
2452 3727 2552 3763 non
2577 3719 2748 3780 peccat
2777 3709 2822 3780 (l
2850 3709 3003 3764 Joan.
3033 3725 3109 3776 tu,
3132 3707 3209 3781 9).
3244 3709 3308 3764 Et
3334 3707 3576 3764 eamdem

2000 3804 2348 3874 quzestionem
2403 3803 2766 3858 difficillimam
2815 3811 3094 3858 tractans:
3143 3821 3162 3854 ι
3198 3802 3326 3858 Cum
3374 3801 3476 3858 hoc
3522 3803 3577 3858 in

2000 3893 2218 3960 mundo,
2254 3912 2272 3946 ι
2304 3893 2492 3963 inquit,
2525 3911 2545 3946 ι
2580 3894 2757 3948 nullus
2783 3893 2852 3948 sit
2877 3893 2966 3963 qui
2994 3893 3244 3949 immunis
3288 3893 3410 3948 sita
3447 3907 3578 3964 pec-

1999 3993 2138 4050 cato,
2169 4000 2287 4038 cum
2314 3985 2424 4054 ipse
2447 3984 2679 4040 Joannes
2699 3983 2863 4048 dicat,
2889 3983 2950 4039 Si
2969 3985 3183 4038 dicimus
3209 3985 3324 4054 quia
3343 4000 3442 4038 non
3463 4000 3581 4054 pec-

1999 4076 2241 4139 cavimus,
2265 4075 2553 4128 mendacem
2577 4075 2790 4146 faciams
2819 4075 2963 4128 illum
2990 4073 3098 4144 (Id.
3121 4091 3158 4138 ι,
3184 4075 3293 4146 10).
3320 4074 3374 4130 Si
3396 4081 3575 4130 autem

2000 4183 2063 4221 ex
2095 4167 2201 4220 Dec
2223 4167 2328 4220 nati
2359 4181 2462 4219 non
2491 4173 2730 4234 peccant,
2763 4173 2818 4220 et
2845 4164 2911 4220 de
2936 4165 3018 4219 his
3046 4165 3384 4234 intelligimus
3404 4166 3493 4234 qui
3517 4165 3572 4220 in

2001 4258 2100 4311 hoc
2124 4256 2322 4310 mundo
2346 4265 2468 4310 sunt
2497 4257 2825 4322 innumeros,
2870 4269 3090 4309 necesse
3118 4265 3202 4308 est
3229 4253 3572 4320 mstimemus,

1998 4347 2087 4417 qui
2120 4361 2214 4415 per
2240 4346 2431 4400 lavacri
2462 4345 3031 4416 regenerationemDei
3056 4345 3273 4415 gratiam
3302 4344 3574 4400 consecuti

1997 4447 2141 4493 sunt.
2172 4437 2277 4493 Sed
2319 4448 2495 4493 tamen
2547 4453 2668 4492 cum
2717 4437 2858 4492 dicat
2923 4437 3174 4508 propheta
3199 4478 3214 4503 ,
3249 4435 3432 4491 Omnia
3461 4454 3492 4491 a
3528 4445 3577 4493 te

1999 4539 2304 4600 exspectant,
2336 4540 2392 4584 ut
2419 4532 2504 4585 des
2529 4531 2631 4585 illis
2657 4531 2821 4585 cibum
2847 4531 2901 4586 in
2926 4539 3145 4602 tempore
3162 4547 3181 4585 :
3210 4531 3363 4583 dante
3401 4539 3448 4583 te
3470 4531 3532 4585 iis
3551 4573 3570 4597 ,

1999 4623 2232 4692 colligent
2260 4623 2383 4688 sibi;
2406 4623 2660 4693 aperiente
2685 4633 2730 4676 te
2755 4632 3127 4688 manumtuam,
3147 4622 3378 4678 universa
3394 4621 3575 4690 imple-

1998 4714 2182 4768 buntur
2202 4714 2447 4778 bonitate;
2475 4723 2719 4768 avertente
2736 4723 2902 4767 autem
2927 4723 2974 4768 te
2998 4713 3178 4783 faciem
3203 4722 3362 4780 luant,
3397 4713 3574 4767 turba-

1999 4806 2177 4860 buntur
2193 4823 2213 4861 :
2228 4809 2423 4879 auferes
2446 4806 2679 4874 spiritum
2707 4823 2896 4871 eorum,
2922 4816 2966 4860 et
2992 4805 3240 4874 deficient,
3256 4815 3302 4860 et
3329 4806 3381 4859 in
3395 4807 3574 4876 pulve-

1996 4915 2100 4952 rem
2127 4915 2273 4952 suum
2295 4907 2639 4951 convertentur
2656 4914 2674 4952 :
2692 4899 2880 4952 emittes
2904 4898 3140 4968 spiritum
3169 4908 3326 4965 tuum,
3359 4907 3405 4951 et
3427 4913 3574 4951 crea-

1997 4987 2202 5051 buntur,
2233 4997 2280 5041 et
2307 4987 2566 5041 innovabis
2596 4988 2776 5058 [aciem
2804 4996 2951 5042 teme
2973 4986 3144 5057 (Psal.
3187 5003 3300 5053 cm,
3331 4986 3528 5058 27-30)
3555 5003 3570 5041 :

1997 5088 2218 5149 possunt
2246 5094 2350 5133 non
2378 5079 2444 5134 de
2473 5094 2809 5150 quocumque
2836 5087 3075 5150 tempore
3102 5080 3267 5136 videri
3295 5080 3454 5147 dicta,
3476 5079 3573 5136 sed

1995 5171 2063 5225 de
2091 5170 2286 5238 futuro,
2317 5185 2422 5240 quo
2445 5172 2548 5226 erit
2576 5186 2710 5226 nova
2743 5181 2880 5228 terra
2908 5181 2960 5228 et
2982 5187 3180 5228 novum
3200 5173 3413 5230 caelum.
3439 5172 3574 5226 Tur-

1997 5260 2260 5316 bahuntur
2285 5275 2435 5331 ergo,
2458 5270 2515 5317 ut
2545 5262 2861 5333 principium
2883 5273 3113 5327 sumant,
3137 5274 3295 5334 atque
3321 5263 3574 5333 aperiente

1997 5360 2043 5404 te
2059 5367 2265 5404 manum
2308 5361 2464 5418 tuam,
2501 5353 2839 5424 implebuntur
2862 5356 3090 5409 universa
3127 5353 3346 5408 bonitate
3363 5355 3417 5421 ¹;
3445 5369 3568 5424 qua

1996 5458 2099 5496 non
2132 5441 2283 5499 facile
2305 5442 2462 5514 hujus
2489 5445 2672 5500 saeculi
2700 5453 2801 5501 est.
2832 5445 2964 5502 Nam
2991 5445 3057 5502 de
3085 5445 3186 5501 hoc
3213 5445 3406 5500 saeculo
3423 5445 3569 5501 Seri-

2059 5599 2075 5670 ξ
2109 5600 2186 5670 Sic
2201 5605 2388 5670 mssast
2411 5600 2547 5661 editi,
2583 5600 2634 5652 in
2655 5599 2748 5670 Irae
2769 5602 2866 5653 vita
2897 5601 3008 5652 ideo
3043 5599 3115 5652 vel
3145 5613 3246 5658 esse
3289 5598 3362 5651 vel
3403 5599 3568 5665 fixisse,

1992 5659 2105 5725 quia
2280 5659 2380 5725 ullo
2419 5659 2612 5725 peccato
2641 5662 2880 5714 vixerim.

2056 5724 2076 5752 ι
2104 5721 2327 5792 palltcam
2351 5721 2456 5792 Mss.
2477 5758 2493 5784 ,
2515 5731 2850 5792 umnam
2871 5722 3018 5788 aperi.
3031 5729 3108 5774 nte
3131 5729 3176 5774 te
3200 5733 3393 5774 mimum
3415 5727 3566 5779 tuan,

1996 5782 2284 5836 impleantur
2321 5782 2541 5835 unitersa
2563 5782 2784 5834 bonitate-
