4038 6538
443 519 598 583 plura
625 505 750 577 quid
777 502 942 560 dicit?
966 500 1022 556 Ν
1024 518 1088 556 οη
1112 509 1181 555 est
1201 500 1287 569 qui
1309 498 1464 571 faciat
1491 497 1783 563 bonitatem,
1816 511 1918 549 non
1943 502 2015 548 est

442 614 597 669 usque
615 596 681 651 ad
706 611 864 649 unum
882 591 1053 665 (Psal.
1084 605 1202 655 xm,
1235 590 1312 660 I).
1341 590 1396 645 Si
1424 588 1579 660 igitur
1607 588 1829 645 diversae
1857 601 2019 657 gene-

444 690 677 747 rationes
705 694 850 753 sunt,
880 693 934 740 ct
961 683 1049 739 hic
1073 681 1318 739 introitus
1341 681 1397 737 in
1427 680 1565 742 hanc
1585 681 1749 735 vitam
1773 687 2019 746 receptor

444 788 527 837 est
553 778 885 842 delictorum,
916 776 968 829 in
998 783 1202 830 tantum
1227 781 1286 828 ut
1306 780 1587 842 spernatur
1612 771 1773 826 etiam
1801 770 1911 839 ipse
1929 767 2020 839 qui

445 870 647 940 genuit,
675 868 777 923 alia
803 875 984 922 autem
1009 865 1279 937 generatio
1304 871 1521 936 peccata
1560 876 1665 917 non
1690 860 1905 931 recipit;
1936 858 2018 912 vi-

445 962 667 1019 deamus
694 975 761 1017 ne
789 974 891 1031 qua
918 959 987 1014 sit
1020 966 1140 1029 post
1157 956 1314 1028 hujus
1341 956 1462 1011 vitze
1490 954 1811 1011 curriculum
1839 960 2020 1007 nostra

444 1051 797 1124 regeneratio,
819 1050 885 1106 de
913 1064 1017 1121 qua
1046 1048 1244 1105 dictum
1275 1056 1376 1113 est,
1404 1046 1472 1100 In
1492 1046 1884 1117 regeneratione,
1904 1059 2021 1101 cum

443 1142 626 1199 sederit
665 1140 843 1195 Filius:
872 1139 1089 1195 hominis
1127 1139 1180 1193 in
1222 1138 1403 1193 throno
1444 1136 1625 1208 gloria:
1660 1151 1766 1191 suae
1808 1133 2019 1204 (Matth.

444 1247 557 1297 XIX,
583 1232 698 1303 28).
734 1230 882 1287 Sicut
907 1232 1047 1287 enim
1074 1228 1404 1301 regeneratio
1451 1227 1643 1283 lavacri
1673 1226 1886 1293 dicitur,
1928 1240 2023 1295 per

445 1339 603 1397 quam
624 1324 833 1380 detersa
864 1331 1198 1393 peccatorum
1228 1321 1529 1377 colluvione
1571 1332 1890 1375 renovamur
1912 1335 1926 1372 :
1950 1317 2023 1371 ita

444 1414 776 1487 regeneratio
803 1414 908 1469 dici
934 1414 1157 1481 videtur,
1186 1427 1283 1482 per
1307 1426 1465 1483 quam
1490 1411 1558 1465 ab
1582 1410 1726 1465 omni
1751 1422 2024 1479 corporeae

447 1507 802 1564 concretionis
833 1505 1093 1577 puriticati
1130 1505 1268 1573 labe,
1318 1502 1516 1564 mundo
1561 1502 1753 1556 anima:
1782 1514 1943 1556 sensu
1968 1499 2026 1556 in

450 1601 612 1657 vitam
650 1613 1029 1670 rcgeneramur
1062 1606 1353 1662 aeternam;
1385 1611 1450 1652 eo
1475 1594 1620 1666 quod
1661 1594 1842 1664 purior
1877 1606 2027 1664 quae-

447 1694 568 1751 dam
595 1693 820 1765 qualitas
849 1693 918 1748 sit
944 1690 1381 1763 regenerationis,
1422 1703 1585 1761 quam
1612 1687 1806 1744 lavacri
1850 1687 2020 1753 istius,

447 1796 507 1845 ut
544 1803 648 1842 non
687 1786 860 1842 solum
884 1786 937 1841 in
965 1795 1115 1841 actus
1153 1785 1288 1853 ejus,
1329 1782 1423 1838 sed
1464 1798 1531 1838 ne
1560 1783 1614 1837 in
1642 1782 1786 1852 ipsas
1812 1779 2025 1851 quidem

449 1880 800 1950 cogitationes
837 1887 1047 1936 nostras
1087 1879 1273 1950 aliqua.
1301 1876 1457 1933 cadat
1500 1876 1745 1945 suspicio.
1775 1879 2024 1944 peccato-

451 1984 592 2024 rum.
619 1988 638 2021 ι
669 1968 797 2024 Item
822 1968 926 2025 alio
944 1969 1065 2024 loco
1090 1967 1143 2023 in
1179 1969 1368 2025 eodem
1409 1980 1603 2036 opere:
1640 1983 1660 2017 ι
1698 1963 2019 2030 Videmus,»

455 2057 646 2129 inquit,
680 2076 699 2110 ι
736 2058 1065 2131 impossibile
1091 2072 1211 2114 esse
1239 2066 1297 2112 ut
1317 2055 1550 2127 perfecte
1572 2056 1690 2127 quis
1712 2052 2026 2110 immacula-

452 2155 536 2203 tus
552 2161 671 2204 esse
694 2147 861 2218 possit
885 2147 939 2202 iu
965 2161 1188 2217 corpore
1204 2147 1551 2213 constitutus;
1577 2159 1697 2200 cum
1715 2144 1873 2199 etiam
1895 2144 2028 2198 Pau-

452 2237 538 2293 lus
567 2235 933 2308 imperfectum
964 2253 1022 2294 se
1043 2238 1202 2294 dicat.
1231 2237 1320 2294 Sic
1352 2238 1494 2294 enim
1524 2236 1716 2291 habet:
1749 2234 1871 2289 Non
1896 2232 2031 2305 quod

441 2330 560 2401 jam
586 2331 881 2401 acceperim,
918 2338 1006 2384 aut
1023 2330 1138 2401 jam
1177 2332 1426 2403 perfectus
1463 2330 1579 2384 sint.
1613 2328 1681 2383 Et
1707 2336 1881 2383 tamen
1910 2333 2032 2395 post

454 2420 724 2490 paululum
741 2420 846 2475 ait:
878 2420 1190 2492 Quicumque
1212 2437 1330 2492 ergo
1353 2421 1560 2491 perfecti
1576 2436 1748 2474 sumus
1766 2417 2027 2488 (Philipp.

452 2525 537 2573 ιιι.
568 2511 655 2577 12,
688 2510 800 2582 I5).
828 2511 936 2567 Nisi
963 2512 1101 2567 forte
1129 2510 1250 2582 quia
1271 2520 1355 2568 est
1394 2510 1645 2582 perfectio
1687 2510 1786 2563 alia
1829 2509 1880 2563 in
1931 2508 2032 2563 hoc

460 2602 677 2670 nmndo,
708 2603 810 2658 alia
832 2611 950 2674 post
974 2603 1102 2659 illud
1124 2603 1415 2673 perfectum
1438 2603 1454 2635 ¹
1481 2602 1547 2659 de
1572 2617 1677 2674 quo
1702 2601 1830 2657 dicit
1846 2599 1911 2655 ad
1930 2600 2033 2655 Co-

457 2694 703 2762 rinthios,
749 2694 876 2748 Cum
904 2697 1088 2750 venerit
1116 2693 1250 2766 quod
1290 2694 1565 2764 perfectum
1608 2701 1679 2747 est
1704 2693 1746 2764 (I
1777 2690 1894 2747 Cor.
1916 2706 2030 2758 xm,

456 2788 482 2842 1
493 2785 546 2857 0)
563 2803 577 2851 ;
603 2795 654 2841 et
669 2785 822 2853 alibi,
840 2785 1010 2840 Donec
1025 2802 1346 2841 occurramus
1367 2800 1535 2839 omnes
1557 2784 1608 2837 in
1628 2784 1867 2837 unitatem
1887 2782 2029 2851 ﬁdei,
2044 2842 2045 2845 η

455 2877 831 2948 «agnitionem
855 2877 979 2933 Filii
998 2876 1112 2943 Dei,
1139 2877 1192 2931 in
1220 2878 1379 2932 uirum
1411 2880 1710 2947 perfectum,
1739 2876 1792 2929 in
1821 2890 2025 2928 mensu-

456 2986 569 3025 ram
587 2968 748 3025 letalis
772 2969 1099 3039 plenitudinis
1124 2967 1309 3022 Christi
1341 2965 1554 3037 (Ep/tes.
1578 2983 1653 3034 IV,
1676 2966 1786 3037 I5).
1819 2965 1888 3021 Ut
1906 2981 2033 3037 ergo

461 3061 726 3133 perfectos
753 3076 933 3116 secum
962 3061 1159 3116 multos
1188 3060 1261 3116 ait
1290 3059 1578 3129 Apostolus
1620 3059 1673 3113 in
1706 3058 1807 3114 hoc
1833 3057 2033 3114 mundo

458 3153 611 3220 sitos,
632 3153 721 3223 qui
745 3152 787 3207 si
810 3153 875 3207 ad
902 3150 1282 3222 perfectionem
1310 3166 1490 3206 veram
1520 3151 1792 3221 respicias,
1815 3150 2034 3221 perfecti

459 3259 580 3301 esse
606 3260 711 3299 non
740 3251 1006 3314 poterant,
1033 3245 1153 3315 quia
1182 3243 1297 3315 ipse
1317 3243 1471 3312 dixit,
1512 3245 1751 3301 Videmus
1776 3262 1910 3300 nunc
1947 3261 2036 3316 per

458 3338 719 3408 speculum
735 3337 789 3391 in
808 3338 1090 3408 witigmate,
1113 3324 1230 3392 tunc
1245 3347 1411 3413 autem
1430 3338 1560 3407 facie
1577 3338 1647 3392 ad
1667 3340 1882 3409 faciem;
1904 3354 2035 3393 nunc

458 3444 703 3498 cognosco
724 3443 787 3482 ea:
805 3436 964 3498 parte,
989 3437 1107 3483 tunc
1132 3439 1297 3483 autem
1318 3446 1617 3499 cognoscant
1639 3431 1766 3485 sicut
1786 3440 1832 3484 et
1857 3431 2035 3500 cogni-

459 3529 537 3575 tus
557 3537 664 3575 sum
689 3520 733 3592 (1
754 3517 871 3576 Cor.
897 3537 1012 3588 xm,
1041 3519 1158 3592 I2):
1188 3521 1258 3575 ita
1280 3531 1333 3577 et
1353 3521 1675 3576 immaculati
1704 3531 1827 3576 sunt
1852 3521 1905 3576 in
1936 3521 2037 3577 hoc

459 3610 682 3677 mundo,
710 3619 764 3666 et
791 3612 1112 3667 immaculati
1147 3621 1306 3669 erunt
1332 3613 1387 3668 in
1412 3628 1581 3684 regno
1620 3614 1751 3681 Dei;
1777 3628 1903 3669 cum
1926 3613 2035 3668 uti-

459 3718 564 3774 que
609 3704 653 3758 si
696 3704 950 3758 miuutius
991 3704 1262 3772 discutias,
1314 3705 1685 3762 immaculatus
1725 3721 1846 3762 esse
1877 3722 2036 3762 nemo

458 3793 644 3866 possit,
674 3794 796 3864 quia
822 3810 978 3850 nemo
1008 3796 1121 3852 sine
1151 3805 1390 3866 peccato.
1424 3816 1441 3849 ι
1466 3798 1596 3852 Item
1620 3797 1672 3851 in
1696 3798 1810 3868 ipso
1835 3815 1850 3855 :
1887 3817 1906 3850 ι
1937 3798 2035 3854 Vi-

458 3883 669 3949 demus,
701 3902 719 3937 »
747 3885 937 3955 inquit,
974 3904 992 3938 ι
1028 3887 1147 3957 quia
1171 3885 1301 3942 dum
1330 3887 1382 3942 iu
1414 3887 1514 3942 hac
1540 3888 1766 3944 vivimus
1791 3889 1917 3955 vita,
1938 3904 2037 3947 nos

458 3974 719 4031 mundare
757 3975 1036 4044 debemus,
1075 3985 1129 4032 et
1152 3993 1392 4049 qmerere
1416 3979 1606 4047 Deum,
1633 3988 1688 4036 et
1713 3980 1948 4051 incipere
1970 3981 2040 4038 ab

460 4064 835 4122 cmundatione
856 4067 1046 4122 animae
1073 4078 1289 4135 nostras,
1315 4076 1370 4124 et
1385 4070 1534 4139 quasi
1553 4069 1894 4127 fundamenta
1911 4087 2040 4128 con-

459 4154 684 4211 stituere
719 4157 946 4222 virtutis,
986 4167 1040 4213 ut
1088 4160 1463 4229 perfectionem
1511 4162 1836 4233 purgationis
1869 4165 1890 4195 ³
1920 4172 2040 4233 post

410 4294 415 4299 .
460 4247 598 4302 hanc
627 4249 784 4304 vitam
817 4266 1117 4307 mereamur
1158 4252 1400 4324 adipisci.
1439 4273 1459 4306 ι
1493 4252 1730 4325 Itemque
1778 4255 1831 4310 in
1877 4254 2035 4325 ipso:

466 4357 488 4392 s
517 4338 776 4395 Gratatus
801 4350 996 4407 autem,
1028 4362 1046 4388 ι
1074 4342 1261 4413 inquit,
1295 4362 1313 4396 ι
1342 4352 1396 4399 et
1423 4344 1776 4415 ingemiscens
1792 4345 1911 4415 quis
1929 4361 2037 4402 non

459 4428 723 4501 loquatur,
756 4428 946 4502 Infelix
985 4448 1074 4503 ego
1110 4433 1280 4501 homo,
1312 4436 1425 4504 quis
1454 4451 1532 4488 me
1559 4435 1785 4490 liberabit
1820 4436 1885 4490 de
1921 4454 2037 4491 cor-

461 4538 584 4591 pore
607 4523 779 4576 mortis
799 4523 950 4593 hujus
971 4522 1147 4591 (Rom.
1176 4541 1267 4588 vn,
1295 4525 1426 4596 24)?
1462 4526 1537 4581 Ita
1572 4527 1759 4583 eodem
1786 4529 2038 4599 magistro

461 4627 648 4670 omnes
669 4613 955 4669 varietates
984 4616 1438 4686 interpretationis
1465 4618 1815 4674 absolvimus.
1843 4619 1972 4675 Nam
1992 4623 2036 4676 si

461 4704 635 4759 omnis
656 4705 836 4760 infelix
859 4706 949 4776 qui
974 4722 1033 4762 se
1054 4708 1293 4778 COrporis
1323 4708 1645 4780 implicatum
1674 4710 1932 4767 molestiis
1946 4728 2035 4768 re-

461 4795 754 4865 cognoscit,
798 4797 980 4867 utique
1009 4813 1168 4855 omne
1204 4814 1400 4869 corpus
1440 4799 1657 4856 infelix:
1686 4818 1856 4873 neque
1893 4803 2035 4858 enim

461 4883 670 4939 felicem
698 4885 844 4941 illum
875 4887 1122 4954 dixerim,
1151 4891 1239 4959 qui
1268 4891 1521 4945 confusus
1548 4891 1865 4961 quibusdam
1890 4908 2040 4947 men-

460 4974 529 5029 tis
549 4988 659 5030 sum
687 4976 918 5032 tenebris
942 4979 1298 5034 conditionem
1328 4996 1477 5035 suam
1502 4981 1690 5036 nescit.
1733 4983 1868 5038 Illud
1905 4998 2039 5053 quo-

460 5079 566 5134 que
604 5080 712 5121 non
740 5066 1028 5123 absurdum
1070 5067 1136 5123 ad
1175 5069 1500 5126 intellectum
1539 5072 1783 5126 accessit.
1814 5073 1867 5128 Si
1894 5074 2034 5128 enim

462 5154 625 5213 homo
650 5157 739 5228 qui
766 5172 826 5214 se
854 5160 1146 5229 cognoscit,
1179 5160 1357 5217 infelix
1382 5171 1484 5230 est,
1528 5162 1768 5219 infelices
1796 5165 2037 5234 profecto

460 5263 680 5316 omnes;
705 5250 826 5321 quia
860 5252 1223 5323 unusquisque
1249 5269 1398 5310 suam
1439 5257 1796 5313 infirmitatem
1825 5268 1918 5315 aut
1943 5275 2038 5329 per

460 5341 772 5411 sapientiam
803 5346 1155 5415 recognoscit,
1177 5356 1268 5401 aut
1295 5363 1389 5417 per
1419 5349 1773 5419 insipientiam
1807 5356 2031 5409 nescit.»

464 5435 590 5490 Item
620 5437 673 5491 in
701 5437 835 5492 libro
858 5437 926 5494 de
946 5437 1093 5495 Bono
1112 5440 1301 5496 mortis
1335 5458 1355 5494 ι
1392 5442 1581 5514 (Capp.
1608 5443 1643 5499 5
1662 5454 1709 5498 et
1736 5444 1825 5517 II)
1850 5463 1863 5500 :
1895 5446 2037 5517 Ope-

470 5636 721 5748 ;-:.a.i_s.
1047 5672 1374 5748 nomen
1408 5680 1513 5748 me
1543 5673 1668 5727 hanc
1705 5674 1876 5739 υίιιιηιν
1911 5676 2037 5732 illud

462 5730 740 5805 perfectum.
763 5734 1144 5806 castigantur-pd
1167 5730 1429 5788 cauam
1459 5744 1566 5789 uss.

524 5792 544 5823 ³
577 5805 647 5842 δια
666 5799 771 5843 ttss.
808 5795 943 5857 Edttt,
966 5795 1331 5861 puri/icutto'ts's.

756 390 1026 449 CONTRA
1065 387 1246 447 DUAS
1283 383 1650 444 EPISTOLAS
1691 379 2246 448 PELAGIANORL‘M,
2287 379 2345 435 S.
2386 376 2750 436 AUGUS'I‘INI
2790 376 2994 434 LIBER
3032 377 3374 448 QUARTUS.

3588 381 3699 442 656

2125 499 2272 546 retur
2292 489 2469 561 igitur,
2494 507 2513 541 ι
2541 490 2728 561 inquit,
2757 509 2776 544 ι
2814 506 2955 545 mors
2985 491 3034 544 in
3062 491 3234 557 nobis,
3279 500 3336 546 ut
3360 502 3612 563 operetur
3642 504 3701 552 et

2124 582 2251 646 vita,
2284 581 2419 637 bona
2447 581 2549 637 vita
2574 592 2691 652 post
2721 589 2966 649 mortem,
3015 581 3116 636 hoc
3142 590 3244 649 est,
3276 582 3413 639 bona
3442 584 3548 640 vita
3578 596 3704 656 post

2125 672 2587 739 victoriam,bona
2614 673 2719 727 vita
2760 672 3003 728 absoluto
3038 674 3363 729 certamine:
3388 684 3443 730 ut
3472 675 3583 746 jam
3614 678 3705 734 lex

2125 767 2299 823 carnis
2323 765 2426 836 legi
2455 765 2649 820 mentis
2674 780 2970 836 repugnare
3010 781 3115 820 non
3153 767 3364 822 noverit
3405 768 3581 839 (Rom.
3608 786 3702 836 vn,

2124 855 2240 929 23),
2268 865 2327 913 ut
2358 856 2467 927 jam
2495 856 2647 912 nobis
2676 856 2817 912 nulla
2844 856 2914 910 sit
2953 870 3072 910 cum
3098 871 3322 927 corpore
3349 858 3537 913 mortis
3575 874 3709 915 con-

2127 955 2314 1009 tentio.
2347 973 2365 1008 ι
2405 954 2608 1009 Rursus
2634 955 2684 1009 in
2711 954 2935 1012 eodem:
2962 974 2981 1007 ι
3014 955 3178 1026 Ergo,
3212 972 3230 1007 ι
3259 954 3449 1025 inquit,
3480 953 3601 1024 quia
3618 952 3712 1022 ju-

2122 1047 2356 1104 ‘stihane
2382 1049 2865 1105 remunerationem
2911 1048 3127 1117 habent,
3172 1058 3230 1104 ut
3274 1048 3488 1103 videant
3515 1046 3710 1102 faciem

2129 1138 2245 1207 Dei,
2276 1148 2329 1195 ct
2353 1139 2531 1195 lumen
2551 1141 2566 1171 ί
2591 1140 2721 1196 illud
2747 1140 2890 1210 quod
2920 1140 3180 1195 illuminat
3200 1155 3411 1195 omnem
3433 1139 3714 1195 hominem

2130 1227 2307 1300 (Joan.
2333 1229 2372 1297 t,
2400 1228 2490 1303 9);
2519 1230 2589 1284 ab
2634 1231 2758 1287 hinc
2800 1230 3079 1287 iuduamus
3106 1230 3408 1300 hujusmodi
3448 1230 3710 1296 studium,

2128 1326 2188 1374 ut
2212 1321 2599 1390 appropinquet
2623 1321 2799 1377 anima
2825 1330 3005 1376 nostra
3031 1322 3161 1388 Deo,
3180 1323 3567 1393 appropinquet
3587 1335 3717 1375 ora-

2131 1411 2205 1469 tio
2221 1412 2265 1479 ¹,
2298 1410 2571 1467 adhaereat
2594 1413 2670 1467 illi
2712 1423 2952 1467 nostrum
2978 1413 3320 1480 desiderium,
3353 1428 3458 1468 non
3487 1427 3725 1484 separe~

2129 1519 2253 1562 mur
2271 1504 2338 1558 ab
2362 1520 2446 1559 eo.
2478 1505 2545 1559 Et
2566 1504 2652 1560 hic
2674 1505 2888 1576 quidem
2906 1506 3084 1576 positi,
3103 1505 3429 1574 meditando,
3459 1505 3717 1578 legendo,

2131 1595 2419 1666 quaerendo
2445 1597 2755 1666 copulemur
2783 1598 2927 1653 Deo:
2950 1612 3333 1669 cognoscamus
3348 1613 3494 1666 eum,
3510 1606 3572 1654 ut
3587 1612 3721 1668 pos-

2132 1701 2338 1744 sumus.
2367 1687 2450 1742 Ex
2483 1698 2630 1759 parte
2657 1688 2800 1744 enim
2828 1689 2916 1745 hic
2933 1691 3337 1761 cognoscimus:
3365 1691 3488 1761 quia
3509 1690 3596 1746 hic
3613 1692 3721 1744 tm-

2131 1781 2386 1851 perfecta,
2427 1780 2532 1837 illic
2576 1781 2807 1852 perfecta
2848 1784 3062 1849 omnia;
3095 1782 3183 1837 hic
3214 1783 3441 1853 parvuli,
3474 1782 3585 1837 illic
3618 1797 3721 1837 ro-

2131 1871 2295 1928 busti.
2327 1871 2584 1940 Videmus,
2605 1873 2791 1944 inquit,
2810 1889 2941 1928 mmc
2956 1890 3045 1943 per
3062 1874 3322 1944 speculum
3342 1873 3396 1927 in
3412 1872 3715 1943 (enigmate,

2135 1973 2253 2023 tunc
2296 1974 2465 2020 autem
2507 1966 2640 2037 facie
2678 1965 2747 2019 ad
2773 1966 2975 2036 faciem.
3004 1966 3153 2022 Tunc
3176 1966 3412 2022 revelata
3438 1965 3581 2022 facie
3594 1965 3721 2034 glo-

2135 2054 2274 2117 riam
2291 2054 2504 2110 Domini
2528 2054 2789 2125 speculari
2816 2055 3015 2122 licebit,
3044 2070 3200 2126 quam
3227 2070 3367 2110 nunc
3390 2055 3581 2109 animae
3596 2069 3726 2110 cor-

2133 2146 2279 2216 poris
2308 2145 2464 2216 hujus
2501 2148 2763 2202 concretis
2800 2145 3089 2201 visceribus
3112 2145 3384 2212 involutae,
3413 2152 3468 2201 et
3494 2145 3724 2215 quihns-
3808 2147 3821 2155 ’

2135 2235 2258 2295 dam
2279 2238 2452 2292 carnis
2483 2235 2641 2308 hujus
2668 2238 2889 2307 maculis
2908 2245 2961 2293 et
2978 2237 3364 2292 colluvionibus
3389 2236 3727 2292 obumbrata:

2137 2327 2345 2383 sincere
2374 2328 2553 2384 videre
2580 2343 2687 2384 non
2715 2338 2956 2398 possunt.
2989 2328 3114 2394 Quis
3134 2330 3289 2394 enim,
3313 2329 3499 2399 inquit,
3534 2329 3727 2383 videbit

2137 2419 2331 2474 uultum
2354 2436 2540 2487 meum,
2569 2428 2615 2475 et
2650 2421 2777 2475 vivet
2804 2419 2995 2491 (Exod.
3039 2435 3230 2486 xxxtn,
3275 2417 3400 2490 20)?
3428 2419 3494 2473 Et
3520 2427 3674 2474 recte
3710 2436 3727 2473 :

2137 2524 2261 2564 nam
2290 2509 2334 2564 si
2363 2510 2492 2564 solis
2518 2509 2696 2565 raxlios
2721 2510 2863 2565 oculi
2889 2510 3061 2565 nostri
3087 2509 3227 2565 ferre
3254 2525 3360 2564 non
3387 2517 3626 2578 possunt,
3665 2518 3731 2564 et

2139 2602 2184 2658 si
2209 2602 2326 2673 quis
2345 2602 2542 2659 diutius
2560 2619 2591 2659 e
2610 2604 2827 2675 regione
2846 2604 2974 2659 solis
3000 2602 3308 2669 intenderit,
3326 2602 3515 2658 caecari
3541 2603 3730 2658 solere
3776 2657 3785 2661 -

2141 2695 2476 2765 perhibetur;
2505 2695 2549 2751 si
2579 2704 2825 2752 creatura
2869 2705 3168 2753 creaturam
3207 2697 3324 2753 sine
3350 2695 3536 2752 fraude
3564 2705 3732 2765 atque

2141 2786 2436 2843 offensione
2464 2787 2543 2841 sui
2567 2802 2670 2842 non
2694 2789 3081 2857 potestintueri
3097 2805 3113 2855 ;
3131 2788 3398 2858 quomodo
3410 2797 3591 2859 potest
3605 2789 3729 2844 sine

2142 2877 2380 2948 periculo
2407 2879 2487 2933 sui
2516 2878 2810 2934 vibrantem
2828 2894 3050 2936 cernere
3068 2880 3270 2935 vultum
3291 2879 3556 2936 Creatoris
3572 2887 3731 2934 mter-

2142 2969 2215 3036 ni,
2247 2970 2488 3040 corporis
2514 2970 2670 3039 hujus
2696 2981 2914 3041 opertus
2940 2973 3176 3029 exuviis?
3201 2973 3331 3039 Quis
3357 2974 3498 3028 enim
3521 2972 3725 3042 justiﬁ-

2142 3071 2293 3116 catur
2322 3062 2373 3117 in
2401 3072 2690 3132 conspectu
2722 3064 2819 3120 Dei
2851 3063 3026 3137 (Psal.
3056 3080 3224 3129 crsu,
3272 3064 3363 3137 2);
3402 3080 3524 3122 cum
3565 3065 3729 3120 unius

2142 3168 2354 3224 quoque
2370 3152 2473 3208 diei
2501 3154 2674 3209 infans
2690 3156 2919 3211 mundus
2942 3171 2970 3209 a
3003 3164 3219 3225 peccato
3240 3155 3261 3188 ³
3285 3170 3407 3211 esse
3425 3170 3530 3210 non
3556 3154 3733 3224 poSsit

2144 3241 2264 3314 (Job
2290 3259 2401 3310 xw,
2433 3244 2487 3309 5,
2529 3261 2627 3298 sec.
2669 3244 2858 3315 LXX),
2880 3255 2933 3301 et
2960 3261 3116 3303 nemo
3146 3246 3312 3315 possit
3336 3245 3403 3301 de
3440 3245 3521 3301 sui
3545 3243 3731 3300 cordis

2144 3334 2444 3404 integritate
2469 3345 2522 3390 et
2551 3336 2860 3391 castimonia
2889 3338 3135 3408 gloriari:
3161 3336 3340 3406 (Prov.
3369 3353 3461 3402 xx,
3484 3335 3582 3409 9)?

2213 3424 2439 3481 CAPUT
2470 3426 2585 3482 XII.
2604 3456 2676 3468 -—
2695 3427 2786 3483 52.
2816 3427 3039 3482 [heresis
3083 3427 3365 3499 Pelagiana
3409 3428 3569 3481 multo
3607 3436 3727 3496 post

2144 3516 2463 3572 Ambrosium
2486 3529 2680 3573 exorta.
2713 3518 2869 3575 Fides
2893 3505 3142 3575 catholica
3185 3537 3383 3591 semper
3409 3520 3623 3591 vigilans
3658 3520 3731 3572 ad

2144 3607 2491 3679 repellendum
2509 3624 2748 3664 errorem.
2803 3610 3003 3683 Synodi
3041 3612 3360 3683 congregatio
3401 3612 3469 3665 ad
3511 3611 3733 3665 hereses

2146 3698 2460 3754 damnandos
2482 3716 2582 3754 non
2609 3717 2803 3772 semper
2830 3703 3132 3758 necessaria.
3147 3702 3321 3762 Nimis
3348 3702 3560 3772 longum
3587 3702 3729 3769 erit,

2145 3791 2190 3846 si
2220 3792 2400 3847 omnia
2432 3792 2592 3847 velim
2618 3808 3041 3851 commemorare
3059 3837 3074 3862 ,
3106 3812 3226 3866 quae
3248 3805 3465 3852 sanctus
3489 3796 3729 3853 Ambro-

2146 3882 2258 3938 sius
2286 3882 2541 3939 adversus
2569 3884 2707 3939 hanc
2732 3885 2977 3941 haeresim
3002 3887 3401 3959 Pelagianorum
3435 3897 3579 3944 tanto
3607 3898 3734 3959 post

2145 3981 2447 4028 exorturam
2466 4015 2482 4039 ,
2509 3990 2613 4030 non
2641 3976 2721 4031 eis
2748 3977 2961 4047 quidem
2988 3980 3352 4050 reSpondcns,
3391 3980 3486 4037 sed
3527 3982 3729 4051 praedi-

2145 4075 2272 4116 cans
2300 4061 2614 4118 catholicam
2644 4064 2824 4131 fidem,
2847 4076 3006 4137 atque
3034 4070 3085 4123 in
3103 4084 3164 4124 ea
3189 4069 3434 4127 homines
3456 4070 3732 4129 mdiﬁeans

2146 4150 2276 4206 dixit
2295 4165 2350 4208 et
2368 4153 2600 4224 scripsit.
2629 4155 2734 4213 Sed
2763 4172 2863 4213 nec
2888 4159 2974 4217 illa
2996 4160 3173 4215 omnia
3194 4176 3617 4220 commemorare
3638 4178 3734 4234 po-

2145 4244 2222 4300 tui
2249 4246 2331 4300 veI
2358 4245 2516 4302 debui
2542 4289 2557 4314 ,
2584 4264 2701 4318 qua:
2725 4249 3136 4320 gloriosissimus
3178 4254 3230 4309 in
3254 4254 3479 4310 Domino
3504 4254 3732 4327 Cypria-

2146 4352 2248 4392 nus
2290 4338 2467 4408 posuit
2514 4340 2566 4394 in
2620 4341 2871 4411 Epistolis
2896 4344 3041 4411 suis,
3071 4344 3262 4415 quibus
3296 4346 3731 4415 demonstretur,

2146 4442 2303 4497 quam
2333 4427 2355 4459 δ
2381 4429 2451 4483 sit
2487 4427 2633 4496 hmo,
2668 4447 2826 4501 quam
2855 4440 3119 4501 tenemus,
3162 4434 3295 4490 ﬁdes
3330 4450 3452 4492 vera
3496 4452 3733 4508 vereque

2146 4517 2434 4573 christiana
2458 4529 2618 4591 atque
2644 4522 2902 4579 catholica
2922 4565 2937 4589 ,
2970 4525 3108 4580 sicut
3134 4541 3230 4597 per
3274 4526 3574 4598 Scripturas
3594 4543 3730 4583 san-

2146 4618 2262 4664 ctas
2311 4610 2604 4678 antiquitus
2650 4613 2872 4679 tradita,
2926 4615 3005 4670 sic
3043 4631 3073 4670 a
3115 4617 3356 4687 patribus
3400 4619 3633 4688 nostris,
3671 4629 3733 4675 ct

2147 4696 2314 4770 usque
2337 4701 2402 4755 ad
2429 4701 2529 4758 hoc
2554 4712 2792 4774 tempus,
2822 4722 2929 4777 quo
2960 4708 3044 4762 isti
3064 4723 3180 4764 eam
3209 4711 3517 4767 convellere
3546 4718 3734 4767 tenta‘

2146 4803 2370 4859 verunt,
2398 4802 2603 4850 retenta
2623 4806 2782 4867 atque
2805 4809 3012 4854 servata
3033 4841 3049 4865 ,
3093 4808 3149 4856 et
3189 4801 3443 4874 deinceps
3489 4804 3727 4875 propitio

2146 4881 2260 4938 Deo
2278 4882 2552 4940 retinenda
2572 4896 2732 4957 atque
2750 4890 3028 4945 servanda.
3060 4890 3192 4946 Nam
3221 4893 3300 4949 sic
3319 4894 3586 4966 Cypriano
3609 4905 3664 4951 et
3691 4911 3727 4949 a

2145 4973 2410 5047 Cypriano
2437 4977 2624 5032 tradita
2648 4977 2765 5035 ham
2788 4990 2947 5051 atque
2977 4981 3280 5051 huiusmodi
3305 5001 3371 5041 ex
3395 4985 3510 5055 ejus
3536 4986 3734 5043 litteris

2146 5068 2448 5123 testimonia
2477 5070 2679 5141 prolata
2706 5079 2996 5127 testantur:
3017 5075 3094 5129 sic
3112 5082 3288 5131 autem
3302 5092 3475 5147 usque
3500 5077 3569 5133 ad
3593 5087 3734 5133 tem-

2144 5171 2275 5228 pora
2304 5167 2484 5216 nostra
2513 5170 2718 5216 servata
2737 5200 2753 5229 ,
2785 5177 2846 5216 ea
2873 5179 2993 5233 qua:
3017 5164 3083 5219 de
3117 5164 3203 5221 his
3247 5166 3407 5222 rebus
3434 5176 3733 5238 antequam

2143 5246 2231 5305 isti
2254 5249 2476 5305 ebullire
2504 5252 2823 5320 coepissent,
2842 5252 3156 5311 Ambrosius
3184 5256 3519 5328 conscripsit,
3539 5268 3732 5314 osten-

2146 5337 2297 5406 dunt,
2321 5349 2374 5396 et
2399 5340 2540 5412 quod
2567 5358 2751 5397 eorum
2779 5343 3029 5413 profanas
3055 5347 3316 5403 novitates
3341 5348 3619 5404 catholicae
3635 5366 3738 5405 au-

2144 5445 2233 5488 res
2258 5448 2374 5502 qua:
2397 5434 2590 5504 ubique
2618 5442 2772 5502 sunt,
2806 5434 3127 5492 horruerunt
3146 5454 3160 5493 :
3178 5440 3255 5494 sic
3280 5453 3439 5509 porro
3466 5440 3729 5514 deinceps

2208 5620 2229 5687 ξ
2261 5623 2394 5685 Editi,
2421 5629 2468 5676 et
2484 5631 2535 5676 ut
2558 5625 2735 5677 ltnnen.
2761 5628 2925 5686 Abest,
2950 5632 3019 5687 ut,
3045 5642 3072 5679 a
3093 5636 3201 5680 Mss.

2209 5684 2237 5757 ’-
2263 5687 2344 5757 ttic
2367 5684 2566 5757 veteres
2597 5686 2706 5737 libri
2740 5684 3024 5757 restituunt,
3066 5691 3408 5757 appropinquat
3429 5693 3602 5747 oratio.

2220 5745 2237 5815 ς
2269 5752 2383 5815 Item
2410 5747 2486 5796 hic
2505 5762 2565 5797 ex
2590 5757 2694 5815 Mss.
2722 5750 2928 5809 additur,
2955 5765 2985 5800 a
3004 5745 3212 5815 peccato.

2210 5805 2233 5861 ,⁸
2262 5808 2397 5869 titllti,
2421 5811 2671 5870 (proniodo.
2698 5819 2825 5872 Mss,
2848 5805 3008 5875 quanti
