4038 6462
234 381 326 439 631
1115 367 1483 425 ADMONITIO
1524 366 1586 421 ΙΝ
1626 364 1864 421 LIBROS
1900 362 2168 431 CONTRA
2206 364 2571 425 JULIANUM.

234 483 795 555 esseservanda,satis
815 480 1097 537 salubriter
1125 480 1343 534 istorum
1372 478 1559 547 partim
1587 477 1807 532 damna-

239 585 331 651 tio,
356 580 553 652 partim
577 576 839 633 correctio
866 572 1171 629 declaravit.
1204 570 1482 637 Quodlibet
1511 569 1652 624 enim
1687 584 1806 623 tutt-

235 677 327 730 tire
347 672 582 729 audeant
604 667 857 723 adversus
897 678 1078 717 sanam
1125 660 1282 715 tidem
1325 658 1570 730 Cypriani
1599 666 1652 713 et
1680 658 1809 711 Am-

230 752 389 821 brosii
411 805 425 827 ,
454 776 562 817 non
592 774 689 815 eos
710 767 835 828 puto
863 756 916 809 in
944 763 1051 807 tam
1076 766 1324 821 magnum
1351 757 1700 819 proruptures
1728 747 1810 801 fu-

234 870 401 912 rorem
427 894 443 919 ,
470 862 531 908 ut
559 857 881 906 memoratos
905 854 961 902 et
997 842 1369 900 memorabiles
1415 839 1663 896 homines
1713 839 1807 895 Dei

231 947 454 1005 audeant
476 942 660 998 dicere
684 938 1027 995 Manichaees.

294 1038 381 1092 '55.
413 1033 551 1102 Quid
595 1041 677 1087 est
705 1045 832 1101 ergo
876 1026 1017 1098 quod
1065 1024 1273 1080 rabiosa
1326 1022 1523 1078 mentis
1570 1022 1809 1078 eecitate

232 1144 363 1185 nunc
380 1127 605 1198 iactant,
635 1133 735 1177 toto
757 1123 953 1194 penitus
1005 1117 1273 1173 Occidente
1320 1132 1420 1169 non
1467 1115 1632 1168 minus
1677 1114 1807 1166 stul-

233 1234 329 1275 tum
349 1236 502 1290 quam
541 1218 751 1285 impium
797 1213 979 1284 dogma
1028 1217 1310 1279 susceptum
1334 1224 1352 1260 :
1378 1203 1806 1276 quandoquidem

235 1313 455 1369 Domine
478 1312 767 1366 miserante
795 1319 1050 1375 suamque
1074 1302 1364 1357 Ecclesium
1392 1296 1807 1354 misericorditer

232 1404 579 1477 gubernante,
603 1401 679 1455 sic
707 1396 937 1467 vigilavit
959 1393 1216 1448 catholica
1236 1390 1364 1445 ﬁdes
1384 1430 1399 1455 ,
1428 1397 1604 1443 utnon
1633 1387 1807 1442 minus

234 1476 441 1551 stultum
464 1507 624 1564 quam
652 1490 872 1559 impium
902 1485 1089 1557 dogma
1109 1526 1125 1552 ,
1166 1478 1614 1553 quemadmodum
1643 1476 1809 1531 Mani—

234 1563 521 1648 cuneorum,
548 1584 620 1637 ita
657 1582 813 1636 etiam
839 1594 943 1633 non
975 1576 1333 1644 susciperetur
1373 1572 1592 1626 istorum
1616 1568 1640 1621 'I
1666 1567 1808 1623 Ecce

232 1675 391 1731 sancti
416 1683 473 1728 et
501 1671 644 1727 docti
662 1669 758 1724 viri
784 1667 922 1724 fama
967 1665 1128 1721 totius
1171 1662 1425 1719 Ecclesia:
1474 1666 1809 1715 contestante

232 1763 495 1830 catholici,
516 1771 570 1817 et
588 1770 885 1816 creaturam
916 1757 1006 1812 Dei
1025 1763 1114 1823 ,et
1137 1754 1349 1823 nuptias
1377 1753 1444 1807 ab
1473 1750 1563 1804 illo
1593 1749 1805 1805 institu-

236 1868 326 1922 tas,
352 1863 410 1910 et
434 1850 605 1922 legem
636 1850 704 1904 ab
728 1864 793 1904 eo
812 1850 829 1881 ¹
857 1863 951 1919 per
977 1852 1218 1901 sanetum
1241 1842 1457 1914 Moysen
1489 1838 1665 1894 datam
1683 1880 1696 1903 ,
1754 1844 1810 1893 et

234 1946 451 2011 liberum
468 1943 743 1998 arbitrium
772 1948 972 1994 naturae
989 1936 1218 2015 hominis
1234 1934 1484 1996 insitum,
1516 1939 1566 1987 et
1596 1938 1809 1985 sanctos

234 2035 567 2092 Patriareltas
593 2042 647 2087 et
671 2031 964 2102 Prophetas
980 2027 1176 2082 debitis
1187 2040 1251 2079 ac
1278 2022 1525 2094 congruis
1548 2021 1806 2091 praedica-

175 2151 182 2157 ο
233 2125 460 2187 tionibus
510 2122 763 2188 laudant;
819 2136 937 2191 qua:
977 2117 1151 2172 omnia
1194 2111 1804 2186 quinque'Manichml,

236 2216 417 2287 partim
463 2212 711 2284 negando
739 2251 755 2278 ,
817 2202 1005 2280 pa'rtim
1046 2208 1206 2263 etiam
1260 2203 1571 2260 detestando
1615 2202 1813 2257 conde-

234 2314 441 2369 mnam;
465 2303 609 2358 unde
632 2308 849 2372 apparet
874 2304 1004 2354 istos
1025 2297 1272 2353 doctores
1293 2293 1582 2351 catholicos
1603 2293 1761 2363 longe
1780 2307 1811 2347 a

234 2395 640 2452 Manichaeorum
670 2391 913 2447 sensibus
925 2390 1125 2446 alienos
1148 2406 1161 2444 :
1178 2396 1231 2442 et
1252 2394 1427 2441 tamen
1445 2375 1688 2439 asserunt
1705 2384 1811 2438 eri-

233 2488 399 2558 ginale
416 2493 693 2557 peccatum
712 2526 726 2550 ,
749 2490 995 2539 asserunt
1023 2481 1244 2552 gratiam
1275 2478 1369 2539 Dei
1400 2492 1561 2551 super
1585 2477 1810 2531 liberum

232 2579 528 2643 arbitrium,
548 2591 708 2631 omne
724 2573 1037 2629 antecedere
1066 2572 1310 2627 meritum
1328 2612 1343 2637 ,
1376 2576 1434 2624 ut
1464 2583 1590 2623 vere
1614 2567 1814 2638 gratui-

235 2680 337 2724 tum
361 2669 598 2724 divinum
626 2664 1191 2739 praebeatadjuterium
1208 2680 1221 2729 ;
1241 2670 1483 2717 asserunt
1501 2669 1715 2716 sanctos
1742 2659 1814 2714 ita

232 2758 363 2831 iuste
381 2760 433 2812 in
465 2758 567 2812 bac
583 2772 743 2812 carne
760 2755 973 2823 vixisse,
986 2763 1045 2809 ut
1061 2755 1137 2810 eis
1157 2762 1297 2809 esset
1314 2751 1694 2816 necessarium,
1710 2764 1814 2819 quo

234 2852 561 2909 dimittantur
571 2848 873 2921 quotidiana
888 2856 1122 2918 peccata,
1137 2846 1393 2904 orationis
1406 2843 1679 2908 auxilium,
1696 2857 1815 2911 per.

235 2943 525 3012 lectamque
537 2940 816 3011 justitiam,
837 2953 952 3009 quae
972 2954 1078 2993 non
1104 2937 1270 3008 possit
1295 2935 1488 2990 habere
1505 2941 1775 3004 peccatum
1795 2971 1813 2999 ,

237 3035 284 3091 in
298 3036 397 3090 alia
417 3035 526 3089 vita
541 3033 772 3088 futuram
787 3033 884 3098 cis,
899 3032 1137 3102 quijuste
1155 3030 1238 3083 hic
1252 3029 1494 3092 vixerint,
1514 3026 1812 3096 pra‘mium.

305 3127 398 3182 54.
429 3124 571 3193 Quid
595 3135 676 3180 est
699 3139 826 3194 ergo
852 3122 992 3194 quod
1016 3122 1193 3177 dicunt
1215 3165 1229 3186 ,
1262 3119 1589 3186 Simplicibns
1619 3116 1813 3187 episce—

243 3221 312 3288 pis
327 3218 368 3284 ³,
392 3219 504 3272 sine
522 3215 909 3287 congregatione
929 3212 1109 3284 synodi
1138 3212 1191 3267 in
1218 3211 1341 3266 locis
1366 3209 1470 3264 suis
1494 3207 1774 3263 sedentibus
1797 3244 1814 3272 ,

298 3374 313 3404 ι
348 3371 466 3422 Editi
490 3369 848 3434 praeterieram,
866 3367 928 3434 ob
949 3380 1022 3420 eo.
1047 3374 1209 3418 Exstat
1230 3368 1280 3418 in
1303 3373 1408 3415 Mss.

298 3435 316 3466 ²
346 3435 415 3482 sic
438 3429 544 3481 stis.
569 3439 624 3482 At
642 3431 783 3493 editi,
806 3429 983 3493 inique.

300 3496 315 3527 ί
350 3502 398 3543 In
420 3495 585 3553 editis,
613 3501 683 3543 De
704 3483 999 3556 simplicibus
1020 3488 1269 3556 episcopis.
1302 3487 1449 3538 Abest
1465 3522 1480 3547 ,
1503 3483 1565 3536 de
1583 3520 1599 3546 ,
1623 3496 1653 3535 a
1672 3490 1783 3534 Mss.

3381 375 3486 432 658

1917 487 2108 531 extorta
2128 477 2420 548 subscriptio
2450 481 2558 535 est?
2580 480 2838 553 Numquid
2870 482 3189 541 beatissimis
3218 493 3272 543 et
3299 486 3351 543 in
3382 487 3489 544 ﬁdo

1913 568 2169 624 catholica
2191 571 2646 637 excellentissimis
2673 576 2799 629 viris
2825 576 3090 647 Cypriane
3120 588 3173 633 et
3203 579 3486 637 Ambrosio

1912 668 2037 714 ante
2065 660 2226 728 istos,
2258 661 2512 718 adversus
2568 664 2697 720 istos
2740 675 2947 721 extorta
2991 668 3311 738 subscriptio
3360 681 3484 726 est:

1911 750 2002 820 qui
2029 751 2046 783 ί
2074 765 2258 805 eorum
2286 752 2443 823 impia
2469 753 2714 824 dogmata
2739 764 2883 811 tanta
2907 757 3332 816 manifestatiene
3356 761 3489 816 sub-

1912 851 2145 908 vertunt,
2169 853 2225 897 ut
2244 859 2361 913 quce
2392 855 2575 899 contra
2597 861 2693 900 eos
2719 847 3380 915 manifestiora'dicamus,
3401 852 3487 908 vix

1912 948 2010 988 nos
2037 935 2272 989 invenire
2301 936 2565 1005 possimus
2591 936 2614 991 ?
2637 937 2743 991 Aut
2766 953 2896 993 vero
2926 940 3334 1010 congregatione
3359 957 3488 1013 syn-

1911 1024 1998 1078 odi
2022 1039 2155 1094 opus
2183 1034 2330 1092 erat,
2354 1034 2411 1079 tit
2435 1036 2613 1095 aperta
2633 1028 2894 1097 pernicies
2922 1028 3301 1085 damnaretur?
3339 1031 3488 1101 quasi

1913 1114 2057 1169 nulla
2106 1113 2326 1171 haeresis
2366 1115 2649 1187 aliquando
2700 1118 2801 1173 nisi
2846 1118 3035 1192 synodi
3081 1123 3489 1190 congregatione

1913 1205 2158 1262 damnata
2185 1209 2254 1262 sit
2278 1227 2291 1263 :
2317 1223 2436 1266 cum
2468 1209 2643 1278 potius
2664 1211 2952 1265 rarissima:
2979 1211 3333 1276 inveniantur,
3361 1226 3489 1282 pre-

1913 1307 2031 1369 pter
2053 1314 2181 1370 quas
2197 1298 2525 1354 damnandas
2545 1302 2833 1356 necessitas
2857 1302 2973 1356 talis
2988 1301 3279 1366 exstiterit;
3295 1302 3489 1356 multo-

1913 1407 2016 1461 que
2041 1392 2143 1444 sint
2175 1402 2330 1460 atque
2358 1391 2843 1463 incomparabiliter
2870 1393 3072 1463 plures,
3091 1409 3208 1464 qua:
3230 1391 3315 1447 ubi
3336 1391 3491 1448 exsti-

1912 1491 2122 1549 terunt,
2158 1483 2265 1537 illic
2296 1484 2580 1554 improbari
2603 1484 2950 1554 damnarique
2978 1493 3310 1549 meruerunt,
3332 1493 3491 1555 atque

1912 1575 2034 1630 inde
2064 1592 2159 1649 per
2185 1585 2405 1630 creteras
2424 1586 2590 1631 terras
2612 1575 2909 1629 devitanda:
2936 1577 3266 1630 innotescere
3305 1576 3490 1645 potuc-

1912 1675 2054 1721 runt.
2087 1667 2281 1721 Verum
2312 1667 2532 1721 istorum
2559 1666 2806 1737 superbia
2825 1707 2838 1731 ,
2868 1681 2985 1737 qua:
3010 1675 3208 1720 tantum
3240 1681 3297 1719 se
3318 1663 3487 1719 extol.

1914 1759 1974 1813 lit
2002 1759 2255 1813 adversus
2277 1760 2467 1823 Deum,
2496 1766 2552 1813 ut
2579 1775 2682 1813 neu
2710 1758 2762 1813 in
2788 1759 2876 1811 ille
2906 1758 3063 1822 velit,
3095 1756 3188 1812 sed
3230 1756 3406 1826 potius
3435 1755 3491 1810 in

1913 1852 2079 1907 libere
2106 1852 2324 1908 arbitrio
2344 1852 2577 1922 gloriari,
2599 1850 2734 1906 hanc
2755 1851 2912 1906 etiam
2938 1850 3162 1921 gloriam
3178 1859 3392 1919 captare
3408 1849 3491 1904 in-

1915 1945 2189 2016 telligitur,
2213 1954 2271 1999 ut
2294 1954 2509 2014 propter
2534 1944 2650 1999 illos
2674 1941 2907 1999 Orientis
2930 1951 2985 1997 et
3009 1941 3309 1997 Occidentis
3326 1953 3491 2013 syne-

1913 2037 2012 2093 dus
2040 2045 2406 2117 congregetur.
2429 2036 2622 2091 Orbem
2640 2035 2834 2107 quippe
2862 2033 3181 2088 catbolicum
3201 2075 3217 2100 ,
3241 2032 3494 2104 quoniam

1915 2128 2140 2184 Domino
2187 2127 2265 2182 eis
2317 2126 2597 2181 resistente
2638 2134 2942 2195 pervertere
2973 2132 3272 2193 nequeunt,
3304 2121 3493 2177 saltem

1915 2232 2253 2273 commovere
2297 2224 2593 2272 conantur:
2625 2230 2748 2269 cum
2780 2214 2957 2285 potius
2982 2213 3247 2283 vigilantia
3291 2219 3346 2266 et
3376 2209 3497 2266 dili-

1915 2308 2090 2381 gentia
2121 2306 2370 2377 pastorali
2400 2315 2521 2377 post
2551 2304 2746 2359 factum
2768 2303 2836 2359 de
2866 2304 2971 2358 illis
3001 2311 3308 2372 competens
3351 2298 3499 2356 sufﬁ-

1915 2399 2164 2469 ciensque
2188 2397 2444 2468 judicium
2467 2439 2481 2463 ,
2517 2396 2832 2464 ubicumque
2871 2395 2956 2448 isti
2987 2393 3093 2463 lupi
3124 2389 3493 2462 apparuerint,

1918 2490 2233 2547 conterendi
2261 2491 2387 2556 sint,
2403 2490 2516 2542 sive
2543 2497 2599 2543 ut
2625 2495 2877 2541 sanentur
2904 2496 3061 2556 atque
3084 2492 3370 2545 mutentur,
3385 2481 3499 2537 sive

1918 2591 1974 2637 ut
2001 2581 2067 2635 ab
2093 2580 2314 2634 aliorum
2346 2579 2516 2632 salute
2539 2586 2696 2648 atque
2724 2577 3023 2646 integritate
3051 2576 3314 2639 vitentur;
3338 2571 3492 2642 adju-

1918 2682 2072 2726 vantc
2101 2672 2319 2726 Pasterc
2342 2679 2631 2741 pastorum,
2657 2668 2745 2739 qui
2773 2683 2926 2723 ovem
2951 2667 3209 2737 perditam
3227 2666 3349 2720 etin
3377 2680 3499 2734 par-

1920 2762 2056 2817 vulis
2083 2761 2303 2833 quierit,
2329 2760 2417 2830 qui
2445 2774 2573 2814 oves
2613 2767 2824 2813 sanctas
2864 2765 2920 2813 et
2952 2756 3123 2827 justas
3150 2755 3313 2827 gratis
3338 2754 3493 2818 facit,

1920 2854 2007 2926 qui
2025 2869 2116 2909 eas
2143 2853 2386 2923 quamvis
2411 2850 2764 2908 sanetiﬁcatas
2790 2860 2846 2905 et
2869 2847 3184 2920 justiﬁeatas
3204 2887 3221 2914 ,
3252 2846 3497 2902 tamenin

1920 2948 2020 3002 ista
2050 2944 2331 3015 fragilitate
2359 2952 2514 3013 atque
2544 2942 2851 2997 inﬁrmitate
2878 2955 2976 3011 pro
3003 2938 3331 3010 quotidianis
3371 2951 3497 3007 pec-

1920 3038 2085 3101 catis,
2118 3037 2233 3092 sine
2271 3037 2464 3107 quibus
2486 3034 2575 3090 hic
2601 3049 2707 3089 non
2735 3033 2951 3102 vivitur,
2980 3032 3142 3086 etiam
3191 3045 3313 3085 cum
3362 3028 3500 3083 bene

1920 3130 2115 3184 vivitur
2133 3170 2148 3193 ,
2172 3127 2533 3199 quotidianam
2563 3127 2965 3192 remissionem,
3006 3132 3062 3178 et
3082 3131 3141 3177 ut
3166 3127 3349 3191 petant
3378 3124 3501 3189 pro-

1920 3223 2160 3278 videnter
2178 3221 2420 3289 instruit,
2443 3216 2498 3275 et
2526 3226 2766 3291 petentes
2788 3218 3077 3274 clementer
3101 3213 3334 3271 exaudit.

1985 3396 2003 3429 ι
2039 3392 2173 3449 Fditi,
2206 3404 2317 3455 qua.
2338 3399 2399 3455 _At
2423 3399 2511 3455 \iss
2534 3428 2547 3447 ,
2575 3387 2673 3452 qui.

1985 3458 2006 3488 ι
2038 3463 2163 3514 Mss,
2190 3451 2580 3516 nituu'festatiora.

263 3612 3502 3861 ψ

1234 3917 1317 3980 ΙΝ
1380 3912 1658 3977 LIBROS
1724 3910 2047 3976 CONTRA
2112 3904 2533 3971 JULIANUM.

1639 4033 2111 4091 8%30%m

245 4134 250 4138 1
308 4152 361 4206 lu
384 4150 468 4206 bis
494 4144 648 4203 libris
674 4145 1026 4215 Hieronymus
1052 4139 1326 4212 presbyter
1353 4137 1593 4192 laudatur
1618 4144 1864 4203 tanquam
1896 4131 2003 4184 vita
2028 4129 2135 4199 jam
2169 4126 2378 4182 functus
2406 4126 2423 4195 (
2455 4124 2566 4178 Lib.
2597 4124 2648 4190 l,
2678 4140 2730 4176 η.
2763 4122 2868 4187 ὄις
2897 4119 2983 4174 lib.
3027 4119 3081 4185 2,
3114 4136 3167 4174 η.
3197 4119 3329 4215 1’36).
3379 4118 3511 4173 Per-

247 4259 301 4298 ro
327 4261 356 4299 e
376 4243 510 4297 vivis
536 4239 627 4294 ille
654 4252 792 4291 anno
815 4209 1010 4291 Cliristi
1036 4209 1162 4297 tae,
1195 4209 1360 4301 pridie
1401 4227 1654 4283 kalendas
1686 4222 1917 4279 octobris
1946 4219 2190 4275 excessit.
2216 4218 2323 4272 llos
2354 4232 2480 4285 ergo
2500 4215 2663 4269 libros
2691 4228 2793 4267 non
2818 4222 2939 4264 ante
2964 4225 3159 4262 annum
3203 4209 3300 4263 421
3348 4209 3516 4262 colin-

248 4296 360 4392 care
384 4296 532 4390 licet.
564 4330 848 4386 Enimvero
880 4328 994 4396 ipse
1025 4296 1350 4393 Augustinus
1399 4320 1451 4373 in
1481 4310 1963 4374 Rctractationibus
1990 4319 2106 4379 post
2135 4321 2268 4377 opus
2296 4305 2360 4359 ad
2393 4302 2719 4359 Bonifaciqu
2746 4299 2883 4369 quod
2906 4307 3088 4353 contra
3116 4297 3247 4351 duas
3277 4296 3515 4366 Pelagia-

249 4443 424 4483 norum
452 4422 721 4495 Epistolas
742 4434 883 4473 anno
906 4417 1031 4483 420,
1058 4427 1150 4470 aut
1174 4428 1277 4468 non
1306 4412 1471 4466 multo
1498 4408 1669 4463 serius
1697 4405 1895 4463 editum
1922 4410 2022 4464 est,
2055 4395 2397 4467 subsequenti
2425 4409 2517 4449 cos
2543 4394 2658 4447 loco
2689 4389 2971 4474 recensuit.

312 4477 570 4589 iii-prime
600 4514 734 4569 libro
759 4509 959 4581 peccati
988 4477 1255 4579 originalis
1280 4507 1487 4573 dogma,
1516 4500 1624 4571 jam
1655 4506 1777 4552 ante
1802 4512 1832 4551 a
1859 4511 1917 4550 se
1951 4494 2086 4549 libre
2117 4491 2291 4561 priore
2316 4488 2382 4544 de
2410 4486 2614 4556 Nuptiis
2642 4495 2695 4540 et
2724 4480 3163 4552 Cencupisccntia
3189 4477 3511 4548 explicatum

250 4570 668 4671 conﬁrinaturus,
693 4603 924 4660 ostendit
951 4601 1175 4672 primum
1203 4593 1471 4651 Maniclttei
1500 4590 1696 4647 erroris
1721 4587 2165 4651 criminationem,
2199 4597 2299 4653 qua
2327 4578 2647 4639 Catltelices,
2681 4576 2941 4645 dogmatis
2971 4573 3124 4628 istius
3175 4570 3510 4626 defensores.

250 4705 450 4761 afﬁcere
476 4702 718 4759 Julianus
748 4697 1032 4759 nitebatur,
1057 4694 1108 4747 in
1136 4689 1457 4745 clarissimos
1486 4697 1723 4757 quosque
1746 4681 1979 4745 Patrum,
2009 4684 2115 4731 tam
2143 4687 2460 4747 graecorum,
2489 4683 2645 4740 quam
2674 4667 2981 4728 latinorum,
3014 4663 3253 4718 recidere
3296 4680 3310 4716 :
3340 4663 3506 4716 altera

250 4796 433 4852 deinde
458 4800 609 4865 parte
640 4789 754 4845 libri
782 4788 1127 4851 demonstrat,
1157 4778 1472 4836 Manicltmes
1500 4773 1796 4832 temerariis
1828 4772 2026 4841 aliquot
2052 4769 2217 4838 ipsius
2244 4764 2435 4820 Juliani
2465 4762 2737 4817 sententiis
2767 4758 3046 4828 plurimum
3076 4755 3333 4825 adjuvari.

317 4887 367 4942 In
398 4851 656 4947 secundo,
686 4879 1089 4949 Pelagianorum
1138 4880 1320 4927 contra
1346 4868 1599 4939 originale
1628 4872 1898 4937 peccatum
1928 4858 2410 4931 argumentationes
2449 4851 2682 4926 quinque
2707 4851 2956 4907 convellit
2980 4851 3288 4903 auctoritate
3314 4862 3512 4918 przcce-

251 4981 480 5036 dentium
501 4941 752 5033 Ecclesiae
777 4941 1078 5037 doctorum,
1096 4966 1466 5037 episcoporum
1486 4960 1730 5014 videlicet
1754 4956 2093 5011 illustrierum
2109 4951 2315 5012 decem,
2338 4949 2540 5014 lrcuzci,
2570 4945 2842 5018 Cypriani,
2859 4943 3065 5007 Reticii,
3095 4941 3347 5015 Olympii,
3371 4942 3514 4996 Hila-

254 5075 334 5141 rii,
364 5070 607 5143 Gregorii
637 5065 974 5130 Nazianzeni,
1006 5058 1289 5122 Ambrosii,
1316 5055 1513 5119 Basilii,
1532 5050 1750 5108 Joannis
1776 5043 2363 5116 CenStantinopolitani,
2383 5050 2435 5098 ct
2460 5039 2751 5097 Innocentii
2776 5055 2790 5106 ;
2824 5054 3026 5094 necnon
3056 5037 3356 5093 testimonio
3389 5051 3511 5109 prc-

251 5168 333 5238 sby
349 5166 447 5221 teri
472 5160 803 5232 Hieronymi,
826 5160 924 5215 viri
950 5156 1114 5212 sancti
1142 5168 1204 5209 ac
1229 5149 1540 5223 pereruditi.

318 5229 450 5315 ilinc
467 5257 581 5329 jam
608 5229 830 5325 singulis
855 5260 1080 5322 quatuor
1101 5243 1292 5302 Juliani
1320 5242 1468 5297 libris
1491 5237 1814 5310 Augustinus
1841 5235 2078 5306 singulos
2108 5232 2323 5287 tetidem
2355 5244 2479 5295 suos
2506 5229 2746 5300 eppenit,
2796 5229 2934 5284 dicta
2977 5230 3117 5284 illius
3141 5229 3313 5284 omnia
3356 5240 3517 5282 excu-

256 5352 405 5416 tiens,
437 5318 504 5405 iis
524 5318 726 5404 tantum
753 5318 1123 5415 praetermissis
1149 5352 1266 5409 qua:
1294 5333 1491 5390 nedum
1520 5328 1829 5402 qumsﬁonis
1855 5327 2017 5382 ullum
2048 5340 2155 5379 non
2182 5322 2396 5378 habent.
2425 5322 2502 5376 Ac
2532 5321 2687 5376 tertio
2720 5320 2930 5391 quidem
2949 5336 3046 5375 suo
3072 5321 3296 5390 primum
3325 5318 3514 5371 adver-

259 5442 375 5497 sarii
395 5411 600 5496 librum
630 5437 710 5493 sic
738 5411 952 5501 refellit,
994 5437 1256 5487 utcontra
1281 5441 1404 5482 cum
1430 5422 1640 5495 prebet,
1671 5420 1913 5491 quamvis
1940 5419 2079 5473 Deus
2117 5417 2288 5471 bonus
2325 5413 2600 5469 hominum
2621 5414 2689 5469 sit
2710 5413 2976 5482 conditor,
3002 5413 3259 5482 bonaeque
3291 5411 3399 5465 sint
3421 5426 3522 5464 nn-

261 5535 375 5602 ptia:
400 5541 457 5589 et
491 5531 561 5586 ab
587 5532 701 5600 ipso
731 5526 1003 5585 institutae.
1030 5522 1223 5576 malam
1254 5528 1431 5574 tamen
1455 5529 1575 5570 esse
1596 5510 2097 5583 concupiscentiam,
2125 5524 2228 5578 qua
2253 5522 2378 5562 caro
2407 5516 2593 5562 contra
2616 5506 2859 5575 spiritum
2883 5505 3228 5574 concupiscit.
3247 5503 3357 5559 llee
3375 5504 3520 5558 male

263 5596 390 5678 bene
413 5622 492 5677 uti
519 5596 840 5689 coniugium,
864 5613 1159 5682 meliusque
1177 5624 1283 5665 non
1301 5606 1378 5662 uti
1416 5602 1814 5659 continentiam.
1852 5600 2045 5655 Malum
2081 5608 2255 5654 autem
2279 5597 2417 5653 istud
2440 5613 2543 5652 non
2571 5613 2636 5652 ex
2660 5598 2762 5652 alia
2782 5596 3072 5652 substantia
3102 5596 3207 5650 Deo
3227 5604 3514 5663 comterna,

268 5729 320 5771 nt
345 5687 665 5771 Manichacus
689 5712 903 5777 insanit,
929 5706 1084 5763 nobis
1110 5716 1230 5759 esse
1257 5700 1606 5773 permixtum;
1642 5694 1736 5751 sed
1764 5710 1860 5765 per
1887 5693 2015 5749 Adae
2043 5692 2453 5748 inobedientiam
2484 5700 2725 5746 exortum
2754 5699 2913 5758 atque
2954 5687 3274 5754 traductum,
3324 5698 3378 5744 et
3420 5704 3514 5759 per

268 5808 452 5865 Christi
479 5805 830 5865 obedientiam
861 5797 1177 5873 expiandum
1204 5791 1621 5861 sedandumque.
1651 5788 1728 5845 Ex
1752 5787 1888 5859 ipsis
1905 5799 2115 5859 quoque
2139 5783 2332 5840 Juliani
2356 5782 2510 5839 dictis
2539 5783 2728 5838 malam
2774 5780 3009 5837 ostendit
3050 5796 3168 5839 csse
3213 5782 3508 5840 libidinem.
