4038 6486
517 401 620 458 6‘59
913 463 927 472 _
1599 403 1657 461 S.
1697 405 2060 462 AUGUSTlNl
2097 405 2424 465 EPISTOLA
2465 407 2668 468 CCVII.
3667 421 3782 479 650

587 516 641 570 In
670 525 874 586 quarto,
900 525 1084 572 contra
1109 514 1396 571 secundum
1427 516 1615 570 librum
1641 517 1832 572 Juliani
1859 517 1962 573 duo
1990 519 2281 588 prmsertim
2313 519 2486 587 docet,
2535 537 2696 577 unum
2733 521 2966 592 quidem,
3019 523 3243 582 virtutes
3285 523 3574 584 lttﬁdelium
3618 546 3782 588 veras

518 624 625 663 non
664 623 783 664 esse
815 626 829 662 :
857 609 1078 664 alterum
1110 623 1258 676 vero,
1286 609 1478 664 malam
1503 624 1622 665 esse
1654 611 2312 682 concupiscentiam,quod
2345 613 2469 682 ipsis
2490 615 2648 668 etiam
2681 613 2964 670 Gentilium
2978 618 3274 686 sententiis,
3322 620 3588 689 praebente
3613 637 3784 679 oeca-

512 703 714 755 sionem
752 699 984 766 Juliano,
1010 709 1412 755 commonstrat.
1445 701 1594 755 Circa
1623 701 1852 755 medium
1882 701 2000 756 libri
2029 703 2206 772 paucis
2235 703 2405 757 obiter
2427 704 2678 768 ostendit,
2713 705 2977 776 quomodo
3005 708 3170 777 gratia
3199 723 3302 763 non
3329 711 3618 766 secundum
3659 728 3782 769 me-

511 789 611 842 rita
642 789 816 856 detur,
844 805 942 845 nec
964 799 1138 844 tamen
1177 790 1232 844 in
1262 790 1424 844 fatum
1463 791 1532 846 sit
1570 791 1851 847 referenda
1882 809 1894 846 :
1927 801 2086 864 utque
2121 793 2516 863 intelligendum
2555 796 2694 863 quod
2741 797 3027 867 Apostolus
3068 799 3160 866 ait,
3206 800 3370 855 Deum
3413 803 3548 858 velle
3585 820 3783 860 omnes

511 878 755 934 homines
783 881 958 936 salvos
997 881 1130 936 fieri.

579 971 638 1025 In
667 973 870 1042 quinto,
902 973 1091 1026 librum
1123 973 1410 1028 adversarii
1441 973 1651 1028 tertium
1700 974 1999 1039 confutans,
2045 974 2172 1029 dicit
2206 990 2302 1030 cur
2329 990 2520 1030 novam
2564 975 2811 1032 haeresim
2850 995 2967 1049 qua:
3013 979 3229 1049 originis
3275 993 3546 1052 peccatum
3593 995 3781 1055 negat,

507 1067 799 1121 detestetur
824 1069 1102 1121 multitudo
1128 1069 1446 1133 christiana,
1473 1071 1594 1140 quia
1621 1070 1866 1124 nimirum
1895 1071 2171 1140 imaginem
2205 1072 2292 1124 Dei
2323 1079 2495 1126 tantos
2520 1071 2605 1126 hic
2634 1073 2685 1126 in
2728 1073 2960 1142 parvulis
2999 1076 3265 1130 cruciatus
3297 1079 3427 1146 pati,
3479 1088 3532 1134 et
3559 1080 3604 1133 si
3645 1081 3781 1134 abs-

507 1172 611 1225 que
638 1157 1200 1226 Baptismointereant,
1229 1175 1259 1214 a
1289 1176 1455 1230 regno
1484 1160 1574 1214 Dei
1603 1159 1809 1214 excludi
1855 1162 2018 1214 novit.
2067 1160 2392 1215 Perizomata
2420 1177 2448 1214 a
2480 1164 2786 1231 parentibus
2825 1163 3012 1236 primis
3035 1165 3102 1218 ob
3145 1167 3402 1234 pudorem
3452 1185 3516 1223 cx
3555 1180 3782 1239 peccato

507 1250 807 1305 venientem
824 1261 1089 1320 assumpta
1111 1253 1315 1321 probat.
1350 1253 1629 1307 Peccatum
1655 1267 1812 1322 po-se
1838 1268 1957 1307 esse
1986 1253 2328 1321 prin-cedentis
2349 1254 2549 1322 peccati
2573 1269 2803 1323 ptenam.
2849 1257 2923 1310 Ex
2964 1257 3150 1312 eadem
3201 1259 3555 1316 damnationis
3597 1277 3778 1317 massa

511 1357 633 1398 esse
663 1343 796 1397 alios
824 1343 987 1412 gratis
1016 1344 1233 1409 electos,
1268 1344 1401 1398 alios
1430 1359 1548 1398 vasa
1579 1345 1670 1397 irte
1697 1344 1881 1398 factos.
1908 1344 2396 1412 Concupiscentiam
2423 1359 2526 1398 non
2559 1344 2678 1399 idco
2704 1345 2859 1400 laude
2895 1345 3131 1416 dignam,
3159 1348 3296 1418 quod
3324 1365 3417 1419 per
3444 1367 3560 1405 eam
3600 1351 3779 1406 homi-

509 1435 594 1490 nis
638 1435 991 1491 inobcdientia
1025 1437 1287 1505 puniatur;
1316 1435 1409 1490 sed
1444 1451 1656 1505 semper
1681 1450 1801 1491 esse
1836 1436 2052 1501 malam,
2085 1435 2137 1489 in
2167 1435 2271 1489 illis
2297 1437 2478 1494 etiam.
2510 1436 2599 1506 qui
2630 1437 2677 1491 ei
2710 1451 2813 1490 non
2851 1439 3210 1494 consentiunt.
3257 1441 3534 1508 Quomodo
3573 1443 3777 1498 intelli-

505 1530 734 1600 gendum
769 1531 893 1585 illud
927 1531 1162 1600 Apostoli
1184 1573 1199 1598 ,
1229 1540 1282 1584 ut
1317 1532 1439 1586 sciat
1469 1532 1810 1601 unusquisque
1836 1547 1981 1584 suum
2010 1546 2094 1583 vas
2123 1530 2394 1600 possidere.
2429 1529 2625 1584 Verum
2659 1530 2774 1584 sine
2803 1530 3087 1586 concubitu
3112 1547 3251 1598 esse,
3278 1535 3432 1603 quale
3453 1535 3630 1590 Maria:
3650 1551 3777 1591 cum

505 1621 702 1691 Joseph
727 1623 838 1688 fuit,
866 1623 1184 1691 conjugium.
1218 1621 1430 1676 Frustra
1462 1621 1728 1674 Julianum
1758 1636 1828 1674 cx
1855 1619 2203 1674 Aristotelicis
2220 1618 2497 1687 categoriis
2523 1627 2706 1672 contra
2747 1619 2999 1690 originale
3029 1631 3299 1690 peccatum
3329 1626 3581 1692 argutari.
3631 1625 3775 1692 Quid

506 1729 632 1769 caro
654 1715 848 1769 Christi
875 1730 903 1768 a
931 1725 1242 1770 ceterorum
1275 1713 1545 1768 hominum
1577 1729 1735 1768 carne
1765 1713 1962 1782 peccati
2001 1711 2178 1765 distet.
2209 1710 2512 1766 Manichmis
2555 1711 2772 1766 minime
2797 1711 2971 1766 favere
2999 1711 3318 1777 Catholicos,
3361 1715 3486 1769 dum
3536 1716 3777 1772 libidinis

507 1806 704 1859 malum
735 1815 789 1860 et
814 1807 1030 1876 originis
1059 1807 1241 1859 vitium
1278 1813 1604 1876 agnoscunt;
1635 1805 1728 1860 sed
1755 1805 2063 1876 Pelagianos
2093 1804 2286 1874 potius,
2317 1818 2438 1859 cum
2465 1821 2484 1856 ι
2521 1803 2587 1859 de
2613 1819 2673 1860 ea
2704 1819 2761 1860 re
2787 1821 2905 1875 quae
2931 1820 2958 1859 a
2991 1815 3208 1876 peccato
3231 1807 3396 1863 libera
3424 1822 3504 1864 ρει
3533 1828 3550 1862 ι
3584 1809 3774 1865 dicunt

518 1916 538 1950 ι
572 1907 783 1967 peccata
819 1914 921 1952 non
955 1899 1119 1953 nasci.
1159 1918 1176 1950 ι

581 1988 745 2044 Sexto
776 1989 985 2045 tandem
1017 1989 1152 2044 libro
1189 1989 1254 2044 ad
1285 1989 1476 2044 Juliani
1502 1997 1744 2060 quartum
1771 1986 2126 2057 respondens,
2157 1986 2301 2042 nasci
2341 1985 2610 2042 hominem
2648 2001 2766 2041 cum
2809 1996 3024 2056 peccato
3068 1989 3350 2046 confirmat
3388 2003 3451 2044 cx
3495 1990 3775 2060 Baptismo
3858 2061 3866 2067 ν

505 2083 870 2154 parvulorum,
898 2098 962 2136 ex
991 2083 1224 2150 Apostoli
1253 2081 1460 2146 verbis,
1489 2089 1542 2135 et
1575 2081 1682 2134 ritu
1708 2078 1990 2133 exorcismi
2020 2094 2084 2132 cx
2112 2076 2496 2132 cxsufllationis
2523 2076 2978 2145 baptizandorum.
3007 2078 3149 2132 Olea-
3188 2088 3242 2135 et
3281 2080 3492 2136 oleastri
3523 2083 3776 2150 exemplo

504 2172 881 2228 convenienter
909 2172 1124 2241 exponit
1166 2170 1432 2242 quomodo
1477 2185 1544 2227 ex
1573 2169 1876 2240 parentibus
1915 2168 2238 2238 regeneratis
2273 2183 2336 2222 ac
2361 2166 2516 2236 justis
2544 2178 2829 2223 nascantur
2859 2169 2950 2222 lilii
2982 2179 3285 2238 peccatores
3310 2179 3364 2226 et
3392 2173 3768 2242 regenerandi,

505 2261 789 2318 Peccatum
834 2263 1090 2332 originale
1132 2263 1184 2316 in
1227 2263 1412 2334 primis
1453 2262 1762 2331 parentibus
1790 2259 2144 2313 voluntarium
2186 2274 2305 2314 esse
2328 2259 2594 2324 ostendit,
2638 2274 2702 2315 ac
2743 2259 2895 2314 nobis
2923 2261 3136 2330 quidem
3172 2261 3406 2323 alienum
3444 2263 3775 2333 proprietate

507 2353 764 2422 actionis,
790 2363 1029 2408 nostrum
1059 2363 1233 2408 tamen
1253 2355 1569 2424 contagione
1599 2351 1917 2422 propaginis.
1952 2350 2118 2420 llujus
2147 2350 2346 2421 peccati
2373 2349 2563 2404 merito
2593 2349 2703 2404 fieri
2729 2390 2744 2416 ,
2772 2359 2829 2404 ut
2858 2352 3017 2406 tantis
3041 2352 3109 2406 ab
3131 2351 3350 2408 infantia
3373 2353 3597 2409 miseriis
3627 2364 3772 2417 atteo

506 2455 654 2504 ratur
674 2459 844 2514 genus
872 2444 1158 2500 humanum
1180 2485 1196 2512 ,
1223 2453 1387 2515 utque
1421 2444 1622 2515 parvuli
1650 2444 1765 2498 sine
1789 2442 2200 2512 regenerationis
2224 2441 2392 2510 gratia
2416 2440 2703 2496 morientes
2727 2441 3074 2497 excludantur
3097 2456 3128 2497 a
3157 2459 3320 2514 regno
3345 2443 3452 2499 Dei.
3480 2444 3776 2513 Quomodo

503 2537 928 2606 concupiscentia
957 2547 1134 2593 manet
1157 2547 1299 2605 actu,
1325 2536 1562 2606 praeterit
1590 2544 1758 2589 reatu.
1785 2533 1932 2588 Pauli
1958 2532 2256 2588 testimonia
2279 2521 2530 2601 perverse
2557 2545 2588 2585 a
2607 2530 2818 2586 Juliano
2842 2534 3080 2604 exposita
3105 2542 3317 2590 revocat
3343 2534 3408 2592 ad
3431 2535 3768 2590 catholicum

503 2627 852 2684 intellectum.
895 2627 1189 2684 Ezechielis
1219 2636 1487 2698 postremo
1510 2625 1879 2682 auctoritatem
1899 2664 1913 2689 ,
1941 2637 2045 2695 qua
2087 2621 2177 2678 ille
2217 2621 2564 2689 abutebatur,
2611 2621 2898 2677 secundum
2928 2622 3220 2694 legitimum
3257 2639 3470 2680 sensum
3501 2624 3770 2697 interpre-

505 2728 665 2773 litllll'.

601 2848 682 2907 In
715 2847 908 2910 libros
940 2847 1176 2910 Contra
1206 2848 1558 2922 Iulianum,
1589 2846 1726 2907 vide
1756 2843 1865 2907 lib.
1897 2844 1959 2915 2,
2014 2861 2148 2923 cap.
2183 2843 2285 2916 62,
2325 2845 2893 2920 Retractationum,
2934 2855 2982 2908 τ.
3019 2849 3078 2920 1,
3111 2847 3228 2910 col.
3266 2848 3386 2908 655
3412 2893 3429 2923 ,
3469 2869 3508 2911 a
3537 2849 3771 2920 verbis.

504 2925 758 2988 Interea
785 2927 931 2988 libri
963 2932 1266 3005 quatuor,
1293 2944 1483 3006 usque
1515 2924 1595 2986 ad
1619 2923 1824 2992 verba,
1856 2923 2288 2984 Contumelias
2315 2927 2461 2985 tuas
2495 2931 2559 2985 et
2585 2927 2785 2988 verba
2809 2926 3116 2990 maledica
3134 2971 3152 3002 ,
3179 2929 3457 2990 Iuliane.
3542 2929 3632 2989 M.

577 3107 3775 3132 ——————_——————_————_———_—_—n———

693 3239 1676 3388 AUGUSTIN
1692 3245 1756 3384 Ι
1910 3235 2875 3386 EPISTOLA
2979 3238 3580 3391 CCVII.

1921 3481 2322 3516 um

1055 3609 1370 3664 Beatissimo
1397 3606 1548 3661 fratr.
1571 3613 1625 3660 et
1648 3604 1962 3674 coepiscopo
1987 3602 2240 3670 Οιλυωο,
2263 3604 2613 3672 Ancusruvus,
2642 3605 2693 3660 in
2719 3605 2944 3662 Domino
2969 3607 3216 3664 salutem.

578 3724 837 3792 Quoniam
872 3723 999 3777 mihi
1028 3723 1260 3777 fraterno
1288 3722 1544 3779 excitatus
1583 3720 1772 3777 affectu
1794 3763 1808 3787 ,
1839 3720 2032 3775 Juliani
2059 3731 2284 3790 quatuor
2313 3721 2476 3776 libros
2495 3762 2512 3789 ,
2553 3738 2684 3792 quos
2708 3723 2960 3781 adversus
2997 3742 3159 3782 unum
3189 3743 3364 3783 meum
3393 3725 3468 3801 (α)
3507 3729 3724 3800 scripsit
3743 3772 3760 3798 ,

505 3816 811 3886 priusquam
842 3825 1071 3884 peterem
1096 3856 1109 3881 ,
1144 3815 1255 3884 ipse
1281 3814 1502 3879 misisti;
1532 3813 1663 3867 nihil
1692 3813 2090 3867 convenientius
2120 3813 2294 3882 putavi
2325 3827 2442 3867 esse
2462 3813 2758 3869 faciendum
2781 3858 2795 3882 ,
2823 3832 2977 3884 quam
3005 3827 3065 3872 ut
3083 3833 3142 3872 ea
3169 3835 3286 3888 qua:
3324 3821 3624 3890 respondeo
3644 3863 3659 3888 ,
3703 3831 3763 3876 tu

504 3909 837 3977 potissimum
883 3909 1062 3977 legens
1105 3907 1342 3976 jndiccs,
1380 3915 1557 3960 utrum
1586 3915 1729 3961 recte
1766 3915 2220 3976 congruenterque
2247 3906 2635 3975 responderim.
2668 3907 2796 3961 Nam
2827 3908 2894 3963 de
2944 3909 3026 3963 his
3053 3919 3280 3978 quatuor
3320 3913 3466 3967 libris
3504 3915 3762 3968 nonnulla

505 3999 756 4069 decerpta
782 4000 1066 4068 scripserat
1093 3999 1270 4053 nescio
1295 3999 1414 4069 quis
1439 3998 1503 4052 ad
1536 3999 1790 4052 illustrem
1813 4007 1866 4052 et
1895 3997 2199 4067 religiosum
2225 3997 2393 4051 virum
2424 3997 2669 4052 comitem
2700 3996 2985 4063 Valerium,
3009 4000 3266 4056 adversus
3295 4003 3537 4056 eumdem
3564 4003 3763 4058 librum

505 4108 704 4158 meum,
734 4107 889 4162 quem
918 4108 1004 4147 me
1031 4092 1097 4145 ad
1120 4092 1265 4146 illum
1293 4091 1566 4160 scripsisse
1592 4101 1908 4160 cognoverat
1939 4107 1952 4143 :
1976 4105 2092 4160 qum
2121 4103 2239 4143 cum
2267 4089 2316 4142 in
2346 4104 2532 4143 manus
2562 4104 2707 4144 meas
2731 4089 2917 4144 eodem
2945 4091 3156 4146 sublimi
3187 4093 3300 4148 viro
3327 4103 3546 4150 curante
3578 4097 3764 4150 venis-

505 4196 656 4254 sent,
681 4188 753 4242 illi
783 4187 950 4256 primo
979 4202 1082 4240 non
1122 4187 1298 4241 distuli
1337 4186 1629 4242 secundum
1655 4188 1897 4242 volumen
1927 4187 2212 4255 adjungcrc
2237 4228 2251 4250 ,
2282 4185 2332 4240 in
2365 4201 2468 4256 quo
2490 4186 2574 4240 illa
2598 4187 2772 4240 omnia
2792 4228 2806 4253 ,
2840 4187 2975 4241 sicut
3005 4188 3177 4257 potui,
3213 4187 3453 4242 refutavi.
3482 4188 3586 4244 Sed
3621 4204 3764 4245 nunc

503 4281 720 4336 eosdem
749 4281 912 4335 libros
934 4295 1052 4334 cum
1075 4279 1376 4350 diligentius
1404 4279 1740 4348 inspicerem,
1763 4279 1996 4347 comperi
2029 4279 2196 4339 illum,
2229 4278 2314 4346 qui
2340 4278 2586 4330 nonnulla
2619 4277 2739 4331 inde
2766 4278 3044 4349 sclcgcrat,
3073 4295 3174 4332 non
3205 4280 3382 4334 omnia
3421 4281 3491 4333 ita
3516 4279 3764 4348 posuisse

503 4381 562 4427 ut
599 4374 649 4426 in
678 4373 760 4427 bis
798 4372 947 4426 libris
976 4371 1236 4442 leguntur.
1264 4369 1415 4425 Unde
1448 4371 1640 4439 poterit
1669 4369 1835 4424 videri
1863 4369 2076 4423 Juliano
2095 4411 2110 4436 ,
2139 4370 2221 4422 vel
2251 4367 2465 4422 cuilibet
2504 4368 2709 4420 illorum
2731 4409 2744 4431 ,
2778 4383 2862 4421 me
2892 4369 3067 4438 potius
3095 4367 3256 4423 fuisse
3282 4368 3592 4433 mentitum;
3634 4370 3763 4440 quia

500 4481 606 4521 non
634 4466 812 4534 utique
837 4463 974 4518 sicut
1012 4463 1065 4518 lii
1092 4471 1316 4533 quatuor
1336 4462 1456 4519 libri
1481 4503 1494 4527 ,
1524 4461 1594 4516 ita
1637 4461 1722 4515 illa
1752 4477 1869 4530 qua:
1898 4460 1964 4514 de
1992 4459 2072 4514 his
2101 4467 2345 4528 excerpta
2371 4501 2386 4523 ,
2418 4466 2472 4512 et
2497 4467 2789 4512 memorato
2828 4459 3008 4513 comiti
3038 4459 3196 4512 missa
3237 4468 3391 4526 sunt,
3429 4460 3765 4517 innotescere

502 4567 806 4628 potuerunt.
835 4557 1084 4626 Quisquis
1119 4569 1247 4625 ergo
1286 4563 1340 4608 et
1369 4555 1514 4610 illum
1545 4552 1832 4609 secundum
1865 4553 2054 4606 librum
2083 4567 2256 4605 meum
2287 4550 2352 4604 ad
2380 4550 2626 4604 comitem
2673 4550 2957 4604 identidem
2998 4549 3266 4605 Valerium
3293 4591 3307 4614 ,
3352 4550 3488 4605 sicut
3529 4552 3762 4621 primum

497 4648 853 4716 conscriptum
877 4647 1034 4717 legit,
1067 4643 1268 4698 noverit
1299 4659 1383 4698 me
1412 4643 1462 4696 in
1491 4641 1806 4712 quibusdam
1837 4655 1942 4696 non
1963 4640 2300 4710 respondisse
2329 4639 2571 4705 Juliauo;
2617 4639 2709 4695 sed
2743 4640 2791 4694 ei
2820 4640 2992 4710 potius
3017 4640 3105 4709 qui
3135 4639 3200 4695 de
3231 4640 3378 4696 libris
3417 4642 3533 4710 ejus
3560 4642 3648 4696 illa
3675 4657 3768 4699 se-

499 4737 642 4808 legit,
671 4747 725 4792 et
744 4753 848 4793 non
876 4739 946 4792 ita
977 4736 1150 4806 posuit
1178 4744 1233 4790 ιιι
1262 4735 1479 4800 invenit,
1511 4734 1604 4788 sed
1627 4733 1949 4803 aliquantum
1973 4733 2172 4803 putavit
2197 4746 2315 4786 esse
2338 4731 2614 4797 mutanda;
2645 4733 2867 4786 fortasse
2893 4741 2949 4784 ut
2975 4746 3039 4786 eo
3069 4731 3226 4787 modo
3263 4733 3412 4802 quasi
3447 4748 3538 4788 sua
3562 4733 3767 4790 faceret

500 4843 620 4899 qua:
646 4828 818 4882 aliena
846 4843 967 4884 esse
987 4838 1274 4883 constaret.
1305 4827 1453 4881 Nunc
1477 4835 1652 4879 autem
1673 4823 1878 4880 veriora
1907 4824 2129 4878 credens
2155 4822 2490 4893 exemplaria,
2516 4838 2634 4892 quae
2661 4833 2744 4876 tua
2768 4823 3028 4877 Sanctitas
3054 4824 3216 4890 misit,
3244 4824 3342 4893 ipsi
3374 4826 3572 4881 auctori
3604 4827 3765 4884 video

502 4918 954 4989 respondendum,
976 4919 1064 4989 qui
1089 4934 1252 4973 unum
1281 4933 1456 4972 meum
1482 4925 1706 4987 quatuor
1730 4915 1877 4971 libris
1903 4916 2012 4969 suis
2039 4914 2298 4971 refellisse
2326 4930 2382 4970 se
2408 4915 2572 4984 jactat
2595 4957 2608 4978 ,
2641 4926 2695 4970 et
2725 4931 3097 4986 usquequaque
3122 4932 3371 4988 Spargere
3405 4919 3525 4973 ﬁdei
3554 4934 3763 4976 venena

483 4999 608 5063 'nen
633 5016 829 5063 cessat.
853 5008 1144 5080 Aggressus
1174 5022 1292 5062 sum
1315 5007 1471 5078 igitur
1497 5007 1597 5060 hoc
1620 5019 1752 5075 opus
1779 5009 1830 5059 in
1860 5003 2122 5074 adjutorio
2145 5004 2432 5059 Salvatoris
2459 5005 2768 5075 pusillorum
2793 5015 2952 5075 atque
2985 5022 3330 5078 magnorum;
3355 5018 3409 5064 et
3442 5010 3552 5064 scio
3583 5017 3634 5066 te
3654 5053 3668 5077 ,
3702 5019 3768 5068 ut

502 5099 558 5157 id
587 5099 860 5170 implerem
889 5115 1071 5155 orasse
1097 5116 1191 5170 pro
1217 5115 1302 5156 me
1321 5140 1336 5166 ,
1370 5108 1423 5154 et
1452 5114 1549 5169 pro
1588 5099 1652 5152 iis
1674 5097 1863 5168 quibus
1890 5097 2251 5167 hujuscemodi
2294 5097 2502 5154 labores
2529 5107 2742 5155 nostros
2771 5101 3072 5169 profuturos
3099 5103 3366 5159 credimus
3400 5111 3455 5160 et
3492 5113 3764 5176 optamus.

501 5189 731 5248 Attende
754 5204 880 5261 ergo
903 5190 1012 5261 jam
1039 5189 1440 5260 reSponsionem
1463 5203 1656 5255 meam,
1685 5188 1834 5258 cujus
1860 5187 2172 5258 principium
2200 5186 2337 5243 hanc
2362 5187 2642 5261 epistolam
2665 5189 3034 5262 subsequctur.
3058 5191 3189 5248 Vale
3211 5192 3262 5248 in
3287 5194 3511 5251 Domino
3552 5209 3768 5252 memor

502 5284 668 5340 nostri
696 5327 712 5352 ,
743 5282 908 5340 frater
933 5283 1257 5339 beatissime.

562 5419 636 5484 (α)
667 5421 854 5471 librum
877 5421 1082 5485 primum
1101 5417 1167 5469 de
1187 5418 1367 5481 Nuptiis
1389 5423 1440 5468 et
1460 5416 1866 5477 Concupiscentta.

2212 5754 2240 5768 υ
