4038 6470
479 373 524 382 επ·
557 367 938 382 —-—_—

479 373 524 382 επ·
557 367 938 382 —-—_—

263 365 1586 428 m—_——E
1615 361 3466 420 E—-.———ﬂ

843 405 2908 592 ΞἨῖἐίίἱῇῐυετιΝι

1421 682 1936 746 HIPPONENSIS
1975 679 2329 746 EPISCOPI

249 844 1579 1082 CONTRA
1751 847 3510 1117 JULIANUM,

745 1199 1319 1364 ﬂammis
1385 1197 2119 1383 ignauiam
2171 1193 3032 1360 mansuram,

1505 1429 1815 1512 LIBRI
1868 1419 2203 1516 SEX“).

1680 1563 2050 1620 «stan»

1225 1679 1706 1795 LIBER
1809 1679 2449 1798 PRIMUS.

299 1859 588 1912 catholicam
633 1855 927 1919 sententiam
968 1851 1030 1902 de
1069 1850 1288 1919 originali
1331 1859 1527 1912 peculio
1562 1862 1590 1900 a
1637 1863 1694 1899 se
1733 1851 1788 1919 in‘
1815 1849 1969 1919 primo
1995 1847 2119 1919 libro
2147 1849 2210 1919 de
2243 1851 2422 1919 Nultiis
2461 1858 2512 1900 et
2547 1853 2939 1919 Concupiscentia
2985 1855 3270 1919 exlnlicatam
3325 1861 3522 1919 suscipit

243 1925 272 1974 ὁ
299 1876 588 1912 mtnoucam
633 1876 927 1926 SBlllelltlaltl
968 1876 1030 1902 uc
1069 1876 1288 1924 Ul'lglttult
1333 1876 1527 1912 μῠυωιιυ
1562 1876 1590 1900 il
1637 1876 1694 1899 ac
1733 1876 1788 1922 Ill.
1818 1876 1969 1922 ptuuu
1997 1876 2119 1922 Ityn-1
2147 1876 2210 1922 ut:
2244 1876 2422 1920 uultu?
2461 1876 2512 1900 ct.
2547 1876 2939 1926 υυυυειιῑιδυςςιιιιει
2985 1876 3270 1919 explicatam
3325 1876 3522 1922 δυεειιιιῑ

275 1922 598 1974 el'endeudam
629 1927 794 1968 contra
823 1909 1092 1972 Julianum,
1127 1927 1212 1976 qtu
1245 1925 1353 1962 eam
1386 1919 1592 1974 quatuor
1624 1912 1960 1976 grandioribus
2007 1909 2160 1976 libris
2187 1919 2415 1976 insectari
2448 1923 2633 1976 ausus,
2679 1927 2726 1976 In
2773 1929 2880 1976 epis
2909 1917 3198 1968 defensores
3240 1922 3523 1970 Manichaeo-

243 1971 788 2044 ruminuncupationem
817 1977 1040 2044 conferre.
1073 1971 1170 2024 non
1194 1971 1452 2044 vereatur.
1489 1971 1996 2044 tta_uc'exsecrab.iiem
2029 1973 2412 2044 criminationem
2446 1975 2493 2044 in
2515 1971 3044 2044 crlarissimos'quosque
3067 1987 3254 2030 Patrum
3279 1989 3374 2032 tam
3399 1995 3524 2044 grte-

241 2033 405 2096 eam;
420 2033 868 2108 quam__latinorum
885 2039 1113 2108 recidere
1132 2035 1345 2108 ostendit
1362 2035 1674 2108 augustioris,
1698 2033 2061 2108 allatis-inﬁgam,
2073 2047 2180 2108 rem
2205 2035 2414 2108 ipsorum
2457 2033 2894 2108 tcstimox1iis_,ncu'tn
2917 2033 3232 2102 responsione
3255 2044 3314 2092 ad
3340 2033 3525 2094 illa'no-

243 2093 458 2156 inmaturi
479 2101 636 2153 Basilii
660 2109 712 2150 et
733 2101 926 2150 Joannis
945 2097 1260 2162 chrysostomi
1281 2096 1400 2162 loca,
1420 2093 1530 2158 qua:
1547 2095 1798 2162 suﬂi-agari
1810 2097 1902 2162 sibi
1915 2093 2292 2162 JulianuSpntat.
2317 2101 2542 2146 Extrema
2573 2104 2710 2159 parte
2739 2097 2848 2148 libri
2873 2093 3133 2162 monstrat,
3159 2105 3523 2156 Manichaeorum

1279 2137 2292 2219 {ian‘gnignirummnsuum?"

1707 2261 2074 2318 OGWO

307 2371 538 2432 CAPUT
565 2367 850 2430 PRIMUM.
879 2399 954 2411 —-
980 2367 1032 2426 l.
1058 2363 1418 2423 Contumelias
1449 2367 1566 2418 tuas
1590 2367 1644 2415 et
1667 2359 1830 2416 verba

245 2467 524 2531 maledica,
552 2465 780 2529 Juliane,
809 2475 926 2532 quae
965 2458 1160 2514 ardens
1198 2455 1468 2512 iracundia
1487 2455 1502 2484 ι
1531 2451 1678 2506 libris
1697 2465 1832 2520 qua-

246 2565 362 2611 tuor
389 2551 677 2621 anhelasti,
731 2554 775 2608 si
805 2567 890 2607 me
944 2559 1288 2606 contemnere
1327 2546 1535 2610 dixero,
1579 2542 1828 2598 mentiar.

243 2647 520 2716 Quomodo
548 2645 690 2700 enim
710 2657 924 2714 possum
945 2643 1044 2696 ista
1071 2647 1438 2702 contemnere,
1471 2636 1559 2691 ubi
1587 2635 1830 2690 testimoa

245 2739 386 2792 nium
427 2735 772 2792 conscientia:
807 2748 940 2788 mea:
967 2731 1226 2802 cogitans,
1270 2729 1352 2784 vel
1379 2725 1612 2798 gaudere
1638 2739 1724 2780 me
1755 2724 1832 2778 vi-

243 2831 346 2886 deo
413 2829 617 2884 debere
669 2841 767 2897 pro
809 2839 929 2892 me,
987 2824 1072 2878 vel
1122 2821 1304 2878 dolere
1355 2835 1453 2890 pro
1509 2827 1590 2884 te,
1632 2823 1687 2872 et
1733 2829 1833 2886 pro

245 2919 326 2976 eis
373 2919 466 2990 qui
521 2916 860 2986 decipiuntur
919 2912 1016 2968 abs
1061 2921 1112 2968 te
1169 2909 1194 2965 ‘i
1237 2909 1367 2980 Quis
1424 2915 1602 2964 autem
1649 2914 1834 2962 conte—

243 3023 392 3068 mnat
427 3012 542 3066 sive
580 3007 950 3064 exsultationis
999 3021 1109 3061 sua:
1133 3003 1440 3067 materiam,
1472 3001 1586 3058 sive
1629 3013 1830 3054 mcero-

243 3099 505 3159 ristNam
537 3100 676 3156 unde
703 3099 892 3171 partim
917 3099 1180 3163 laetamur,
1211 3094 1402 3165 partim
1432 3092 1830 3158 contristamur,

247 3197 388 3251 nulla
437 3195 647 3250 ratione
689 3189 1102 3246 contemnimus.
1150 3187 1386 3242 Meorum
1429 3185 1624 3256 quippe
1673 3197 1832 3238 causa

247 3291 560 3364 gaudiorum
587 3295 670 3344 est
691 3283 974 3357 promissio
997 3281 1208 3338 Domini
1227 3281 1488 3337 dicentis:
1510 3279 1636 3336 Cum
1661 3279 1834 3332 dicunt

247 3401 392 3440 omne
437 3381 633 3438 niuium
661 3377 928 3434 adversum
973 3393 1079 3438 vos.
1135 3375 1441 3440 mentientes,
1465 3379 1671 3444 propter
1713 3385 1832 3434 me;

161 3477 166 3480 ’
247 3475 460 3547 gaudete
479 3482 528 3527 et
550 3471 814 3534 enuttate,
837 3468 1076 3538 quoniam
1097 3481 1280 3520 merces
1302 3473 1464 3519 vestra
1483 3463 1640 3517 multa
1660 3462 1762 3516 est’
1781 3462 1834 3514 in

249 3567 384 3620 etatis
405 3563 624 3638 (Matth.
653 3577 708 3624 v,
733 3561 820 3626 il,
845 3557 956 3628 12).
987 3557 1050 3612 Et
1077 3571 1262 3610 rursus
1287 3555 1390 3609 mei
1409 3567 1568 3608 causa
1591 3549 1837 3607 maeroris

247 3671 330 3715 est
355 3657 596 3728 Apostoli
625 3655 863 3719 allectus,
891 3651 978 3706 ubi
1009 3651 1128 3719 lego
1153 3666 1165 3701 :
1193 3647 1318 3715 Quis
1347 3647 1656 3713 inﬁrmatur,
1681 3653 1726 3698 et
1747 3659 1836 3714 ego

249 3767 352 3804 non
395 3745 665 3817 inﬁrmor?
701 3745 810 3812 quis
845 3740 1248 3806 scandalizatur,
1287 3747 1336 3792 et
1373 3753 1462 3808 ego
1491 3752 1590 3789 non
1614 3751 1734 3788 uror
1761 3735 1777 3800 (
1796 3733 1839 3788 ll

251 3835 369 3895 Cor.
401 3855 476 3904 ιι,
503 3837 644 3908 29)?
669 3834 775 3889 Sed
795 3833 910 3887 lucc
939 3847 1035 3901 pro
1063 3839 1152 3884 tuo
1180 3827 1446 3898 dogmate,
1469 3825 1610 3896 quod
1641 3823 1839 3878 verita-

249 3939 356 3986 tem
385 3937 542 4000 putas
557 3927 602 3994 ³,
629 3925 788 3980 etiam
817 3931 869 3977 tu
913 3930 1062 3990 poles
1089 3919 1283 3974 dicere.
1323 3917 1639 3972 Auferamus
1665 3915 1841 3984 itaque

251 4017 322 4076 de
343 4019 539 4084 medio,
571 4017 616 4072 si
639 4016 834 4086 placet,
867 4013 966 4067 ista
993 4009 1318 4076 communia,
1339 4024 1458 4078 qua:
1479 4007 1580 4062 dici
1610 4023 1672 4061 ex
1699 4015 1842 4060 utra-

251 4127 356 4184 que
383 4120 536 4182 parte
558 4116 780 4180 possunt
813 4124 825 4160 :
857 4103 1098 4176 quamvis
1121 4101 1382 4158 veraciter
1401 4099 1504 4155 dici
1529 4115 1593 4155 ex
1619 4109 1840 4170 utraque

253 4213 404 4275 parte
429 4217 538 4257 non
566 4209 803 4270 possunt.

325 4296 378 4349 2.
407 4294 648 4350 Primum
687 4293 784 4346 abs
823 4299 872 4346 te
911 4303 1114 4360 quer,
1167 4301 1262 4342 cur
1303 4285 1439 4339 libro
1487 4298 1609 4338 meo
1654 4282 1843 4336 saltem

255 4389 432 4458 specie
459 4397 618 4442 tenus
648 4395 698 4440 te
720 4383 1060 4454 respondisse
1087 4377 1352 4451 glorieris,
1383 4393 1502 4432 cum
1550 4376 1652 4430 tuis
1695 4375 1846 4430 libris

255 4489 488 4550 quatuor
513 4477 670 4531 unius
697 4475 800 4530 mei
831 4481 1031 4543 partem
1057 4486 1154 4526 nec
1173 4477 1415 4540 quartam
1443 4465 1842 4537 reprehenden-

255 4569 328 4624 do
349 4568 610 4639 tetigeris,
629 4581 828 4636 eosque
848 4563 1012 4619 saltus
1039 4563 1087 4616 in
1109 4559 1491 4632 praetereundis
1514 4559 1647 4612 meis
1666 4557 1850 4626 dispu-

257 4663 548 4718 tationibus
565 4659 776 4722 feceris,
805 4657 954 4728 quasi
981 4655 1198 4710 omnino
1221 4651 1557 4723 desperares"
1574 4649 1847 4722 utriusque

255 4755 454 4824 aperis,
497 4759 554 4806 et
589 4750 691 4804 mei
721 4749 926 4804 scilicet
970 4757 1024 4802 et
1072 4745 1144 4800 tui
1187 4759 1506 4814 quemquam
1543 4757 1662 4798 esse
1693 4757 1848 4812 posse

257 4845 537 4910 lectorem,
557 4844 642 4913 qui
661 4841 759 4896 ista
779 4835 1216 4912 deprehenderet.
1243 4834 1478 4904 Denique
1497 4833 1654 4888 etiam
1684 4847 1846 4902 pauca

1939 2360 2074 2430 ipsa,
2099 2359 2152 2414 in
2181 2359 2370 2430 quibus
2396 2363 2482 2416 vix
2507 2371 2608 2428 est,
2631 2373 2688 2418 ut
2713 2364 2842 2433 dixi,
2871 2371 3054 2436 quarta
3084 2383 3206 2438 pars
3227 2369 3513 2428 voluminls

1939 2451 2065 2517 mei,
2087 2466 2206 2520 quae
2227 2452 2371 2506 velut
2391 2452 2678 2508 inﬁrmiora
2701 2455 3031 2523 existimans,
3056 2466 3284 2528 quatuor
3311 2471 3520 2516 tuorum

1938 2541 2280 2612 grandiorum
2304 2543 2321 2574 ¹
2351 2543 2676 2597 voluminum
2704 2545 2946 2614 strepitu,
2976 2549 3124 2617 quasi
3149 2549 3524 2619 quadrigarum

1938 2632 2136 2702 impetu
2163 2641 2498 2702 prosternere
2523 2644 2578 2688 et
2597 2635 2910 2690 conculcare
2931 2637 3143 2693 molitus
3171 2653 3250 2703 es,
3271 2639 3523 2696 conside-

1937 2723 2142 2777 ratione
2165 2723 2334 2778 multo
2367 2723 2597 2794 plurium
2627 2733 2974 2794 caeterorum,
3005 2743 3122 2796 quze
3158 2730 3418 2800 attingere
3447 2731 3520 2787 ti-

1939 2812 2140 2878 muisti,
2169 2813 2482 2870 inconcussa
2507 2829 2724 2872 manere
2749 2825 3145 2872 monstrantur:
3171 2819 3312 2890 quod
3337 2831 3526 2877 osten-

1939 2901 2070 2958 dere
2097 2919 2234 2973 pcne
2259 2903 2581 2974 superﬂuum
2609 2915 2710 2960 eSt.
2737 2905 3070 2963 Admonendi
3105 2911 3246 2965 enim
3275 2921 3396 2967 sunt
3425 2927 3524 2984 po-

1942 2995 2048 3050 tius
2101 2995 2190 3066 qui
2239 2996 2342 3050 hoc
2387 3011 2546 3052 nosse
2587 2996 2908 3064 desiderant,
2967 3008 3026 3054 ut
3071 3017 3176 3056 non
3215 3017 3309 3058 eos
3349 3003 3527 3075 pigeat

1941 3095 2224 3158 utrumque
2245 3087 2443 3160 legere,
2471 3098 2526 3144 et
2551 3089 2692 3160 quod
2713 3091 2921 3161 scripsi,
2955 3094 3170 3164 etquod
3201 3097 3526 3167 respondere

1939 3177 2174 3232 voluisti.
2203 3177 2276 3233 lta
2307 3179 2449 3234 enim
2475 3193 2534 3236 se
2580 3195 2669 3236 res
2696 3181 2810 3250 ipsa
2837 3181 3074 3238 declarat
3099 3193 3260 3256 atque
3303 3187 3524 3256 indicat,

1940 3279 2000 3326 ut
2029 3271 2248 3326 nimium
2275 3271 2410 3327 tardi
2437 3273 2577 3340 sint,
2607 3274 2699 3345 qui
2737 3273 2840 3355 hoc
2875 3290 2904 3330 a
2945 3276 3100 3332 nobis
3129 3279 3398 3348 postulent
3433 3279 3528 3336 de-

1950 3362 2256 3418 monstrari.

2011 3455 2066 3510 3.
2103 3453 2252 3508 Nunc‘
2275 3467 2404 3524 ergo
2428 3453 2550 3524 quia
2575 3451 2731 3510 video
2759 3463 2810 3512 te
2833 3457 3058 3513 veritate
3097 3457 3366 3514 desertum
3381 3461 3428 3528 ¹,
3456 3461 3526 3518 ad

1947 3543 2224 3600 maledicta
2254 3559 2374 3600 esse
2403 3560 2741 3613 conversum,
2769 3547 2840 3601 ita
2865 3548 3176 3604 distribuam
3211 3549 3528 3620 disputatio-

1943 3655 2068 3694 nem
2111 3653 2303 3702 meam,
2337 3647 2394 3692 ut
2435 3638 2711 3694 ostendam
2751 3641 2899 3711 prius
2939 3641 3149 3712 quantis
3191 3651 3246 3696 et
3283 3643 3527 3713 qualibus

1948 3731 2202 3786 Ecclesiae
2228 3730 2504 3785 catholicae
2539 3731 2845 3787 doctoribus
2873 3734 3090 3790 nomine
3117 3733 3528 3791 Manichaeorum

1945 3821 2328 3876 intolerabilem
2369 3819 2544 3877 facere
2573 3837 2676 3876 non
2707 3825 2972 3878 cunctaris
3001 3823 3245 3893 injuriam
3265 3859 3282 3892 ,
3313 3833 3368 3880 et
3406 3837 3530 3880 cum

1949 3931 2036 3970 me
2059 3915 2285 3984 appetis,
2335 3915 2389 3970 in
2431 3929 2565 3985 quos
2603 3915 2706 3971 tela
2747 3915 3000 3987 sacrilega
3027 3917 3296 3986 jaculeris.
3329 3917 3532 3974 Deinde

1949 4005 2278 4070 monstrabo,
2307 4005 2448 4075 quod
2479 4015 2533 4059 tu
2581 4005 2695 4075 ipse
2735 4007 2814 4060 sic
2861 4006 3078 4077 adjuvas
3120 4007 3530 4064 Manichaeorum

1949 4096 2304 4150 damnabilem
2327 4104 2380 4150 et
2397 4095 2637 4150 nefanda:
2659 4097 2946 4164 impietatis
2965 4111 3222 4166 errorem,
3247 4107 3302 4152 ut
3325 4099 3530 4154 nullum

1952 4189 2110 4242 talem
2143 4197 2422 4258 patronum
2463 4203 2562 4241 nec
2599 4187 2652 4241 in
2693 4187 2803 4242 suis
2831 4187 3173 4243 dilectoribus
3203 4189 3412 4244 valeant
3441 4191 3528 4245 in-

1949 4281 2152 4334 venire.
2197 4279 2376 4334 Tertio
2405 4280 2542 4343 loco,
2587 4287 2842 4348 quantum
2874 4280 3108 4334 breviter
3135 4287 3376 4350 potuero,
3405 4297 3532 4338 sen-

1952 4371 2132 4427 tentiis
2160 4387 2265 4426 non
2295 4371 2448 4435 meis,
2477 4370 2570 4426 sed
2596 4385 2782 4426 eorum
2809 4371 2897 4441 qui
2921 4369 3136 4426 fuerunt
3164 4379 3288 4425 ante
3319 4385 3416 4426 nos
3435 4413 3450 4437 ,
3473 4381 3531 4428 et

1951 4464 2206 4520 adversus
2237 4465 2426 4534 impios
2461 4463 2614 4517 ﬁdem
2656 4463 2974 4518 catholicam
3015 4462 3387 4528 defenderunt,
3417 4465 3533 4519 ina—

1954 4571 2048 4612 nes
2071 4557 2302 4626 argutias
2337 4565 2452 4610 tuas
2481 4565 2535 4611 et
2561 4555 2830 4612 elaborata
2857 4565 3168 4625 argumenta
3195 4555 3530 4612 convincam.

1955 4648 2254 4712 Postremo,
2281 4649 2527 4718 quoniam
2553 4647 2598 4702 si
2629 4655 2678 4701 te
2707 4661 2812 4700 non
2835 4646 3158 4712 correxeris,
3185 4661 3404 4702 necesse
3437 4647 3536 4703 tibi

1955 4739 2055 4796 erit
2071 4739 2228 4794 etiam
2248 4739 2366 4793 illos
2387 4739 2638 4794 Ecclesiae
2657 4737 2930 4790 catholicm
2947 4751 3250 4806 oppugnare
3263 4735 3534 4802 doctores,

1957 4840 2116 4900 atque
2143 4829 2470 4884 contendere
2495 4843 2592 4884 nec
2613 4827 2757 4897 ipsos
2783 4827 2836 4880 in
2869 4825 2970 4882 hac
2993 4827 3286 4897 quaestione
3305 4827 3535 4884 catholi-

1435 4939 1722 4980 ADHONITIO
1761 4940 1843 4978 PP.
1884 4934 2362 4978 BENEDICTINOEUI.

323 5028 446 5076 Libri
471 5037 564 5075 sex
597 5029 761 5073 contra
781 5019 1016 5070 Julianum
1036 5015 1278 5069 emendati
1301 5021 1414 5067 sunt
1449 5027 1546 5076 ope
1572 5012 2356 5076 manuscriptorumvaticanorum
2377 5010 2594 5076 quinque.
2610 5039 2625 5068 ,
2672 5015 2724 5058 et
2743 5014 2862 5076 _octo
2883 5007 3257 5076 Gallicanorum,
3301 5009 3448 5060 unius
3467 5021 3532 5060 ex

261 5070 563 5140 bibliotheca
585 5070 832 5134 clari—Ssimi
857 5081 942 5132 viri
963 5089 1014 5130 D.
1035 5079 1236 5130 Emerici
1255 5079 1386 5140 Bigot
1403 5113 1418 5136 ,
1444 5070 1646 5126 aliorum
1665 5091 1726 5125 ex
1763 5070 2295 5140 alibatiat‘loriacensi,
2304 5070 2608 5140 errabunda
2629 5070 2802 5140 Casalis
2825 5071 3102 5140 Benedicti,
3135 5084 3200 5121 ex
3226 5071 3506 5122 Pratellensi
3521 5104 3537 5128 ,

264 5131 670 5214 Eg'isiéiiiéigda’,’
687 5131 1032 5214 i‘eiilieticensi
1047 5177 1062 5203 ,
1085 5155 1148 5214 ex
1174 5131 1384 5214 cyren’si,
1406 5131 1552 5214 "et'ex
1575 5139 1826 5214 Parisiensi
1851 5144 1894 5214 S:
1919 5137 2142 5214 victoris;
2168 5134 2348 5183 auxilio
2362 5145 2558 5196 quoque
2577 5131 2838 5184 lectionum
2859 5133 3098 5184 variarum
3123 5145 3188 5182 ex
3207 5133 3541 5195 manuscriptis

259 5213 424 5262 tribus
445 5201 678 5274 Belgicis,
705 5215 758 5257 et
781 5205 969 5256 collata:
989 5201 1106 5254 sunt
1125 5201 1336 5265 antique:
1363 5201 1602 5250 editiones
1625 5207 1726 5248 Am.
1749 5205 1820 5246 Er.
1847 5203 1900 5246 et
1923 5203 2031 5248 ων.

345 5293 860 5373 Comparavimus
877 5297 1180 5369 praeterea
1205 5303 1304 5346 eas
1335 5301 1540 5345 omnes
1583 5281 1879 5344 editiones
1903 5279 2090 5342 initio
2123 5279 2292 5339 Retr.
2321 5283 2376 5338 et
2395 5273 2707 5348 Confess.,
2728 5281 2776 5337 ε.
2811 5274 2870 5350 1,
2895 5283 3286 5338 memoratas.
3371 5273 3457 5336 M.

333 5419 350 5451 ⁸
387 5423 538 5488 vetus
568 5414 726 5465 codex
774 5409 1120 5470 Floriaccnsis,
1181 5419 1290 5472 qua:
1333 5405 1385 5456 in
1427 5419 1505 5456 me
1541 5405 1718 5454 ardens
1755 5401 1856 5454 ira-

267 5480 468 5532 cundia.

337 5544 360 5573 ι
393 5550 574 5588 omnes
597 5545 722 5596 Mss,
747 5533 936 5598 copiosa
955 5537 1042 5582 est.

335 5603 356 5635 ³
390 5587 490 5649 Am.
516 5587 588 5648 Er.
617 5607 668 5648 et
683 5587 865 5660 aliquot
886 5601 1016 5656 Mss,
1041 5603 1131 5657 pro
1153 5597 1234 5644 tuo
1258 5591 1494 5657 dogmate,
1519 5603 1662 5654 quam
1685 5587 1858 5640 verita-

269 5669 368 5794 w';
673 5717 966 5794 desperaris.

339 5787 412 5848 (a)
437 5783 599 5846 Scripti
623 5775 749 5830 anno
761 5775 938 5830 "Christi
964 5775 1074 5840 421,
1096 5785 1178 5829 aut
1199 5775 1340 5842 paulo
1357 5783 1482 5837 post.

2024 5401 2039 5432 ¹
2074 5407 2254 5448 Omnes
2274 5395 2482 5446 Vaticani
2505 5403 2633 5458 Mss,
2657 5393 2935 5458 grandizmt.

2021 5463 2043 5493 ι
2180 5447 2243 5509 et
2272 5465 2406 5530 ωερε
2427 5469 2457 5506 a
2493 5447 2980 5530 veritateaesertum.
3005 5463 3107 5530 Arn.
3139 5461 3212 5530 et“
3231 5455 3540 5530 muscriigi

1958 5529 2129 5582 carent
2166 5520 2540 5582 prepositione,
2585 5533 2634 5568 α.
2675 5521 2749 5582 sic
2782 5520 3016 5582 'l‘_acilus,_
3049 5515 3308 5582 Annalium
3343 5515 3538 5582 libro’3,

1960 5595 2065 5646 cap.
2079 5581 2148 5652 _9._0
2167 5578 2180 5630 Ξ
2215 5578 2348 5652 mea
2369 5579 2586 5643 praelium
2607 5580 2786 5642 omisit,
2801 5579 2958 5629 donec
2987 5578 3216 5628 desertus
3237 5579 3340 5627 suis
3353 5579 3392 5641 (ι
3408 5589 3484 5638 ro,
3507 5587 3538 5627 ιι

1969 5662 1992 5694 ι
2013 5643 2134 5707 iuit)
2153 5643 2372 5694 caderet.
2394 5659 2420 5689 ι
