4038 6468
492 377 602 447 ms

490 523 607 562 cam
629 506 860 562 tenuisse
888 505 1181 570 veritatem,
1210 503 1488 558 defendam
1521 512 1703 558 contra
1735 511 1806 567 te,
1831 501 1940 555 Deo
1973 499 2066 553 ad-

485 597 725 664 juvante,
759 608 810 652 et
837 596 1069 666 ipsorum
1113 605 1166 650 et
1203 605 1437 650 nostram
1471 594 1627 649 fidem
1657 612 1670 647 :
1705 594 1791 647 ubi
1830 593 1987 648 etiam
2016 591 2066 645 id

491 689 687 758 poterit
716 702 966 756 apparere
987 727 1000 753 ,
1029 702 1134 740 non
1161 686 1330 740 solum
1363 693 1416 739 tu
1447 684 1624 738 verbis
1652 683 1752 737 tuis
1773 724 1787 749 ,
1815 682 1952 752 quod
1980 695 2067 735 se-

488 778 661 832 cundo
709 779 824 832 loco
869 794 953 833 me
1000 765 1484 833 demonstraturum
1540 793 1656 832 esse
1700 776 1940 847 promisi,
1971 776 2064 830 sed

488 869 658 938 ipsum
686 868 876 939 dogma
908 869 1265 940 Pelagianum,
1294 868 1434 938 quod
1459 883 1740 924 commune
1775 878 1857 924 est
1895 869 2064 922 omni-

487 958 587 1013 bus
616 957 783 1025 vobis,
812 970 1066 1028 quantum
1095 960 1308 1031 adjuvet
1330 959 1668 1015 Manichaaos.
1863 951 1872 955 ’

557 1047 780 1104 CAPUT
820 1047 883 1103 ll.
913 1079 986 1090 -—
1008 1051 1060 1104 4.
1103 1049 1333 1104 Primam
1373 1051 1548 1120 itaque
1579 1060 1780 1120 partem
1809 1049 2063 1105 distribu-

481 1143 647 1199 tionis
673 1159 828 1208 meae,
859 1144 1302 1214 quemadmodum
1333 1159 1594 1213 exsequar
1615 1185 1627 1207 ,
1654 1157 1940 1213 parumper
1963 1145 2060 1198 ad-

483 1243 652 1288 verte.
680 1231 884 1303 Nempe
909 1234 1046 1288 inter
1073 1250 1192 1300 nos,
1219 1243 1471 1304 quantum
1500 1236 1690 1288 attinet
1717 1233 1782 1288 ad
1811 1235 2063 1289 intentio-

488 1337 609 1377 nem
631 1323 748 1378 libri
779 1323 904 1390 mei,
935 1325 1019 1378 cui
1050 1333 1101 1378 te
1130 1324 1468 1393 respondisse
1493 1333 1717 1393 quatuor
1746 1325 1848 1378 tuis
1867 1324 2057 1392 jactas,

489 1414 587 1468 ista
615 1415 838 1470 vertitur
879 1417 1124 1485 quaastio,
1155 1416 1294 1487 quod
1319 1432 1418 1486 ego
1447 1417 1566 1472 dico
1604 1418 1679 1471 sic
1706 1417 1917 1486 nuptias
1940 1433 2061 1476 esse

483 1505 791 1572 laudandas,
811 1516 870 1560 ut
886 1507 1030 1561 nullo
1045 1507 1203 1562 modo
1219 1507 1283 1561 ad
1303 1523 1482 1562 earum
1497 1509 1704 1577 culpam
1722 1509 2060 1576 vituperatio-

450 1601 706 1667 ‘nemque
723 1599 1001 1667 pertineat,
1018 1597 1156 1668 quod
1173 1613 1357 1652 omnes
1380 1599 1620 1654 homines
1639 1600 1926 1669 primorum
1946 1601 2060 1655 illo-

480 1685 598 1742 rum
633 1689 904 1743 hominum
934 1701 1150 1759 peccato
1173 1692 1487 1745 nascuntur‘
1513 1691 1746 1745 obnoxii.
1780 1691 1891 1746 l‘loc
1915 1693 2058 1747 enim

479 1781 568 1860 qui
583 1790 758 1851 negat,
791 1781 901 1851 ipsa
923 1781 1224 1835 christiana:
1257 1781 1373 1836 fidei
1403 1782 1708 1837 subvertere
1730 1781 2056 1837 firmamenta

479 1883 722 1928 conatur.
785 1873 917 1927 llinc
960 1874 1153 1942 quippe
1203 1873 1395 1928 factum
1440 1881 1524 1929 est
1569 1883 1625 1927 ut
1661 1873 1730 1929 de
1770 1873 1966 1944 nuptiis
2005 1883 2060 1929 et

479 1964 906 2034 concupiscentia
934 1964 1124 2018 librum
1144 1964 1436 2019 scriberem
1470 1981 1484 2016 :
1516 1965 1814 2032 nuptiarum
1855 1964 2060 2019 scilicet

479 2055 680 2111 bonum
709 2055 1016 2112 discernens
1044 2057 1110 2112 ab
1137 2072 1201 2112 eo
1230 2056 1370 2110 malo
1396 2055 1534 2111 unde
1561 2056 1784 2110 trahitur
1803 2057 2058 2126 origina'e

480 2155 773 2216 peccatum.
803 2148 881 2202 Tu
932 2156 1107 2202 autem
1139 2147 1272 2202 dicis
1316 2149 1528 2216 nuptias
1573 2148 1688 2202 sine
1731 2147 2057 2202 dubitatione

477 2236 738 2303 damnari,
763 2237 862 2292 nisi
892 2237 1031 2308 quod
1057 2253 1119 2294 ex
1147 2241 1224 2292 eis
1257 2239 1513 2305 nascitur,
1547 2239 1614 2291 al)
1647 2239 1791 2293 omni
1830 2239 1898 2293 sit
1921 2239 2055 2294 libe-

477 2343 595 2382 rum
624 2327 944 2398 obligatione
971 2329 1170 2397 peccati
1202 2345 1214 2382 :
1246 2336 1463 2397 prepter
1489 2327 1629 2398 quod
1655 2328 1805 2383 libris
1829 2339 2056 2398 quatuor

476 2426 530 2473 te
566 2433 733 2472 unum
761 2433 937 2472 meum
968 2417 1230 2473 refutasse
1276 2418 1540 2488 gloriaris.
1585 2417 1640 2472 In
1684 2419 1873 2489 quibus
1909 2420 2056 2475 libris

475 2508 659 2564 volens
681 2508 924 2564 homines
943 2518 1183 2564 avertere
1199 2525 1228 2563 a
1255 2508 1359 2563 fide
1377 2509 1640 2565 catholica
1661 2508 2050 2575 fundatissima,

474 2601 602 2656 etad
620 2602 908 2657 novitatem
925 2601 1085 2656 vestri
1103 2601 1301 2656 erroris
1315 2600 1597 2666 adducere,
1619 2617 1759 2671 smpe
1775 2603 1966 2657 incutis
1980 2605 2055 2659 le-

473 2697 704 2766 gentium
719 2697 962 2753 sensibus
973 2697 1270 2752 Manichtere
1285 2697 1447 2767 pestis
1459 2697 1775 2753 horrorem':
1791 2699 1937 2769 quasi
1953 2714 2054 2753 ma-

473 2788 582 2841 lum
609 2788 848 2842 naturale
873 2802 994 2842 cum
1021 2787 1326 2842 Manichmis
1354 2787 1545 2856 sapiat,
1564 2789 1654 2857 qui
1675 2788 1802 2843 dicit
1827 2789 2053 2843 infantes

472 2878 765 2934 secundum
797 2878 966 2932 Adam
1015 2878 1300 2932 carnaliter
1338 2888 1514 2944 natos,
1541 2881 1838 2948 contagium
1868 2882 2052 2935 mortis

475 2968 703 3038 antiqua:
733 2969 901 3037 prima
929 2967 1202 3022 nativitate
1228 2968 1567 3036 contrahere,
1615 2978 1670 3024 ct
1717 2970 1786 3025 ob
1815 2969 1915 3026 hoc
1962 2985 2049 3026 se-

475 3058 648 3114 cunda
673 3058 932 3128 indigere,
961 3068 1019 3112 ut
1044 3073 1137 3128 per
1162 3058 1432 3114 lavacrum
1461 3061 1880 3130 regenerationis
1905 3063 2052 3131 prius

477 3150 680 3220 peccati
709 3150 981 3220 originalis
1009 3151 1325 3206 remissione
1361 3161 1668 3222 purgentur,
1701 3163 1755 3209 et
1785 3154 1836 3209 in
1869 3156 1960 3210 Dei
1993 3156 2055 3210 fi-

476 3241 577 3298 lios
605 3243 839 3312 adoptati
868 3241 921 3298 in
951 3259 1174 3314 regnum
1205 3243 1470 3315 Unigeniti
1497 3245 1900 3301 transferantur.
1945 3249 2053 3304 lloc

474 3333 542 3388 de
567 3333 970 3389 Manichmorum
1011 3334 1225 3390 neruiue
1263 3343 1316 3389 et
1359 3335 1579 3390 crimine
1622 3335 1846 3392 faciebat
1891 3339 2050 3394 etiam

473 3424 802 3493 Jovinianus,
845 3441 1044 3496 negans
1070 3425 1247 3480 Maria:
1283 3434 1481 3481 sancta:
1528 3426 1902 3497 virginitatem,
1933 3445 2052 3498 qua:

473 3515 646 3570 fuerat
689 3516 814 3571 dum
859 3517 1181 3586 conciperet,
1231 3517 1588 3586 permansisse
1626 3517 1752 3573 dum
1795 3528 2047 3588 pareret:

474 3615 722 3677 tanquam
745 3607 1012 3662 Christum
1039 3622 1160 3660 cum
1187 3605 1490 3661 Manichaais
1516 3608 1829 3676 phantasma
1857 3610 2049 3666 crede-

473 3712 671 3763 remus,
719 3697 766 3751 si
810 3699 994 3751 matris
1047 3697 1349 3768 incorrupta
1401 3698 1704 3768 virginitate
1747 3681 2049 3758 diceremus

475 3800 742 3846 exortum.
788 3787 894 3844 Sed
939 3789 989 3842 in
1036 3789 1300 3857 adiutorio
1341 3789 1506 3858 ipsius
1553 3791 1862 3856 Salvatoris,
1913 3795 2050 3849 sicut

473 3888 788 3947 spreverunt
812 3877 1068 3933 Catholici
1093 3879 1236 3933 velut
1262 3880 1625 3935 acutissimum
1653 3883 1794 3952 quod
1815 3883 2049 3938 Joviuia-

475 3983 576 4023 nus
602 3979 913 4024 exseruerat
940 3978 1330 4039 argumentum,
1362 3978 1417 4026 ct
1445 3986 1546 4026 nec
1569 3981 1804 4027 sanctam
1834 3973 2047 4029 Mariam

476 4057 730 4128 pariendo
760 4058 922 4114 fuisse
941 4069 1269 4128 corruptam,
1303 4075 1404 4115 nec
1433 4061 1712 4115 Dominum
1737 4063 2048 4132 phantasma

475 4149 637 4205 fuisse
665 4149 1021 4217 crediderunt,
1051 4150 1146 4205 sed
1198 4160 1252 4206 et
1294 4152 1438 4207 illam
1480 4152 1737 4222 virginem
1792 4157 2052 4212 mansisse

474 4255 594 4314 post
618 4253 824 4315 partum
848 4287 864 4310 ,
896 4255 950 4300 et
987 4261 1052 4300 ex
1084 4245 1170 4299 illa
1202 4254 1378 4301 tamen
1407 4262 1588 4300 verum
1619 4247 1813 4303 Christi
1858 4263 2052 4319 corpus

475 4346 718 4393 exortum
750 4355 764 4390 :
789 4339 864 4392 sic
883 4337 1158 4405 spernent’
1186 4345 1359 4391 vestra
1380 4338 1702 4393 calumniosa
1728 4339 2048 4409 vaniloquia,

475 4437 534 4483 ut
560 4444 730 4498 neque
748 4443 868 4482 cum
893 4426 1194 4481 Manichzeis
1217 4435 1457 4481 astruant
1486 4427 1608 4480 mali
1639 4430 1879 4483 naturale
1903 4432 2050 4498 prin-

475 4518 694 4586 cipium,
725 4525 780 4572 et
814 4516 1105 4572 secundum
1134 4516 1405 4586 antiquam
1446 4526 1500 4572 et
1526 4534 1706 4572 veram
1735 4521 2048 4575 catholicam

475 4607 630 4662 ﬁdem
655 4608 798 4662 nullo
840 4607 998 4661 modo
1040 4605 1283 4660 dubitent
1320 4606 1587 4661 Christum
1635 4609 1686 4662 in
1743 4611 2050 4666 evacuando

475 4697 830 4768 chirographo
860 4697 1064 4769 paterni
1092 4695 1258 4752 debiti
1300 4696 1634 4752 liberatorem
1681 4698 1899 4754 credere
1931 4716 2052 4768 par--

473 4789 770 4934 γυὲἒᾞὶῗτ
812 4876 898 4932 Ill.
921 4908 993 4917 —
1019 4877 1072 4932 5.
1104 4876 1208 4932 Sed
1238 4885 1290 4931 tu
1311 4877 1398 4947 qui
1423 4885 1526 4931 tam
1549 4878 1738 4932 crebro
1766 4877 1918 4933 nobis
1944 4879 2051 4934 Ma-

473 4971 794 5026 nichaeorum
826 4985 1017 5025 nomen
1043 4972 1288 5041 opponis,
1335 4986 1472 5040 quos
1499 4983 1554 5026 et
1582 4973 1765 5042 quales
1808 4974 1954 5027 virus
1998 4986 2051 5029 et

474 5071 700 5134 quantos
747 5062 866 5116 fidei
905 5063 1182 5118 catholicae
1222 5063 1532 5118 defensores
1581 5073 1686 5118 tam
1738 5069 2049 5122 exsecrabili

476 5154 841 5210 criminatione
863 5161 1113 5223 appetere
1140 5153 1354 5220 audeas,
1380 5155 1422 5207 si
1448 5154 1665 5224 evigilas
1688 5156 1911 5211 intuere.
1935 5157 2049 5212 Non

473 5246 684 5316 quidem
719 5244 955 5302 omnium
1004 5244 1070 5300 de
1116 5244 1214 5299 hac
1260 5261 1320 5300 re
1363 5247 1672 5313 sententias,
1723 5263 1824 5304 nec
1864 5264 2050 5306 omnes

473 5351 682 5402 eorum,
710 5351 844 5406 quos
863 5335 1290 5390 commemorabo
1311 5379 1326 5404 ,
1361 5352 1444 5392 me
1469 5349 1908 5409 congregatarum
1932 5358 2052 5398 esse

476 5428 759 5496 polliceor;
788 5427 910 5496 quia
940 5427 1098 5481 nimis
1125 5427 1333 5497 longum
1357 5438 1455 5491 est,
1484 5437 1537 5482 et
1565 5445 1786 5485 necesse
1803 5447 1922 5486 esse
1945 5449 2048 5487 non

473 5519 703 5574 arbitror
736 5537 748 5574 :
775 5517 866 5573 sed
888 5533 1078 5589 ponam
1120 5534 1283 5588 pauca
1326 5536 1633 5589 paucorum,
1659 5523 1845 5590 quibus
1875 5535 2049 5580 tamen

476 5609 640 5664 nostri
679 5609 1095 5664 contradictores
1119 5619 1372 5679 cogantur
1400 5612 1713 5667 erubescere
1739 5623 1791 5669 et
1817 5614 2006 5670 cedere
2033 5633 2048 5679 ;

543 5725 556 5754 ¹
593 5723 666 5771 sic
687 5728 793 5769 Mss.
818 5721 956 5779 Edtti,
975 5728 1249 5771 nascantur.

541 5786 560 5815 ¹
593 5790 662 5831 sic
687 5791 787 5830 Mss.
814 5783 930 5830 Editi
955 5792 1136 5839 autem,
1156 5797 1382 5832 errorem.

541 5847 561 5877 ⁸
595 5844 724 5906 Apud
747 5851 876 5903 ων..
899 5853 1141 5904 δνεηιηντ.

1290 381 1559 439 CONTlH
1601 378 1936 438 JULlANUM
1982 377 2442 444 PELAGIANUM,
2485 380 2540 435 S.
2586 379 2947 439 AUGUSTINI

3649 391 3758 452 6H

2175 496 2220 551 si
2248 497 2388 552 ullus
2413 498 2465 552 in
2494 499 2572 553 eis
2601 498 2681 553 vel
2713 499 2803 554 Dei
2833 501 3008 567 timor,
3038 499 3117 556 vel
3140 501 3409 557 hominum
3442 505 3610 574 pudor
3635 521 3761 562 tan-

2173 595 2283 642 tutn
2321 589 2519 642 malum
2559 589 2869 658 pervicacire
2897 594 3243 660 superaverit.
3279 593 3510 650 Irenzeus
3535 596 3758 667 Lugdu-

2176 681 2355 734 nensis
2384 681 2661 749 episcopus
2704 697 2808 735 non
2840 682 2993 752 longe
3034 699 3064 737 a
3111 686 3435 754 temporibus
3463 687 3760 757 Apostolo-

2175 787 2291 825 rum
2323 771 2420 825 fuit
2451 790 2462 825 :
2495 772 2596 827 iste
2634 773 2727 839 ait,
2766 791 2784 824 ‹
2819 773 2934 828 Non
2980 776 3132 830 aliter
3175 778 3366 831 salvari
3396 778 3637 837 homines
3686 784 3761 839 ab

2173 864 2387 934 antiqua
2414 865 2676 934 serpentis
2698 866 2848 936 plaga
2867 868 2906 932 ‘,
2941 868 3038 921 nisi
3062 869 3280 924 credant
3311 871 3361 924 in
3387 886 3510 927 eum
3538 874 3630 943 qui
3661 889 3758 929 se-

2169 954 2398 1008 cundum
2430 955 2828 1011 similitudinem
2857 960 3032 1012 carnis
3061 960 3259 1027 peccati
3286 975 3340 1014 in
3363 961 3505 1031 ligno
3534 965 3756 1035 matyrii

2170 1047 2430 1102 exaltatus
2469 1062 2499 1101 a
2545 1057 2683 1102 terra
2715 1049 2892 1104 omnia
2945 1052 3104 1106 traxit
3147 1052 3213 1106 ad
3244 1068 3324 1119 se,
3357 1064 3409 1109 et
3437 1057 3753 1125 vivificavit,

2167 1147 2433 1192 mortuos»
2473 1136 2608 1210 (Lib.
2640 1140 2693 1206 4,
2720 1155 2837 1212 cap.
2866 1141 2956 1212 5).
2992 1142 3116 1195 Item
3145 1141 3285 1197 idem
3316 1145 3468 1213 ipse:
3505 1165 3524 1198 ι
3548 1148 3756 1215 Quem-

2168 1227 2450 1284 admodum
2467 1230 2778 1286 adstrictum
2809 1233 3343 1303 est,tinquit,¢morti
3367 1251 3533 1305 genus
3559 1238 3760 1294 huma-

2167 1333 2291 1372 num
2318 1334 2414 1388 per
2429 1320 2706 1391 virginem,
2735 1323 2972 1376 solvatur
2985 1338 3080 1392 per
3100 1324 3411 1394 virginem',
3429 1341 3578 1397 arqua
3599 1327 3758 1385 lance

2165 1407 2440 1478 disposita,
2473 1411 2741 1480 virginalis
2771 1412 3125 1468 inobedienlia
3149 1430 3243 1484 per
3278 1415 3587 1486 virginalem
3622 1419 3756 1474 obe-

2164 1498 2442 1554 dientiam.
2473 1500 2664 1557 Adhuc
2708 1503 2850 1558 enim
2891 1507 3200 1577 proloplasti
3234 1517 3453 1576 peccato
3495 1525 3590 1579 per
3628 1527 3758 1568 cor-

2164 1590 2493 1659 rcptionem'
2545 1592 2882 1663 primogeniti
2941 1595 3367 1654 emendationem
3417 1599 3750 1670 accipiente,

2163 1681 2424 1749 serpentis
2466 1682 2750 1751 prudentia
2801 1683 3011 1739 devicta
3054 1699 3149 1754 per
3193 1686 3585 1756 simplicitatem
3649 1706 3751 1746 co-

2166 1767 2380 1836 lumba},
2406 1769 2634 1826 vinculis
2671 1771 2777 1826 illis
2805 1773 3023 1827 resoluti
3049 1788 3253 1841 sumus,
3286 1791 3382 1844 per
3405 1793 3523 1847 qua:
3547 1780 3751 1850 alligati

2163 1874 2378 1914 eramus
2403 1863 2561 1916 morti
2601 1881 2620 1916 ›
2653 1863 2803 1935 (Lib.
2831 1865 2883 1930 5,
2917 1881 3031 1935 cap.
3059 1863 3179 1938 19).
3209 1867 3435 1924 Videsne
3470 1871 3749 1940 antiquum

2162 1949 2433 2007 hominem
2457 1953 2568 2018 Dei,
2593 1955 2717 2024 quid
2734 1955 2801 2010 de
2816 1956 3030 2025 antiqua
3057 1958 3319 2026 serpentis
3349 1960 3496 2030 plaga
3519 1963 3747 2016 sentiat?

2161 2041 2285 2110 quid
2315 2041 2382 2096 de
2409 2043 2752 2099 similitudine
2782 2045 2956 2100 carnis
2985 2047 3205 2114 peccati,
3235 2062 3495 2117 perquam
3523 2061 3749 2106 sanatur

2163 2131 2308 2201 plaga
2348 2135 2612 2203 serpentis
2649 2135 2702 2188 in
2727 2149 2888 2189 carne
2917 2137 3160 2204 peccati?
3185 2138 3311 2205 quid
3335 2138 3402 2194 de
3429 2141 3747 2211 proleplasti

2159 2230 2398 2292 peccato,
2427 2239 2522 2293 per
2549 2225 2690 2294 quod
2717 2225 2911 2294 alligati
2938 2225 3242 2280 fueramus?

2231 2315 2284 2370 6.
2313 2316 2476 2370 Multo
2509 2325 2688 2371 autem
2729 2317 2962 2387 apertius
3003 2316 3070 2372 de
3111 2317 3298 2372 eadem
3329 2317 3466 2374 fide‘
3492 2320 3748 2376 beatissi-

2161 2422 2279 2462 mus
2309 2417 2508 2478 martyr
2544 2417 2599 2463 et
2628 2409 2908 2478 episcopus
2937 2407 3262 2478 Cyprianus:
3289 2427 3305 2460 ι
3327 2409 3382 2464 Si
3410 2409 3677 2475 homines,
3718 2430 3740 2463 ι

2158 2499 2347 2567 inquit,
2385 2516 2404 2549 ι
2434 2498 2691 2567 impedire
2727 2497 2925 2568 aliquid
2959 2498 3024 2551 ad
3061 2499 3485 2554 consecutionem
3513 2500 3699 2568 gratiae
3722 2501 3748 2531 ⁸

2158 2598 2364 2658 posset,
2412 2589 2580 2660 magis
2617 2589 2828 2644 adultos
2854 2597 2910 2645 et
2937 2597 3215 2659 provectos
3253 2598 3308 2644 et
3342 2589 3569 2660 majores
3613 2601 3746 2646 natu

2159 2688 2376 2748 possent
2418 2680 2678 2751 impedire
2716 2689 2929 2750 peccata
2974 2681 3236 2750 graviora.
3269 2681 3437 2735 Porro
3473 2690 3652 2736 autem
3695 2683 3745 2738 si

2156 2769 2482 2839 gravissimis
2507 2770 2852 2828 delictoribus
2879 2771 3003 2826 etin
3027 2771 3193 2825 Deum
3215 2773 3433 2828 multum
3461 2782 3582 2828 ante
3607 2788 3744 2842 pec-

2157 2859 2422 2924 cantibus,
2455 2874 2574 2914 cum
2606 2871 2785 2930 postea
2815 2861 3171 2928 crediderint,
3214 2862 3466 2916 remissa“
3496 2873 3746 2932 peccato-

2159 2964 2274 3002 rum
2305 2949 2489 3014 datur,
2534 2960 2587 3004 et
2617 2965 2648 3004 a
2681 2951 2946 3020 Baptismo
2973 2961 3130 3022 atque
3171 2955 3336 3023 gratia
3370 2967 3525 3006 nemo
3554 2955 3742 3024 prohi-

2156 3040 2337 3106 betur;
2366 3049 2564 3112 quanto
2596 3042 2764 3111 magis
2802 3033 3070 3112 prohiberi
3097 3057 3202 3096 non
3235 3041 3392 3098 debet
3421 3043 3612 3110 infans,
3645 3046 3743 3115 qui

2159 3147 2347 3186 recens
2370 3139 2524 3186 natus
2545 3131 2675 3186 nihil
2700 3133 2955 3201 peccavit,
2977 3133 3073 3186 nisi
3097 3131 3237 3202 quod
3256 3132 3542 3187 secundum
3566 3134 3741 3188 Adam

2157 3222 2441 3276 earnalitcr
2486 3231 2670 3288 natus,
2721 3222 3016 3291 contagium
3059 3223 3244 3276 mortis
3288 3224 3517 3294 antiqua:
3566 3225 3741 3293 prima

2159 3311 2435 3366 nativitate
2475 3311 2775 3366 contraxit?
2823 3311 2922 3378 Qui
2972 3312 3036 3365 ad
3082 3312 3357 3367 retnissam
3401 3323 3741 3383 peccatorum

2156 3404 2516 3474 accipiendam
2550 3405 2652 3458 hoc
2697 3405 2810 3474 ipso
2857 3403 3059 3459 facilius
3101 3405 3340 3470 accedit,
3373 3406 3510 3475 quod
3551 3406 3622 3460 illi
3655 3422 3743 3461 rc-

2157 3495 2454 3562 niittuntur,
2475 3509 2579 3548 non
2601 3494 2830 3564 propria,
2857 3493 2950 3550 sed
2979 3493 3149 3548 aliena
3165 3504 3404 3565 peccata,
3430 3493 3619 3567 (Epist.
3645 3496 3735 3562 64,

2153 3586 2222 3638 ad
2249 3584 2488 3656 Fidum

2231 3679 2283 3731 7.
2318 3677 2576 3731 lteticium
2628 3677 2694 3732 ab
2740 3676 3122 3748 Augustoduno
3169 3677 3470 3748 episcopum
3530 3693 3739 3747 magum

2153 3767 2313 3822 fuisse
2357 3767 2690 3821 auctoritatis
2735 3767 2788 3820 in
2832 3767 3068 3823 Ecclesia
3119 3776 3355 3839 tempore
3403 3768 3739 3838 episcopatus

2154 3859 2256 3922 sui,
2292 3865 2438 3928 gesta
2467 3856 2552 3910 illa
2580 3856 2939 3911 ecclesiastica
2970 3857 3130 3911 nobis
3161 3857 3410 3920 indicant,
3441 3856 3652 3926 quando
3681 3858 3739 3913 in

2155 3949 2285 4002 urbe
2334 3947 2500 4000 Roma
2547 3946 2872 4000 Melchiade’
2921 3947 3236 4017 Apostolieze
3284 3946 3435 4001 Sedis
3485 3947 3739 4016 episcopo

2155 4037 2508 4107 prarsidcnte,
2547 4051 2664 4090 cum
2710 4036 2826 4090 aliis
2851 4035 3007 4105 judcx
3056 4035 3324 4101 interfuit,
3369 4036 3739 4105 Donatumque

2153 4128 2461 4191 damnavit,
2508 4127 2597 4196 qui
2628 4126 2773 4196 prior
2798 4136 2983 4180 auctor
3014 4126 3400 4181 Donatistarum
3433 4125 3738 4182 sehismatis

2155 4221 2269 4285 fuit,
2317 4227 2371 4273 et
2410 4218 2750 4274 Cmeilianum
2803 4218 3107 4287 episcopum
3160 4209 3408 4271 Ecclesiae
3458 4218 3742 4289 Carthagi-

2154 4313 2335 4366 ncnsis
2368 4311 2615 4365 absolvit.
2649 4311 2696 4364 Is
2723 4324 2843 4364 cum
2869 4309 2935 4364 de
2960 4309 3230 4378 Baptismo
3255 4318 3462 4379 ageret,
3491 4310 3562 4364 ita
3588 4310 3741 4366 loeu-

2158 4414 2242 4457 tus
2271 4412 2351 4458 est
2377 4422 2390 4458 :
2420 4422 2436 4454 ι
2464 4403 2610 4457 llanc
2654 4401 2812 4471 igitur
2855 4401 3197 4472 principalem
3241 4414 3360 4455 esse
3407 4401 3457 4455 in
3498 4401 3738 4457 Ecclesia

2154 4492 2568 4561 indulgentiam,
2597 4491 2864 4544 neminem
2895 4491 3160 4559 praeterit,
3188 4491 3243 4544 in
3273 4507 3375 4561 qua
3401 4491 3595 4560 antiqui
3624 4493 3738 4545 cri-

2154 4583 2311 4636 minis
2337 4597 2493 4636 omne
2524 4581 2726 4650 pondus
2751 4581 3083 4650 exponimus,
3122 4590 3174 4635 ct
3201 4581 3505 4650 ignorantiae
3535 4591 3738 4636 nostra:

2155 4671 2385 4726 facinora
2419 4671 2586 4740 prisca
2619 4671 2894 4733 delemus,
2945 4669 3032 4723 ubi
3082 4679 3136 4724 et
3179 4680 3413 4725 veterem
3462 4670 3734 4724 hominem

2155 4778 2277 4817 cum
2310 4761 2556 4830 ingenitis
2584 4759 2873 4813 sceleribus
2901 4760 3142 4813 exuimus
3168 4759 3266 4831 (a).
3294 4779 3312 4813 ι
3341 4760 3501 4815 Audis
3528 4762 3736 4830 antiqui

2155 4853 2390 4910 criminis
2433 4851 2658 4923 pondus,
2703 4852 2854 4906 audis
2898 4851 3070 4921 prisca
3113 4851 3376 4920 facinora,
3420 4853 3571 4908 audis
3608 4869 3734 4908 cum

2157 4943 2443 4998 sceleribus
2482 4942 2728 5011 ingenitis
2758 4940 3024 4996 hominem
3071 4954 3305 4997 veterem
3326 4961 3338 4997 :
3359 4955 3411 4998 et
3439 4943 3601 4998 audes
3632 4946 3734 4998 ad-

2159 5051 2346 5090 versus
2377 5035 2488 5088 haec
2519 5035 2786 5087 ruinosam
2818 5043 3129 5089 construere
3159 5035 3478 5092 ιιυνίιειιριιιέ

2227 5128 2278 5183 8.
2307 5126 2583 5196 Olympius
2628 5125 2892 5198 llispanus
2931 5127 3212 5197 cpiscopus
3237 5168 3250 5193 ,
3303 5129 3384 5180 vir
3423 5143 3626 5198 magum
3678 5129 3735 5182 in

2219 5295 2464 5361 {Quidam
2505 5301 2632 5361 Mss,
2653 5292 2730 5361 _ab
2766 5293 2950 5358 antiqui
2971 5295 3204 5360 serpentis
3236 5294 3395 5361 plaga.
3419 5304 3472 5347 Et
3494 5296 3643 5358 infra,
3673 5305 3738 5348 (te

2156 5355 2337 5425 antiqui
2359 5357 2590 5419 serpentis
2604 5356 2773 5425 plaga.
2880 5355 2890 5358 ⁷
2913 5416 2924 5425 _
2991 5415 3001 5425 ,

2219 5420 2239 5485 ξ
2269 5416 2523 5485 'ttuo_tuSS.,
2542 5416 2752 5467 salvatiu'
2772 5430 2856 5480 per
2879 5416 3126 5485 virginem.

2219 5480 2239 5510 ³
2275 5479 2496 5539 Plerique
2519 5488 2642 5540 .uss.,
2667 5491 2752 5540 per
2771 5479 3124 5540 correctionem.

2219 5540 2240 5570 ⁸
2274 5547 2323 5587 tn
2345 5538 2472 5596 Mss,
2495 5539 2580 5588 sed
2601 5538 2770 5602 eadem
2794 5538 2908 5602 (ire.

2183 5663 2189 5668 I
2219 5602 2239 5633 ⁵
2273 5602 2636 5662 Antiquissimus
2675 5599 2984 5649 r‘lori'acensts
3003 5600 3154 5650 codex
3179 5636 3193 5658 ,
3220 5614 3249 5650 α
3272 5600 3594 5652 consecutimc
3616 5616 3741 5667 gra-

2159 5669 2254 5712 lue.

2223 5728 2242 5753 ο
2275 5730 2376 5769 am.
2398 5726 2470 5768 Er.
2499 5729 2550 5769 et
2569 5721 2791 5783 plerique
2816 5730 2939 5774 κιεςς..
2966 5722 3197 5772 remissio.

2222 5786 2240 5815 τ
2279 5784 2420 5830 \atic.
2449 5782 2578 5836 Mss,
2604 5782 2848 5831 Melciudc.
2888 5785 2986 5839 Alii,
3017 5784 3244 5833 Miltiade.

2221 5848 2290 5903 (ίι)
2314 5852 2408 5891 non
2427 5851 2584 5893 exsul
2609 5845 2696 5892 hoc
2719 5845 3010 5906 opusculum.
