4038 6472
281 333 382 391 668

282 448 517 506 Ecclesia
556 457 613 506 et
652 450 707 506 in
734 448 945 507 Christo
981 449 1164 521 gloria:
1187 493 1202 518 ,
1247 452 1298 509 in
1339 453 1566 524 quodam
1606 470 1853 514 sermone

281 540 676 596 ecclesiastico:
705 558 724 593 ι
746 541 800 597 Si
827 542 979 609 ﬁdes,
1010 560 1029 594 ι
1060 543 1266 613 inquit,
1312 562 1333 596 ι
1360 561 1590 615 unquam
1618 548 1669 602 in
1700 549 1855 605 terris

282 630 583 700 incorrupta
624 633 941 697 mansisset,
982 646 1045 687 ac
1089 634 1308 706 vestigia
1350 635 1521 691 deﬁxa
1560 642 1850 706 tenuisset,

279 736 392 792 qua:
419 721 625 791 signata
654 722 925 789 deseruit,
956 739 1223 794 nunquam
1253 728 1559 802 prqtoplasti
1583 730 1853 786 mortifera

279 812 699 882 transgressione
723 813 904 867 vitium
929 814 945 845 ¹
972 815 1253 883 sparsisset
1278 816 1330 870 in
1351 818 1606 886 germine,
1642 829 1699 873 ut
1721 835 1850 891 pec-

276 908 448 955 catum
468 915 592 955 cum
620 901 834 957 homine
859 913 1165 957 nasceretur
1195 903 1328 977 ((1).)
1365 905 1606 962 liabesnc
1630 909 1846 979 aliquid,

276 988 413 1058 quod
458 988 718 1044 adversus
759 1006 858 1046 nos
900 992 993 1046 tibi
1043 993 1220 1048 dicere
1266 996 1510 1061 videaris,
1561 998 1700 1067 quod
1742 1015 1848 1055 non

274 1078 432 1132 etiam
452 1078 507 1132 in
534 1078 692 1132 istum
713 1078 891 1134 dicere
917 1082 1276 1150 compellaris,
1301 1084 1382 1139 vel
1411 1085 1581 1154 potius
1604 1087 1657 1141 in
1682 1088 1811 1142 istos
1824 1089 1849 1143 'i

271 1166 383 1224 Una
410 1177 497 1223 est
519 1169 664 1224 enim
694 1170 928 1224 omnium
953 1171 1215 1227 catholica
1244 1173 1375 1229 ﬁdes
1394 1214 1408 1239 ,
1448 1176 1536 1246 qui
1562 1192 1658 1248 per
1684 1193 1849 1235 unum

273 1258 542 1313 hominem
589 1268 863 1328 peceatum
912 1261 1139 1318 intrasse
1186 1263 1239 1317 in
1291 1266 1585 1335 mundum,
1638 1268 1690 1323 in
1741 1285 1849 1341 quo

271 1362 457 1403 omnes
481 1358 831 1419 peccaverunt
850 1350 1031 1424 (Rom.
1060 1368 1114 1420 v,
1139 1352 1251 1425 1‘2),
1281 1370 1389 1409 uno
1412 1358 1576 1414 cord‘e
1603 1359 1843 1429 credunt,

271 1451 360 1491 ore
386 1453 498 1493 uno
528 1440 777 1505 fatentur,
821 1448 877 1495 et
913 1450 1117 1497 vestras
1156 1445 1380 1500 novitias
1410 1451 1847 1519 prmsumptioncs

270 1528 529 1583 catholica
555 1530 868 1601 antiquitate
896 1532 1229 1589 subvertunt.

336 1621 392 1674 9.
421 1621 564 1675 Audi
595 1620 770 1677 adhuc
794 1622 935 1693 quod
965 1632 1019 1679 te
1039 1624 1211 1697 possit
1238 1628 1465 1699 amplius
1487 1644 1843 1703 commovere,

268 1719 423 1781 atque
450 1712 705 1782 turbare,
750 1723 805 1769 et
846 1715 1043 1771 utinam
1070 1717 1122 1773 in
1149 1719 1340 1775 melius
1361 1732 1706 1779 commutare.
1736 1726 1845 1781 Ec-

267 1803 442 1858 clesia
480 1804 764 1861 catholicae
792 1807 1050 1864 adversus
1076 1809 1357 1867 hereticos
1397 1816 1712 1872 acerrimum
1751 1819 1845 1876 de-

267 1890 538 1949 fensorem
561 1896 921 1952 venerandum
947 1899 1066 1969 quis
1106 1901 1316 1972 ignoret
1352 1903 1610 1962 Hilarium
1640 1909 1846 1978 episeoo

266 1998 387 2053 pum
433 1983 694 2041 Gallum?
736 1987 836 2057 Qui
887 2004 1010 2045 cum
1060 1990 1129 2047 de
1171 1991 1369 2050 Christi
1417 2010 1578 2054 carne
1623 2009 1841 2070 ageret,

263 2074 478 2131 attende
496 2076 625 2146 quid
644 2077 874 2135 dixerit:
903 2098 923 2133 ι
953 2082 1091 2153 Ergo
1108 2098 1228 2139 cum
1251 2085 1445 2142 missus
1462 2097 1562 2155 est,
1594 2107 1613 2142 ι
1640 2091 1837 2162 inquit,

268 2179 290 2215 ι
314 2164 366 2218 in
393 2164 746 2222 similitudine
772 2172 948 2226 carnis
977 2175 1176 2242 peccati
1192 2173 1304 2248 (Id.
1335 2192 1445 2243 vui,
1469 2179 1544 2249 5),
1577 2196 1681 2235 non
1706 2177 1844 2239 sicut

259 2269 473 2313 carnem
502 2257 685 2314 habuit
706 2300 722 2326 ,
755 2261 828 2316 ita
875 2261 1060 2319 habuit
1086 2274 1142 2322 et
1166 2278 1463 2337 peceatum.
1492 2272 1598 2327 Sed
1625 2275 1745 2345 quia
1775 2291 1841 2331 ex

264 2356 480 2417 peccato
505 2352 684 2407 omnis
706 2367 832 2409 caro
856 2365 977 2421 est,
1006 2371 1035 2411 a
1065 2367 1284 2427 peccato
1309 2361 1510 2418 scilicet
1539 2364 1707 2420 Adam
1740 2382 1839 2437 pa-

259 2448 407 2495 rente
454 2440 725 2508 deducta,
782 2445 837 2499 in
880 2445 1226 2505 similitudine
1276 2454 1480 2522 peccati
1530 2457 1706 2512 carnis
1757 2466 1840 2515 est

257 2529 470 2597 missus,
516 2532 793 2591 existente
843 2535 896 2592 in
939 2552 1006 2593 eo
1050 2555 1158 2595 non
1207 2552 1450 2611 peccato,
1496 2546 1590 2601 sed
1635 2552 1835 2617 peccati

250 2626 434 2680 carnis
457 2627 828 2686 similitudine.
857 2649 876 2683 ι
926 2628 1134 2691 Rursus
1179 2634 1318 2691 idem
1363 2637 1478 2707 ipse
1516 2639 1569 2693 in
1611 2641 1836 2711 Exposi-

254 2714 400 2770 tione
443 2719 724 2776 eentesimi
770 2720 1187 2795 duodevigesimi
1238 2726 1453 2794 Psalmi,
1498 2746 1618 2785 eum
1666 2734 1732 2788 ad
1781 2734 1834 2791 id

255 2807 488 2864 venisset
513 2810 655 2880 quod
683 2814 937 2884 scriptum
964 2825 1065 2884 est,
1109 2817 1247 2873 Vivet
1277 2821 1446 2876 animo
1484 2840 1613 2890 mea,
1648 2834 1694 2880 et
1723 2827 1836 2881 laus

248 2898 394 2954 dabit
416 2911 464 2955 te
491 2901 660 2975 (Psal.
691 2920 875 2973 cxvtu,
906 2907 1060 2979 175):
1084 2926 1104 2961 ι
1133 2909 1321 2968 Vivere
1347 2927 1425 2980 se,
1450 2932 1472 2967 ι
1504 2914 1700 2986 inquit,
1738 2936 1757 2970 «
1780 2919 1832 2974 in

250 2988 356 3047 hac
392 2992 501 3047 vita
542 3009 651 3049 non
689 3004 929 3066 reputat;
973 3002 1164 3070 quippe
1204 3001 1293 3071 qui
1334 3003 1572 3073 dixerat,
1611 3005 1745 3061 Ecce
1778 3009 1832 3064 in

247 3082 599 3154 iniquitatibus
639 3099 908 3160 conceptus
948 3107 1089 3157 sum,
1134 3101 1181 3146 et
1210 3095 1262 3147 in
1288 3094 1483 3151 delictis
1508 3100 1698 3167 peperit
1722 3102 1830 3154 me'

246 3183 415 3228 mater
435 3192 545 3229 mea
574 3176 743 3236 (Psal.
766 3195 817 3246 ι,
840 3177 917 3251 7).
946 3180 1057 3237 Scit
1085 3183 1184 3237 sub
1208 3185 1408 3253 peccati
1435 3187 1636 3256 origine
1653 3198 1707 3243 et
1732 3186 1831 3246 sub

246 3267 453 3335 peccati
482 3268 601 3339 lege
638 3283 760 3325 esse
799 3285 858 3327 se
897 3283 1098 3328 natum.
1126 3292 1147 3327 ι
1186 3274 1432 3333 Sentisne
1459 3281 1582 3349 quid
1614 3281 1830 3337 audias?

245 3354 530 3422 Qumrisne
565 3360 692 3430 quid
719 3360 897 3416 dicas?
929 3362 1078 3419 Hune
1105 3366 1275 3421 virum
1306 3376 1445 3424 tanta
1486 3372 1535 3424 in
1566 3372 1827 3443 episcopis

241 3446 525 3502 catholicis
567 3450 724 3505 laude
771 3454 1117 3521 pncclarum,
1164 3465 1307 3512 tanta
1355 3461 1826 3534 notitiai'amaque

239 3541 591 3607 conspicuum
614 3578 630 3607 ,
671 3543 739 3598 de
780 3553 996 3613 peccato
1019 3547 1260 3619 originali
1285 3550 1422 3607 aude
1445 3595 1460 3620 ,
1504 3555 1547 3608 si
1579 3556 1702 3627 quid
1731 3559 1824 3614 tibi

237 3630 443 3688 frontis
463 3643 563 3701 est,
595 3637 884 3694 criminari.

316 3723 408 3779 10.
438 3725 539 3780 Sed
566 3726 740 3782 adhuc
767 3729 889 3785 audi
919 3729 1080 3787 alium
1111 3736 1459 3793 excellentem
1489 3739 1580 3795 Dei
1609 3741 1824 3813 dispen-

234 3821 476 3868 satorem
500 3856 515 3881 ,
556 3833 714 3887 quem
755 3834 984 3876 veneror
1009 3831 1066 3877 ut
1090 3834 1290 3894 patrem
1317 3843 1330 3881 :
1355 3828 1407 3883 in
1440 3829 1651 3887 Christo
1677 3837 1820 3892 enim

232 3902 374 3958 Iesu
402 3921 494 3973 per
519 3908 860 3979 Evangelium
903 3912 1018 3982 ipse
1045 3930 1132 3970 me
1154 3919 1334 3985 genuit
1362 3920 1380 3990 (
1404 3920 1419 3974 Ι
1448 3922 1562 3976 Cor.
1594 3938 1670 3990 tv,
1704 3925 1816 3998 15),

229 4002 291 4049 et
326 4010 395 4048 eo
409 3996 603 4052 Christi
625 4001 867 4055 ministro
888 4003 1153 4060 lavacrum
1174 4014 1594 4077 regenerationis
1615 4019 1816 4086 accepi.

229 4085 465 4141 Beatum
495 4088 684 4159 loquor
711 4092 1051 4148 Ambrosium
1072 4136 1087 4160 ,
1128 4097 1277 4167 cujus
1307 4113 1400 4169 pro
1427 4103 1680 4158 catholica
1715 4085 1817 4162 ﬁde

225 4176 491 4245 gratiam,
520 4182 902 4249 constantiam,
932 4184 1167 4253 labores,
1201 4190 1429 4257 pericula
1452 4233 1467 4258 ,
1499 4192 1608 4247 sive
1637 4197 1816 4263 Operi-

226 4268 346 4323 hus
368 4268 475 4322 sive
499 4272 852 4338 sermonibus,
881 4286 931 4330 et
960 4276 1071 4346 ipse
1092 4293 1207 4332 sum
1232 4292 1500 4351 expertus,
1530 4295 1582 4339 et
1608 4302 1813 4342 mecum

222 4373 353 4414 non
378 4358 578 4416 dubitat
617 4364 763 4419 orbis
804 4367 1092 4435 praedicare
1133 4369 1421 4427 Romanus.
1468 4374 1563 4429 llic
1590 4378 1669 4430 vir
1694 4393 1813 4433 cum

220 4450 531 4507 secundum
553 4454 744 4510 Lucam
763 4469 1050 4526 exponeret
1076 4459 1413 4532 Evangelium
1432 4483 1444 4519 :
1466 4484 1485 4518 «
1502 4465 1764 4536 Iordanis,
1788 4488 1807 4524 ι

218 4538 445 4608 inquit,
479 4557 500 4592 «
522 4557 788 4599 conversus
815 4558 884 4599 est
914 4557 1187 4603 retrorsum
1224 4550 1397 4624 (Prol.
1426 4570 1575 4622 cxnl,
1607 4557 1662 4630 ὃ)
1691 4577 1704 4613 :
1735 4562 1812 4615 si-

216 4627 505 4701 gniﬁcavit
546 4635 792 4690 salutaris
828 4637 1021 4693 lavacri
1053 4638 1226 4695 futura
1255 4648 1502 4714 mysteria
1527 4688 1541 4713 ,
1577 4665 1670 4717 per
1694 4666 1812 4721 qua:

217 4720 275 4775 in
318 4720 607 4788 primordia
638 4735 839 4781 natura:
875 4744 1019 4792 sum,
1067 4732 1153 4800 qui
1188 4732 1431 4801 baptizati
1466 4738 1655 4793 iuerint
1683 4720 1810 4811 par-

214 4809 342 4864 mli
363 4849 379 4874 ,
404 4824 436 4863 a
456 4814 647 4868 malitia
674 4815 1046 4887 reformantur,
1078 4839 1100 4873 ι
1135 4820 1268 4892 (Lib.
1298 4825 1323 4879 l
1358 4826 1408 4877 in
1438 4826 1589 4897 an.,
1617 4847 1669 4883 n.
1695 4832 1807 4905 56).

213 4901 445 4956 Rursus
466 4903 601 4959 idem
632 4908 743 4976 ipse
771 4908 821 4963 in
852 4910 1039 4965 eodem
1066 4927 1265 4982 opere:
1294 4933 1313 4966 ι
1334 4916 1448 4971 Non
1474 4922 1613 4975 enim
1642 4926 1808 4983 virilis

208 4995 429 5059 coitus,
458 5013 478 5047 ι
506 4996 692 5067 inquit,
731 5018 750 5052 ι
769 5002 938 5057 vulva:
971 5004 1241 5075 virginalis
1271 5019 1472 5066 secreta
1521 5019 1803 5086 reseravit;

205 5086 322 5141 sed
373 5086 766 5145 immaculatum
810 5107 993 5150 semen
1043 5097 1329 5155 inviolabili
1381 5113 1532 5158 utero
1578 5106 1807 5175 Spiritus

205 5185 448 5232 sanctus
470 5178 675 5235 infudit.
704 5182 860 5240 Solus
883 5195 965 5240 est
989 5188 1131 5242 enim
1161 5203 1258 5259 per
1281 5193 1455 5248 omnia
1486 5210 1551 5249 ex
1578 5209 1713 5253 uatis
1737 5202 1805 5256 de

202 5268 425 5325 femina
454 5280 666 5327 sanctus
698 5274 951 5332 Dominus
977 5276 1151 5344 Jesus,
1183 5282 1273 5350 qui
1305 5292 1530 5342 terrena:
1560 5295 1800 5363 contagia

202 5362 539 5430 corruptela:
574 5364 896 5422 immaculati
940 5380 1121 5440 partus
1147 5375 1378 5432 novitate
1406 5393 1509 5433 non
1539 5385 1797 5451 senserit,

200 5464 259 5510 ct
280 5454 498 5508 caelesti
524 5456 798 5526 majestate
818 5458 1107 5529 depulerit:
1140 5464 1273 5533 (Lib.
1288 5466 1342 5534 ‘2,
1360 5486 1411 5522 η.
1436 5471 1543 5540 56),
1566 5472 1798 5544 Itemque

268 5565 288 5596 ι
338 5568 459 5651 Trgs
479 5577 508 5613 e
530 5566 762 5617 t'atimnis
784 5576 909 5630 Mss,
928 5572 1175 5636 mortifera
1196 5580 1568 5642 transgressione
1584 5585 1793 5651 mortife-

195 5636 328 5675 rum
353 5624 532 5674 titiam.

268 5689 289 5753 ξ
340 5694 437 5753 .tm.
460 5694 531 5753 Er.
556 5694 607 5753 et
624 5694 754 5753 Mss,
778 5694 986 5753 concepit
1009 5708 1099 5745 mc.

264 5748 355 5806 (α)
379 5754 471 5796 δρα
491 5748 633 5811 hujus
646 5751 903 5815 quatiquati)
920 5748 1100 5805 exstat.

1640 341 1842 397 LIBER
1884 342 2153 401 PRIMUS.

1965 458 2017 512 in
2047 461 2232 517 eodem
2265 463 2378 536 ipso
2407 480 2426 521 :
2457 486 2476 522 ι
2499 468 2715 538 Omnes,
2739 492 2758 526 ι
2794 475 2995 546 inquit,
3032 492 3052 531 ‘«
3078 478 3129 534 in
3161 478 3328 537 Adam
3363 488 3531 541 mori-

1961 557 2141 621 mur',
2173 558 2294 627 quia
2334 577 2421 631 per
2460 579 2617 619 unum
2659 567 2909 624 hominem
2946 584 3204 640 peccatum
3236 577 3439 633 intravit
3478 580 3532 634 in

1960 648 2230 717 mundum,
2272 661 2320 705 et
2355 669 2443 723 per
2484 668 2740 725 peccatum
2768 677 2934 728 mors;
2979 672 3027 717 ct
3061 663 3132 719 ita
3158 665 3208 721 in
3237 684 3406 725 omnes
3436 671 3532 726 Ito-

1958 740 2115 794 mines
2154 745 2481 813 pertransiit,
2530 747 2581 801 in
2621 763 2718 820 quo
2765 768 2934 807 omnes
2978 769 3323 825 peccaverunt.
3379 761 3527 818 Illius

1959 827 2114 899 igitur
2128 832 2299 903 culpa,
2321 848 2463 890 mors
2489 838 2723 893 omnium
2746 850 2826 895 est
2847 862 2864 894 ι
2891 842 3025 914 (Lib.
3046 846 3170 911 4,21.
3190 848 3279 916 67,
3306 851 3376 903 ad
3394 850 3523 906 Luc.

1956 935 2032 983 tv.
2074 922 2186 995 58).
2218 925 2336 981 Alio
2363 926 2490 983 item
2521 929 2637 987 loco
2660 932 2714 986 in
2739 934 2924 989 eodem
2955 937 3241 1010 Evangelia
3282 961 3296 997 :
3343 944 3522 1000 «Cave

1954 1025 2141 1080 ergo,s
2176 1012 2365 1084 inquit,
2400 1035 2419 1068 ι
2440 1032 2507 1073 ne
2532 1026 2655 1075 ante
2680 1022 2918 1088 nuderis,
2942 1026 3077 1081 sicut
3106 1030 3270 1085 Adam
3300 1034 3524 1089 nudatus

1953 1108 2052 1165 est,
2087 1102 2317 1158 mandati
2360 1107 2594 1163 cmlestis
2622 1111 2860 1166 custodia
2891 1113 3192 1186 destitutus,
3239 1130 3293 1176 et
3329 1133 3525 1179 exutus

1952 1186 2076 1243 ﬁdei
2102 1192 2437 1263 vestimento,
2464 1205 2517 1251 et
2544 1198 2621 1254 sic
2645 1198 2840 1258 lethale
2864 1203 3054 1262 vulnus
3080 1210 3303 1279 accepit,
3336 1212 3386 1266 in
3417 1226 3523 1284 quo

1951 1292 2110 1336 omne
2135 1296 2302 1351 genus
2338 1286 2621 1345 occidisset
2647 1289 2936 1349 humanum
2960 1335 2976 1363 ,
3025 1296 3126 1353 nisi
3164 1296 3523 1359 Samaritanus

1951 1369 2038 1426 ille
2064 1370 2396 1431 descendens
2413 1378 2630 1435 vulnera
2653 1381 2767 1453 ejus
2785 1386 2975 1442 acerba
2995 1399 3232 1446 curasset
3256 1410 3274 1444 ι
3310 1390 3443 1465 (Lib.
3465 1395 3518 1461 7,

1950 1476 2003 1516 η.
2037 1463 2137 1531 75,
2180 1465 2247 1519 ad
2281 1466 2409 1523 Luc.
2439 1485 2492 1536 κ,
2522 1472 2638 1543 30).
2676 1473 2881 1533 Rursus
2924 1478 2979 1534 in
3026 1495 3187 1552 opere
3217 1463 3331 1555 ipso
3356 1529 3370 1552 ,
3417 1489 3520 1544 alio

1949 1551 2067 1609 loco
2100 1573 2113 1610 :
2150 1557 2327 1627 «Fuit,
2360 1580 2380 1615 ι
2427 1563 2631 1635 inquit,
2691 1568 2929 1637 «Adam,
2980 1582 3033 1629 et
3065 1551 3129 1631 in
3180 1551 3268 1633 illo
3320 1580 3515 1639 fuimus

1944 1655 2167 1701 omnes:
2191 1649 2344 1717 periit
2362 1650 2549 1723 Adam,
2572 1664 2625 1711 et
2645 1656 2697 1713 in
2719 1658 2809 1715 illo
2830 1677 3014 1720 omnes
3037 1667 3305 1735 perierunt
3330 1688 3348 1723 ι
3377 1671 3521 1747 (Lib.

1949 1734 2002 1835 Zi,
2026 1752 2079 1790 η.
2104 1736 2227 1804 254,
2252 1739 2321 1793 ad
2342 1740 2467 1798 Luc.
2498 1760 2568 1801 xv
2585 1786 2601 1813 ,
2623 1747 2735 1821 24).
2760 1748 2963 1811 Rursus
2998 1734 3136 1813 idem
3165 1760 3277 1830 ipse
3302 1760 3354 1818 in
3372 1734 3517 1835 dpo-

1947 1823 2080 1898 logia
2109 1830 2379 1901 propheta:
2396 1835 2592 1893 David:
2618 1856 2637 1892 ι
2658 1841 2951 1914 Antequam
2976 1823 3296 1918 nascimur,»
3328 1823 3514 1927 inquit,

1948 1931 1973 1967 ι
2001 1920 2325 1977 maculamur
2350 1927 2613 1999 contagio,
2641 1939 2694 1986 et
2720 1942 2842 1990 ante
2870 1951 3084 1994 usuram
3116 1941 3268 2012 lucis,
3299 1948 3518 2017 originis

1946 2008 2112 2081 ipsius
2136 2018 2427 2088 excipimus
2469 2023 2714 2094 injuriam
2740 2070 2754 2093 ,
2785 2031 2836 2087 in
2870 2032 3140 2106 iniquitate
3169 2045 3513 2115 concipimur.

1945 2098 2059 2157 Non
2088 2109 2371 2178 expressit,
2394 2129 2413 2165 ι
2441 2113 2628 2185 inquit,
2658 2136 2677 2171 «
2698 2130 2871 2179 utrum
2902 2141 3198 2197 parentum,
3226 2151 3293 2191 an
3314 2149 3515 2199 nostra.

1946 2191 2012 2246 Et
2037 2193 2087 2247 in
2112 2195 2319 2254 delictis
2349 2217 2774 2280 unumquemque
2798 2191 3018 2284 generat
3055 2233 3224 2279 mater
3252 2240 3366 2282 sua.
3406 2230 3515 2288 Nec

1943 2279 2032 2336 hic
2059 2283 2379 2357 declaravit,
2429 2302 2602 2352 utrum
2642 2279 2701 2354 in,
2730 2279 2939 2362 delictis
2972 2310 3081 2363 suis
3110 2323 3280 2371 mater
3306 2321 3512 2391 pariat,

1942 2389 2009 2430 an
2052 2377 2160 2446 jam
2208 2382 2314 2437 sint
2354 2385 2527 2458 aliqua
2570 2391 2763 2451 delicta
2809 2403 3094 2459 nascentis.
3143 2407 3247 2464 Sed
3289 2377 3407 2469 vide
3447 2377 3514 2473 ne

1944 2473 2227 2540 utrumque
2267 2472 2663 2549 intelligendum
2706 2486 2794 2542 sit.
2843 2489 2952 2547 Nec
2993 2506 3279 2567 conceptus
3321 2472 3512 2562 exsors

1941 2555 2232 2629 iniquitatis
2253 2574 2353 2630 est,
2379 2571 2626 2636 quoniam
2651 2584 2703 2629 et
2728 2591 2973 2646 parentes
2998 2600 3102 2641 non
3130 2555 3311 2647 carent
3331 2594 3508 2667 lapsu:

1939 2655 1993 2701 et
2019 2649 2063 2703 si
2090 2666 2189 2707 nec
2214 2655 2374 2712 unius
2401 2657 2505 2714 diei
2534 2661 2710 2720 infans
2739 2668 2854 2724 sine
2883 2685 3118 2742 peccato,
3150 2682 3319 2736 multo
3345 2649 3509 2757 magis

1939 2751 2039 2793 nec
2080 2740 2151 2795 illi
2199 2748 2423 2802 materni
2468 2764 2756 2824 conceptus
2791 2740 2906 2815 dies
2948 2764 3061 2820 sine
3098 2782 3315 2838 peccato
3361 2740 3506 2835 sunt.

1936 2825 2280 2902 Coneipimur
2304 2851 2433 2908 ergo
2472 2841 2526 2895 in
2559 2854 2773 2912 peccato
2801 2825 3115 2921 parentum:
3141 2868 3194 2914 et
3222 2861 3273 2916 in
3302 2863 3507 2924 delictis

1936 2930 2118 2974 eorum
2165 2925 2452 2983 nascimur.
2494 2929 2600 2987 Sed
2632 2943 2684 2989 et
2726 2937 2838 3006 ipse
2867 2951 3046 3011 partus
3078 2947 3235 3004 habet
3261 2958 3504 3027 contagia

1935 3021 2027 3063 sua
2052 3050 2069 3077 ,
2098 3027 2196 3068 nec
2221 3030 2382 3072 unum
2414 3027 2777 3083 tantummodo
2800 3030 2955 3088 habet
2983 3034 3093 3105 ipsa
3115 3049 3295 3097 natura
3319 3021 3505 3104 conta.

1931 3100 2112 3195 εἶιηηι
2152 3104 2303 3179 (σαι).
2336 3110 2446 3183 Η).
2477 3113 2619 3170 Idem
2648 3119 2761 3188 ipse
2790 3122 2843 3177 in
2872 3100 3209 3195 Expositione
3236 3133 3354 3190 libri
3396 3100 3504 3195 To-

1931 3194 2068 3250 bim:
2098 3216 2115 3248 ι
2142 3198 2271 3265 Quis
2296 3202 2416 3270 iste,
2448 3222 2468 3258 ι
2500 3206 2688 3279 inquit,
2724 3194 2963 3285 «peccati
2991 3230 3072 3275 est
3094 3221 3375 3295 fenerator,
3402 3232 3502 3288 nisi

1930 3285 2190 3357 diabolus,
2209 3307 2355 3364 aquo
2382 3295 2491 3353 Eva
2521 3311 2754 3359 mutuata
2782 3315 3098 3380 peccatum',
3118 3317 3358 3376 obnoxia:
3384 3338 3503 3379 suc‘

1930 3380 2185 3437 cessionis
2229 3388 2404 3443 usuris
2426 3404 2583 3448 omne
2609 3409 2775 3466 genus
2818 3399 3139 3462 defeneravit
3177 3408 3495 3471 humanum»

1931 3469 2076 3577 (gap.
2118 3473 2228 3577 9).?
2267 3476 2470 3537 Rursus
2525 3483 2578 3539 in
2628 3486 2816 3545 eodem
2868 3511 2883 3548 :
2930 3494 3238 3567 Diabolus,»
3294 3469 3497 3577 inquit,

1933 3560 2127 3619 «Evam
2158 3566 2385 3640 decepit,
2415 3582 2473 3629 ut
2499 3579 2861 3648 supplantaret
2886 3587 3075 3657 virum,
3106 3560 3496 3665 obligaret-lite:

1926 3653 2201 3711 rcditatem
2216 3677 2237 3713 ι
2266 3659 2413 3736 (Cap.
2438 3665 2552 3738 25).
2574 3668 2715 3725 Idem
2739 3674 2847 3744 ipse
2870 3677 2920 3730 in
2943 3653 3283 3750 Expositione
3304 3653 3495 3747 Psaltni

1924 3747 2312 3820 quadragesimi
2340 3760 2549 3815 octavi:
2584 3780 2603 3813 «
2626 3765 2737 3819 Alia
2768 3778 2876 3836 est,
2904 3789 2922 3822 ι
2959 3747 3161 3844 inquit,
3210 3780 3494 3853 «iniquitas

1923 3849 2124 3910 nostra,
2154 3844 2254 3899 alia
2284 3848 2515 3906 calcanei
2545 3858 2745 3926 nostri,
2788 3860 2839 3914 in
2882 3878 2988 3933 quo
3010 3867 3174 3922 Adam
3202 3844 3359 3929 dente
3381 3890 3495 3931 scr-

1922 3933 2095 4000 pentis
2132 3944 2213 3989 est
2233 3939 2558 4021 vulneratus,
2587 3954 2640 4000 et
2667 3947 2945 4007 obnoxiam
2986 3954 3341 4017 lnrrcditatem
3368 3979 3492 4021 suc-

1921 4024 2178 4080 cessionis
2209 4020 2573 4089 ltumanm‘suo
2602 4038 2821 4096 vulnere
2845 4043 3164 4119 dereliquit,
3209 4061 3262 4107 ut
3305 4069 3492 4115 omnes

1919 4112 2010 4167 illo
2032 4115 2249 4173 vulnere
2271 4119 2656 4180 claudieemusr
2691 4130 2780 4196 (In
2802 4149 2926 4188 vers.
2955 4137 3032 4205 6).

1990 4206 2216 4263 CAPUT
2256 4210 2340 4265 IV.
2371 4218 2544 4271 —li.
2571 4217 2589 4272 l
2617 4236 2783 4290 nunc,
2809 4234 2862 4279 et
2887 4228 3013 4282 mihi
3042 4230 3210 4301 objice
3235 4236 3491 4306 originale

1918 4300 2517 4361 peccatumzdissimnla
2568 4308 2634 4363 ab
2681 4310 2829 4381 iStis,
2875 4316 3011 4388 ﬁnge
3042 4330 3091 4375 te
3110 4300 3342 4378 inescirev
3361 4330 3485 4396 quid

1918 4381 2124 4449 dicant;
2157 4397 2209 4441 et
2234 4401 2432 4446 sancta:
2458 4394 2709 4453 Ecclesiae
2741 4408 2816 4455 tot
2843 4381 3105 4478 tantisque
3130 4381 3482 4484 doctoribus’,

1917 4474 2004 4543 qui
2032 4475 2133 4529 vita
2161 4480 2359 4547 Optime
2381 4494 2521 4554 gesta
2547 4486 2923 4563 debellatisque
2948 4474 3161 4554 suorum
3190 4474 3482 4573 temporum

1917 4566 2217 4633 erroribus,
2261 4571 2681 4639 gloriosissime‘
2710 4580 2779 4636 de
2821 4583 2919 4639 hoc
2966 4590 3160 4644 smculo
3200 4601 3480 4664 antequam

1915 4669 2011 4708 vos
2039 4657 2330 4715 ebulliretis
2355 4664 2600 4722 exierunt
2622 4710 2634 4731 ,
2679 4672 2823 4729 velut
2865 4675 2942 4731 eis
2972 4694 3073 4731 non
3105 4681 3268 4749 visis,
3312 4684 3373 4762 in;
3395 4704 3481 4744 me

1915 4745 2167 4815 impetum
2200 4749 2417 4818 faciens,
2448 4765 2500 4809 et
2526 4758 2667 4812 velut
2698 4763 2935 4819 nesciens
2964 4768 3102 4837 quod
3132 4771 3202 4825 illi
3234 4745 3480 4833 subiace

1914 4838 2129 4893 nomine
2158 4839 2483 4912 lacerentur,
2521 4855 2766 4917 tanquam
2796 4868 3012 4911 securus
3042 4860 3252 4917 insulta.
3283 4864 3480 4925 Crede-

1912 4941 2025 4981 rem
2058 4937 2127 4995 te,
2174 4929 2361 4999 fateor,
2392 4935 2515 5003 quid
2548 4940 2668 4993 mali
2695 4939 2855 4998 facias
2886 4945 3148 5018 ignorare,
3183 4957 3478 5027 nec‘impu-

1911 5017 2124 5085 dentizn,
2158 5024 2249 5076 sed
2292 5022 2656 5093 imprudentim
2697 5041 2797 5086 tua:
2829 5036 3146 5109 tribuerem,
3192 5048 3330 5115 quod
3363 5048 3475 5105 lure

1912 5106 2106 5163 lumina
2151 5111 2375 5167 civitatis
2420 5115 2509 5169 Dei
2553 5118 2717 5175 audes
2763 5122 3020 5182 hostiliter
3048 5130 3322 5199 insectari,
3357 5154 3473 5207 qua:

1909 5202 2098 5255 sectari
2128 5201 2354 5259 fideliter
2378 5205 2603 5262 debuisti
2630 5228 2642 5263 :
2667 5214 2938 5272 crederem
2970 5228 3018 5272 te
3042 5263 3055 5285 ,
3091 5221 3299 5292 inquam
3326 5268 3338 5287 ,
3373 5229 3471 5282 hoc

1909 5300 2107 5345 tantum
2131 5293 2277 5349 nefas
2302 5299 2635 5357 committere
2666 5292 3006 5377 nescientem,
3037 5314 3134 5368 nisi
3158 5318 3205 5368 in
3230 5337 3292 5371 eo
3313 5319 3466 5387 libro,

1971 5466 1986 5530 ξ
2023 5475 2071 5528 Αι
2091 5468 2152 5518 uti
2179 5468 2491 5530 ambrosius),
2516 5475 2706 5526 mortui.

1967 5528 1986 5558 ²
2019 5536 2193 5578 omnes
2215 5538 2334 5608 ltiss.
2353 5528 2649 5608 “rudentum
2683 5546 2887 5608 peccato.
2920 5542 3205 5593 cenem-dant
3238 5546 3323 5608 ipsi
3350 5551 3464 5601 edili

1902 5597 2098 5697 postea,
2141 5606 2190 5640 ιι.
2215 5592 2304 5654 5'2,
2350 5596 2432 5643 ubi
2475 5608 2583 5644 cu.n
2626 5592 2729 5647 stis.
2755 5600 2966 5659 habent,
3000 5615 3030 5650 α
3061 5616 3153 5664 quo
3178 5592 3463 5662 tritanii:

1920 5657 2015 5698 ίίιίι.

1920 5674 2015 5697 mu.

1967 5712 1987 5783 ξ
2018 5711 2088 5757 sic
2110 5721 2212 5763 \tss.
2242 5725 2293 5783 At
2316 5719 2449 5769 Fditi.
2476 5726 2715 5783 tantamque
2739 5721 2966 5771 docto‘cs.

1966 5771 1985 5803 ⁸
2022 5781 2119 5823 Duo
2145 5792 2171 5824 υ
2199 5782 2337 5828 \a'ir.
2369 5791 2489 5828 \Iss..
2514 5771 2663 5839 glesio
2688 5783 2850 5830 istiuu.
