4038 6464
469 345 575 404 647

471 465 560 519 cui
589 471 643 518 te
668 458 1008 532 respondisse
1033 454 1112 509 vel
1135 453 1423 517 existimas,
1452 449 1534 504 vel
1560 445 1850 503 existimari
1879 443 2049 513 cupis,

483 552 879 623 apertissimum
908 543 1265 602 testimonium
1291 541 1357 596 de
1383 538 1552 594 sancti
1582 536 1846 592 Ambrosii
1871 533 2054 604 dispu-

479 622 680 699 latione
712 639 1004 711 posuissem
1051 634 1164 706 (De
1193 623 1400 702 Nuptiis
1425 640 1470 685 et
1492 625 1936 697 Concupiscemia,
1964 622 2054 677 lib.

476 734 531 799 1,
562 749 616 786 n.
647 730 761 802 40).
803 720 884 784 An
910 726 982 782 ibi
1007 740 1110 780 non
1137 724 1343 795 legisti,
1381 720 1520 792 Quod
1548 733 1666 774 cum
1695 716 1890 772 Christi
1919 713 2056 767 nati-

475 825 694 878 vitatem
746 820 814 876 de
860 817 1082 890 virginis
1125 823 1283 886 partu
1335 826 1493 881 supra
1545 810 1720 864 dictus
1769 805 2062 860 insinuaret

486 915 820 987 episcopus,¢
841 912 1017 974 Ideo,»
1043 910 1330 978 inquit,¢et
1349 904 1496 974 quasi
1521 901 1680 955 homo
1702 914 1795 968 per
1815 897 2061 951 universa

481 1013 712 1060 tentatus
737 1012 854 1071 est,
891 1011 944 1056 et
973 1001 1024 1054 in
1054 996 1398 1053 similitudine
1427 993 1699 1047 hominum
1729 997 1918 1044 cuncta
1945 1000 2062 1040 sns-

481 1095 656 1159 tinuit,
690 1093 782 1148 sed
807 1094 956 1162 quasi
985 1091 1052 1144 de
1075 1087 1272 1158 Spiritu
1304 1093 1461 1140 natus
1490 1080 1739 1136 abstinuit
1767 1093 1795 1132 a
1820 1086 2059 1148 peccato.

481 1184 668 1242 Omnis
691 1184 834 1240 enim
859 1182 1021 1236 homo
1055 1178 1280 1234 mendax
1323 1175 1492 1247 (Psal.
1529 1187 1656 1236 cxv,
1686 1169 1766 1243 2),
1813 1178 1868 1223 et
1907 1180 2064 1222 nemo

483 1277 600 1331 sine
630 1282 848 1344 peccato
885 1271 987 1326 nisi
1026 1285 1164 1324 unus
1207 1269 1363 1322 Deus.
1413 1265 1690 1320 Servatum
1721 1270 1803 1316 est
1831 1260 1986 1330 igitur
2009 1265 2066 1311 ut

487 1380 553 1420 ex
579 1366 692 1418 viro
718 1371 770 1418 et
805 1361 1027 1416 muliere
1047 1400 1062 1426 ,
1109 1357 1160 1412 id
1190 1365 1302 1422 est,
1328 1369 1425 1426 per
1446 1353 1586 1407 illam
1613 1364 1896 1421 corporum
1921 1361 2069 1403 com-

489 1453 800 1508 mixtionem
845 1465 1003 1505 nemo
1046 1447 1286 1502 videatur
1327 1458 1520 1514 expers
1563 1456 1683 1497 esse
1725 1438 1928 1494 delicti.
1967 1436 2066 1502 Qui

489 1556 666 1601 antem
713 1558 905 1614 expers
949 1541 1154 1606 delicti,
1196 1554 1390 1609 expers
1434 1547 1516 1592 est
1554 1535 1712 1589 etiam
1762 1529 2069 1601 hujusmodi

490 1634 853 1706 conceptionis
881 1651 899 1685 ι
937 1622 1041 1703 (Ea:
1067 1639 1388 1684 commentor.
1420 1627 1471 1681 in
1510 1615 1744 1697 Isaiam).
1777 1623 1832 1678 Si
1861 1622 1974 1675 hazc
2000 1619 2072 1674 ibi

492 1726 653 1781 verba
683 1723 968 1780 venerandi
1009 1720 1276 1776 Ambrosii
1305 1734 1408 1774 non
1437 1717 1628 1787 legisti,
1655 1712 1920 1785 quomodo
1949 1709 2072 1766 red-

495 1817 821 1889 arguendum
858 1817 1072 1882 librum,
1102 1814 1280 1883 inquo
1300 1826 1360 1866 ea
1380 1819 1503 1865 sunt
1525 1809 1714 1878 posita,
1758 1801 2074 1873 suscepisti?

498 1901 557 1965 Si
584 1917 761 1963 autem
805 1905 977 1976 legisti
998 1946 1013 1970 ,
1059 1903 1183 1974 quid
1210 1902 1489 1956 adversum
1521 1914 1607 1953 me
1638 1897 1768 1952 furis
1789 1938 1805 1964 ,
1845 1902 1901 1950 et
1929 1894 2075 1948 illum

499 2004 552 2059 in
579 2018 665 2057 me
690 2001 934 2072 primitus
961 1996 1176 2065 carpis?
1204 1995 1340 2064 Quid
1370 2007 1563 2048 nomen
1600 1989 1855 2045 dilaniare
1891 1985 2077 2040 niteris

497 2111 697 2161 meum,
725 2102 779 2149 et
804 2088 1143 2147 Ambrosium
1175 2087 1304 2141 facis
1332 2085 1491 2140 tacito
1515 2082 1632 2154 ejus
1661 2079 1878 2135 nomine
1904 2075 2075 2131 Mani-

498 2187 745 2245 chznum?

572 2278 659 2333 12.
697 2273 884 2332 Cernis
909 2286 1099 2345 nempe
1123 2286 1242 2326 cum
1263 2268 1453 2340 quibus
1485 2274 1572 2322 tua
1599 2262 1881 2320 maledicta
1905 2259 2074 2316 susti-

501 2381 679 2435 neam,
702 2369 878 2424 cernis
907 2382 1026 2421 cum
1057 2363 1248 2434 quibus
1281 2354 1412 2415 mihi
1456 2357 1528 2413 sit
1559 2370 1717 2412 causa
1746 2349 2045 2408 communis
2064 2389 2078 2415 ,

503 2473 661 2533 quam
701 2457 843 2516 nulla
871 2455 1295 2514 consideratione
1334 2447 1510 2507 sobria
1550 2450 1762 2520 pulsare
1805 2442 2083 2502 calumniis

505 2561 562 2610 et
587 2566 887 2622 expugnare
913 2546 1163 2604 conaris?
1203 2544 1386 2601 Cernis
1420 2557 1577 2613 quam
1609 2533 1702 2595 tibi
1731 2535 2085 2608 perniciosum

506 2646 605 2708 sit,
643 2653 748 2698 tam
781 2639 1032 2696 horribile
1073 2638 1277 2694 crimen
1313 2635 1547 2704 objicere
1591 2631 1819 2695 talibus;
1847 2636 1901 2684 et
1927 2640 2086 2698 quam

507 2735 636 2791 mihi
665 2734 974 2804 gloriosum,
1003 2727 1276 2800 quodlibet
1298 2727 1500 2782 crimen
1522 2723 1705 2778 audire
1729 2737 1849 2777 cum
1872 2718 2088 2775 talibus?

508 2826 565 2882 Si
591 2826 783 2888 cernis,
812 2837 992 2888 cerne,
1010 2831 1064 2876 et
1080 2819 1288 2874 tandem
1311 2826 1424 2872 tace
1453 2834 1466 2870 :
1495 2815 1833 2884 Pelagianam
1857 2812 2090 2880 linguam

511 2922 590 2972 tot
618 2913 812 2983 linguis
837 2910 1110 2967 catholicis
1147 2908 1385 2977 deprime
1407 2946 1421 2966 .
1459 2913 1536 2960 tot
1559 2903 1876 2960 venerandis
1911 2901 2090 2955 oribus

508 3014 759 3075 proterva
789 3014 878 3056 ora
915 2995 1184 3055 submitte.
1225 2997 1283 3053 Si
1331 2997 1563 3051 scholam
1602 2993 1914 3052 Xenocratis
1955 2991 2094 3048 sicut

510 3089 731 3150 Polemo
758 3090 835 3164 (a)
864 3106 930 3145 ex
955 3089 1266 3144 antelucano
1293 3087 1537 3143 convivio
1564 3084 1883 3142 temulentus
1901 3083 2093 3138 intras-

513 3199 622 3250 ses,
651 3199 756 3238 non
790 3189 932 3236 tanta
963 3187 1157 3252 quanta
1185 3174 1238 3234 in
1269 3180 1370 3234 isto
1396 3188 1537 3233 cmtu
1568 3186 1644 3232 tot
1672 3185 1973 3232 sanctorum
1999 3173 2094 3230 de-

516 3276 672 3332 beres
722 3271 1041 3330 verecundia
1101 3272 1356 3328 coerceri.
1414 3271 1510 3326 llic
1556 3270 1698 3326 enim
1751 3278 1896 3324 certe
1944 3276 2094 3322 tanto

514 3370 686 3439 major
705 3367 862 3423 debet
881 3381 999 3422 esse
1019 3365 1361 3429 verecundia,
1389 3371 1585 3433 quanto
1607 3362 1784 3417 verior
1807 3360 2096 3416 addiscitur

515 3458 796 3529 sapientia.
823 3457 994 3512 Tanto
1022 3455 1249 3525 amplius
1272 3453 1548 3510 reverendi
1578 3461 1700 3506 sunt
1727 3459 1804 3505 tot
1829 3465 2095 3506 memora-
2128 3518 2132 3521 ι

516 3549 698 3605 bilium
739 3548 1107 3618 episcoporum
1147 3561 1304 3616 quam
1345 3543 1501 3598 unius
1541 3541 1855 3596 Xenocratis
1896 3540 2091 3607 vultus,

515 3649 711 3709 quanto
736 3638 951 3692 Platone
967 3636 1283 3690 Xenocratis
1303 3634 1521 3689 doctore
1541 3631 1728 3686 doctor
1748 3631 1967 3686 istorum
1986 3647 2099 3685 ma-

513 3730 600 3801 jor
623 3737 704 3784 est
741 3728 1004 3783 Christus.
1036 3727 1150 3796 Ego
1186 3735 1330 3781 certe
1358 3725 1525 3780 heatze
1555 3723 1826 3777 memorim
1851 3721 2098 3778 Memoris

517 3822 682 3891 patris
715 3819 789 3874 tui
819 3834 921 3874 non
954 3820 1230 3873 immemor
1259 3817 1328 3887 (ὁ)
1353 3858 1366 3882 ,
1396 3817 1483 3886 qui
1515 3831 1721 3870 mecum
1749 3831 1850 3870 non
1884 3829 2097 3886 parvam

517 3909 710 3966 inierat
753 3909 1038 3964 amicitiam
1078 3908 1340 3978 colloquio
1371 3907 1698 3974 litterarum,
1726 3916 1881 3976 teque
1925 3906 2096 3975 ipsum

517 4001 648 4056 mihi
676 4001 1043 4056 charissimam
1085 4001 1313 4063 fecerat,
1347 4013 1466 4053 cum
1510 4007 1562 4054 te
1589 3998 1820 4053 viderem
1860 3997 1911 4051 in
1951 3996 2098 4052 libris

523 4092 628 4146 tuis
655 4107 760 4146 non
791 4092 1106 4146 antelucano
1131 4090 1373 4145 convivio
1399 4091 1766 4153 temulentum,
1791 4088 1884 4144 sed
1913 4089 2099 4143 insano

520 4185 763 4240 convicio
793 4184 1181 4245 turbulentum,
1224 4182 1491 4238 introduxi
1523 4159 1572 4237 te
1607 4180 1898 4235 sedandum
1942 4190 2099 4248 atque

524 4276 837 4342 sanandum,
865 4291 969 4330 non
999 4277 1048 4330 in
1077 4277 1300 4344 alicujus
1324 4273 1618 4344 philosophi
1641 4272 1978 4335 auditorium,
2006 4269 2096 4325 sed

523 4369 577 4424 in
605 4378 906 4424 sanctorum
936 4379 1142 4438 patrum
1171 4367 1448 4438 paciﬁcum
1477 4364 1945 4434 houorandumque
1974 4377 2103 4416 con-

522 4468 759 4514 ventum.
797 4457 879 4514 Sit
903 4474 1076 4528 operte
1110 4459 1371 4528 pretium,
1400 4456 1621 4512 obsecro
1651 4463 1732 4520 te,
1778 4455 1955 4525 aspice
1984 4454 2101 4509 illos

522 4550 913 4618 quodammodo
939 4552 1255 4620 aspicientes
1297 4559 1380 4615 te,
1423 4559 1476 4604 et
1513 4558 1788 4603 mansuete
1814 4563 1876 4602 ac
1913 4548 2101 4604 leniter

526 4640 764 4698 dicentes
790 4642 881 4697 tibi
912 4660 924 4695 :
954 4639 1096 4696 Itane
1122 4657 1233 4702 nos,
1264 4641 1334 4693 lili
1353 4639 1576 4704 Juliane,
1604 4639 1872 4692 Manicha‘i
1896 4639 2101 4693 sumus?

524 4731 711 4802 Rogo,
743 4733 868 4802 quid
909 4729 1291 4801 respondebis?
1319 4730 1519 4798 Quibus
1546 4745 1636 4784 eos
1667 4730 1831 4784 oculis
1861 4731 2101 4784 intuebe-

524 4823 637 4878 ris?
664 4824 788 4890 Quae
822 4822 910 4877 tibi
948 4831 1254 4890 argumenta
1282 4821 1628 4876 succurrent?
1653 4821 1780 4888 Qua:
1806 4820 2101 4874 Aristotelis

523 4917 802 4985 categorixe
822 4955 836 4979 ,
879 4915 1101 4983 quibus,
1127 4926 1181 4968 ut
1212 4916 1260 4968 in
1295 4930 1390 4968 nos
1421 4915 1566 4968 velut
1591 4914 1780 4968 artifex
1809 4913 2100 4982 disputator

526 5006 746 5070 insilias,
778 5002 946 5058 videri
987 5006 1194 5074 appetis
1241 5004 1525 5060 elimatus?
1552 5004 1679 5073 Qua:
1708 5015 1913 5059 tuorum
1940 5021 2099 5076 argu-

526 5103 824 5152 mentorum
856 5094 937 5148 vel
976 5095 1117 5149 acies
1144 5096 1311 5150 vitrea
1332 5137 1346 5160 ,
1375 5095 1459 5150 vel
1497 5095 1727 5164 plumbei
1767 5097 2021 5167 pugiones
2047 5096 2097 5150 in

523 5185 738 5239 illorum
765 5193 1050 5252 conspectu
1075 5184 1246 5238 exseri
1274 5184 1578 5239 audebunt?
1602 5184 1730 5250 Qum
1758 5184 1854 5237 abs
1880 5192 1930 5238 te
1953 5199 2098 5238 arma

530 5291 634 5331 non
664 5275 858 5345 fugient
885 5273 1190 5344 nudumque
1223 5275 1542 5331 destituent?
1575 5275 1656 5329 An
1701 5273 1834 5328 forte
1869 5273 2102 5329 dicturus

591 5427 954 5494 (a)_Polemo_ex
979 5427 1222 5494 luxuriosa
1243 5429 1567 5494 adolescentia
1607 5429 1807 5494 insignis
1828 5427 1981 5494 factus
1997 5429 2103 5492 phi-

529 5489 780 5564 losophus.
803 5491 918 5540 Vide
938 5491 1171 5564 Valerium
1186 5489 1673 5564 niaximumhlibmﬁ,
1696 5489 1800 5551 cap.
1823 5489 1874 5552 9,
1894 5497 1945 5540 et
1961 5489 2103 5540 uiar-

530 5551 650 5613 tium
673 5553 956 5613 Diogenem,
981 5551 1104 5601 libro
1126 5552 1156 5600 4
1181 5553 1245 5601 de
1269 5554 1369 5601 vita
1392 5551 1796 5613 philosophorum.

593 5612 673 5686 (ὁ).
692 5610 806 5686 vide
830 5610 1162 5686 Augustinum.
1190 5615 1333 5686 Epist.
1363 5610 1443 5661 101
1465 5627 1490 5686 ;_
1503 5610 1620 5686 vide
1637 5614 1784 5661 etiam
1810 5610 1950 5684 infra,
1979 5619 2103 5686 Mer-

529 5671 704 5724 caloris
739 5671 1155 5738 mminonitorium
1197 5671 1430 5724 adversus
1465 5671 1768 5738 Pelagianos,
1808 5676 1857 5724 in
1893 5671 2106 5725 secunda

529 5743 664 5796 [arte
689 5734 987 5796 Appendicis.

1290 331 1560 394 CONTRA
1601 329 1937 428 JD'LIANUM
1967 325 2439 394 PELAGIANUM,
2479 323 2537 380 S.
2580 317 2942 382 AUGUSTINI

2162 456 2253 508 es,
2281 440 2548 495 neminem
2585 439 2795 495 illorum
2822 447 2876 495 te
2904 438 2957 492 in
2991 435 3096 494 isto
3138 431 3361 491 crimine
3390 431 3738 487 nominasse?

2162 530 2232 585 Et
2258 530 2383 600 quid
2409 529 2571 585 facies
2590 568 2604 595 ,
2647 545 2766 584 cum
2797 527 2890 582 tibi
2919 525 3173 590 dixerint,
3202 523 3553 580 Tolerabilius
3577 521 3743 578 dente

2164 621 2420 676 maledico
2458 621 2670 676 nomina
2699 618 3007 674 concideres
3032 625 3208 672 nostra
3228 656 3244 682 ,
3271 629 3426 685 quam
3455 613 3612 669 ﬁdem
3639 627 3745 668 noa

2165 722 2350 778 stram,
2380 713 2530 783 cujus
2555 713 2744 767 merito
2770 711 2822 765 in
2855 709 2992 765 caelo
3021 708 3234 764 nomina
3260 707 3373 776 ipsa
3398 705 3593 774 scripta
3619 712 3750 760 sunt

2165 804 2384 860 nostra?
2412 807 2493 858 An
2521 803 2656 858 forte
2675 802 2818 856 dices
2838 800 2934 867 eis,
2960 799 3068 854 Nec
3095 798 3249 853 ﬁdem
3271 806 3500 852 vestram
3522 796 3632 850 ullo
3654 795 3751 849 tali

2166 897 2388 952 crimine
2417 896 2642 951 violavi?
2670 894 2775 951 Sed
2814 908 2916 963 qua
2946 889 3264 946 conlidentia
3293 887 3347 943 id
3375 887 3552 943 dicere
3577 884 3752 940 audc-

2169 988 2270 1053 his,
2303 988 2463 1042 homo
2500 987 2588 1056 qui
2614 986 2746 1040 dicis
2771 981 3114 1038 Mauichaeum
3141 995 3261 1035 esse
3298 980 3537 1044 sensum,
3573 973 3754 1032 conﬁ-

2169 1080 2268 1134 teri
2297 1095 2362 1134 ex
2397 1077 2567 1132 Adam
2599 1076 2808 1130 trahere
2837 1081 3116 1128 nascentes
3139 1069 3395 1141 originale
3432 1077 3712 1139 peccatum
3736 1085 3752 1130 ;

2169 1171 2310 1244 quod
2349 1170 2435 1225 ἱειί
2461 1169 2688 1225 confessi
2715 1177 2874 1236 atque
2903 1164 3126 1234 professi
3153 1171 3277 1218 sunt
3301 1161 3443 1232 quod
3471 1161 3523 1215 in
3551 1158 3759 1214 Christi

2173 1261 2404 1318 Ecclesia
2424 1261 2441 1292 ¹
2469 1273 2684 1314 suorum
2712 1256 3132 1311 rudimentorum
3163 1261 3400 1321 tempore
3427 1249 3757 1314 didicerunt,

2173 1352 2313 1426 quod
2357 1351 2553 1407 Christi
2595 1349 2892 1405 Ecclesiam
2937 1358 3157 1400 suorum
3203 1342 3464 1398 honorum
3510 1349 3760 1409 tempore

2174 1446 2508 1510 docuerunt,
2556 1443 2643 1512 qui
2690 1455 2786 1511 per
2829 1437 3082 1508 Spiritum
3132 1443 3372 1490 sanctum
3423 1442 3530 1487 tam
3586 1431 3760 1486 multa

2176 1545 2386 1606 peccata
2412 1534 2660 1590 omnibus
2688 1545 2823 1602 quos
2847 1529 3112 1598 baptizare
3136 1531 3440 1596 potuerunt,
3474 1531 3580 1576 tam
3609 1519 3760 1576 mul-

2177 1628 2246 1683 tis
2271 1626 2502 1698 parvulis
2527 1625 2637 1679 sola
2664 1621 2941 1692 originalia
2967 1614 3329 1674 remiserunt?
3358 1611 3553 1668 lterum
3583 1619 3635 1665 te
3659 1607 3763 1663 ad-

2177 1733 2400 1785 moneo,
2432 1718 2622 1772 iterum
2647 1727 2798 1784 rogo,
2833 1710 3012 1780 aspice
3036 1716 3114 1763 tot
3140 1721 3202 1761 ac
3229 1705 3362 1760 tales
3389 1701 3641 1758 Ecclesia:
3668 1714 3766 1754 ca-

2179 1811 2387 1870 tholicae
2413 1808 2719 1863 defensores
2759 1813 2916 1874 atque
2942 1801 3220 1857 doctores'
3245 1817 3260 1854 :
3289 1797 3410 1852 vide
3437 1794 3631 1866 quibus
3651 1802 3763 1849 tam

2182 1916 2399 1974 gravem
2424 1909 2636 1968 tamque
2659 1897 2914 1951 nefariam
2941 1892 3191 1963 irrogaris
3207 1889 3476 1960 iujuriam.

2253 1994 2341 2048 15.
2381 1993 2462 2046 An
2489 1991 2608 2045 ideo
2631 1985 3048 2044 contemnendos
3070 1992 3242 2053 putas,
3269 1980 3390 2052 quia
3410 1977 3764 2033 occidentalis

2184 2083 2434 2141 Ecclesim
2458 2090 2580 2137 sunt
2605 2094 2791 2135 omnes
2811 2119 2826 2145 ,
2855 2091 2955 2132 nec
2983 2076 3122 2130 ullus
3146 2082 3227 2129 est
3249 2073 3302 2126 in
3326 2071 3405 2127 eis
3432 2082 3767 2125 commem0¢

2185 2184 2329 2232 ratus
2357 2189 2386 2228 a
2412 2173 2564 2228 nobis
2586 2170 2817 2226 Orientis
2839 2169 3118 2238 episcopus
3137 2166 3161 2219 ?
3180 2163 3316 2230 Quid
3333 2177 3460 2233 ergo
3485 2159 3764 2221 faciemus,

2186 2283 2306 2324 cum
2336 2267 2408 2323 illi
2436 2265 2606 2322 Grmci
2631 2264 2755 2326 sint,
2782 2276 2880 2316 nos
2904 2259 3116 2315 Latini?
3140 2258 3272 2312 Puto
3300 2255 3389 2312 tibi
3415 2268 3530 2309 eam
3557 2261 3770 2322 partem

2188 2359 2333 2416 orbis
2362 2356 2607 2413 sufﬁcere
2634 2354 2832 2409 debere
2854 2393 2869 2417 ,
2913 2351 2966 2405 in
2997 2364 3099 2419 qua
3136 2348 3364 2418 primum
3391 2344 3773 2415 Apostolorum

2189 2465 2404 2506 suorum
2430 2447 2596 2502 voluit
2623 2445 2878 2501 Dominus
2907 2439 3287 2512 gloriosissimo
3324 2435 3572 2506 martyrio
3599 2446 3776 2487 coro-

2190 2555 2339 2596 nare.
2367 2539 2460 2594 Cui
2489 2536 2743 2592 Ecclesia:
2771 2531 3142 2604 praisidentem
3165 2529 3376 2584 beatum
3399 2522 3775 2581 Innocentium

2192 2632 2234 2687 si
2265 2631 2450 2686 audire
2474 2628 2752 2692 voluisses,
2778 2624 2886 2695 jam
2918 2632 3042 2679 tunc
3065 2619 3411 2692 periculosam
3434 2615 3774 2686 iuventutem

2194 2731 2336 2779 tuam
2355 2720 2648 2790 Pelagianis
2667 2716 2868 2788 laqueis
2886 2713 3143 2770 emisses.
3169 2709 3308 2778 Quid
3325 2708 3466 2763 enim
3488 2703 3661 2776 potuit.
3678 2701 3774 2757 ille

2195 2814 2278 2869 vir
2296 2819 2509 2867 sanctus
2535 2808 2796 2864 Africanis
2831 2803 3158 2875 respondere
3188 2798 3429 2856 conciliis
3447 2837 3462 2862 ,
3493 2795 3596 2850 nisi
3626 2791 3775 2865 quod

2195 2904 2482 2975 antiquitus
2519 2899 2824 2970 Apostolica
2851 2895 3018 2952 Sedes
3055 2902 3110 2948 et
3147 2891 3381 2946 Romana
3411 2901 3533 2942 cum
3560 2883 3778 2940 caeteris

2197 3003 2341 3052 tenet
2361 2997 2760 3063 perseveranter
2782 2984 3051 3043 Ecclesia?
3075 2983 3144 3038 Et
3167 2991 3343 3038 tamen
3363 2979 3480 3050 ejus
3500 2989 3774 3033 successu

2198 3103 2310 3145 rem
2335 3080 2650 3160 (Zosimum)
2669 3081 2892 3136 crimine
2924 3073 3374 3148 praevaricationis
3389 3084 3629 3135 accusas,
3647 3068 3776 3139 quia

2198 3159 2452 3234 doctrina:
2476 3173 2780 3244 apostolicae
2805 3179 2860 3226 et
2883 3169 2964 3224 sui
2989 3165 3283 3224 decessoris
3309 3161 3584 3219 sententiae
3605 3159 3780 3214 noluit

2198 3267 2473 3340 refragari.
2494 3265 2600 3322 Sed
2619 3264 2686 3320 de
2709 3264 2810 3318 hoc
2832 3260 3042 3317 interim
3068 3267 3238 3321 taceo,
3261 3271 3327 3312 ne
3346 3253 3580 3310 animum
3601 3260 3777 3314 tuum,

2199 3378 2360 3435 quem
2385 3374 2574 3417 sanare
2600 3358 2775 3429 potius
2795 3355 2950 3425 cupio
2978 3366 3135 3423 quam
3172 3349 3399 3413 irritare,
3429 3343 3672 3401 laudibus
3697 3339 3781 3396 tui

2201 3429 2524 3510 damnaturis
2562 3450 2883 3506 exulcerem.
2919 3445 3110 3501 Sancto
3147 3438 3453 3496 lnnocentio
3487 3435 3606 3490 vide
3646 3429 3780 3503 quid

2201 3545 2543 3616 respondeas,
2572 3542 2662 3612 qui
2705 3539 2838 3595 nihil
2874 3535 3016 3593 aliud
3052 3534 3120 3589 de
3163 3532 3262 3586 hac
3299 3545 3357 3586 re
3394 3527 3570 3597 sapit,
3615 3539 3780 3595 quam

2201 3636 2341 3708 quod
2366 3635 2450 3689 isti
2479 3634 2531 3688 in
2558 3646 2781 3701 quorum
2814 3638 2866 3684 te
2907 3633 3251 3687 conventum,
3283 3621 3327 3676 si
3354 3631 3528 3675 tamen
3559 3616 3784 3687 prodest

2201 3706 2420 3797 aliquid,
2453 3723 2715 3779 introduxi
2741 3739 2754 3775 :
2785 3735 2907 3775 cum
2938 3718 3018 3772 his
3047 3716 3206 3770 etiam
3236 3714 3345 3783 ipse
3373 3709 3645 3785 considet,
3673 3706 3784 3762 etsi

2203 3820 2467 3892 posterior
2496 3828 2756 3886 tempore,
2785 3813 2929 3883 prior
2951 3811 3091 3865 loco.
3119 3809 3192 3863 De
3220 3804 3427 3861 miseris
3456 3799 3684 3872 parvulis
3709 3797 3785 3852 ab

2204 3887 2447 3982 originali
2479 3909 2637 3973 malo,
2670 3904 2811 3976 quod
2859 3901 3084 3956 trahitur
3111 3915 3176 3952 ex
3223 3897 3413 3958 Adam,
3446 3908 3541 3963 per
3576 3887 3786 3946 Christi

2203 4003 2423 4074 gratiam
2452 3997 2738 4055 liberandis
2758 4037 2772 4057 ,
2799 4009 2960 4049 unam
3000 4006 3118 4047 cum
3149 3989 3228 4043 eis
3267 3995 3409 4042 tenet
3433 3982 3786 4038 christianam

2203 4106 2488 4162 veramque
2513 4087 2826 4144 sententiam
2851 4103 2863 4137 :
2892 4083 2978 4152 qui
3007 4095 3165 4135 omne
3189 4075 3508 4148 praeteritum
3530 4071 3716 4126 vitium
3736 4069 3785 4138 ³,

2204 4186 2358 4256 primi
2388 4185 2592 4239 scilicet
2625 4177 2873 4240 hominis,
2902 4175 2992 4244 qui
3021 4174 3186 4228 libero
3215 4171 3432 4226 arbitrio
3458 4175 3538 4222 est
3565 4166 3620 4220 in
3647 4179 3788 4235 pro-

2205 4277 2363 4333 funda
2393 4275 2665 4330 demersus
2685 4313 2698 4336 ,
2726 4268 2993 4323 Christum
3018 4264 3152 4319 dixit
3176 4263 3256 4318 sui
3284 4262 3498 4315 lavacro
3527 4269 3788 4328 purgasse

2206 4366 2540 4438 Baptismatis
2556 4362 2742 4433 (Epist.
2764 4360 2854 4416 181
2871 4396 2886 4425 ,
2909 4375 2962 4412 η.
2985 4359 3037 4418 7,
3060 4354 3190 4410 inter
3215 4349 3662 4425 Augustinianas);
3689 4347 3791 4417 qui

2206 4459 2431 4528 denique
2481 4456 2728 4526 parvulos
2775 4451 3014 4533 deﬁnivit
3047 4448 3258 4520 (Epist.
3305 4446 3426 4513 182,
3468 4461 3523 4497 η.
3552 4443 3606 4506 5,
3651 4441 3793 4494 inter

2206 4545 2676 4622 Augustininnas),
2727 4545 2826 4597 nisi
2895 4539 3331 4596 manducaverint
3389 4550 3604 4591 carnem
3657 4533 3792 4589 Filii

2207 4641 2456 4703 hominis,
2491 4639 2651 4691 vitam
2680 4649 2896 4704 prorsus
2925 4633 3119 4687 habere
3154 4646 3258 4684 non
3283 4643 3440 4698 posse
3469 4625 3660 4695 (Joan.
3685 4641 3742 4679 vi
3775 4667 3791 4689 ,

2206 4733 2334 4804 54).
2367 4733 2497 4786 lluic
2541 4728 2821 4797 responde,
2854 4726 2961 4779 imo
2988 4724 3086 4793 ipsi
3124 4721 3372 4787 Domino,
3399 4719 3550 4788 cujus
3572 4717 3661 4772 ille
3684 4733 3796 4773 ano

2208 4831 2356 4884 tistes
2385 4840 2514 4880 usus
2533 4831 2615 4878 est
2639 4817 2960 4884 testimonio,
2992 4825 3046 4872 et
3073 4815 3159 4871 dic
3186 4814 3326 4870 unde
3353 4814 3524 4882 imago
3551 4811 3643 4865 Dei
3674 4821 3795 4866 tam

2206 4916 2414 4988 capitali
2443 4911 2700 4983 supplicio
2732 4909 2997 4988 puniatur,
3028 4915 3086 4961 ut
3108 4907 3214 4961 vita
3239 4905 3493 4974 privetur,
3516 4901 3558 4954 si
3587 4915 3798 4970 pecca-

2206 4986 2317 5064 tum
2355 5023 2386 5060 a
2430 5004 2770 5060 nascentibus
2803 4986 3058 5071 originale
3096 5013 3202 5053 non
3242 4995 3486 5051 trahitur.
3519 4993 3624 5048 Sed
3653 4993 3796 5062 quid

2206 5099 2372 5162 dicas,
2405 5105 2496 5150 aut
2518 5093 2644 5165 quid
2685 5093 3040 5164 respondeas;
3069 5090 3159 5160 qui
3189 5089 3348 5144 etiam
3376 5087 3418 5141 si
3451 5087 3662 5140 beatum
3686 5101 3800 5139 an-

2206 5188 2334 5244 dcas
2359 5184 2744 5251 Innocentium,
2769 5199 2872 5237 non
2897 5180 3115 5236 audebis
3143 5187 3317 5234 tamen
3344 5177 3609 5233 Christum
3639 5175 3804 5232 dicc-

2207 5297 2266 5337 re
2289 5276 2669 5335 Manichaeum?

2278 5374 2364 5430 14.
2405 5371 2519 5427 Νοη
2549 5379 2632 5427 est
2655 5383 2782 5438 ergo
2819 5383 2914 5424 cur
2937 5380 3198 5438 provoces
3221 5365 3286 5420 ad
3313 5363 3544 5420 Orientis
3570 5360 3801 5417 antisti-

2273 5553 2289 5584 ι
2323 5550 2519 5620 codices
2540 5555 2666 5620 pass,
2699 5548 2824 5613 quod
2856 5547 2907 5599 in
2929 5551 3096 5598 amicta
3127 5542 3336 5597 Ecclesia
3362 5555 3382 5594 :
3407 5549 3459 5593 et
3480 5541 3630 5601 infra,
3653 5552 3802 5602 quoa

2207 5619 2420 5665 sanctam
2444 5611 2719 5662 Ecclesian

2271 5677 2291 5705 ³
2323 5675 2394 5722 sic
2411 5685 2584 5722 omnes
2614 5680 2718 5720 Mss.
2741 5672 2856 5720 Editi
2875 5706 2889 5729 ,
2915 5675 3140 5720 rectores.

2273 5735 2293 5768 ⁸
2327 5721 2422 5784 Ain.
2443 5741 2516 5782 Er.
2542 5721 2595 5783 et
2616 5733 2834 5797 plerique
2860 5721 2985 5792 use,
3010 5732 3087 5781 hic
3112 5739 3163 5782 et
3184 5726 3320 5790 infra,
3344 5722 3577 5792 prwteriti
3596 5721 3803 5775 ritimis.
