4038 6474
218 437 336 490 tes;
366 421 489 495 quia
516 428 574 481 et
603 420 704 494 ipsi
725 417 1218 492 utiqueIchristiani
1257 427 1400 485 sunt.
1442 427 1497 477 et
1532 400 1812 492 utriusque

219 517 384 586 partis
414 524 680 569 terrarum
718 512 850 569 ﬁdes
886 512 985 567 ista
1015 526 1120 566 una
1149 520 1262 576 est;
1293 513 1414 582 quia
1453 520 1506 567 et
1547 512 1677 568 Iides
1709 515 1810 567 ista

217 607 510 662 christiana
538 617 623 661 est
651 624 666 659 :
694 614 745 659 ct
778 615 827 659 te
869 615 1017 659 certe
1042 603 1387 660 occidentalis
1415 614 1553 660 terra
1581 620 1811 675 genera-

218 697 316 760 vit,
347 695 696 752 occidentalis
719 695 1048 766 regeneravit
1076 695 1333 750 Ecclesia.
1369 695 1504 763 Quid
1531 697 1579 751 ei
1618 696 1816 766 qumris

219 787 444 851 inferre,
468 787 613 855 quod
637 788 688 841 in
705 803 765 841 ea
784 803 890 842 non
911 787 1178 850 invenisti,
1201 786 1414 857 quando
1432 787 1482 840 in
1506 787 1620 857 ejus
1645 802 1814 841 mem-

216 880 314 936 bra
351 882 590 936 venisti?
619 881 731 935 Imo
758 881 881 952 quid
913 881 961 936 ei
1000 880 1195 951 qumris
1220 879 1430 935 auferre
1451 922 1464 943 ,
1498 879 1638 950 quod
1670 879 1720 934 in
1753 893 1815 933 ea

222 988 280 1030 tu
326 989 541 1044 quoque
572 973 862 1044 accepisti?
891 972 1020 1027 Nam
1050 983 1323 1044 peccatum
1363 973 1641 1042 originale,
1673 973 1814 1043 quod

219 1066 275 1119 In
302 1065 533 1118 aliorum
561 1065 850 1134 perniciem
881 1065 1220 1132 parvulorum
1252 1077 1445 1133 negas,
1483 1079 1818 1134 quacumque

219 1165 379 1211 atate
399 1157 476 1210 sis
495 1155 816 1224 baptizatus,
839 1165 931 1208 aut
955 1155 1128 1224 ipsum
1165 1154 1256 1209 tibi
1286 1158 1566 1209 remissum
1593 1165 1693 1219 est,
1728 1166 1820 1210 aut

214 1257 268 1302 et
291 1247 525 1315 ipsum‘.
542 1245 647 1301 Sed
670 1247 714 1300 si
741 1261 923 1301 verum
947 1245 1206 1315 est,quod
1232 1246 1549 1313 audivimus,
1567 1256 1618 1302 te
1645 1248 1818 1302 infau-

222 1337 393 1390 tulum
423 1335 790 1405 baptizatum,
821 1338 982 1391 etiam
1016 1347 1068 1390 tu
1099 1337 1344 1406 quamvis
1377 1352 1406 1391 a
1446 1338 1551 1392 tuis
1592 1337 1820 1408 pr0priis

221 1428 464 1498 peccatis
500 1429 795 1496 innocens,
827 1438 1005 1483 tamen
1051 1428 1174 1500 quia
1219 1444 1286 1484 ex
1335 1429 1502 1483 Adam
1531 1431 1819 1486 carnaliter

222 1529 401 1586 natus,
426 1521 732 1590 contagium
755 1521 940 1575 mortis
965 1521 1194 1591 antiqua:
1215 1520 1384 1590 prima
1415 1521 1686 1576 nativitale
1713 1533 1820 1577 tra-

221 1611 347 1665 xisti
374 1629 387 1664 :
418 1621 472 1665 et
517 1611 570 1665 in
602 1611 876 1681 iniquitate
905 1620 1195 1680 conceptus
1226 1626 1304 1677 es,
1337 1610 1576 1680 profecto
1605 1613 1816 1667 exorci-

219 1713 372 1760 zatus
400 1714 457 1759 et
477 1704 787 1760 cxsufﬁatus
815 1721 894 1771 es,
923 1713 1028 1760 uta
1057 1714 1317 1774 potestate
1345 1714 1528 1760 erutus
1564 1705 1816 1761 tenebra-

218 1811 339 1852 rum
365 1797 740 1873 tratisferrcris
778 1799 832 1853 in
872 1814 1096 1868 regnum
1124 1797 1319 1852 Christi
1343 1797 1572 1870 (Coloss.
1605 1814 1656 1865 l,
1688 1797 1815 1870 I3).

219 1887 268 1944 0
292 1890 362 1943 lili
394 1890 540 1946 male
566 1906 635 1945 ex
653 1889 820 1944 Adam
850 1899 992 1953 nate,
1021 1889 1114 1944 sed
1136 1889 1272 1945 bene
1297 1890 1348 1944 in
1374 1887 1586 1945 Christo
1612 1899 1814 1957 renato,

220 1979 574 2036 Sacramenta
604 1983 796 2052 quibus
827 1991 877 2038 te
907 1982 1128 2052 peperit,
1160 1991 1263 2037 tuze
1289 1983 1444 2037 matri
1477 1983 1690 2038 conaris
1719 1998 1817 2037 au-

221 2070 383 2128 ferre.
426 2072 695 2143 Numquid
725 2072 1009 2127 Manichwa
1040 2073 1174 2139 fuit,
1206 2073 1419 2144 quando
1448 2074 1549 2129 isto
1577 2074 1736 2128 modo
1769 2084 1820 2130 te

220 2163 453 2233 peperit,
484 2177 590 2233 quo
617 2164 774 2217 modo
791 2163 902 2234 jam
933 2178 1036 2218 non
1065 2165 1146 2219 vis
1172 2173 1228 2218 ut
1249 2165 1441 2235 pariat,
1469 2177 1523 2220 et
1549 2165 1744 2236 ingeris
1768 2167 1817 2222 ei

219 2255 517 2309 nativitatis
537 2257 562 2287 ¹
587 2256 869 2325 opprobria
890 2299 904 2321 ,
940 2266 999 2311 ut
1037 2256 1088 2310 in
1130 2272 1189 2312 ea
1221 2259 1429 2312 ceteris
1457 2257 1706 2326 claudas,
1752 2273 1818 2312 cx

223 2344 422 2413 quibus
446 2344 560 2414 ipse
586 2355 742 2400 natus
775 2361 867 2411 es,
897 2346 1101 2401 viscera
1133 2345 1383 2416 pictatis?
1419 2347 1620 2402 Dividis
1648 2348 1694 2402 ei
1719 2363 1819 2402 no-

221 2450 351 2489 men
377 2435 475 2489 viri
502 2436 608 2501 sui,
639 2445 694 2491 ut
715 2435 778 2490 ad
803 2436 1194 2505 regenerandos
1225 2437 1472 2506 parvulos
1499 2445 1822 2492 tantummo-

217 2525 291 2580 do
323 2525 568 2582 Christus
606 2529 707 2594 sit,
747 2528 812 2583 ad
852 2528 1084 2598 majores
1120 2537 1294 2583 autem
1336 2528 1580 2584 Christus
1621 2529 1816 2597 Jesns;

219 2622 354 2689 quia
383 2623 584 2676 scilicet
603 2621 758 2678 Jesns
798 2622 1043 2678 Salvator
1081 2623 1460 2692 interpretatur
1487 2641 1502 2678 :
1528 2623 1669 2694 quod
1695 2639 1818 2678 eum

216 2715 465 2782 parvulis
484 2730 603 2769 esse
635 2731 738 2769 non
767 2715 946 2780 vultis,
979 2715 1069 2786 qui
1097 2716 1229 2770 nihil
1267 2699 1360 2770 eos
1401 2714 1636 2784 habere,
1679 2715 1820 2772 unde

213 2807 354 2863 illos
379 2808 556 2862 salvos
583 2808 758 2874 faciat,
783 2809 1104 2878 prmdicatis.

285 2891 526 2947 CAPUT
569 2892 629 2947 V.
657 2923 730 2932 —
758 2893 846 2947 15.
885 2891 992 2947 Sed
1031 2907 1133 2946 non
1170 2891 1260 2947 tibi
1289 2891 1463 2947 deerit
1500 2890 1678 2962 magni
1723 2905 1818 2946 no-

211 2981 390 3036 minis
417 2994 470 3036 et
507 2983 639 3037 fama
681 2983 1030 3038 celeberrima
1074 2983 1294 3038 illustris
1332 2983 1613 3053 cpiscopus
1657 2985 1817 3039 ctiam

210 3071 283 3129 de
330 3072 572 3141 partibus
611 3072 876 3140 Orientis,
917 3073 1068 3143 cujus
1107 3073 1317 3143 eloquia
1352 3075 1580 3144 ingentis
1625 3076 1818 3129 merito

210 3165 436 3234 gratim,
460 3165 615 3219 etiam
648 3166 698 3220 in
725 3165 960 3235 linguam
989 3166 1206 3219 latinam
1231 3166 1486 3221 translata
1516 3181 1818 3236 usquequa-

210 3274 328 3328 que
363 3258 687 3313 claruerunt.
715 3257 910 3314 Scdcat
934 3274 1059 3329 ergo
1088 3273 1207 3313 cum
1242 3259 1356 3313 istis
1391 3259 1630 3330 patribus
1655 3260 1815 3314 etiam

209 3362 448 3406 sanctus
472 3349 780 3422 Gregorius,
812 3363 865 3406 et
890 3366 1011 3407 cum
1051 3353 1130 3407 eis
1156 3361 1260 3406 tuac
1285 3353 1672 3407 criminationis
1699 3353 1816 3405 ina-

209 3456 357 3497 nem
383 3441 642 3512 patiatur'
673 3441 922 3497 invidiam
955 3459 968 3496 ε
999 3441 1124 3496 dum
1167 3451 1341 3496 tamen
1369 3457 1489 3497 cum
1515 3442 1593 3497 cis
1629 3453 1815 3497 contra

207 3533 484 3590 novitiam
523 3543 725 3604 pestem
771 3543 1000 3590 vestram
1024 3577 1037 3597 ,
1080 3534 1448 3589 medicinalem
1489 3533 1723 3607 proferat
1761 3544 1817 3592 et

204 3626 341 3696 ipse
370 3628 701 3682 sententiam.
729 3627 865 3682 Audi
888 3643 1015 3700 ergo
1040 3628 1162 3699 quid
1189 3629 1330 3682 dicat
1358 3647 1372 3682 :
1409 3647 1430 3681 ι
1459 3629 1656 3699 Imago,
1687 3649 1706 3682 ι
1733 3631 1816 3684 in-

204 3718 363 3789 quit,
395 3735 415 3770 (
452 3717 544 3773 Dci
573 3718 744 3773 labem
786 3735 1056 3789 corporeae
1085 3719 1442 3775 inuudationis
1478 3720 1810 3791 expurget‘,

201 3820 258 3864 et
293 3807 640 3878 conjunctam
669 3809 771 3866 sibi
791 3825 1004 3865 carnem
1032 3810 1180 3866 verbi
1214 3810 1303 3866 Dei
1325 3810 1570 3868 sublevet
1600 3813 1808 3883 pennis.

201 3902 276 3957 Et
312 3903 561 3970 quamvis
587 3903 778 3958 melius
807 3901 1013 3967 fuisset,
1047 3918 1113 3957 ne
1136 3917 1295 3973 cgere
1319 3903 1530 3974 quidem
1561 3903 1812 3974 hnjuscc-

199 3993 370 4050 modi
401 3995 780 4064 expurgatione
802 4037 816 4062 ,
847 3995 938 4050 sed
970 3994 1022 4048 in
1062 3995 1151 4048 illa
1192 3995 1363 4065 prima
1400 3995 1657 4066 dignitate
1685 4014 1810 4067 per-

198 4084 506 4148 mansiSSe,
535 4083 600 4138 ad
625 4099 783 4156 quam
815 4093 870 4139 et
903 4085 1296 4148 refestinamus,
1334 4095 1452 4154 post
1494 4097 1809 4154 praesentem

196 4174 648 4231 emendationem
670 4176 691 4207 ⁸
712 4216 726 4238 .
757 4186 809 4229 et
837 4175 1026 4231 melius
1057 4175 1239 4229 fuisset
1266 4191 1369 4230 non
1399 4177 1644 4232 excidere
1673 4192 1701 4229 a
1748 4177 1814 4231 ις..

194 4284 318 4341 gno
359 4269 480 4323 vita:
505 4280 659 4338 gustu
679 4272 1014 4324 amarissimo
1036 4271 1271 4339 peccati;
1298 4279 1472 4324 tamen
1500 4271 1552 4326 in
1574 4271 1811 4325 secundo

197 4361 339 4416 loco
370 4359 584 4428 expedit
621 4360 891 4414 emendari
918 4370 971 4414 ct
1005 4360 1197 4430 corrigi
1231 4371 1348 4431 post
1391 4361 1618 4430 lapsum,
1651 4377 1808 4431 quam

193 4450 258 4508 in
294 4450 556 4520 nequitiis
582 4466 915 4521 permanere.
951 4472 969 4504 ι
1004 4451 1245 4522 Itemque
1279 4453 1416 4507 idem
1448 4454 1560 4524 ipse
1594 4472 1606 4508 :
1646 4471 1664 4506 ι
1695 4455 1812 4508 Sic-

191 4554 259 4598 ut
291 4547 360 4597 in
392 4541 555 4597 Adam
604 4559 810 4610 omnes,
847 4564 866 4597 ι
900 4545 1086 4614 inquit,
1120 4563 1139 4596 ι
1170 4533 1363 4599 mortui
1412 4561 1616 4614 sumus,
1650 4546 1719 4601 ila
1758 4556 1813 4602 et

193 4635 253 4690 in
297 4633 524 4689 Christo
548 4649 739 4690 omnes
781 4635 1126 4690 viviﬁcemnr.
1157 4637 1286 4692 Cum
1317 4636 1531 4693 Christo
1559 4654 1684 4710 ergo
1713 4655 1813 4693 na-

189 4741 433 4782 scantur
449 4725 490 4789 ‘,
518 4734 714 4780 etcum
745 4725 960 4782 Christo
989 4727 1376 4798 cruciﬁgamur,
1407 4739 1460 4784 et
1479 4733 1809 4800 conscpclia-

187 4832 340 4873 mur
369 4816 416 4869 ci
445 4816 494 4870 in
525 4825 772 4883 mortem,
810 4827 869 4871 ut
896 4833 1016 4871 cum
1045 4819 1158 4888 ipso
1189 4819 1346 4874 etiam
1377 4835 1716 4890 resurganms
1741 4823 1806 4877 ad

185 4914 405 4966 vitam.
435 4907 663 4964 Necesse
701 4921 784 4964 cst
813 4911 954 4964 rnim
987 4926 1085 4964 nos
1126 4912 1329 4982 perpeti
1364 4912 1548 4966 utilem
1592 4913 1728 4968 hanc
1753 4925 1808 4969 ct

185 5003 576 5061 necessariam
605 5003 1023 5058 vicissitudinem
1058 5020 1070 5057 :
1107 5015 1163 5058 ut
1191 5007 1327 5059 sicut
1351 5022 1417 5060 ex
1441 5007 1592 5061 bonis
1615 5008 1680 5062 ad
1707 5010 1805 5064 tri-

184 5098 309 5152 stin
345 5093 578 5149 devoluti
618 5110 823 5158 sumus,
852 5096 921 5150 ita
944 5112 1006 5150 ex
1045 5098 1280 5152 tristibus
1307 5098 1371 5153 ad
1402 5100 1618 5154 meliora
1648 5118 1804 5173 repa-

183 5201 420 5246 rcmur.
444 5185 540 5241 Ubi
562 5187 703 5240 enim
724 5187 1014 5242 abundavit
1035 5199 1332 5258 peccatum,
1360 5193 1809 5261 superabundavit

180 5277 439 5353 gratia:
493 5286 548 5333 ut
583 5293 720 5349 quos
770 5289 957 5348 gustus
1005 5281 1128 5349 ligni
1179 5283 1364 5337 vetiti"
1395 5284 1800 5353 condemnavit,

253 5395 282 5463 ξ
323 5391 407 5463 S_ic
425 5403 597 5441 omnes
619 5389 756 5463 editi.
785 5389 972 5463 Aliquid
996 5399 1160 5463 tamen
1183 5393 1264 5445 hic
1283 5395 1463 5446 deesse
1488 5397 1695 5449 videtur.
1746 5406 1804 5448 tu.

255 5457 284 5488 ³
325 5461 512 5516 omnes
532 5467 684 5516 prope
708 5461 833 5516 Mss.,
861 5457 1102 5505 omittatis.

253 5520 282 5552 ³
323 5514 650 5578 ριιίόωηιῐδξ,
668 5515 924 5578 partiatur.
1699 5539 1706 5544 -

253 5580 286 5612 δ
327 5576 499 5651 Ριξξι-αξ
518 5583 648 5651 μεθ,
669 5575 678 5578 ’
697 5575 852 5626 labem
888 5590 1167 5651 corpoream
1200 5579 1505 5650 mundatione
1545 5592 1800 5651 expurget.

173 5636 450 5707 nonnulli,
476 5636 630 5687 (abem
653 5651 898 5707 corporeis
922 5636 1244 5707 inimrlutionis
1265 5653 1480 5707 expia-ge

249 5706 279 5736 ⁵
323 5699 513 5761 Aliquot
535 5707 666 5759 Mss,
689 5700 1088 5750 emwtdutionem.

253 5765 280 5794 ⁸
327 5762 518 5824 Aliquot
550 5768 679 5817 Uss,
716 5774 1044 5811 renascuntur.

248 5827 280 5860 ⁷
323 5829 378 5872 In
402 5832 526 5878 Mss,
551 5830 735 5872 vetitus.

450 5886 676 5947 Sum.
736 5888 1005 5947 AUGt‘ST.
1043 5888 1124 5950 Χ.

1609 322 1810 384 LIBER
1846 323 2120 389 PRIMIS.

1917 341 2120 389 unum.
3395 341 3504 402 650

1917 422 2117 477 Christi
2139 436 2266 479 crux
2285 423 2453 486 gratia
2471 423 2961 499 largiorcjustiﬁcct
2985 450 3005 485 ι
3036 431 3302 506 (Oratione
3318 436 3370 492 in
3399 437 3513 492 Na-

1921 511 2072 565 talem
2131 512 2342 577 Christi,
2400 523 2553 585 paulo
2597 529 2706 588 post
2752 521 2994 595 initium).
3061 524 3206 582 Idem
3254 543 3439 585 rursus
3486 546 3507 586 :

1927 619 1946 653 ς
1981 602 2268 671 Venerare,
2307 624 2325 658 ι
2359 605 2547 676 inquit,
2580 628 2598 662 ι
2635 612 2995 680 nativitatem,
3029 631 3123 686 per
3150 633 3307 688 quam
3338 631 3514 678 terre-

1922 708 2005 747 me
2025 695 2313 750 nativitatis
2332 698 2555 754 vinculis
2577 701 2827 759 liberatus
2851 719 2929 760 es.
2961 706 3171 763 Honora
3197 710 3513 769 Bethlebem

1924 787 2166 856 pusillam
2189 797 2241 843 ct
2269 789 2565 857 minimam,
2593 807 2691 864 per
2715 811 2872 864 quam
2901 799 2994 854 tibi
3020 815 3296 872 regressus
3323 805 3388 860 ad
3418 821 3512 875 pa-

1923 878 2156 933 radisum
2190 880 2482 948 patefactus
2509 892 2590 939 est
2624 903 2643 937 ›
2679 885 2862 953 (lbid.,
2897 890 2986 944 sub
3025 893 3175 960 ﬁnem
3197 895 3234 965 ).
3270 896 3508 967 Itemque

1924 970 2045 1024 alibi
2077 971 2143 1025 de
2187 972 2459 1042 Baptismo
2487 975 2706 1046 loquens
2747 997 2760 1034 :
2807 997 2825 1031 ι
2859 981 3216 1052 Persuadent,
3254 1006 3272 1039 ο
3304 988 3509 1058 inquit,

1930 1080 1949 1113 ι
1978 1063 2071 1117 tibi
2095 1063 2163 1118 de
2191 1063 2290 1120 hoc
2312 1081 2524 1136 quoque
2546 1083 2723 1124 sermo
2743 1069 2936 1127 Christi
2965 1073 3211 1143 dicentis,
3243 1080 3520 1137 neminem

1924 1171 2080 1226 posse
2106 1159 2326 1214 introire
2353 1161 2404 1215 in
2433 1177 2654 1231 regnum
2676 1164 2957 1233 cmlorum,
2988 1169 3088 1224 nisi
3113 1180 3328 1228 renatus
3354 1172 3515 1230 fuerit

1923 1261 1988 1301 ex
2008 1262 2144 1318 aqua
2166 1259 2218 1303 ct
2243 1250 2430 1320 spiritu
2460 1269 2478 1303 ι
2507 1251 2686 1322 (Joan.
2718 1271 2794 1320 nt,
2819 1256 2894 1328 5).
2923 1257 3026 1312 Per
3045 1259 3186 1316 hunc
3205 1263 3389 1331 prima:
3415 1280 3516 1321 na-

1925 1338 2144 1394 tivitatis
2179 1343 2404 1396 maculae
2430 1355 2742 1415 purgantur,
2774 1364 2868 1418 per
2901 1366 3034 1422 quas
3063 1354 3115 1409 in
3147 1355 3516 1426 iniquitatibus

1923 1429 2282 1500 concipimur,
2316 1442 2367 1487 et
2399 1434 2450 1488 in
2489 1435 2696 1491 delictis
2732 1450 3033 1508 genuerunt
3062 1460 3160 1500 nos
3186 1456 3385 1505 matres
3411 1465 3513 1505 no-

1923 1529 2067 1574 strzc.
2104 1539 2123 1573 ›
2155 1521 2420 1594 Numquid
2457 1535 2511 1581 et
2535 1527 2691 1582 istum
2719 1529 2991 1588 Maniebtei
3018 1549 3206 1606 sapere
3227 1539 3309 1595 vel
3330 1536 3515 1610 jacere

1923 1626 2127 1668 venena
2165 1614 2402 1671 dicturus
2440 1633 2499 1672 es
2531 1618 2556 1672 Ἰ
2585 1620 2752 1676 Audis
2802 1638 2988 1681 omnes
3032 1643 3138 1682 uno
3180 1631 3373 1701 corde,
3405 1650 3513 1690 uno

1923 1718 2039 1770 ore,
2068 1719 2169 1758 una
2203 1706 2304 1761 Iide
2326 1706 2551 1779 idipsum
2576 1710 2775 1778 dicere,
2801 1724 2855 1770 et
2885 1714 3021 1775 hanc
3049 1734 3171 1778 esse
3195 1722 3515 1783 catholicam

1928 1795 2087 1851 ﬁdem
2120 1813 2225 1852 non
2253 1799 2564 1859 dissonante
2591 1809 2982 1867 contestatione
3012 1813 3298 1872 ﬁrmatam.

1999 1910 2087 1965 l6.
2128 1912 2210 1966 An
2259 1912 2351 1968 tibi
2397 1930 2559 1985 parva
2603 1919 2656 1973 in
2698 1934 2805 1976 uno
2844 1921 3102 1996 Gregorio
3140 1929 3514 2002 episcoporum

1924 2005 2261 2061 orientalium
2285 2007 2496 2064 videtur
2519 2013 2843 2070 auctoritas?
2865 2015 2962 2073 Est
2982 2020 3196 2089 quidem
3225 2032 3369 2081 tanta
3391 2043 3516 2098 pcr-

1923 2109 2074 2161 sona,
2103 2106 2160 2151 ut
2186 2114 2358 2169 neque
2379 2100 2468 2156 ille
2494 2100 2595 2158 hoc
2611 2103 2714 2158 nisi
2743 2122 2807 2161 ex
2829 2106 2934 2164 ﬁde
2959 2110 3246 2168 christiana
3268 2119 3517 2176 omnibus

1925 2187 2201 2242 notissima
2236 2187 2472 2258 diceret,
2500 2207 2600 2248 nec
2626 2193 2700 2249 illi
2726 2211 2848 2251 eum
2875 2207 2979 2254 tam
3009 2201 3212 2259 clarum
3254 2205 3520 2266 haberent

1923 2286 2082 2347 atque
2109 2280 2469 2337 venerandum
2495 2324 2511 2350 ,
2563 2285 2663 2340 nisi
2691 2285 2805 2343 hare
2831 2288 2900 2344 ab
2929 2291 3020 2348 illo
3048 2293 3189 2350 dicta
3216 2312 3287 2352 ex
3332 2302 3518 2372 regula

1925 2369 2216 2425 notissima:
2251 2373 2489 2430 veritatis
2527 2389 2899 2446 agnoscerent.
2941 2381 3045 2438 Sed
3073 2385 3118 2440 si
3150 2388 3228 2443 vis
3271 2369 3518 2452 addimus

1925 2460 2047 2516 huic
2084 2472 2136 2517 et
2181 2473 2420 2520 sanctum
2451 2467 2734 2536 Basilium,
2785 2473 2894 2527 imo
2921 2475 3050 2530 velis
3080 2478 3215 2534 nolis
3240 2481 3516 2541 addendus

1924 2559 2008 2648 est
2028 2591 2044 2613 ,
2075 2554 2303 2648 maxime
2331 2558 2452 2626 quia
2480 2567 2534 2613 et
2574 2568 2627 2614 tu
2654 2561 2722 2617 de
2759 2562 2896 2620 libro
2933 2567 3075 2636 ejus,
3113 2586 3274 2640 quem
3300 2576 3517 2648 scripsit

1923 2643 2182 2742 adversus
2207 2647 2556 2720 Ilanicbaros,
2600 2653 2652 2709 in
2683 2667 2872 2726 quarto
2898 2661 3165 2720 volumine
3194 2665 3352 2738 hujus
3379 2643 3514 2742 ope-

1927 2734 2002 2789 ris
2033 2737 2107 2791 tui
2133 2737 2332 2809 aliquid
2365 2745 2558 2810 putasti
2591 2761 2712 2802 esse
2746 2751 3075 2820 ponendum,
3109 2734 3360 2826 quod-ad
3387 2734 3516 2818 cau-

1923 2839 2036 2880 sam
2068 2831 2267 2898 peccati
2290 2834 2561 2904 originalis
2581 2852 2677 2906 per
2699 2855 2861 2902 unum
2885 2844 3134 2903 intrantis
3158 2849 3210 2904 in
3231 2853 3512 2920 mundum.
3605 2907 3614 2914 .

1924 2924 1980 2972 et
2005 2934 2100 2988 per
2127 2935 2314 2978 omnes
2340 2924 2585 2984 homines
2615 2935 2940 2989 transeuntis
2969 2938 3192 2995 omnino
3221 2957 3329 2998 non
3353 2947 3516 3015 perti-

2065 3011 2139 3067 Ibi
2169 3015 2364 3086 quippe
2391 3019 2518 3088 agit,
2548 3035 2614 3076 ne
2641 3023 2837 3079 malum
2865 3028 3218 3089 substantiale
3237 3011 3511 3105 credatur,

1924 3099 2128 3196 habens
2149 3120 2298 3160 suam
2328 3112 2614 3178 quamdam
2641 3116 2919 3172 materiam
2940 3159 2956 3186 ,
2991 3121 3128 3177 sicut
3161 3126 3373 3196 sapiunt
3397 3099 3514 3186 Ma;

1924 3192 2134 3248 niclnei.
2162 3196 2300 3253 Dicit
2325 3216 2470 3272 ergo,
2512 3222 2531 3256 ι
2563 3221 2666 3260 non
2695 3223 2816 3265 esse
2844 3192 3240 3288 substantiam,—
3260 3223 3353 3278 sed
3381 3239 3512 3281 con-

1924 3286 2283 3385 versationem
2309 3291 2324 3322 ¹
2350 3331 2366 3357 ,
2399 3304 2516 3362 quae
2561 3295 2629 3352 de
2673 3299 2784 3354 sola
2827 3303 3098 3364 voluntate
3135 3286 3446 3385 contingat,
3484 3336 3506 3370 ι

1922 3393 2027 3432 non
2056 3378 2138 3434 his
2170 3382 2258 3452 qui
2295 3389 2597 3458 contagium
2637 3394 2824 3448 mortis
2849 3397 3080 3468 antiqum
3115 3403 3285 3472 prima
3313 3378 3510 3464 nativi-

1924 3477 2030 3524 tatc
2052 3479 2347 3541 traxerunt,
2373 3477 2467 3532 sed
2501 3497 2519 3530 ‹
2551 3479 2615 3534 iis
2636 3484 2721 3552 qui
2743 3487 3113 3556 mgritudincm
3143 3500 3513 3554 conversatio-

1921 3563 2024 3662 nis‘
2045 3565 2123 3662 de,
2150 3569 2420 3626 voluntate
2447 3575 2658 3644 pmpria
2693 3578 3062 3650 collegerunt,
3114 3603 3134 3638 ι
3168 3587 3222 3642 id
3249 3598 3365 3656 est,
3392 3592 3506 3662 jam

1920 3658 2210 3729 majoribus
2261 3664 2466 3720 ratione
2515 3669 2784 3727 utentibus
2826 3682 2880 3728 et
2925 3677 3147 3734 arbitrio
3191 3658 3506 3742 voluntatis.

1925 3765 1944 3799 ι
1981 3749 2130 3806 Ilanc
2157 3756 2616 3813 conversationem
2646 3775 2712 3815 ex
2737 3764 2996 3822 accidenti
3025 3772 3328 3829 venientem
3354 3775 3510 3833 facil-

1918 3839 2043 3939 lime
2071 3860 2093 3895 ι
2125 3843 2255 3900 dicit
2280 3864 2300 3898 ι
2334 3862 2492 3917 posse
2523 3851 2592 3906 ab
2621 3857 2991 3923 a'grotantium
3041 3862 3314 3922 voluntate
3352 3883 3508 3939 sepa-
3590 3844 3597 3846 η

1916 3933 2044 3989 rari.
2085 3955 2105 3989 ι
2141 3936 2280 3993 Dicit
2319 3941 2510 4010 etiam,
2544 3961 2564 3996 ι
2599 3945 2643 3999 si
2671 3949 2938 4006 evenisset
2963 3955 3192 4024 malum,
3217 3959 3288 4014 ita
3318 3971 3376 4015 ut
3400 3933 3506 4018 non

1917 4027 2120 4084 valeret
2149 4029 2370 4089 ulterius
2390 4050 2420 4088 a
2444 4037 2713 4095 voluntate
2737 4046 3022 4112 removeri,
3055 4047 3106 4102 id
3133 4059 3236 4116 est,
3264 4057 3510 4123 quamvis

1914 4121 2217 4188 accidisset,
2248 4128 2292 4179 si
2324 4127 2393 4181 ita
2420 4130 2701 4187 accidisset
2729 4143 2786 4188 ut
2821 4139 3059 4206 separari
3088 4121 3310 4198 ulterius
3339 4160 3369 4199 a
3410 4163 3508 4202 vo-

1916 4211 2120 4269 luntate
2168 4229 2274 4270 non
2311 4218 2548 4284 valeret;
2584 4224 2776 4278 merito
2799 4225 2900 4281 dici
2932 4239 3129 4296 posset,
3160 4233 3507 4294 substantiam

1915 4303 2128 4374 quidem
2151 4308 2346 4362 malum
2367 4311 2387 4341 ³
2410 4326 2514 4365 non
2537 4329 2675 4380 esse,
2704 4316 2797 4372 sed
2825 4318 2990 4388 ipsam
3017 4323 3366 4383 substantiam
3388 4330 3507 4386 sine

1914 4399 2112 4452 malitia
2140 4414 2258 4469 qua:
2283 4401 2495 4468 accidit,
2514 4403 2622 4473 jam
2649 4421 2768 4462 csse
2797 4426 2900 4464 non
2926 4426 3098 4480 posse.
3127 4413 3182 4471 Si
3207 4427 3384 4474 autem
3410 4437 3505 4477 ac-

1914 4489 2095 4555 cessit,
2128 4509 2146 4543 i
2181 4491 2370 4562 inquit,
2402 4512 2420 4546 ι
2454 4504 2508 4549 et
2539 4497 2853 4568 principium
2884 4504 3208 4562 accessionis
3234 4523 3338 4563 non
3370 4511 3502 4566 sub-

1915 4582 2164 4636 stantiam
2197 4583 2398 4651 habuit,
2427 4587 2518 4642 sed
2544 4589 2906 4658 voluntatem;
2932 4593 3084 4652 facile
3108 4606 3281 4668 potest
3303 4603 3501 4660 malum

1914 4691 1942 4727 a
1986 4676 2276 4733 substantia
2318 4681 2589 4749 separari,
2635 4693 2690 4736 ut
2732 4694 2787 4739 et
2825 4687 3057 4756 subjecta
3088 4691 3341 4748 voluntati
3373 4697 3504 4754 sub-

1913 4769 2103 4823 stantia
2134 4770 2328 4824 munda
2360 4773 2528 4842 possit
2559 4791 2650 4842 per
2674 4779 2848 4830 omnia
2875 4780 3129 4847 pOSsitlcri
3151 4825 3166 4848 ,
3200 4784 3267 4838 ita
3300 4795 3357 4840 ut
3383 4790 3500 4843 nqu

1913 4861 2016 4915 lius
2050 4862 2172 4914 mali
2206 4863 2283 4916 vel
2326 4865 2472 4933 signa
2519 4877 2844 4922 remaneant.
2878 4888 2897 4921 ι
2945 4870 3045 4926 Ista
3079 4874 3148 4927 ita
3192 4885 3335 4932 recte
3373 4878 3507 4934 dixit

1912 4962 2127 5007 sanctus
2176 4954 2432 5020 Basilius,
2473 4967 2528 5010 ut
2572 4959 2728 5012 etiam
2771 4961 2841 5018 de
2882 4965 2996 5034 ipso
3037 4969 3210 5034 malo,
3243 4973 3381 5040 quod
3413 4990 3506 5043 per

1913 5043 2080 5097 Adam
2104 5043 2319 5099 intravit
2345 5047 2395 5100 in
2424 5049 2698 5116 mumlnm,
2721 5063 2773 5106 et
2797 5070 2890 5123 per
2910 5073 3094 5113 omnes
3117 5060 3362 5120 homines
3386 5083 3506 5134 per—

1915 5135 2141 5202 transiit,
2174 5136 2308 5191 bene
2343 5140 2509 5209 possit
2537 5141 2793 5214 intelligi;
2834 5147 2955 5216 quia
2983 5158 3040 5204 et
3079 5153 3248 5220 ipsum
3275 5159 3506 5212 accessit

1913 5236 2114 5281 natura:
2143 5227 2406 5284 humanae.
2435 5231 2550 5286 Non
2579 5236 2722 5290 enim
2748 5239 2825 5294 sic
2857 5252 2971 5295 crat
2991 5241 3012 5272 ³
3039 5245 3285 5312 primitus
3305 5248 3504 5302 condi-

1914 5327 1998 5379 ta;
2028 5328 2079 5373 et
2103 5321 2418 5390 principium
2445 5327 2766 5384 accessionis
2788 5346 2892 5386 non
2915 5335 3262 5390 substantiam
3291 5337 3500 5406 habuit,

1911 5410 2005 5465 sed
2036 5411 2362 5468 voluntatem
2381 5456 2396 5480 ,
2425 5416 2539 5474 sive
2583 5420 2822 5477 mulieris
2845 5440 2964 5493 quae
2989 5440 3016 5477 a
3047 5437 3300 5495 serpente
3338 5429 3502 5483 sedu-

1976 5564 1998 5642 ξ
2024 5564 2196 5642 ξζιιιγεξ
2218 5581 2273 5618 ac
2295 5569 2460 5642 probae
2480 5579 2610 5622 notae
2634 5574 2866 5642 Mss.,_srt_i
2888 5577 3255 5642 conrersiqnem.
3289 5586 3339 5629 Et
3359 5581 3496 5642 infra,

2091 5628 2186 5706 qui
2202 5624 2544 5706 (egritudinep;
2567 5624 2881 5706 conversionis
2893 5624 2998 5688 Viae
3009 5624 3182 5702 iam;
3197 5624 3339 5704 lissi?
3359 5624 3498 5698 illa};

1909 5697 2260 5740 carverstonem
2301 5707 2365 5744 ea:
2396 5697 2634 5746 accidenti
2666 5699 2940 5748 venientem.

1978 5750 2002 5844 ζ
2013 5757 2531 5868 Oé‘niqps‘m‘anpscripti,
2545 5759 2853 5868 substantiam
2867 5760 3077 5823 quidem,
3091 5765 3284 5829 omisso,
3299 5768 3497 5824 malum.

2153 5847 2168 5868 ν
2219 5830 2240 5866 ὗ
2267 5852 2277 5864 ι
2309 5829 2432 5868 ιζδδ..
2461 5832 2544 5868 ενα
2570 5856 2581 5867 .

2097 5829 2168 5877 ιιι,
2193 5829 2277 5868 est.
2309 5829 2432 5880 igss.,
2461 5829 2581 5868 erat.

2645 5905 3090 5982 (I’ingt-unc.)
