4038 6516
514 414 611 471 6δί

512 537 596 581 cta
624 532 726 588 est,
754 524 871 578 sive
887 518 988 575 viri
1011 518 1125 588 ejus
1150 516 1238 588 qui
1266 516 1500 571 seducta:
1525 516 1591 571 ad
1616 513 1941 585 peccandum
1966 526 2093 568 con-

512 616 683 671 sensit
709 613 883 669 uxori.
925 609 1031 667 Sed
1071 608 1211 680 quod
1239 609 1349 675 ait,
1395 627 1415 661 ‹
1450 607 1604 662 facile
1644 621 1802 677 posse
1839 604 2038 661 malum
2065 618 2094 657 a

508 709 786 762 voluntate
822 703 902 759 vel
949 716 979 756 a
1016 701 1307 758 substantia
1335 699 1604 770 separari,
1641 716 1661 752 ›
1707 712 1815 752 non
1853 697 2098 751 humanae

514 796 668 854 facile
708 804 792 852 est
828 793 1105 862 voluntati,
1136 792 1232 849 sed
1259 790 1639 847 misericordiae
1679 790 1792 845 Dei.
1823 788 1973 856 Quod
2003 785 2097 842 ad-

514 896 704 936 versus
728 880 1050 935 Manichreos
1078 879 1257 949 utique
1286 877 1498 942 sufficit,
1525 876 1613 947 qui
1644 884 1829 946 putant
1852 889 1973 929 esse
1999 874 2099 927 im-

516 970 770 1042 possibile
789 970 982 1025 mutari
1003 970 1057 1023 in
1081 970 1278 1024 bonum
1302 977 1542 1022 naturain
1569 966 1715 1021 mali.
1746 965 1868 1020 ldeo
1895 979 2000 1019 non
2025 961 2101 1018 ait

520 1073 734 1120 Sanctus
758 1063 1004 1127 Basilius,
1028 1062 1196 1131 ipsam
1218 1061 1540 1115 voluntatem
1565 1058 1815 1125 hominis,
1842 1059 1953 1112 sive
1973 1056 2099 1113 sub-

517 1157 765 1211 stantiam
792 1156 877 1210 vel
915 1164 1193 1220 naturam,
1223 1153 1419 1207 malum
1447 1167 1474 1203 a
1501 1166 1560 1206 se
1588 1164 1744 1221 posse
1772 1148 1926 1204 facile
1956 1162 2102 1217 sepa-

517 1255 668 1305 rare;
708 1238 802 1294 sed
836 1257 858 1290 ι
883 1239 951 1293 ab
980 1255 1040 1291 ca
1071 1252 1226 1307 posse
1261 1236 1409 1291 facile
1450 1235 1684 1305 separari
1715 1252 1726 1285 :
1763 1252 1783 1285 ι
1832 1234 1908 1288 sic
1942 1233 2100 1289 verba

522 1344 618 1389 sua
647 1330 846 1387 librans
868 1372 883 1396 ,
926 1338 984 1383 nt
1013 1339 1064 1384 ct
1105 1329 1461 1392 Manielueos,
1491 1334 1677 1381 contra
1708 1341 1839 1396 quos
1868 1324 2095 1397 agebat,

518 1421 820 1487 refelleret,
852 1431 904 1474 et
950 1429 1131 1473 contra
1172 1418 1401 1472 divinam
1431 1417 1653 1487 gratiam
1694 1416 1976 1471 humanam
2013 1430 2102 1471 su-

519 1512 757 1581 perbiam
789 1528 894 1566 non
920 1511 1217 1566 extolleret.
1266 1509 1361 1566 Ille
1398 1510 1592 1580 quippe
1618 1507 1989 1579 Omnipotens,
2015 1507 2104 1565 cui

519 1602 811 1659 secundum
834 1602 1179 1672 Evangelium
1205 1596 1359 1656 facile
1378 1610 1481 1667 εει,
1510 1600 1652 1671 quod
1680 1599 1984 1656 hominibus
2003 1601 2105 1655 im-

518 1696 772 1766 possibile
796 1702 880 1751 est
910 1694 1115 1767 (Matth.
1136 1710 1223 1749 xxx
1252 1735 1268 1762 ,
1294 1693 1413 1765 26),
1442 1694 1637 1748 malum
1672 1693 1813 1764 quod
1837 1693 1990 1747 nobis
2016 1706 2106 1747 ac-

524 1786 671 1852 cidit,
698 1785 783 1840 vel
807 1801 871 1840 cx
900 1785 1056 1859 primi
1080 1785 1329 1850 hominis,
1358 1786 1441 1840 vel
1463 1800 1526 1841 ex
1555 1792 1737 1841 nostra
1765 1785 1979 1855 insuper
2006 1799 2103 1838 vo-

522 1875 746 1940 luntate,
778 1876 848 1930 ita
877 1891 987 1931 suae
1015 1875 1199 1947 gratim
1238 1876 1480 1947 largitate
1505 1884 1802 1940 consumet,
1835 1894 1856 1928 ι
1886 1884 1946 1931 ut
1973 1874 2103 1931 sub-

518 1963 658 2035 jecta
699 1964 991 2021 substantia
1022 1965 1310 2032 voluntati,
1351 1982 1370 2017 υ
1402 1964 1845 2036 quemadmodum
1872 1980 2106 2020 comme-

524 2056 743 2111 morasti
778 2056 976 2111 dixisse
1001 2055 1250 2111 Basiliam
1271 2096 1288 2123 ,
1332 2075 1351 2109 ι
1388 2057 1585 2111 munda
1612 2058 1777 2127 possit
1805 2072 1901 2126 per
1928 2056 2104 2112 omnia

522 2146 815 2217 possideri,
846 2147 925 2203 sic
955 2166 975 2201 ι
1007 2161 1258 2215 omnino,
1310 2166 1330 2201 ι
1364 2158 1423 2202 ιιι
1452 2147 1646 2202 millius
1674 2148 1800 2203 mali
1830 2147 1913 2202 vel
1957 2147 2105 2218 signa

524 2247 857 2294 remaneant.
887 2257 907 2293 ›
948 2239 1066 2294 Fiet
1105 2238 1276 2306 hoc‘,
1319 2247 1374 2294 et
1404 2241 1516 2309 ipsa
1545 2254 1667 2309 spes
1693 2250 1771 2294 est
1815 2238 2106 2294 indubitata

528 2329 786 2387 fidelimn.
814 2330 919 2387 Sed
949 2330 1161 2401 quando
1186 2329 1510 2400 perficiatur,
1545 2331 1596 2384 in
1630 2341 1875 2400 promptu
1909 2338 1991 2385 est
2014 2345 2107 2386 ca-

525 2421 738 2477 tholicre
774 2422 917 2478 fidei.
948 2422 1099 2477 Tunc
1127 2421 1268 2476 enim
1308 2421 1516 2476 dicetur
1545 2420 1848 2476 novissima:
1881 2420 2108 2476 inimicae

522 2513 707 2577 morti,
744 2511 842 2568 Ubi
862 2521 933 2568 est
951 2512 1197 2567 contentio
1226 2511 1353 2566 tua?
1372 2511 1455 2566 ubi
1475 2519 1547 2567 est
1566 2511 1771 2567 aculeus
1793 2520 1906 2567 tuus
1930 2511 1971 2585 (l
1988 2508 2106 2566 Cor.

524 2603 768 2674 xv,55)?

596 2695 686 2748 17.
726 2694 856 2750 item
882 2692 1021 2763 quod
1052 2706 1442 2748 commemoras
1467 2692 1667 2749 dixisse
1697 2694 1971 2760 Basilium,
2011 2710 2029 2744 ι
2051 2692 2109 2750 Si

526 2788 742 2841 castitas
768 2776 939 2841 virtus
964 2795 1068 2853 est,
1097 2802 1291 2856 corpus
1309 2801 1438 2842 vero
1464 2787 1882 2842 sulistantialitcr
1910 2788 2109 2843 malum

524 2884 687 2942 esset,
734 2877 1058 2948 impossibile
1084 2888 1198 2933 erat
1231 2886 1437 2933 castum
1464 2890 1660 2946 corpus
1691 2878 1945 2942 inveniri;
1985 2879 2109 2948 quia

524 2980 720 3038 corpus
750 2966 1088 3036 turpitudinis
1109 3009 1124 3033 ,
1170 2966 1378 3021 virtutis
1420 2982 1524 3021 non
1552 2966 1704 3021 fieret
1730 2981 1954 3037 eorpus;
1987 2983 2110 3022 cum

526 3065 704 3112 autem
729 3056 1118 3123 sanctificatur,
1160 3057 1372 3112 virtutis
1399 3056 1647 3123 efficitur,
1678 3067 1731 3112 et
1768 3059 1838 3113 ita
1870 3072 2112 3112 commu-

528 3147 671 3201 nicat
710 3147 876 3202 virtus
917 3148 1128 3218 corpori
1171 3161 1470 3218 corpusque
1495 3149 1712 3217 virtuti,
1741 3164 1837 3220 per
1858 3166 2015 3221 quam
2056 3158 2113 3206 et

530 3238 787 3309 templum
812 3238 1044 3295 efficitur
1066 3240 1179 3295 Dei.
1213 3239 1366 3296 Unde
1393 3240 1436 3295 si
1464 3256 1623 3296 omne
1651 3256 1845 3313 corpus
1875 3243 2109 3301 fornica-

526 3329 687 3384 tionis
710 3338 892 3395 esset,
937 3330 1265 3400 impossibile
1319 3332 1502 3402 utique
1548 3342 1662 3389 erat
1708 3334 2004 3391 castitatem
2056 3338 2109 3391 in

527 3421 841 3491 corporibus
879 3420 1103 3476 inveniri
1138 3436 1152 3475 :
1180 3412 1408 3493 tumque
1437 3422 1649 3478 demum
1681 3435 1885 3481 natura:
1914 3441 2108 3497 corpo-

526 3527 646 3570 rum
675 3526 957 3582 possemus
980 3514 1178 3568 malum
1205 3514 1554 3571 substantiale
1577 3515 1852 3587 deputare.
1897 3517 1952 3573 Si
1983 3534 2110 3574 vero

524 3618 695 3673 usque
720 3619 785 3657 eo
814 3606 1054 3675 corporis
1082 3605 1270 3660 merita
1299 3615 1690 3675 processerunt,
1731 3614 1983 3678 tantoque
2015 3609 2109 3664 ho-

531 3711 658 3749 nore
697 3696 1004 3750 decoratum
1042 3705 1157 3761 est,
1203 3711 1266 3752 ac
1297 3698 1398 3752 tale
1445 3698 1806 3753 indumentum
1846 3701 2110 3770 pudicitim

528 3787 797 3856 suscepit,
840 3795 898 3841 ut
937 3787 1129 3842 domus
1171 3790 1251 3842 sui
1296 3789 1511 3845 factoris
1539 3806 1657 3846 esse
1688 3804 2017 3863 mereretur,
2049 3811 2111 3850 ae

532 3878 682 3931 fieret
711 3877 971 3932 thalamus
1001 3877 1120 3933 Filii
1155 3879 1265 3943 Dei,
1296 3888 1353 3933 ut
1382 3881 1655 3936 venientes
1683 3883 1838 3937 Pater
1863 3894 1917 3939 et
1948 3885 2109 3942 Filius

531 3967 908 4023 habitationem
926 3984 1209 4039 corporum
1231 3969 1426 4040 eligere
1447 3971 1817 4041 dignarentur;
1844 3976 2109 4044 quomodo

530 4075 636 4114 non
667 4060 1006 4114 exsecrabilis
1029 4068 1082 4115 et
1110 4061 1363 4115 ridendus
1393 4062 1660 4118 Maniehag.
1692 4080 1870 4120 sermo
1893 4069 2108 4122 convin-

529 4151 703 4207 citur?
730 4170 748 4204 ι
796 4153 919 4223 quid
965 4155 1132 4223 potuit
1155 4154 1261 4210 diei
1304 4156 1479 4210 verius
1518 4166 1572 4212 et
1600 4158 1872 4214 catholicae
1914 4161 2109 4231 regulae

528 4246 912 4314 congruentius
926 4245 986 4299 ’7
1007 4246 1211 4301 Dictum
1232 4254 1312 4301 est
1332 4248 1473 4303 enim
1491 4248 1746 4305 adversus
1768 4251 2105 4323 Illauiclneos,

512 4344 778 4405 'putantcs
817 4344 976 4406 atque
1002 4337 1331 4394 aflirmantes
1355 4339 1396 4405 ³,
1441 4340 1507 4395 de
1535 4356 1691 4412 gente
1731 4344 2068 4400 tenebrarum
2091 4389 2106 4416 ,

531 4443 691 4496 quam
719 4427 909 4482 malam
936 4438 1178 4483 naturam
1209 4430 1394 4485 dicunt
1437 4434 1544 4488 Deo
1570 4433 1710 4488 bono
1749 4446 2065 4492 comternam
2090 4479 2105 4505 ,

530 4518 728 4575 habere
778 4519 1037 4590 originem
1064 4535 1322 4591 corpora,
1356 4532 1409 4578 et
1438 4539 1557 4579 esse
1584 4525 1742 4580 etiam
1775 4527 1887 4597 ipsa
1918 4529 2109 4583 immu-

532 4609 709 4666 tabilia
738 4609 913 4666 mala:
944 4627 1051 4666 non
1079 4612 1332 4668 adversus
1362 4629 1454 4669 eos
1473 4657 1487 4681 ,
1534 4617 1623 4686 qui
1657 4626 1896 4673 tenentes
1930 4636 2110 4676 veram

529 4711 586 4757 et
609 4717 736 4758 vere
754 4702 1096 4759 christianam
1120 4704 1276 4761 fidem
1300 4747 1315 4773 ,
1363 4722 1503 4761 nunc
1531 4709 1740 4778 quidem
1768 4713 2111 4782 corruptibile

531 4806 653 4848 esse
680 4806 904 4864 corpus,
951 4804 1004 4851 et
1027 4811 1315 4867 aggravare
1344 4801 1572 4855 animam
1603 4803 1923 4859 confitentur
1954 4803 2110 4879 (Sap.

532 4900 610 4949 ix,
642 4885 763 4956 15);
794 4886 889 4941 sed
917 4903 1018 4943 nec
1049 4889 1153 4944 tale
1178 4890 1423 4961 primitus
1448 4892 1715 4947 eouditmu
1747 4904 1902 4966 atque
1934 4897 1985 4951 in
2020 4914 2112 4966 pa-

532 4974 711 5031 radiso
736 4978 1112 5047 constitutum,
1143 4995 1241 5035 nec
1264 4982 1365 5036 tale
1391 4998 1602 5053 semper
1627 4987 1882 5052 futurum,
1907 4989 1999 5043 sed
2028 4990 2111 5044 ἰη-

532 5070 875 5140 corruptione
902 5080 1062 5144 atque
1087 5074 1485 5132 immortalitate
1516 5079 1825 5134 mutandum
1844 5122 1859 5146 ,
1889 5089 1943 5136 et
1972 5098 2111 5139 nunc

480 5208 486 5224 τ
530 5159 634 5235 jam
680 5176 800 5218 esse
837 5163 1075 5235 incipere
1117 5168 1372 5236 templum
1417 5169 1544 5237 Dei,
1584 5171 1882 5243 conjugali,
1926 5176 2009 5230 vel
2036 5177 2114 5232 vi-

528 5251 668 5309 duali
687 5296 703 5321 ,
722 5255 808 5311 vel
823 5255 985 5311 etiam
1007 5258 1245 5330 virginali
1269 5260 1516 5329 pudicitia
1533 5261 1841 5320 decoratum
1862 5284 1876 5321 :
1900 5269 2111 5338 quando

527 5345 631 5400 etsi
671 5360 797 5402 caro
854 5350 1181 5420 concupiscit
1220 5350 1477 5407 adversus
1516 5354 1794 5423 spiritum,
1826 5357 1904 5412 sic
1933 5366 2108 5415 tamen

528 5437 749 5508 spiritus
773 5440 1104 5510 concupiscit
1128 5442 1383 5499 adversus
1412 5460 1628 5501 carnem
1671 5445 1867 5519 (Calai.
1899 5465 1952 5518 v,
1986 5451 2108 5525 l7),

589 5630 610 5701 ξ
632 5629 831 5701 (aliquot
853 5637 1159 5701 manuscripti
1177 5676 1192 5699 ,
1217 5635 1270 5701 ﬁt
1293 5637 1397 5689 hoc.

553 5692 1061 5773 Lyrnesi-{fatigatam
1081 5692 1434 5773 maritiscriptis,
1455 5702 1700 5773 catholica:
1720 5703 2114 5773 ﬁdeigcongrnen-

657 5758 864 5839 Egregi-
882 5761 1302 5839 npagtlwfirte
1354 5758 1535 5839 regulae
1568 5758 2110 5839 congruentius."tif-itii,

526 5824 864 5882 conqrnmttms
887 5828 1072 5882 mutant
1095 5826 1161 5882 in,
1185 5824 1551 5878 conuenientius.

594 5876 617 5910 ³
649 5883 696 5925 tn
723 5885 850 5941 Mss,
871 5876 1134 5943 ﬁrnuuuos.

1290 401 1563 461 CONTRA
1601 397 1941 459 JULIANUM
1980 394 2451 463 PELAGlANUM,
2489 393 2544 450 S.
2589 391 2954 452 AUGUSTlNl

3109 304 3188 319 0r<
3276 302 3429 330 f'-‘.‘
3480 320 3487 323 η

3670 390 3792 453 652

2203 517 2260 564 ut
2285 523 2383 564 nec
2424 508 2589 579 ipsius
2616 508 2859 581 corporis
2882 506 3121 567 membra
3158 507 3405 565 exhibeat
3447 506 3745 582 iniquitatis
3768 512 3790 544 ¹

2201 614 2348 655 arma
2380 608 2596 669 peccato
2628 598 2802 672 (Rom.
2834 616 2903 664 vn,
2937 601 3045 673 l5).

2276 690 2365 745 18.
2395 690 2501 746 Sed
2530 691 2649 745 audi
2675 690 2814 760 quod
2835 689 2900 745 ad
2926 706 3037 746 rem
3059 697 3375 763 praesentem
3400 698 3624 763 spectat,
3653 688 3790 762 quid

2204 779 2272 834 de
2297 790 2515 850 peccato
2544 781 2695 850 primi
2721 780 2948 835 hominis
2972 779 3038 835 ad
3064 795 3162 836 nos
3189 780 3350 835 etiam
3378 780 3682 851 pertinente
3707 780 3797 836 di-

2202 880 2291 925 cat
2317 870 2417 926 istc
2446 882 2658 926 sanctus
2695 872 2809 926 sine
2839 871 2945 926 ulla
2983 872 3328 943 ambiguitate
3358 873 3602 927 Basilius.
3634 872 3793 941 Quod

2204 960 2305 1015 etsi
2336 962 2509 1029 reperi
2541 962 2947 1030 interpretatum
2967 1001 2984 1028 ,
3033 970 3209 1018 tamen
3238 970 3457 1032 propter
3487 963 3798 1034 diligentio-

2202 1066 2317 1106 rem
2348 1051 2456 1104 veri
2486 1051 2662 1116 fidem,
2694 1052 2917 1105 verbum
2948 1066 2979 1106 e
3009 1051 3172 1106 verbo
3200 1052 3358 1105 malui
3390 1051 3681 1107 transferre
3724 1051 3800 1106 de

2200 1156 2397 1214 graece.
2429 1140 2483 1194 ln
2513 1156 2760 1197 sermone
2786 1142 2850 1197 de
2878 1142 3125 1212 Jejunio:
3160 1161 3178 1195 ι
3206 1142 3503 1213 Jejunium,
3533 1163 3552 1195 ι
3589 1144 3797 1213 inquit,

2210 1249 2230 1284 ι
2260 1232 2313 1286 in
2357 1232 2602 1301 paradiso
2642 1232 2759 1301 lege
2804 1234 3153 1288 constitutum
3199 1242 3302 1289 est.
3355 1234 3589 1288 Primum
3645 1235 3796 1289 enim

2204 1321 2509 1378 mandatum
2558 1322 2760 1391 accepit
2789 1323 2955 1376 Adam
2985 1340 2997 1377 :
3047 1325 3089 1376 Α
3127 1324 3263 1396 ligno
3291 1325 3486 1379 sciendi
3514 1324 3701 1378 bonum
3750 1333 3803 1378 et

2204 1413 2395 1468 malum
2425 1430 2525 1467 non
2553 1412 2920 1471 manducabitis
2951 1414 3101 1489 (Gen.
3132 1433 3189 1483 tt,
3221 1418 3328 1489 l7).
3366 1416 3484 1472 Non
3515 1418 3804 1471 manduca-

2202 1505 2319 1559 bitis
2346 1515 2522 1561 autem
2560 1507 2603 1573 ³,
2626 1506 2886 1577 jejunium
2910 1519 3012 1575 est,
3040 1517 3094 1562 et
3121 1508 3254 1579 legis
3298 1510 3688 1564 constitutionis
3717 1510 3804 1563 in-

2204 1596 2374 1651 ilium.
2405 1597 2457 1653 Si
2472 1597 2767 1666 jejunasset
2792 1614 2821 1651 a
2850 1599 2994 1670 ligno
3017 1600 3145 1663 Eva,
3172 1615 3280 1654 non
3312 1600 3418 1655 isto
3438 1600 3805 1671 indigeremus

2203 1687 2428 1759 jejunio.
2459 1688 2572 1743 Non
2599 1690 2739 1744 enim
2772 1705 2906 1761 opus
2937 1688 3128 1744 habent
3156 1690 3394 1745 valentes
3419 1690 3656 1757 medico,
3698 1691 3804 1747 sed

2207 1778 2347 1833 male
2395 1778 2656 1834 habentes
2698 1776 2914 1851 (Matth.
2962 1795 3039 1845 ιι,
3089 1779 3203 1852 12).
3249 1780 3647 1851 Ᾱῖετοιεινίιιιιιε
3700 1798 3807 1852 per

2206 1879 2504 1939 peccatum,
2528 1885 2779 1924 sanemur
2800 1886 2894 1941 per
2915 1870 3297 1940 paenitentiam.
3313 1872 3627 1926 Pmnitcntia
3650 1888 3795 1928 vero

2207 1961 2323 2016 sine
2344 1961 2545 2032 jejunio
2574 1977 2739 2016 vacua
2767 1969 2870 2016 est.
2895 1959 3168 2015 Maledicta
3198 1972 3329 2016 terra
3349 1963 3522 2032 spinas
3550 1974 3594 2017 et
3625 1964 3796 2018 tribw

2206 2052 2284 2107 los
2307 2053 2466 2124 pariet
2500 2051 2649 2124 (Gen.
2678 2070 2755 2117 Ill,
2786 2053 2872 2117 Π,
2904 2053 3016 2124 l8).
3048 2054 3365 2109 Contristari
3392 2054 3663 2109 ordinatus
3700 2071 3797 2120 es,

2209 2144 2464 2215 numquid
2487 2144 2763 2200 deliciari?
2785 2166 2802 2197 ι
2834 2145 2897 2200 Ει
2920 2145 3077 2216 paulo
3101 2156 3216 2214 post
3238 2146 3288 2199 in
3312 2144 3499 2200 eodem
3524 2161 3806 2215 sermone,

2211 2234 2350 2290 idem
2381 2236 2494 2306 ipse
2517 2253 2530 2290 :
2566 2255 2584 2287 ι
2610 2237 2741 2303 Quia
2769 2253 2871 2291 non
2899 2238 3257 2307 jejunavimus
3276 2277 3291 2302 ,
3320 2255 3340 2289 ›
3372 2237 3575 2308 inquit,
3608 2257 3627 2290 ‹
3652 2239 3809 2293 deci-

2210 2325 2385 2381 dimus
2426 2326 2494 2382 de
2523 2327 2787 2398 paradiso.
2811 2327 3120 2397 Jejunemus
3145 2342 3306 2398 ergo,
3330 2336 3387 2382 ut
3413 2328 3479 2383 ad
3507 2344 3628 2383 eum
3660 2329 3807 2385 red-

2210 2432 2393 2473 eamus
2420 2436 2439 2470 ι
2488 2418 2680 2490 (Serm.
2716 2420 2792 2489 l).
2839 2419 2961 2473 llznc
2989 2427 3146 2488 atque
3174 2418 3465 2488 lmjusmodi
3492 2419 3594 2473 alia
3626 2420 3814 2476 sancti

2213 2510 2393 2566 Basilii
2439 2511 2482 2565 si
2530 2511 2780 2581 legisses,
2824 2510 2907 2564 vel
2947 2511 2990 2563 si
3021 2510 3154 2565 lecta
3196 2510 3416 2566 fideliter
3450 2511 3819 2569 considerare

2212 2600 2471 2655 voluisses
2489 2642 2505 2668 ,
2531 2616 2796 2670 nunquam
2826 2599 3063 2671 profecto
3090 2600 3156 2656 de
3179 2601 3369 2656 litteris
3389 2602 3506 2672 ejus
3530 2601 3594 2657 ad
3621 2602 3814 2659 offun-

2212 2690 2417 2750 dendas
2434 2693 2654 2747 nebulas
2673 2692 3053 2763 ignorantibus,
3078 2710 3138 2747 ea
3165 2709 3282 2764 quae
3308 2694 3441 2748 nihil
3464 2693 3529 2749 ad
3550 2696 3812 2764 quaestio-

2214 2800 2336 2838 nem
2384 2800 2501 2853 qua:
2549 2784 2688 2839 inter
2735 2799 2833 2839 nos
2877 2787 3100 2839 vertitur
3147 2787 3441 2856 pertinent,
3483 2786 3536 2841 in
3575 2787 3659 2842 his
3700 2789 3812 2845 tuis

2215 2877 2366 2933 libris
2384 2880 2561 2935 nescio
2576 2895 2679 2949 qua
2697 2888 2875 2936 mente
2894 2881 3184 2950 posuisses.
3209 2881 3375 2937 Audis
3402 2881 3545 2954 quod
3575 2883 3676 2938 isto
3696 2900 3809 2939 non

2215 2970 2572 3040 indigeremus
2597 2971 2822 3042 jejunio,
2845 2974 2887 3027 si
2904 2973 3060 3027 homo
3080 2973 3266 3043 jejunii
3286 2975 3457 3045 legem
3484 2992 3587 3030 non
3615 2976 3813 3034 fuisset

2214 3060 2268 3116 in
2300 3063 2527 3132 paradisi
2557 3063 2807 3119 felicitate
2847 3075 3244 3135 transgressus;
3291 3074 3345 3122 et
3383 3082 3549 3138 negas
3580 3078 3814 3138 peccato

2215 3153 2424 3208 illorum
2470 3155 2741 3211 hominum
2770 3156 3030 3213 obnoxios
3054 3167 3278 3213 caeteros
3303 3159 3470 3215 nasci.
3514 3161 3683 3216 Audis
3707 3162 3815 3218 ad-

2208 3244 2474 3327 junctum,
2506 3266 2522 3299 ι
2541 3247 2655 3302 Non
2679 3248 2820 3303 enim
2843 3250 2956 3304 sani
2987 3249 3225 3321 indigent
3249 3251 3488 3318 medico;
3521 3273 3541 3306 ›
3565 3263 3622 3310 et
3642 3271 3814 3327 negas

2216 3353 2315 3393 nos
2342 3326 2621 3394 sanitatem
2643 3381 2657 3404 ,
2691 3341 2741 3394 in
2772 3356 2872 3411 qua
2904 3342 3073 3398 creati
3100 3358 3313 3409 sumus,
3346 3356 3565 3415 peccato
3592 3326 3813 3405 illorum

2214 3426 2490 3483 hominum
2518 3429 2848 3498 perdidisse?
2878 3432 3045 3488 Audis
3068 3436 3422 3501 sententiam,
3453 3453 3569 3508 quae
3600 3442 3813 3508 prolata

2214 3528 2298 3576 est
2322 3520 2375 3575 in
2407 3522 2637 3591 primum
2677 3523 2945 3579 hominem
2987 3534 3352 3594 peccatorem,
3393 3527 3585 3598 Spinas
3629 3542 3673 3585 et
3716 3534 3814 3587 tri-

2215 3610 2356 3666 bulos
2373 3620 2505 3666 terra
2525 3614 2685 3683 pariet
2705 3613 2821 3682 tibi,
2848 3614 2913 3669 ad
2937 3630 3033 3669 nos
3054 3616 3212 3671 etiam
3241 3618 3538 3687 pertinere;
3561 3630 3617 3675 et
3642 3638 3815 3693 negas

2214 3702 2474 3759 obnoxios
2517 3718 2637 3760 esse
2679 3714 2931 3774 peccato,
2961 3720 3096 3777 quos
3135 3706 3308 3764 eidem
3337 3710 3513 3766 cernis
3544 3711 3815 3769 obnoxios

2213 3806 2333 3848 esse
2361 3794 2679 3849 sententiae?
2707 3794 2873 3849 Audis
2898 3796 2962 3851 ad
2991 3798 3301 3865 paradisum
3326 3816 3449 3867 nos,
3486 3802 3627 3857 unde
3655 3802 3814 3859 deci-

2213 3883 2411 3948 dimus,
2446 3885 2622 3941 redire
2650 3885 2884 3953 debere;
2915 3900 2969 3943 et
2999 3904 3163 3960 negas
3190 3890 3257 3946 ad
3285 3908 3382 3947 nos
3408 3909 3595 3950 eorum
3618 3911 3816 3965 pecca-

2214 3982 2357 4042 tum,
2389 3977 2479 4046 qui
2509 3978 2610 4033 soli
2654 3987 2778 4034 tunc
2808 3981 3052 4037 homines
3082 3982 3134 4036 in
3168 3985 3413 4052 paradiso
3464 3988 3711 4056 fuerant,
3756 3992 3815 4046 in

2215 4066 2404 4138 quibus
2433 4077 2486 4122 et
2516 4084 2612 4123 nos
2642 4068 2866 4138 fuimus,
2898 4074 3214 4142 pertinere?

2287 4158 2375 4213 19.
2404 4158 2540 4228 Quid
2585 4160 2707 4215 hinc
2752 4163 2941 4232 plura?
2997 4165 3124 4220 Vide
3167 4167 3275 4237 jam
3323 4178 3497 4226 utrum
3537 4172 3815 4231 sufficiant

2218 4251 2308 4306 tibi
2338 4267 2400 4306 ex
2427 4251 2656 4307 Orientis
2683 4256 2923 4323 partibus
2950 4257 3057 4312 duo
3081 4260 3168 4314 isti
3200 4270 3305 4314 tam
3333 4264 3567 4334 insignes
3597 4268 3724 4332 viri,
3757 4277 3814 4323 et

2216 4351 2322 4398 tam
2368 4345 2512 4400 clara
2555 4348 2762 4416 praediti
2808 4352 3121 4419 sanctitate,
3153 4363 3225 4419 et,
3252 4354 3387 4410 sicut
3407 4359 3600 4423 fertur,
3643 4363 3810 4416 etiam

2214 4448 2373 4490 carne
2401 4438 2638 4506 germani
2673 4439 2769 4511 (a).
2814 4440 2919 4496 Sed
2948 4443 3035 4499 die
3064 4461 3170 4500 non
3213 4447 3482 4504 sufficere.
3535 4451 3813 4511 Habemus

2215 4525 2347 4582 alios
2375 4528 2664 4584 orientales
2707 4532 2989 4603 episcopos
3019 4540 3451 4606 quatuordccim,
3487 4543 3810 4614 Eulogium,

2215 4616 2507 4685 Joannem,
2538 4620 2949 4677 Ammonianum
2976 4625 3019 4691 ³,
3065 4627 3449 4699 Porphyrium,
3483 4632 3811 4704 Entonium,

2216 4708 2598 4781 Porphyrium,
2620 4711 2838 4779 Fidum,
2864 4715 3172 4783 Zoninum",
3205 4719 3548 4778 Zobocnnum
3574 4725 3620 4788 ',
3645 4726 3819 4798 Nym-

2217 4798 2519 4869 phidium“,
2568 4800 2933 4860 Chromatium
2958 4808 3001 4874 ⁷,
3059 4807 3345 4877 Jovinum,
3398 4814 3818 4885 Eleutherium,

2217 4888 2561 4959 Clematium,
2606 4910 2740 4964 quos
2780 4912 2884 4952 uno
2925 4898 3047 4954 loco
3076 4902 3229 4957 simul
3272 4904 3515 4960 inventos
3557 4908 3612 4961 in
3644 4910 3821 4966 istum

2217 4995 2526 5037 consessum
2557 4984 2897 5043 introducere
2924 4990 3226 5060 valeamus;
3259 4996 3378 5049 illos
3410 4998 3551 5068 ipsos
3580 5001 3671 5069 qui
3704 5002 3815 5056 Pco

2218 5074 2357 5145 lagio
2371 5073 2575 5144 judices
2602 5080 2986 5148 praesederunt,
3016 5100 3246 5157 etnnque
3274 5098 3333 5143 ut
3362 5089 3626 5158 homines,
3655 5096 3826 5153 nullo

2281 5164 2307 5239 ξ
2336 5171 2486 5239 vetus
2506 5166 2699 5239 Floria-e.
2725 5176 2828 5232 Ms,
2848 5168 3094 5239 iniquitas.
3614 5152 3623 5158 ν
3792 5152 3807 5153 7
3844 5152 3862 5211 ξ

2284 5226 2307 5259 ⁸
2339 5227 2477 5298 Editi,
2494 5236 2539 5278 ct
2562 5228 2743 5298 malunt
2900 5226 3233 5298 ηἰωιάιιεαὺὶδ.
3260 5249 3359 5292 Non
3383 5244 3702 5298 manducabis
3718 5262 3829 5298 au-

2217 5291 2328 5351 tem.
2363 5296 2420 5339 At
2442 5297 2568 5351 Mss.,
2590 5293 2959 5346 manducubitis.

2281 5349 2303 5427 ξ
2336 5356 2487 5427 Quae
2512 5349 2659 5427 Yatic.
2684 5362 2811 5427 mss,
2838 5358 3149 5410 ammonium.

2282 5410 2307 5489 ξ
2338 5410 2952 5489 Εόξμρλιονη-κρξίηιιςιη.
2978 5430 3077 5470 Am.
3102 5430 3155 5472 et
3172 5428 3243 5473 Er.
3266 5458 3293 5489 ,_
3310 5425 3555 5476 7o:inmn.
3595 5433 3835 5489 νεαρ-ω»,

2219 5478 2365 5584 ἒιεδέξ
2396 5478 2610 5527 lanium.
2664 5479 2885 5529 (timeant
2926 5494 3098 5532 omnes
3116 5517 3132 5545 ,
3176 5478 3425 5538 lanitium.
3471 5490 3589 5540 Vide
3638 5478 3834 5554 infra:

2219 5548 2270 5585 n.
2302 5548 2380 5584 δι.

2280 5596 2810 5678 ἷξρέίὶςέρὲοςῐιμηηι
2834 5609 2965 5678 "ES-3
3007 5605 3347 5677 “Positum:
3383 5616 3609 5678 exceptis
3647 5619 3835 5672 tribui

2220 5669 2251 5706 e
2273 5660 2508 5724 \jatieanis
2529 5663 2611 5723 qui
2634 5660 2833 5724 habent,
2862 5660 3179 5719 Zoboemiuml

2284 5719 2304 5791 ξ
2337 5726 2439 5791 nuo
2463 5719 2660 5791 er\‘_atie.
2680 5719 3219 5791 siss.,'aymphindium.

2282 5780 2303 5843 "_
2336 5789 2438 5843 nm.
2464 5790 2517 5831 et
2536 5788 2632 5843 En,
2658 5780 2996 5838 Ebrornaiiwiz.

2284 5841 2533 5927 suae:
2559 5841 2992 5927 semesae
3013 5854 3270 5927 Grvsorius
3288 5862 3545 5927 manus.
3581 5872 3688 5913 no-
3724 5868 3843 5919 ιιεο

2222 5912 2535 5956 o'aziauzenus
2554 5912 2634 5970 qui
2654 5923 2794 5980 supra
2818 5913 3039 5974 laudatus
3060 5912 3130 5976 ὡ
3147 5912 3422 5983 Augustino.
