4038 6470
233 357 354 415 853

229 489 308 530 ex
323 474 482 530 altera
497 481 654 548 parte
667 484 890 550 urgente
904 475 1207 534 adversario
1221 487 1466 550 putantes
1477 481 1824 550 catholicum,

227 573 486 635 tanquam
503 569 824 624 catholicum
843 575 1267 639 pronuntiarunt.
1281 572 1392 628 Nisi
1415 575 1554 630 enim
1574 576 1624 630 in
1644 593 1826 636 eorum

227 666 530 726 conspectu
543 659 830 732 audituque
845 661 860 692 ¹
881 660 1184 716 damnasset
1202 678 1294 718 eos
1321 665 1408 736 qui
1434 665 1632 734 dicunt,
1655 669 1824 740 «quod

231 757 516 816 peceatum
537 750 668 805 Ada:
691 753 858 820 ipsum
877 753 1048 808 solum
1081 753 1306 820 larserit,
1341 767 1391 811 et
1421 773 1526 812 non
1549 763 1826 830 genushu—

221 854 484 908 manum;
513 850 572 897 et
595 842 740 912 quod
767 843 995 898 infantes
1025 861 1194 914 nuper
1220 849 1332 902 nati
1359 849 1409 902 in
1436 865 1500 916 eo
1525 859 1666 914 statu
1693 853 1820 918 sint,

219 929 278 984 in
305 945 408 1000 quo
433 931 608 986 Adam
653 933 752 988 fuit
797 943 920 990 ante
949 945 1326 1006 peceatum;et
1350 940 1578 996 infantes
1613 945 1820 1000 etiamsi

221 1037 334 1075 non
381 1023 760 1092 baptizentur,
813 1025 1010 1082 habere
1061 1028 1220 1084 vitam
1275 1041 1566 1098 mternam;
1599 1054 1620 1088 ι
1673 1035 1822 1090 nullo

218 1113 385 1168 modo
407 1115 536 1170 inde
561 1117 660 1170 nisi
689 1117 970 1174 damnatus
993 1121 1192 1176 exisset
1221 1123 1316 1194 (a).
1339 1125 1474 1192 Quid
1501 1126 1642 1180 enim
1669 1128 1818 1182 vobis

215 1207 473 1275 prodest,
523 1209 666 1280 quod
691 1212 876 1267 nescio
919 1229 1050 1282 quas
1073 1230 1233 1271 ansas
1257 1225 1418 1286 atque
1457 1233 1658 1284 uncos,
1703 1229 1818 1276 arte

215 1299 404 1354 nescio
429 1300 584 1370 cujus
613 1303 980 1374 perplexitatis
1007 1305 1275 1375 inseritis,
1309 1324 1374 1364 ne
1417 1309 1674 1380 simplicia
1717 1327 1814 1382 pa-

216 1397 406 1458 teant,
439 1399 494 1446 et
523 1392 666 1447 clara
697 1393 946 1450 luceant?
974 1395 1104 1464 Quis
1132 1399 1272 1453 enim
1303 1415 1408 1455 non
1439 1401 1644 1470 videat,
1675 1419 1812 1474 quo-

213 1481 384 1536 modo
431 1483 532 1540 ista
582 1485 660 1540 illi
701 1485 910 1556 judices
957 1489 1206 1560 accipere
1245 1502 1568 1562 potuerunt,
1611 1497 1814 1552 scilicet

211 1573 520 1630 secundum
557 1576 874 1632 catholicam
915 1579 1108 1646 iidem,
1157 1597 1276 1656 qua:
1320 1584 1512 1657 ubique
1561 1587 1812 1657 parvulos

207 1667 578 1724 exorcizando
595 1679 650 1724 et
673 1671 1004 1728 exsulﬂando
1030 1673 1100 1728 de
1119 1683 1381 1746 potestate
1407 1678 1544 1732 eruit
1567 1681 1812 1736 tenebra-

209 1772 376 1824 rum;
407 1776 515 1816 non
545 1762 680 1816 sicut
707 1773 1067 1833 exponuntur,
1099 1765 1186 1822 vel
1213 1767 1388 1836 potius
1419 1779 1810 1838 componuntur

207 1867 238 1906 a
271 1853 470 1908 vobis?
497 1855 564 1910 Et
593 1864 768 1912 tamen
795 1856 971 1912 dicere
1001 1858 1276 1928 potuistis,
1327 1879 1347 1912 ι
1371 1861 1500 1916 Atia:
1531 1873 1806 1932 peccatum

209 1959 324 1999 non
369 1948 750 2020 propagatione
771 1989 786 2016 ,
833 1949 932 2006 sed
959 1951 1256 2008 imitatione
1281 1953 1482 2010 Iresisse
1503 1969 1670 2026 genus
1703 1955 1808 2012 hu-

205 2052 435 2093 manum
463 2057 478 2102 ;
508 2049 558 2096 et
583 2040 808 2097 infantes
836 2057 1004 2112 nuper
1029 2051 1182 2099 natos
1199 2059 1304 2100 non
1326 2044 1380 2100 in
1410 2061 1476 2102 eo
1503 2056 1640 2102 statu
1663 2064 1804 2116 esse,

205 2129 260 2182 in
291 2147 408 2200 quo
439 2130 536 2185 fuit
559 2133 728 2188 Adam
771 2143 896 2190 ante
925 2147 1230 2205 peccatum,
1257 2137 1401 2209 quod
1439 2139 1528 2196 ille
1555 2143 1806 2212 prtecepti

203 2235 384 2288 capax
417 2219 590 2286 fuerit,
623 2223 706 2278 isti
737 2223 912 2278 adhuc
940 2241 1044 2280 non
1073 2227 1197 2280 sint.
1229 2244 1250 2279 ι
1303 2227 1398 2284 ilis
1437 2231 1646 2286 nebulis
1675 2232 1805 2288 illud

200 2310 474 2378 judicium
513 2327 572 2368 se
617 2323 765 2383 putat
797 2315 1026 2370 illusisse
1055 2316 1321 2388 Pelagius,
1363 2334 1564 2390 vosque
1605 2321 1672 2375 ad
1701 2321 1802 2378 hoc

203 2405 367 2460 nefas
412 2415 520 2462 toto
561 2409 736 2477 capite
781 2409 1080 2474 annuitis’,
1127 2419 1184 2466 et
1213 2412 1382 2466 totah
1409 2413 1502 2467 illo
1523 2413 1803 2484 episcopos

199 2496 404 2552 irrisus
428 2514 541 2555 esse
567 2501 771 2556 ridetis.
801 2501 908 2558 Sed
941 2504 1228 2573 numquid,
1285 2524 1305 2557 ‹
1337 2507 1566 2564 infantes
1593 2511 1802 2566 etiamsi

199 2605 312 2642 non
351 2591 696 2661 baptizeutur,
729 2595 926 2652 habere
950 2597 1114 2652 vitam
1143 2607 1428 2668 arternam,
1461 2621 1482 2655 ι
1517 2605 1622 2658 ulla
1651 2607 1803 2661 calli-

195 2681 382 2736 ditate
429 2685 482 2738 in
521 2685 663 2740 aliud
710 2688 1050 2758 detorquere,
1100 2692 1179 2745 vel
1211 2693 1332 2746 ullis
1375 2693 1514 2750 loliis
1557 2697 1800 2754 ﬁculneis

199 2776 431 2845 cperire
471 2779 758 2846 potuistis?
783 2781 890 2836 Eos
919 2782 1060 2836 enim
1089 2785 1180 2853 qui
1211 2785 1312 2840 hoc
1341 2787 1542 2854 dicunt,
1572 2805 1678 2846 non
1707 2807 1802 2861 po-

197 2866 308 2920 tuit
363 2867 500 2938 apud
537 2869 835 2926 catholicos
863 2872 1076 2942 judices
1103 2873 1204 2929 nisi
1231 2876 1484 2932 damnare
1515 2879 1795 2951 Pelagius:

191 2969 248 3014 et
271 2960 432 3030 quod
463 2963 740 3028 sentiebat,
765 2963 1036 3021 damnavit
1083 2982 1262 3022 coram
1314 2969 1650 3040 hominibus,
1705 2973 1800 3028 da-

193 3052 384 3106 mnari
405 3055 1056 3114 metuensabliominibus.
1085 3059 1218 3116 Nam
1231 3063 1274 3116 si
1305 3063 1404 3118 hoc
1431 3079 1535 3120 non
1562 3068 1792 3134 sentitis,

194 3147 368 3200 nubis
395 3147 568 3217 utique
592 3152 928 3207 consentitis.
961 3151 1068 3206 Sed
1099 3154 1219 3222 quia
1249 3155 1404 3210 nubis
1429 3171 1534 3210 non
1561 3173 1794 3215 consen-

195 3237 318 3292 titis
349 3279 366 3303 ,
419 3239 544 3294 illud
597 3241 716 3296 sine
769 3243 1098 3300 dubitatione
1149 3247 1374 3302 sentitis.
1429 3249 1508 3304 Ae
1549 3265 1644 3319 per
1693 3252 1796 3309 hoc

189 3330 496 3384 orientales
538 3345 632 3386 vos
671 3333 876 3402 judices
902 3335 1160 3390 damnant
1187 3337 1228 3404 ³,
1261 3353 1292 3392 a
1329 3339 1520 3408 quibus
1545 3339 1796 3413 Pelagius

189 3420 452 3474 damnari
481 3422 691 3490 timens,
725 3439 818 3478 eos
845 3425 934 3494 qui
961 3427 1200 3482 sentiunt
1227 3429 1326 3482 ista
1351 3429 1642 3499 damnavit,
1669 3449 1792 3489 cum

187 3513 270 3568 eis
299 3526 452 3582 quos
477 3512 746 3570 damnavit
771 3517 1010 3586 profecto
1033 3517 1387 3588 damnandus,
1417 3523 1540 3592 quia
1571 3525 1624 3580 id
1647 3527 1792 3595 quod

189 3604 424 3674 negavit
464 3619 580 3672 ore,
635 3607 800 3664 corde
839 3610 1088 3664 servavit.
1133 3611 1266 3666 Nam
1296 3614 1436 3683 quod
1471 3615 1648 3672 verbis
1677 3617 1794 3686 ejus

194 3695 616 3765 anathematur,
665 3699 716 3752 in
765 3698 954 3756 litteris
1001 3701 1120 3770 ejus
1169 3703 1452 3760 invenitur.
1495 3705 1600 3764 Sed
1650 3724 1792 3765 nunc

185 3801 318 3842 cum
357 3787 448 3840 illo
475 3803 575 3842 non
603 3805 704 3860 ago
729 3809 742 3846 :
773 3801 826 3846 tu
851 3793 976 3861 quid
1005 3793 1170 3862 dicis,
1197 3811 1316 3852 cum
1343 3813 1448 3867 quo
1477 3801 1604 3854 mihi
1649 3818 1790 3859 nunc

185 3894 278 3934 res
307 3877 444 3932 est?
479 3879 618 3936 Ecce
643 3881 836 3936 adsunt
865 3891 940 3938 tot
959 3883 1166 3952 judices
1191 3889 1516 3944 orientales:
1543 3892 1788 3962 leguntur

189 3979 356 4046 gesta
387 3971 768 4036 ecclesiastica,
799 3989 916 4042 qua:
945 3977 1084 4044 apud
1113 3993 1206 4032 eos
1233 3987 1358 4033 sunt
1397 3980 1594 4036 habita.
1625 3984 1788 4055 Legi-

197 4041 290 4114 tur
325 4060 594 4129 obici-tum
619 4079 740 4118 esse
761 4065 995 4135 Pelagio,
1017 4069 1186 4138 «quod
1207 4070 1350 4126 dicat
1380 4073 1604 4128 infantes
1625 4077 1782 4131 etiam

185 4167 300 4206 non
367 4153 664 4220 baptizatus
719 4155 916 4211 habere
972 4159 1132 4212 vitam
1183 4171 1458 4216 aeternam.
1491 4183 1510 4216 ι
1565 4164 1785 4235 Legitur

183 4247 452 4316 Pelagius
474 4265 564 4304 eus
587 4249 900 4316 damnasse,
929 4253 1020 4322 qui
1047 4255 1148 4308 hoc
1171 4254 1354 4310 dicunt
1393 4274 1406 4310 :
1443 4273 1616 4328 neque
1641 4261 1782 4314 enim

183 4339 318 4394 illos
343 4337 549 4406 judices
581 4341 736 4396 aliter
767 4347 1024 4411 potuisset
1051 4345 1296 4401 evadere.
1337 4347 1486 4404 Nune
1517 4350 1629 4419 ipse
1655 4351 1784 4422 quid

179 4431 374 4488 dicis?
399 4432 678 4490 Habebunt
709 4437 872 4492 vitam
899 4447 1152 4494 aeternam
1179 4442 1408 4510 parvuli,
1443 4444 1648 4500 etiamsi
1673 4461 1779 4500 non

179 4523 452 4594 baptizati
477 4539 538 4578 ex
567 4524 668 4584 hac
687 4527 794 4580 vita
813 4528 1219 4598 emigraveriut,
1247 4547 1314 4586 an
1341 4547 1444 4588 non
1475 4533 1781 4590 habebunt?

177 4613 232 4670 Si
259 4614 494 4682 dixeris,
521 4615 833 4674 Habebunt:
853 4619 1060 4690 Pelagii
1081 4623 1152 4676 lui
1175 4631 1226 4678 te
1251 4625 1410 4680 verba
1431 4626 1776 4696 damnabunt,

175 4717 234 4761 et
271 4706 358 4762 illi
388 4721 570 4764 omnes
593 4725 626 4761 a
655 4709 846 4778 quibus
873 4712 1044 4766 timuit
1073 4713 1186 4782 ipse
1213 4715 1474 4772 damnari.
1517 4719 1574 4774 Si
1599 4729 1778 4775 autem

177 4796 426 4862 dixeris,
477 4798 590 4854 Non
621 4799 892 4856 habebunt
932 4819 944 4856 :
990 4821 1170 4872 quawo
1195 4821 1296 4876 qua
1323 4823 1478 4862 causa
1523 4811 1780 4869 innocens

175 4892 376 4962 imago
403 4892 495 4948 Dei
524 4895 646 4948 vit-n
665 4893 688 4926 ⁸
725 4897 1020 4966 privatione
1047 4900 1312 4970 punietur,
1343 4903 1386 4956 si
1419 4904 1618 4958 nullum
1649 4921 1776 4975 pec-

173 4995 374 5040 catum
401 5001 464 5039 ex
495 4986 722 5042 humana
757 4991 1134 5061 prepagatione
1171 4993 1519 5050 contrahitur.
1565 4996 1619 5052 Si
1653 5015 1778 5054 vero

171 5077 563 5142 contrahitur,
613 5093 712 5134 cur
755 5081 1026 5134 Manielnei
1071 5082 1348 5150 dicuntur,
1387 5087 1474 5156 qui
1515 5086 1618 5144 hoc
1651 5105 1774 5144 seno

173 5169 338 5222 tiunt
359 5207 374 5232 ,
417 5181 444 5222 a
475 5169 668 5238 quibus
711 5171 956 5242 Pelagius
982 5172 1264 5231 datnuatus
1289 5175 1510 5244 fuisset,
1539 5179 1644 5238 nisi
1675 5182 1774 5238 hoc

171 5277 236 5316 se
271 5261 480 5316 sentire
508 5260 788 5318 ﬁnxisset?

241 5483 266 5552 ξ
309 5485 466 5552 Duae
493 5481 727 5552 Vaticanis
749 5487 873 5552 Mss.)
892 5489 948 5552 in
971 5497 1138 5534 eorum
1160 5495 1412 5550 conspectu
1435 5489 1646 5542 atulitus.

241 5543 266 5574 ⁸
309 5541 537 5604 Plerique
560 5549 688 5601 Mss,
709 5545 957 5594 annuistis.

243 5607 268 5637 ³
305 5605 396 5676 ξιαΔ
421 5609 530 5652 Mss.
557 5605 673 5654 Editi
697 5617 842 5666 vero,
884 5605 1127 5658 damnent.
1169 5615 1220 5660 Et
1243 5610 1383 5672 paulo
1415 5623 1555 5676 post,
1580 5621 1774 5670 «nauic-

177 5671 475 5740 mqllfamr.
526 5728 535 5737 .
632 5729 642 5740 ι
669 5734 706 5740 __
876 5735 884 5740 ι
1075 5731 1084 5740 _

243 5729 270 5760 ι
311 5731 412 5775 Duo
434 5728 646 5776 vaticani
669 5734 796 5786 Mss,
825 5735 1019 5780 mter-na:
1041 5731 1162 5782 rita’.

245 5787 336 5852 (α)
353 5789 468 5840 Vide
489 5787 668 5840 librum
681 5791 744 5840 de
766 5793 919 5842 Gcstis
941 5794 1137 5861 Pelagii,
1165 5807 1245 5844 nn.
1271 5794 1352 5859 23,
1373 5799 1450 5860 57,

1599 364 1804 424 LIBER
1841 367 2117 428 PRIMUS.

3409 397 3518 456 63$

2007 487 2098 542 20.
2129 487 2208 544 Tu
2233 489 2441 550 interim
2469 495 2634 554 habes
2659 498 2712 556 in
2741 513 3044 575 conspectu,
3075 523 3186 566 non
3203 511 3376 572 solum
3401 514 3514 574 οο-
3597 535 3604 542 ‘

1934 579 2180 650 eidentis,
2209 599 2392 640 verum
2439 589 2598 646 etiam
2637 591 2866 650 Orientis
2905 599 3208 672 episcopos.
3251 605 3383 664 Nam
3421 612 3514 684 qui

1935 670 2088 725 nobis
2129 672 2314 748 deesse
2355 677 2686 750 videbantur,
2711 685 2890 753 plures
2917 670 3150 748 Orientis
3189 670 3510 758 invenimus.

1931 757 2130 816 Omnes
2165 778 2270 818 uno
2309 767 2602 840 eodemque
2640 775 2800 830 modo
2823 778 3068 848 credunt,
3097 799 3192 852 per
3217 801 3382 844 unum
3407 790 3514 846 hu-

1929 851 2128 908 mincm
2157 866 2430 924 peccatum
2463 860 2690 920 intrasse
2727 867 2780 920 in
2814 851 3172 940 mundumaet
3197 893 3292 946 per
3315 893 3510 950 pecca-

1929 951 2041 998 tum
2070 957 2316 1016 mortem,
2343 959 2396 1004 et
2417 951 2486 1006 ita
2509 954 2559 1008 in
2585 971 2770 1012 omnes
2793 959 3036 1020 homines
3063 974 3428 1040 pertransisse,
3455 976 3508 1032 in

1924 1047 2032 1104 quo
2058 1050 2244 1092 omnes
2275 1053 2628 1108 peccaverunt
2655 1046 2832 1120 (Rom.
2851 1067 2904 1114 v,
2931 1055 3016 1125 12)
3042 1073 3054 1108 :
3083 1060 3172 1128 qui
3201 1063 3388 1118 modus
3417 1065 3504 1120 hic

1923 1133 2026 1190 est,
2051 1136 2104 1180 ut
2135 1141 2352 1197 peccato
2381 1133 2523 1190 illius
2545 1139 2698 1194 unius
2723 1141 2953 1200 hominis
2981 1149 3334 1216 primiomnes
3355 1159 3506 1214 nasci

1919 1215 2207 1306 credantur
2234 1223 2468 1279 obnoxii.
2499 1227 2554 1282 Si
2579 1231 2678 1286 hoc
2702 1235 2791 1302 qui
2819 1235 2966 1304 dicit,
2982 1215 3315 1300 Manichacus
3333 1248 3430 1304 abs
3453 1259 3504 1306 to

1919 1303 2113 1362 dicitur
2131 1309 2170 1364 ¹;
2203 1311 2332 1368 istos
2355 1319 2552 1386 aSpice,
2585 1321 2700 1376 istis
2725 1326 2984 1383 erubesce
3001 1334 3038 1394 ί,
3073 1333 3186 1390 istis
3207 1349 3385 1404 parce,
3411 1341 3500 1396 vel

1919 1396 2012 1452 tibi
2041 1401 2234 1469 potius,
2265 1419 2332 1460 ne
2361 1417 2536 1465 rector
2571 1421 2626 1467 et
2661 1413 2926 1474 habitator
2945 1421 2966 1452 ³
2993 1396 3224 1480 illorum-
3247 1428 3338 1484 tibi
3367 1396 3506 1489 lorte

1917 1503 2024 1544 non
2051 1503 2254 1559 pareat.
2287 1497 2340 1552 Si
2367 1508 2542 1556 autem
2573 1504 2702 1562 istos
2725 1508 3042 1570 Manichaeos
3067 1531 3186 1573 esse
3207 1536 3312 1576 non
3343 1523 3498 1590 dicis,

1915 1595 2016 1636 nec
2035 1599 2119 1640 me
2142 1589 2340 1655 poteris
2365 1591 2603 1652 invenire
2627 1613 2722 1654 cur
2747 1601 2912 1660 dicas.
2941 1605 3126 1678 Neque
3153 1613 3294 1668 enim
3321 1631 3408 1672 me
3431 1589 3502 1674 ob

1914 1671 2057 1728 aliuu
2085 1674 2189 1732 hoc
2211 1694 2330 1734 esse
2351 1681 2504 1750 dicis,
2530 1689 2632 1744 nisi
2659 1692 2779 1760 quia
2807 1694 2872 1750 de
2897 1709 3116 1766 peccato
3145 1703 3298 1771 primi
3325 1703 3500 1764 homi—

1913 1765 2014 1832 nis,
2045 1768 2128 1824 cni
2173 1785 2360 1828 omnes
2395 1780 2626 1836 carnalis
2665 1765 2910 1842 nativitas
2949 1789 3222 1860 obligavit,
3250 1811 3350 1852 nec
3373 1800 3500 1856 inde

1911 1873 2230 1932 quemquam
2271 1866 2368 1924 nisi
2407 1871 2698 1940 spiritualis
2727 1879 2974 1938 nativitas
2997 1885 3176 1952 solvil,
3209 1889 3348 1958 quod
3375 1907 3496 1948 cre-

1910 1949 2042 2006 dunt
2065 1954 2244 2022 credo,
2283 1960 2426 2028 quod
2469 1969 2652 2020 tenent
2691 1973 2865 2034 teneo,
2895 1974 3038 2042 quod
3073 1949 3266 2034 docent
3301 1981 3494 2049 doceo,

1908 2044 2052 2112 quod
2093 2047 2384 2116 pradicant
2425 2055 2674 2122 prmdico.
2715 2059 2834 2116 Istis
2863 2065 3014 2133 cede,
3046 2075 3096 2122 et
3129 2083 3236 2124 non
3263 2087 3352 2128 me
3388 2044 3498 2130 cae;

1909 2133 2038 2190 dcs‘
2071 2154 2084 2192 :
2115 2141 2396 2210 acquiesco
2425 2145 2562 2214 istis,
2593 2158 2647 2204 et
2669 2153 2912 2222 quiesces
2935 2172 2966 2212 a
2993 2173 3096 2214 me.
3127 2161 3424 2230 Postremo,
3447 2167 3498 2224 si

1909 2226 2037 2280 mihi
2067 2244 2162 2298 per
2189 2245 2284 2286 eos
2305 2233 2420 2289 ﬁeri
2443 2253 2546 2292 non
2569 2240 2650 2295 vis
2673 2244 2894 2310 amicus,
2929 2249 3116 2305 saltem
3139 2261 3282 2322 peto,
3311 2271 3380 2312 ne
3401 2273 3498 2328 per

1907 2331 1994 2370 me
2040 2319 2248 2376 illorum
2286 2324 2532 2384 eiﬁciaris
2561 2329 2826 2390 inimicus.
2859 2335 2964 2394 Sed
2989 2319 3498 2410 quomodo-none!-

1909 2404 2132 2477 ﬁcieris,
2161 2411 2206 2466 si
2237 2413 2288 2467 in
2327 2416 2430 2471 isto
2458 2433 2642 2478 errore
2671 2431 3066 2492 pet-manseris?
3108 2433 3318 2500 Quanto
3364 2455 3494 2510 ergo

1906 2497 2118 2564 melius,
2162 2510 2219 2556 ut
2262 2503 2344 2559 his
2379 2509 2620 2578 accedas,
2643 2512 2712 2568 ab
2751 2515 2842 2570 illo
2881 2521 3098 2576 recedes
3121 2525 3162 2578 ⁸.
3195 2497 3492 2588 Tantumiie

1903 2588 2042 2656 apud
2071 2597 2120 2644 te
2147 2605 2370 2662 possunt
2399 2597 2644 2670 Pelagius
2665 2613 2718 2659 et
2747 2607 3046 2676 leestius,
3078 2623 3134 2668 ut
3159 2631 3186 2668 a
3217 2619 3346 2674 solis
3369 2631 3492 2676 ortu

1909 2691 2078 2748 usque
2100 2680 2164 2734 ad
2192 2698 2442 2742 occasum
2475 2697 2550 2744 tot
2571 2707 2634 2746 ac
2655 2701 2828 2752 tantos
2852 2699 3128 2758 catholica:
3157 2705 3280 2764 ﬁdei
3301 2709 3492 2767 docto-

1904 2779 1992 2872 res
2021 2777 2072 2822 et
2100 2769 2430 2841 defensores,
2463 2781 2709 2851 antiquos
2733 2795 2784 2840 et
2807 2799 3002 2846 nostra:
3023 2797 3164 2850 inlati
3189 2799 3488 2872 contiguos,

1901 2853 2228 2915 dormientes
2261 2871 2316 2918 et
2357 2880 2652 2938 manentes,
2681 2889 2786 2930 non
2806 2879 2978 2936 solum
3003 2882 3276 2954 deserere,
3304 2853 3490 2950 viarum

1901 2945 2062 3002 etiam
2088 2947 2410 3012 Manichacus
2443 2959 2640 3018 audeas
2667 2967 2969 3038 appellare?
3010 2971 3172 3032 Miror
3195 2979 3240 3034 si
3267 2979 3367 3038 hoc
3387 2985 3490 3038 ali-

1899 3039 2112 3136 quando
2148 3057 2212 3096 ex
2258 3052 2347 3099 tuo
2387 3051 2582 3116 poterit
2608 3069 2702 3110 ore
2732 3060 3039 3132 procedere,
3067 3067 3208 3136 quod
3237 3079 3288 3126 te
3311 3081 3490 3132 tamen

1899 3127 2131 3186 clamare
2171 3137 2402 3202 pravitas
2438 3141 2510 3196 tui
2541 3148 2810 3216 compellit
2839 3156 3060 3210 erroris.
3083 3127 3198 3216 Sed
3223 3163 3414 3220 mirum
3441 3169 3490 3224 si

1898 3216 1952 3272 in
1983 3219 2115 3274 facie
2145 3222 2376 3283 hominis
2415 3239 2616 3288 tantum
2659 3235 2996 3299 intervallum
3041 3257 3122 3304 cst
3159 3252 3299 3309 inter
3335 3255 3488 3314 fron-

1899 3315 2004 3416 tem
2036 3321 2089 3367 et
2115 3314 2362 3387 linguam,
2387 3329 2442 3375 ut
2470 3323 2520 3378 in
2552 3325 2650 3381 hac
2673 3343 2832 3386 causa
2861 3332 3008 3390 frons
3033 3355 3138 3394 non
3165 3347 3490 3416 comprimat

1897 3399 2154 3470 linguam.

1967 3491 2194 3589 CAPUT
2235 3497 2319 3553 Vl.
2351 3503 2533 3558 -—2L
2581 3507 2687 3564 Sed
2724 3513 2850 3582 quid
2893 3519 3160 3588 mussites,
3207 3529 3348 3582 novi.
3393 3531 3486 3589 Dic

1890 3581 2022 3651 jam,
2069 3585 2174 3654 dic,
2217 3591 2512 3652 audiamus.
2566 3598 2624 3654 in
2663 3581 2904 3662 extremo
2943 3611 3014 3664 tui
3055 3617 3232 3682 operis
3272 3619 3344 3684 de
3375 3639 3484 3692 quo

1895 3690 2037 3731 nunc
2063 3679 2288 3749 agimus,
2316 3684 2368 3738 id
2399 3697 2499 3756 est,
2535 3689 2586 3744 in
2617 3697 2786 3764 quarti
2821 3699 2940 3756 libri
2981 3718 3131 3774 parte
3173 3679 3480 3782 noviSsiiita,

1901 3785 1918 3818 ι
1950 3766 2176 3828 Sanctus
2213 3773 2480 3848 Joannes,
2507 3800 2525 3834 ι
2577 3783 2772 3856 inquis,
2823 3808 2842 3844 ι
2873 3793 3484 3873 ConstantinopoliIanus

1893 3871 2051 3932 negat
2095 3880 2216 3922 esse
2263 3869 2315 3924 in
2359 3875 2596 3942 parvulis
2647 3881 2906 3952 originale
2955 3869 3250 3958 peccatum.
3315 3900 3368 3954 lu
3415 3918 3480 3958 ea

1891 3953 2086 4050 quippe
2121 3955 2358 4028 humilia,
2391 3982 2550 4034 quam
2588 3969 2655 4026 de
2699 3953 2976 4046 baptizatis
3007 3985 3188 4042 habuit
3215 4007 3230 4042 :
3255 3953 3480 4050 Bened‘i:

1891 4051 2028 4112 ctus,
2059 4047 2246 4119 inquit,
2279 4053 2418 4110 Deus
2459 4059 2544 4127 qui
2589 4061 2714 4118 fecit
2749 4068 3010 4126 mirabilia
3042 4079 3204 4144 solus,
3236 4085 3324 4152 qui
3353 4085 3482 4146 fecit

1893 4151 2156 4204 universa,
2189 4153 2242 4198 et
2277 4151 2537 4204 convertit
2569 4155 2832 4212 universa.
2877 4162 3014 4228 Ecce
3041 4151 3300 4228 libertatis
3328 4193 3478 4233 sere-

1889 4227 2053 4283 nitate
2087 4231 2428 4300 perfruuntur
2455 4241 2542 4310 qui
2583 4227 2955 4322 tenebanturp
2991 4257 3078 4310 ulo
3103 4268 3226 4318 ante
3261 4227 3474 4334 captivi,

1889 4325 1942 4370 et
1984 4319 2126 4373 cives
2171 4323 2423 4382 Ecclesia:
2477 4342 2602 4386 sunt
2648 4337 2738 4404 qui
2795 4339 3005 4398 fuerunt
3061 4347 3114 4400 in
3172 4319 3478 4424 peregi-ina-

1891 4409 2047 4465 lionis
2089 4427 2306 4476 errore,
2337 4427 2389 4472 et
2422 4419 2642 4490 iustitia:
2673 4427 2723 4481 in
2755 4439 2900 4486 sorte
2926 4409 3203 4494 versantur
3241 4409 3326 4513 qui
3362 4447 3478 4504 l'ue-

1887 4502 2411 4564 runtinconl‘usiune
2448 4517 2666 4582 pecrali.
2707 4521 2822 4576 Non
2859 4527 3000 4580 enim
3031 4538 3230 4586 tantum
3255 4502 3386 4592 sunt
3413 4541 3474 4594 li~

1885 4593 2020 4660 beri,
2052 4597 2145 4654 sed
2177 4609 2228 4654 et
2257 4603 2424 4658 SilllCll
2451 4623 2464 4659 :
2496 4623 2596 4662 non
2629 4621 2830 4668 tantum
2868 4621 3056 4686 sancti,
3083 4623 3176 4678 sed
3209 4636 3262 4680 et
3295 4628 3422 4698 justi
3455 4652 3470 4690 ε

1887 4705 1993 4744 non
2043 4692 2212 4746 solum
2248 4694 2398 4764 justi,
2422 4699 2514 4754 sed
2553 4711 2604 4756 et
2654 4703 2744 4760 lilii
2777 4724 2790 4760 :
2830 4725 2934 4764 non
2961 4713 3132 4770 sidunt
3159 4719 3270 4786 lilii,
3295 4692 3394 4776 sed
3418 4739 3472 4782 et

1887 4785 1953 4836 Ιιςι
1974 4785 2126 4839 rcdes
2160 4805 2171 4838 :
2203 4805 2306 4841 non
2331 4792 2498 4846 solum
2529 4794 2788 4866 lucretius,
2814 4803 2906 4858 sed
2935 4815 2988 4858 et
3009 4806 3199 4865 fratres
3229 4789 3422 4873 Christi
3453 4839 3466 4874 :

1886 4889 1984 4928 nec
2029 4885 2228 4930 tantum
2277 4877 2466 4936 fratres
2508 4883 2724 4954 Christi,
2755 4891 2847 4946 scd
2895 4904 2947 4948 et
2985 4897 3292 4960 colunredes
3317 4923 3332 4960 :
3362 4926 3470 4970 not.

1885 4965 2055 5020 solum
2081 4967 2406 5037 colimredcs,
2435 4974 2526 5027 sed
2555 4986 2607 5030 ct
2635 4982 2870 5038 membra
2903 5002 2916 5038 :
2949 5003 3052 5042 non
3079 5001 3276 5050 tantum
3301 5015 3474 5056 mem-

1885 5055 2000 5124 bra,
2031 5059 2123 5112 sed
2155 5069 2206 5114 et
2243 5065 2496 5132 templum
2528 5085 2540 5122 :
2569 5085 2673 5122 non
2723 5081 2924 5132 tantum
2972 5085 3245 5156 templum,
3279 5055 3373 5148 sed
3417 5104 3472 5150 ct

1883 5161 2078 5218 organa
2109 5149 2354 5220 Fpiritus.
2392 5156 2546 5212 Vides
2575 5173 2703 5231 quot
2732 5177 2856 5222 sunt
2881 5149 3470 5254 Baptisniatis'largita-

1886 5250 1963 5295 tcs
1996 5259 2008 5294 :
2037 5251 2088 5297 ct
2132 5245 2370 5300 nommlli
2413 5247 2670 5320 deputant
2705 5259 2976 5316 caelestem
3003 5271 3226 5336 gratiam
3261 5275 3310 5328 in
3332 5245 3468 5343 pec-

1882 5437 2170 5548 [Ιὶὲιῶἓοοι
2187 5443 2280 5502 Exn,
2300 5441 2348 5492 si
2368 5441 2455 5494 hoc
2469 5449 2597 5510 quod
2617 5451 2738 5502 dicit
2763 5455 3056 5512 Alanicliaeas
3074 5462 3160 5514 abs
3183 5473 3228 5516 te
3245 5467 3312 5518 άίι
3327 5469 3426 5522 itur
3445 5485 3465 5525 :

1913 5512 2132 5548 ienuose.

1945 5563 1965 5634 ξ
1998 5561 2112 5634 editi
2127 5597 2141 5622 ,
2165 5561 2544 5634 istoserubesce.
2571 5581 2695 5634 Mss,
2719 5575 2842 5628 istis.

1944 5622 1964 5694 ξ
1998 5624 2212 5694 δοιιιιμίιί
2233 5640 2262 5675 e
2279 5627 2484 5694 Belgicis
2501 5622 2628 5694 δίδδᾷ
2643 5622 2842 5688 aitiiiéiil

1943 5683 2196 5770 Lam;
2220 5701 2276 5770 ac
2486 5701 2590 5770 liis-5.
2647 5683 2719 5748 "et
2735 5683 2872 5752 viiii/ti
2911 5703 3072 5756 cedes.
3118 5711 3313 5770 Quidam
3339 5725 3460 5769 7.128.:

1887 5753 1993 5798 Istis
2029 5749 2174 5810 crede
2191 5785 2205 5810 ,
2229 5757 2274 5800 et
2297 5749 2415 5802 ini/ii
2437 5749 2624 5808 credes;

1945 5811 1964 5842 ³
2000 5809 2114 5858 Editi
2137 5845 2150 5872 ,
2191 5809 2406 5866 recedas.
2457 5825 2581 5878 Mss.,
2607 5821 2832 5878 recedes:
2865 5824 2980 5888 vel,
3023 5829 3230 5888 recutita.
