4038 6478
523 366 632 428 055

527 504 768 552 calorum
808 502 1011 551 tantum
1063 491 1374 548 remissione
1415 493 1754 549 consistere:
1786 507 1885 548 nos
1927 499 2108 546 autem

523 587 758 646 honores
779 586 1200 658 computavimus
1219 585 1424 642 decem.
1454 587 1562 642 Hac
1581 587 1646 642 de
1667 601 1826 642 causa
1847 585 2006 641 etiam
2029 584 2112 639 in-

522 680 698 737 fantes
721 679 1080 750 baptizamus:
1109 694 1228 732 eum
1258 694 1361 733 non
1388 679 1491 733 sint
1517 679 1841 749 coinquinati
1870 687 2108 748 peccato,

521 780 584 825 ut
607 771 688 826 eis
707 771 724 804 ι
753 769 978 825 addatur
1005 771 1280 833 sanctitas,
1302 769 1530 839 justitia,
1549 768 1784 839 adoptio,
1803 767 2107 834 hmreditas,

523 861 826 936 fraternitas
843 862 1058 927 Christi,
1088 870 1146 917 ut
1169 863 1286 934 ejus
1315 862 1552 919 membra
1578 862 1686 918 sint
1712 881 1731 914 ο
1765 860 2022 932 (Mamilia
2042 859 2111 913 ad

531 951 846 1027 Neaphytos)
857 994 870 1008 .

589 1041 680 1098 22.
713 1043 856 1100 Itane
883 1043 980 1100 ista
1006 1045 1168 1099 verba
1208 1045 1374 1100 sancti
1411 1043 1631 1101 Joannis
1666 1042 1902 1114 episcopi
1941 1041 2110 1097 audes

521 1143 772 1206 tanquam
802 1150 834 1190 e
858 1137 1126 1192 contrario
1155 1145 1232 1192 tot
1255 1137 1548 1206 taliumque
1573 1136 1854 1192 sententiis
1871 1134 2110 1203 collega-
2135 1211 2140 1214 .

518 1243 640 1282 rum
666 1228 784 1297 ejus
809 1243 1101 1298 opponere,
1124 1243 1352 1298 eumque
1367 1229 1434 1283 ab
1456 1229 1665 1282 illorum
1692 1225 2109 1281 concordissima

519 1319 780 1379 societate
808 1320 1112 1392 seiungere,
1145 1330 1193 1375 et
1233 1319 1312 1375 eis
1344 1319 1706 1375 adversarium
1741 1318 2066 1372 constituere
2086 1315 2112 1368 ?

518 1410 693 1476 Absit,
717 1411 856 1466 absit
883 1410 984 1465 hoc
1009 1411 1202 1465 malum
1234 1411 1300 1466 de
1330 1419 1476 1466 tanto
1507 1411 1621 1464 viro
1651 1409 1871 1464 credere
1906 1415 1998 1462 aut
2025 1407 2110 1461 di-

519 1515 665 1558 cere.
690 1501 860 1568 Absit,
879 1502 1113 1572 inquam,
1135 1512 1191 1557 ut
1211 1501 1830 1573 Constantiuopolitanus
1851 1499 2108 1564 Joannes,

517 1591 590 1647 de
617 1591 942 1662 Baptismate
971 1592 1332 1662 parvulomm,
1362 1607 1657 1663 eorumque
1683 1607 1712 1646 a
1739 1600 1962 1663 paterno
1995 1590 2112 1644 chi-

518 1686 786 1757 rographo
806 1685 1154 1742 liberatione'
1180 1702 1276 1758 per
1302 1686 1570 1741 Christum
1596 1727 1610 1750 ,
1645 1694 1722 1740 tot
1750 1699 1813 1739 ac
1836 1682 1994 1738 tantis
2019 1698 2110 1738 co-

519 1780 787 1852 episcopis
810 1781 950 1843 suis,
982 1781 1318 1850 maximeque
1346 1780 1587 1834 Romano
1617 1777 1944 1844 Innocentio,
1977 1775 2108 1830 Car-

521 1869 824 1943 thaginensi
862 1870 1149 1944 Cypriane,
1182 1871 1479 1941 Cappadoci
1521 1870 1746 1935 Basilio,
1773 1868 2110 1923 Nazianzcno

521 1963 778 2036 Gregorio
793 1963 995 2031 ',Gallo
1016 1963 1234 2027 Hilario,
1255 1962 1633 2018 Mediolanensi
1657 1961 1868 2016 resistat
1885 1960 2109 2014 Ambro-

523 2055 629 2111 sio.
645 2055 761 2110 Alia
775 2063 919 2122 sunt,
937 2055 988 2109 in
1005 2055 1198 2126 quibus
1215 2055 1352 2110 inter
1369 2069 1427 2109 se
1443 2053 1724 2125 aliquando
1739 2055 1896 2108 etiam
1915 2052 2112 2107 doctis-

520 2149 642 2207 simi
673 2158 830 2220 atque
853 2150 1039 2222 optimi
1065 2150 1266 2220 regula:
1293 2148 1570 2204 catholica:
1602 2147 1932 2212 defensores,
1965 2146 2108 2199 salva

520 2241 642 2297 fidei
671 2255 928 2312 compage
959 2256 1064 2295 non
1094 2250 1412 2308 consonant,
1447 2249 1501 2295 et
1531 2240 1665 2294 alius
1689 2239 1794 2293 alio
1823 2237 1890 2292 de
1919 2253 2019 2292 una
2052 2252 2110 2293 re

519 2334 713 2390 melius
740 2333 937 2402 aliquid
961 2334 1090 2388 dicit
1111 2343 1164 2388 et
1190 2335 1383 2388 verius.
1419 2332 1538 2388 Hoc
1575 2341 1751 2387 autem
1788 2330 1930 2385 unde
1969 2344 2111 2385 nunc

517 2428 744 2497 agimus,
765 2425 830 2480 ad
857 2426 967 2496 ipsa
992 2426 1109 2480 fidei
1139 2427 1366 2496 pertinet
1387 2425 1752 2480 fundamenta.
1781 2423 2032 2493 Quisquis
2054 2421 2104 2477 in

519 2516 809 2572 christiana
838 2516 941 2572 [ide
961 2517 1070 2571 vult
1090 2516 1409 2573 labefactare
1425 2515 1568 2586 quod
1598 2514 1854 2583 scriptum
1879 2523 1980 2580 est,
2008 2511 2111 2566 Per

519 2609 771 2664 hominem
803 2625 956 2673 mors,
979 2618 1028 2663 et
1049 2625 1137 2679 per
1161 2609 1413 2663 hominem
1432 2608 1728 2663 resurrectio
1759 2616 2065 2661 mortuorum
2089 2621 2107 2660 :

516 2700 644 2753 sicut
668 2699 803 2754 enim
839 2699 894 2754 in
930 2698 1096 2753 Adam
1121 2716 1291 2754 omnes
1316 2700 1598 2753 moriuntur
1616 2739 1631 2763 ,
1660 2699 1730 2752 ita
1758 2707 1806 2751 et
1829 2700 1881 2752 in
1909 2698 2108 2752 Christo

516 2808 688 2847 omnes
711 2793 1090 2862 viviﬁcabuntur
1111 2793 1153 2863 (Ι
1177 2791 1294 2847 Cor.
1325 2808 1412 2858 xv,
1438 2792 1498 2846 2|
1516 2834 1530 2857 ,
1559 2791 1670 2859 ‘22);
1699 2800 1865 2845 totum
1889 2791 2027 2860 quod
2055 2791 2107 2844 iu

515 2882 788 2939 Christum
817 2883 1086 2940 credimus
1111 2881 1322 2938 auferre
1349 2883 1584 2936 molitur.
1625 2883 1855 2937 Omnino
1893 2890 1946 2936 et
1983 2897 2104 2950 par-

517 2977 762 3032 vnlorum
791 2976 1024 3033 salvator
1063 2983 1147 3031 est
1189 2975 1470 3040 Christus;
1518 2976 1757 3040 omnino,
1790 2973 1891 3028 nisi
1919 2975 1988 3028 ab
2016 2973 2106 3027 illo

517 3067 870 3135 redimantur,
904 3066 1168 3138 peribunt,
1217 3068 1466 3138 quoniam
1515 3068 1632 3122 sine
1679 3083 1841 3122 carne
1887 3067 2005 3138 eju$
2051 3075 2107 3123 et

517 3161 773 3232 sanguine
795 3160 958 3216 vitam
990 3160 1185 3216 habere
1213 3176 1316 3215 non
1344 3169 1584 3230 possunt.
1637 3161 1746 3215 lloc
1777 3163 1966 3226 sensit,
1998 3159 2103 3217 hoc

517 3252 764 3319 credidit,
799 3254 900 3309 hoc
944 3253 1146 3320 didicit,
1179 3252 1282 3308 hoc
1320 3252 1500 3308 docuit
1537 3261 1589 3308 et
1636 3253 1888 3308 Joannes.
1917 3253 2022 3308 Sed
2051 3263 2103 3307 tu

516 3343 634 3416 ejus
656 3345 817 3401 verba
843 3345 896 3399 in
928 3352 1166 3400 vestrum
1192 3344 1380 3415 dogma
1411 3345 1697 3400 convertis.
1731 3345 1954 3398 l’eccata
1971 3344 2106 3398 dixit

517 3436 767 3508 parvulos
794 3451 898 3492 non
928 3437 1159 3504 habere,
1185 3437 1280 3493 sed
1323 3438 1554 3509 prOpria.
1599 3437 1752 3492 Unde
1793 3438 1910 3492 illos
1953 3438 2106 3491 inno-

517 3538 700 3584 centes
740 3530 932 3583 merito
973 3543 1379 3599 nuncupamus,
1423 3529 1716 3584 secundum
1761 3529 1811 3582 id
1851 3530 1990 3597 quod
2031 3530 2104 3584 ait

519 3620 827 3689 Apostolus,
851 3620 1087 3674 nondum
1116 3629 1268 3675 natos
1297 3619 1426 3674 nihil
1453 3623 1625 3690 egisse
1658 3621 1783 3676 boni
1825 3623 1936 3677 sive
1978 3623 2104 3678 mali

518 3711 693 3783 (Rom.
723 3728 796 3778 ιι,
832 3713 922 3782 Η)
971 3730 984 3767 :
1018 3728 1122 3767 non
1146 3711 1432 3767 secundum
1466 3713 1515 3768 id
1537 3714 1676 3784 quod
1703 3715 1799 3780 ait,
1827 3714 1927 3768 Ριτ
1953 3717 2104 3770 unius

517 3801 903 3855 inobedientiam
934 3812 1214 3871 peccatores
1250 3804 1507 3856 constituti
1545 3814 1659 3858 sunt
1695 3806 1838 3859 multi
1884 3804 2008 3879 (Id.
2044 3823 2100 3874 v,

517 3891 586 3946 i9
611 3893 650 3962 ).
698 3892 910 3946 Poterat
935 3893 1095 3947 etiam
1125 3903 1307 3948 noster
1333 3895 1634 3966 Cyprianus
1679 3897 1778 3950 hoc
1816 3896 1995 3952 dicere
2033 3898 2101 3953 de

517 3985 750 4054 parvulis
776 3987 914 4054 quod
940 3984 1172 4040 Joannes
1199 4004 1214 4038 :
1244 3987 1670 4058 quandoquidem
1699 3989 1791 4056 ait,
1821 3991 1991 4061 «quod
2024 3992 2102 4046 in-

517 4075 635 4129 fans
680 4085 832 4130 natus
875 4076 1004 4130 nihil
1045 4078 1364 4146 peccaverit,
1397 4087 1451 4132 et
1489 4079 1628 4149 quod
1674 4081 1721 4134 ei
1765 4083 2104 4136 remittantur

516 4183 621 4222 non
657 4169 902 4237 propria,
954 4167 1048 4222 sed
1089 4169 1258 4224 aliena
1309 4179 1522 4240 peccata
1562 4190 1579 4222 ›
1630 4171 1839 4244 (Epist.
1901 4174 1990 4240 64,
2029 4179 2097 4228 (ut

517 4260 768 4332 Fidum).
815 4262 1146 4332 Comparans
1196 4278 1323 4334 ergo
1368 4280 1462 4318 cos
1489 4264 1721 4320 Joannes
1774 4267 2098 4338 majoribus,

517 4371 740 4424 quorum
786 4355 995 4425 propria
1041 4364 1253 4424 peccata
1299 4355 1639 4411 dimittuntur
1692 4359 1744 4412 in
1789 4358 2100 4428 Baptismo,

516 4444 649 4500 dixit
693 4445 812 4500 illos
857 4465 876 4498 ι
899 4460 1004 4499 ηοη
1045 4446 1242 4502 habere
1277 4458 1519 4516 peccata;
1551 4467 1570 4502 ι
1622 4464 1730 4504 non
1757 4430 1905 4506 .sicut
1943 4452 2104 4508 verba

516 4537 631 4604 ejus
662 4535 776 4606 ipse
804 4537 1051 4608 posuisti,
1085 4556 1105 4591 ι
1129 4553 1234 4592 non
1265 4539 1636 4609 coinquinatos
1661 4557 1781 4597 esse
1811 4555 2050 4614 peccato,
2078 4563 2096 4598 ι

515 4626 643 4682 dum
665 4628 744 4681 vis
771 4628 952 4696 utique
977 4628 1220 4700 intelligi,
1249 4644 1356 4688 non
1376 4645 1470 4686 eos
1490 4643 1711 4702 peccato
1740 4633 1898 4702 primi
1926 4633 2104 4691 homi-

515 4718 601 4773 nis
634 4717 954 4788 inquinatos.
983 4718 1180 4776 Verum
1203 4721 1304 4778 hoc
1333 4737 1438 4778 non
1465 4723 1557 4779 tibi
1587 4724 1884 4794 tribuerim,
1905 4725 1999 4782 sed
2025 4728 2104 4783 in-

516 4811 736 4882 terpreti
768 4829 784 4867 :
815 4827 1114 4884 quanquam
1141 4815 1192 4868 in
1218 4815 1337 4871 aliis
1361 4815 1633 4871 codicibus
1659 4817 1902 4873 eamdem
1934 4819 2102 4876 inter-

517 4904 869 4974 pretationem
902 4904 1234 4973 habentibus,
1265 4922 1368 4961 non
1396 4925 1415 4959 ι
1441 4917 1712 4978 peccato”
1746 4910 1841 4965 sed
1874 4929 1893 4962 r
1913 4926 2104 4981 pecca-

517 4997 586 5051 tis
618 5014 636 5048 i
686 4995 906 5066 legatur.
952 4994 1107 5052 Unde
1143 4999 1309 5053 miror
1349 4999 1392 5053 si
1433 5015 1535 5054 non
1565 5002 1758 5072 aliquis
1783 5018 1850 5057 ex
1882 5020 2102 5071 numero

517 5097 700 5142 vestro
728 5087 1049 5157 singularem
1082 5089 1267 5144 maluit
1295 5107 1573 5147 nmnerum
1604 5093 1859 5160 scribere,
1891 5107 1947 5150 ut
1975 5097 2102 5152 illud

517 5179 852 5248 acciperetur
890 5195 1076 5245 unum,
1107 5180 1246 5236 unde
1283 5181 1413 5238 dicit
1449 5185 1754 5256 Apostolus,
1787 5186 1926 5242 Nam
1955 5190 2105 5259 judi-

517 5271 650 5325 cium
679 5270 880 5342 quidem
909 5287 973 5326 ea:
1004 5288 1105 5326 uno
1138 5273 1190 5327 in
1229 5276 1712 5345 condemnationem,
1745 5281 1911 5350 gratia
1935 5292 2104 5335 autem

518 5379 581 5418 ea:
612 5364 781 5419 multis
806 5364 999 5418 delictis
1026 5364 1079 5419 in
1099 5365 1520 5436 justiﬁcationcm
1554 5369 1745 5441 (Rom.
1769 5388 1820 5438 v,
1851 5371 1981 5446 16).
2029 5375 2103 5431 lbi

579 5559 601 5630 Ξ
631 5559 715 5630 ΨΟ
737 5557 853 5630 θρίω
877 5557 1076 5630 addunt,
1091 5557 1230 5630 μειερ·
1241 5557 1320 5630 ρει
1332 5573 1350 5621 ;
1371 5560 1499 5630 quod
1520 5562 1662 5630 abest
1681 5577 1709 5613 a
1724 5563 1972 5630 plerisque
1993 5576 2100 5622 Mss.

513 5621 706 5732 ιὶοὲεδίο
728 5621 897 5685 plures
921 5629 1024 5670 Mss.
1049 5628 1106 5672 Λι
1137 5621 1283 5682 editi,
1307 5636 1339 5672 a
1369 5621 1558 5686 paterni
1581 5621 1905 5691 chirographi"
1931 5621 2105 5685 libera?

519 5744 600 5866 σοι
632 5743 850 5796 Nonnulli
902 5746 1214 5809 manuscripti
1268 5753 1594 5812 praetereunt,
1658 5752 1954 5806 n’aziuuzeno
1987 5764 2100 5810 Gre-

580 5817 670 5854 rio.

580 5817 670 5854 ηο.

1321 364 1592 428 (ὶΟῗίῊίᾹ
1632 367 1973 431 ,ιυιιΑΝωι
2011 368 2481 444 ΡΕιΑϐΙΑΝυΜ,
2526 375 2582 432 8.
2627 373 2991 433 AUCLSTINI

3699 379 3814 446 656

2221 491 2418 562 quippe
2446 507 2632 562 unum,
2664 509 2770 549 non
2814 494 2911 548 nisi
2936 495 2950 524 '
2981 493 3228 548 delictum
3257 496 3370 551 vnit
3411 499 3665 572 intelligi;
3697 520 3814 574 quo

2218 583 2464 640 nolentes
2505 585 2650 642 credi
2691 587 2941 656 parvulos
2969 586 3295 657 inquinatos,
3327 606 3430 645 non
3462 607 3554 648 eos
3585 604 3812 663 peccata

2218 688 2325 727 non
2349 675 2568 743 habere,
2593 677 2733 746 quod
2762 678 2832 731 ait
2853 677 3104 744 Joannes,
3135 695 3202 735 ne
3232 680 3656 753 intelligerentur
3677 704 3814 757 pro-

2217 765 2365 834 pria;
2393 768 2474 821 vel
2497 767 2749 837 peccatis,
2771 772 2908 824 sicut
2930 769 3087 825 habet
3105 771 3155 825 in
3177 771 3294 828 aliis
3319 775 3592 833 codicibus
3615 780 3815 838 eadem

2217 855 2584 925 interpretatio
2603 898 2619 924 ,
2665 859 2761 914 sed
2807 878 2826 911 ι
2853 870 3071 930 peccato
3099 877 3204 918 non
3232 864 3534 934 inquinatos
3560 888 3578 921 ι
3624 870 3816 930 dicere

2215 948 2498 1016 maluistis,
2521 959 2578 1002 ut
2605 965 2766 1004 unum
2795 951 2948 1021 primi
2977 953 3204 1008 hominis
3228 969 3498 1026 peccatum
3522 962 3728 1016 veniret
3753 964 3812 1020 iu

2215 1049 2471 1093 mentem.
2519 1039 2625 1095 Sed
2663 1043 3052 1112 suspicionibus
3095 1060 3200 1101 non
3243 1064 3490 1118 agamus,
3519 1061 3574 1107 et
3611 1054 3696 1107 hic
3723 1056 3816 1112 vel

2215 1131 2495 1200 scriptoris
2523 1148 2694 1201 error,
2731 1136 2812 1189 vel
2842 1137 3070 1192 varietas
3095 1148 3307 1209 putetur
3335 1142 3662 1214 interpretis.
3695 1149 3816 1219 Ego

2217 1221 2328 1291 ipsa
2361 1224 2520 1280 verba
2555 1241 2726 1296 graeca
2761 1243 2879 1298 qua:
2913 1244 2943 1282 a
2986 1229 3190 1286 Joanne
3232 1233 3372 1289 dicta
3417 1246 3540 1292 sunt
3581 1254 3810 1310 ponam,

2222 1331 2241 1366 α
2265 1322 2356 1370 Διά
2383 1320 2520 1373 τοῦτο
2548 1329 2631 1372 καὶ
2655 1327 2718 1374 τὰ
2740 1325 2914 1374 παιδία
2941 1333 3265 1394 putarimus-1,
3293 1338 3450 1382 καίτοι
3474 1333 3814 1401 ἁμαρτήματα

2215 1409 2296 1460 οὐκ
2319 1416 2487 1476 ἔχοντα
2514 1427 2526 1461 :
2563 1429 2583 1463 ι
2617 1411 2758 1480 quod
2783 1420 2868 1466 est
2889 1413 3068 1479 latine,
3107 1434 3126 1466 ι
3157 1418 3277 1472 Ideo
3298 1427 3351 1474 et
3378 1421 3604 1478 infantes
3626 1425 3811 1495 bapti-

2214 1514 2418 1564 zamus,
2449 1504 2691 1571 quamvis
2718 1514 2937 1575 peccata
2968 1523 3074 1561 non
3106 1508 3382 1568 habentes.
3414 1531 3434 1566 ι
3471 1515 3630 1571 Vides
3656 1529 3814 1575 certe

2218 1605 2324 1646 non
2351 1592 2420 1646 ab
2448 1609 2513 1648 eo
2541 1594 2740 1650 dictum
2768 1613 2887 1653 esse
2937 1617 2957 1650 ‹
2986 1601 3232 1669 parvulos
3281 1620 3385 1658 non
3434 1609 3811 1679 coinquinatos

2218 1697 2338 1736 esse
2363 1693 2634 1752 peccato,»
2667 1688 2780 1742 sive
2809 1690 3122 1757 «peccatisp
3145 1692 3255 1758 sed,
3292 1710 3432 1750 «non
3458 1697 3654 1755 habere
3677 1717 3811 1772 pec-

2215 1782 2370 1828 cata:
2407 1794 2425 1828 i
2461 1777 2698 1849 intellige
2727 1780 2957 1849 propria,
3000 1793 3055 1837 et
3092 1785 3234 1841 nulla
3275 1792 3548 1846 contentio
3585 1803 3686 1848 est.
3736 1798 3810 1851 At

2216 1864 2441 1936 inquies,
2470 1867 2577 1922 Cur
2597 1885 2702 1923 non
2727 1871 2838 1940 ipse
2858 1872 3078 1940 addidit,
3113 1879 3359 1947 prepria?
3381 1879 3508 1946 Cur,
3528 1893 3806 1954 putamus,

2215 1957 2316 2010 nisi
2343 1958 2462 2026 quia
2485 1959 2759 2028 disputans
2780 1961 2832 2016 in
2860 1964 3119 2021 catholica
3151 1967 3408 2036 Ecclesia,
3432 1989 3538 2029 non
3565 1991 3624 2032 se
3644 1977 3811 2034 aliter

2215 2049 2437 2119 intelligi
2484 2052 2871 2122 arbitrabatur,
2915 2056 3006 2110 tali
3048 2061 3343 2128 quaestione
3384 2065 3577 2122 nullius
3617 2071 3806 2140 pulsa-

2214 2139 2428 2207 batur”,
2460 2143 2611 2198 vobis
2649 2145 2883 2201 nondum
2931 2148 3254 2220 litigantibus
3277 2158 3513 2213 securius
3549 2139 3810 2232 loquebao

2215 2231 2336 2285 tur?

2283 2322 2374 2379 25.
2404 2324 2538 2381 Nam
2567 2326 2648 2383 vis
2673 2329 2858 2386 audire
2885 2331 3010 2402 quid
3032 2333 3192 2390 etiam
3216 2336 3328 2407 ipse
3348 2338 3415 2394 de
3434 2342 3531 2396 hac
3553 2357 3610 2399 re
3636 2359 3806 2414 aper-

2215 2413 2418 2471 tissime
2443 2417 2669 2473 dixerit?
2697 2421 2835 2476 Ecce
2852 2423 3011 2478 etiam
3039 2424 3208 2494 ipsum
3235 2443 3448 2484 numero
3468 2431 3542 2485 illi
3559 2413 3812 2506 adjungo

2213 2507 2564 2564 sanctorum'.
2587 2508 2726 2566 Ecce
2756 2511 2893 2567 inter
2922 2529 3070 2568 meos
3099 2524 3279 2580 testes,
3309 2519 3390 2574 vel
3415 2521 3549 2576 inter
3579 2535 3811 2582 nostros

2212 2597 2479 2652 constituo
2492 2599 2720 2669 iudices,
2750 2618 2908 2672 quem
2936 2606 3131 2674 putasti
3160 2619 3437 2676 patronum
3461 2620 3626 2667 tuum.
3660 2615 3808 2673 Ecce

2212 2695 2267 2741 et
2299 2688 2469 2757 ipsum
2500 2689 2737 2747 dicturus
2775 2708 2835 2748 es
2877 2695 3245 2752 Manicbteum.
3277 2699 3580 2770 Ingredere,
3615 2717 3808 2764 sancte

2212 2777 2466 2845 Joannes,
2499 2781 2797 2851 ingredere,
2835 2795 2889 2840 et
2930 2789 3146 2844 conside
3175 2806 3297 2844 cum
3332 2791 3587 2850 fratribus
3614 2798 3740 2860 tuis,
3769 2814 3804 2855 a

2213 2867 2404 2936 quibus
2449 2878 2500 2925 te
2543 2873 2687 2927 nulla
2733 2875 2871 2929 ratio
2913 2887 2968 2930 et
3013 2878 3157 2933 nulla
3206 2882 3428 2937 tcntatio
3470 2888 3802 2955 separavit‘.

2211 2959 2354 3032 Opus
2399 2971 2481 3016 est
2522 2971 2577 3018 et
2616 2974 2724 3030 tua,
2754 2975 2812 3022 et
2838 2969 3066 3023 maxime
3095 2979 3179 3024 tua
3209 2974 3470 3029 sententia
3503 2993 3518 3031 :
3544 2979 3803 3046 quoniam

2213 3049 2266 3105 in
2308 3053 2412 3106 tuis
2443 3053 2632 3110 litteris
2667 3055 2769 3112 iste
2802 3057 3014 3126 juvenis
3050 3061 3316 3119 invenisse
3357 3079 3418 3120 se
3456 3077 3623 3136 putat,
3657 3071 3805 3129 unde

2211 3151 2288 3198 tot
2313 3153 2685 3218 tantorumque
2708 3149 3146 3222 coepiscOpnrum
3184 3163 3394 3211 tuorum
3421 3172 3481 3214 se
3508 3162 3804 3221 arbitratur

2213 3240 2501 3308 pereellere
2539 3250 2594 3297 et
2628 3259 2886 3300 evacuare
2923 3250 3236 3306 sententias.
3289 3252 3440 3320 Quod
3464 3255 3508 3310 si
3537 3271 3664 3310 vere
3692 3257 3804 3314 talo

2209 3333 2406 3402 aliquid
2435 3335 2746 3402 invenisset,
2772 3346 2829 3392 ct
2852 3340 2993 3409 quod
3020 3341 3134 3411 ipse
3158 3345 3340 3408 sentit,
3372 3354 3422 3401 te
3450 3347 3652 3403 sentire
3679 3349 3802 3402 cla-

2208 3425 2442 3492 ruisset;
2488 3443 2756 3498 nunquam
2788 3438 2838 3484 te
2865 3447 3048 3498 unum,
3079 3447 3208 3503 pace
3239 3445 3325 3490 tua
3355 3436 3604 3506 dixerim,
3639 3448 3718 3493 tot
3746 3449 3804 3495 et

2212 3517 2402 3573 talibus
2427 3519 2687 3589 prmferre
2713 3521 2764 3576 in
2786 3537 2847 3578 ea
2873 3539 3032 3580 causa
3061 3540 3359 3594 possemus,
3401 3528 3470 3585 de
3507 3546 3608 3599 qua
3653 3546 3802 3585 nun-

2208 3622 2366 3678 quam
2411 3610 2546 3666 iides
2579 3611 2866 3668 christiana
2903 3622 2958 3669 et
3000 3617 3234 3672 Ecclesia
3263 3618 3520 3674 catholica
3548 3621 3799 3677 variavit.

2209 3698 2314 3754 Sed
2339 3701 2478 3756 absit
2507 3710 2566 3756 ut
2591 3712 2642 3757 tu
2671 3705 2812 3760 aliud
2835 3721 3070 3776 saperes,
3101 3717 3155 3763 et
3182 3709 3236 3764 in
3268 3725 3328 3765 ea
3358 3721 3462 3766 tam
3492 3714 3802 3784 praecipuus

2207 3792 2492 3848 emitteres.
2540 3795 2630 3849 Dic
2667 3812 2795 3868 ergo
2830 3806 2884 3852 et
2925 3809 2979 3853 tu
3019 3800 3238 3871 aliquid,
3271 3803 3410 3858 unde
3449 3804 3548 3858 iste
3580 3804 3803 3874 juvenis

2209 3884 2564 3939 confundatur
2601 3896 2657 3942 et
2705 3899 3042 3954 revereatur,
3091 3893 3255 3962 quia'
3302 3896 3492 3964 qua-rit
3535 3897 3802 3952 maculam

2209 3990 2412 4041 meam;
2456 3986 2508 4031 et
2536 3977 2750 4047 ignosce
2776 3981 2924 4044 mihi,
2952 3982 3073 4050 quia
3097 3998 3218 4038 cum
3248 3985 3320 4040 illi
3347 3985 3414 4042 de
3444 3987 3540 4041 hac
3575 4004 3634 4042 re
3668 3988 3802 4058 quid

2207 4067 2408 4120 sentias
2435 4067 2894 4137 demonstrat-ero,
2922 4075 3238 4140 quaesiturus
3263 4087 3346 4130 est
3370 4085 3422 4131 et
3449 4085 3615 4130 tuam.
3661 4077 3804 4134 Dicit

2208 4158 2351 4212 enim
2377 4173 2592 4214 sensum
2618 4176 2738 4216 esse
2768 4162 3112 4218 Manichceum
3134 4208 3147 4228 ,
3182 4166 3402 4221 credere
3433 4169 3680 4236 parvulos
3711 4170 3802 4224 in-

2209 4248 2453 4319 digentes
2482 4267 2603 4308 esse
2631 4252 2826 4308 Christi
2857 4255 3158 4312 liberatoris
3185 4259 3403 4322 auxilio,
3431 4269 3489 4314 ut
3513 4276 3544 4314 a
3572 4260 3806 4318 damna-

2212 4342 2354 4397 tione
2376 4342 2688 4410 liberentur,
2715 4361 2816 4416 qua
2838 4346 2860 4378 ⁶
2885 4362 2950 4402 ex
2982 4358 3200 4418 peccato
3226 4352 3379 4420 primi
3407 4351 3638 4408 hominis
3662 4354 3805 4409 obli-

2209 4436 2314 4506 gati
2345 4445 2490 4492 sunt.
2519 4439 2597 4493 Ac
2623 4453 2722 4509 per
2747 4439 2848 4496 hoc
2871 4455 2992 4496 cum
3024 4451 3078 4499 te
3106 4442 3208 4498 hoc
3233 4445 3434 4501 sentire
3459 4449 3799 4518 cognoverit,

2209 4535 2302 4580 aut
2326 4526 2442 4598 ipse
2463 4543 2522 4585 se
2549 4530 2780 4601 corriget
2809 4531 2877 4587 ab
2905 4546 3089 4588 errore
3119 4533 3337 4606 Pelagii,
3368 4546 3459 4592 aut
3479 4546 3533 4592 et
3559 4537 3657 4594 tibi
3685 4540 3800 4594 cri-

2209 4633 2334 4674 men
2363 4618 2579 4690 objiciet
2614 4621 2909 4679 Manicbtci.
2951 4624 3055 4682 Sed
3082 4636 3140 4682 ut
3157 4628 3500 4687 conferamus
3529 4631 3578 4687 ei
3605 4647 3799 4688 verum

2209 4711 2551 4784 beneﬁcium,
2579 4713 2770 4770 falsum
2798 4716 2915 4789 ejus
2939 4733 3049 4774 non
3079 4736 3326 4778 curemus
3354 4723 3723 4794 opprobrium.

2279 4801 2368 4858 24.
2398 4803 2534 4858 Audi
2556 4804 2690 4875 jam,
2717 4805 2941 4873 Juliane,
2965 4809 3088 4878 quid
3109 4812 3266 4865 etiam
3292 4811 3524 4869 Joannes
3545 4830 3666 4868 cum
3689 4830 3801 4870 ca:-

2210 4897 2340 4951 teris
2363 4895 2634 4953 catholicis
2657 4899 2962 4955 doctoribus
2999 4901 3157 4958 dicat.
3201 4905 3280 4960 Ad
3319 4904 3615 4978 Olympiam
3663 4909 3803 4963 scri-

2210 4987 2342 5044 bens
2371 5007 2384 5043 :
2422 4989 2675 5057 «Quando
2697 4992 2839 5046 enim
2865 4993 3032 5048 Adam
3063 4998 3318 5065 peccavit,
3349 5016 3369 5050 ι
3401 5000 3590 5069 inquit,
3620 5018 3640 5052 ι
3668 5001 3800 5057 illud

2209 5082 2410 5152 grande
2444 5093 2739 5153 peccatum,
2771 5095 2825 5141 et
2864 5103 3023 5144 omne
3059 5106 3226 5160 genus
3253 5090 3523 5146 hominum
3557 5093 3606 5145 in
3647 5107 3804 5148 com-

2211 5190 2369 5232 mune
2392 5174 2684 5244 damnavit,
2716 5177 2783 5234 de
2811 5194 3041 5235 maerore
3071 5195 3253 5250 ptenas
3279 5181 3475 5236 luebat.
3508 5201 3526 5234 ι
3572 5181 3703 5238 item
3732 5185 3808 5240 de

2211 5269 2615 5324 resuscitatioue
2659 5269 2881 5326 Lazari:
2932 5289 2952 5323 ι
2980 5270 3172 5326 Flebat
3217 5269 3480 5341 Christus,
3511 5291 3530 5326 ο
3579 5273 3803 5344 inquit,

2274 5449 2307 5512 id
2325 5450 2409 5499 Hic
2430 5462 2578 5512 tantm
2600 5448 2862 5512 addebant
2897 5448 3032 5501 editi.
3059 5456 3109 5500 tn
3151 5449 3436 5502 Floriaceusi
3457 5457 3562 5512 ius,
3584 5463 3680 5502 non
3704 5452 3808 5507 nisi

2210 5509 2437 5562 delictum
2459 5511 2555 5562 vult
2588 5510 2807 5575 intelligi.

2271 5576 2293 5646 ξ
2323 5575 2395 5646 §ic
2417 5583 2517 5646 Am.
2559 5581 2612 5623 et
2634 5572 2760 5646 Mss,”
2781 5580 2834 5623 At
2854 5579 2930 5645 Er.
2967 5581 3018 5625 et
3032 5580 3158 5646 ρον.
3177 5611 3191 5635 ,
3225 5572 3384 5646 nullus
3417 5573 3720 5646 pulsabatur.

2273 5638 2294 5700 ξ
2326 5643 2427 5700 Duo
2451 5645 2575 5695 Mss,
2599 5641 2816 5685 sanctum
2836 5638 3008 5700 cirum.
3032 5644 3185 5700 Unus,
3203 5644 3476 5689 sanctorum
3499 5638 3737 5691 virorum.

2272 5697 2295 5766 ξ
2328 5696 2764 5766 Flori_acensis_Ms.,
2789 5697 3045 5766 separabit.

2272 5762 2294 5823 φ
2328 5760 2674 5823 Ιηᾉθώιιδιᾳυὶ.
2700 5765 2750 5807 tn
2771 5766 2897 5816 Mss,
2921 5760 3051 5823 quia.

2273 5822 2294 5853 ⁸
2325 5821 2460 5881 aditi,
2485 5821 2615 5882 quia.
2641 5829 2764 5883 Mss,
2787 5835 2898 5886 qua.
