4038 6512
213 419 312 477 ϐω

221 553 240 586 ι
261 548 358 590 cur
383 545 559 602 usque
583 527 649 586 ad
677 527 780 586 hoc
805 526 1102 585 mortalitas
1129 525 1461 596 deliquisset,
1496 533 1554 579 ut
1579 538 1803 580 excussa

215 628 280 683 de
307 623 734 696 perennitatibus
768 622 965 676 inferos
997 619 1291 676 adamaret.
1325 617 1516 673 Flebat
1540 617 1804 680 Christus,

215 716 354 787 quod
377 730 476 770 eos
497 715 587 784 qui
611 713 938 768 immortales
964 725 1084 766 esse
1115 718 1382 780 poterant,
1411 709 1653 764 diabolus
1681 707 1810 762 fecit

215 822 330 861 esse
360 805 622 861 mortales
642 823 661 857 ι
691 802 946 874 (Ilomilia
971 803 1034 855 de
1067 799 1264 854 Lazaro
1303 795 1640 871 resuscitato).
1670 797 1808 866 Quid

171 932 184 973 ’ν
216 896 317 952 dici
345 904 536 965 posset
568 893 914 964 expressius?
955 891 1091 960 Quid
1121 891 1187 945 ad
1233 893 1333 946 ista
1377 889 1716 960 respondes?
1753 888 1812 944 Si

219 988 385 1044 Adam
414 985 605 1056 grandi
647 994 868 1057 peccato
904 999 1003 1040 suo
1041 999 1200 1039 omne
1225 998 1394 1055 genus
1428 983 1719 1038 humanum
1758 982 1812 1038 in

217 1093 504 1135 commune
531 1077 824 1144 damnavit,
851 1075 1106 1147 numquid
1130 1075 1230 1130 nisi
1251 1074 1534 1130 damnatus
1556 1074 1812 1145 parvulus

221 1172 500 1228 nascitur?
551 1171 620 1226 Et
663 1185 760 1241 per
805 1183 985 1240 quem,
1014 1169 1115 1224 nisi
1157 1183 1250 1238 per
1289 1167 1583 1232 Christum,
1608 1167 1678 1221 ab
1710 1165 1811 1221 ista

219 1263 566 1320 damnatione
592 1261 878 1317 liberatur?
911 1258 967 1317 Si
993 1269 1048 1315 et
1075 1260 1125 1314 in
1148 1259 1352 1314 Lazaro
1379 1258 1570 1313 dicitur
1586 1271 1810 1312 excussa

219 1354 286 1410 de
325 1353 752 1425 pererraitatibus
794 1351 1088 1406 mortalitas
1130 1350 1328 1406 inferos
1355 1349 1664 1413 adamasse;
1694 1347 1812 1417 quis

223 1447 528 1503 mortalium
559 1461 664 1501 non
687 1444 760 1499 ad
780 1445 934 1499 istam
955 1444 1161 1513 culpam
1179 1457 1466 1513 casumque
1489 1441 1751 1511 pertineat
1769 1441 1810 1508 ί,

221 1558 326 1612 quo
353 1539 554 1595 cecidit
580 1538 783 1609 primus
820 1538 982 1592 homo
1015 1536 1084 1592 de
1114 1537 1235 1591 vita:
1271 1536 1624 1606 percurrit-ate,
1655 1549 1812 1601 quam

224 1634 264 1685 si
291 1647 398 1685 non
428 1637 678 1700 peccaret
697 1627 1011 1699 acceperat?
1035 1626 1092 1682 Si
1117 1627 1361 1681 diabolus
1387 1641 1576 1680 omnes
1597 1626 1685 1696 qui
1710 1625 1813 1679 im-

223 1723 482 1778 mortales
525 1736 645 1778 esse
693 1728 958 1790 poterant,
1010 1718 1133 1774 fecit
1179 1731 1300 1772 esse
1340 1717 1632 1779 mortales;
1675 1713 1815 1768 unde

223 1817 381 1869 etiam
426 1813 636 1885 parvuli
678 1812 997 1876 moriuntur,
1044 1810 1092 1866 si
1135 1809 1351 1866 obnoxii
1400 1819 1618 1878 peccato
1658 1807 1816 1877 primi

227 1906 366 1961 illius
395 1904 631 1960 hominis
655 1919 762 1958 non
786 1901 948 1958 sunt?
981 1901 1250 1972 Numquid
1268 1915 1416 1971 ergo,
1446 1900 1545 1955 nisi
1571 1915 1664 1970 per
1689 1915 1815 1955 eum

227 2000 278 2053 in
307 2013 415 2069 quo
440 2013 634 2054 omnes
663 1995 1071 2052 viviﬁcabuntur
1089 2035 1106 2062 ,
1134 1995 1297 2050 etiam
1324 1993 1528 2064 parvuli
1557 1992 1624 2048 de
1651 2007 1818 2064 regno

226 2090 416 2144 lltOI'liS
436 2089 736 2144 eruuntur?

295 2181 388 2235 25.
429 2179 645 2234 Tractat
671 2177 810 2234 idem
832 2178 1062 2235 Joannes
1089 2179 1142 2233 iu
1169 2192 1418 2234 sermone
1446 2176 1680 2248 quodam
1716 2176 1818 2231 hu-

229 2271 458 2340 iusmodi
485 2270 855 2340 qurestionem,
889 2285 986 2326 cur
1007 2270 1193 2325 bestia:
1216 2270 1308 2326 vel
1335 2270 1528 2324 laedant
1551 2269 1816 2336 homines,

231 2366 318 2420 vel
343 2365 674 2429 interimant,
705 2379 828 2419 cum
867 2365 1130 2420 sententia
1171 2363 1382 2418 Domini
1424 2361 1698 2417 manifesta
1726 2361 1817 2427 sit,

231 2474 334 2528 qua
359 2473 456 2512 eas
492 2457 694 2511 homini
732 2456 986 2522 subdidit,
1027 2465 1085 2511 ut
1114 2471 1300 2512 earum
1347 2456 1540 2512 habeat
1583 2462 1821 2526 potesta-

233 2558 341 2604 tcm
370 2547 525 2621 (Cen.
554 2564 594 2613 ι,
619 2547 691 2604 9.8
712 2548 751 2618 ).
780 2547 948 2616 Quam
978 2547 1328 2618 quaastionem
1353 2546 1430 2602 sic
1453 2546 1630 2612 solvit,
1657 2555 1716 2601 ut
1741 2546 1824 2601 di-

229 2648 346 2706 cat,
369 2649 492 2694 ante
519 2648 792 2709 peccatum
824 2654 1012 2694 omnes
1049 2637 1244 2693 bestias
1270 2639 1471 2694 homini
1503 2638 1663 2694 fuisse
1691 2639 1821 2694 sub-

225 2729 437 2801 iectas;
466 2729 609 2800 quod
637 2740 814 2784 autem
845 2745 986 2785 nunc
1015 2729 1314 2785 hominibus
1340 2737 1565 2795 nocent,
1611 2745 1822 2798 poenam

229 2821 395 2892 primi
437 2835 556 2876 esse
597 2820 819 2891 peccati.
866 2820 1076 2876 Prolixa
1119 2820 1362 2874 tractatio
1404 2828 1519 2887 est,
1553 2819 1673 2875 ideo
1701 2820 1824 2876 huic

232 2911 387 2981 operi
430 2927 534 2966 non
576 2927 606 2966 a
637 2926 724 2968 me
771 2912 1060 2966 inseritur:
1104 2911 1199 2966 sed
1244 2911 1440 2980 aliquid
1482 2921 1658 2966 tamen
1701 2911 1826 2968 inde

230 3011 452 3073 Oportet
476 3011 533 3058 ut
558 3018 772 3072 ponam.
809 3021 828 3055 ι
865 3002 1159 3068 Timemus,
1195 3020 1214 3055 ι
1248 3003 1435 3073 inquit,
1469 3021 1488 3055 ‹
1524 3002 1743 3070 bestias,
1771 3010 1826 3058 et

233 3108 497 3164 pavemus
519 3111 533 3148 :
558 3109 665 3150 non
689 3093 1015 3149 contradico.
1040 3093 1106 3148 Et
1130 3109 1159 3146 a
1181 3095 1478 3164 principatu
1497 3093 1821 3148 decidimus:

232 3197 294 3241 et
329 3185 431 3240 hoc
453 3185 570 3241 dico
605 3186 720 3255 ipse
746 3185 928 3242 etiam.
971 3184 1077 3241 Sed
1112 3199 1215 3239 non
1247 3184 1350 3239 hoc
1386 3184 1618 3239 ostendit
1653 3183 1824 3255 legem

233 3275 344 3329 Dei
373 3290 490 3331 esse
514 3275 824 3330 mendacem
851 3292 870 3327 :
897 3275 964 3330 ab
993 3275 1142 3330 initio
1167 3275 1310 3330 enim
1337 3288 1442 3329 non
1467 3273 1539 3328 ita
1562 3289 1650 3329 res
1674 3282 1827 3330 erant

232 3365 555 3436 disposita};
576 3366 669 3422 sed
703 3367 976 3430 timebant,
1020 3373 1078 3421 ct
1114 3366 1432 3432 tremebant,
1482 3375 1536 3420 et
1578 3364 1828 3436 subjicie-

233 3456 442 3513 bantur
464 3457 702 3512 domino.
729 3458 796 3512 Et
819 3457 1071 3527 quoniam
1097 3473 1126 3510 a
1157 3457 1345 3512 ﬁducia
1370 3455 1684 3521 decidimus,
1712 3471 1830 3528 pro-

231 3549 470 3608 fcctoet
494 3549 561 3604 ab
590 3549 817 3605 honore.
849 3548 1004 3605 Unde
1045 3549 1151 3604 hoc
1193 3548 1532 3604 manifestum
1560 3549 1674 3604 est?
1714 3549 1824 3604 Ad—

229 3638 400 3693 duxit
439 3637 632 3694 bestias
666 3638 732 3694 ad
776 3639 966 3706 Adam,
996 3639 1178 3694 videre
1209 3638 1337 3710 quid
1365 3655 1458 3696 eas
1483 3649 1730 3708 vocaret,
1775 3647 1828 3696 et

232 3744 356 3784 non
387 3729 585 3784 resiluit
611 3729 779 3784 Adam
811 3739 1060 3801 tanquam
1091 3729 1302 3786 timens.
1340 3749 1360 3784 ι
1391 3730 1458 3785 Ει
1481 3731 1642 3801 paulo
1673 3739 1824 3801 post:

235 3838 258 3870 ι
301 3817 424 3874 Hoc
448 3834 629 3886 unum,
664 3836 685 3871 ι
719 3819 908 3890 inquit,
947 3838 966 3873 ι
1002 3820 1210 3890 signum
1238 3861 1256 3888 ,
1299 3819 1440 3892 quod
1483 3835 1590 3876 non
1635 3820 1831 3876 iuerint

232 3909 455 3964 homini
493 3908 561 3963 ab
601 3909 752 3966 initio
793 3909 1056 3966 terribiles
1096 3911 1316 3977 bestiaa;
1355 3909 1647 3967 secundum
1683 3911 1829 3968 aliud

233 4004 355 4056 isto
387 4001 738 4068 manifestius,
778 4018 896 4073 qum
928 4002 1020 4058 fuit
1061 4003 1126 4059 ad
1169 4003 1447 4060 mulierem
1488 4019 1582 4076 per
1607 4020 1828 4076 serpens

231 4102 357 4149 tem
388 4093 690 4165 disputatio.
722 4095 776 4152 Si
815 4096 958 4151 enim
1003 4103 1188 4152 essent
1229 4097 1490 4152 terribiles
1527 4096 1830 4153 hominibus

231 4185 470 4251 bestia),
499 4202 604 4241 non
645 4187 822 4258 utique
851 4188 1042 4242 mulier
1079 4187 1192 4242 viso
1222 4197 1472 4257 serpente
1506 4188 1826 4254 mansisset;

233 4291 359 4332 non
386 4278 679 4348 accepisset
705 4280 1004 4345 consilium,
1039 4296 1143 4335 non
1183 4281 1232 4336 ei
1267 4293 1389 4336 cum
1432 4288 1576 4336 tanta
1621 4295 1829 4336 sermo-

229 4372 518 4425 cinaretur
547 4370 757 4440 ﬁducia,
788 4373 882 4428 sed
909 4374 1086 4428 statim
1116 4374 1183 4429 ad
1227 4375 1400 4445 ipsum
1442 4384 1507 4431 et.
1532 4376 1833 4446 expavisset

229 4473 293 4518 et
331 4462 926 4536 resiluisset‘aspcctum
955 4485 968 4521 :
999 4483 1140 4522 nunc
1167 4475 1440 4524 autemet
1466 4468 1736 4538 disputat,
1777 4479 1832 4526 et

230 4570 354 4610 non
389 4554 558 4610 timet.
592 4555 836 4612 Nondum
875 4559 1042 4613 enim.
1057 4567 1188 4614 erat
1212 4559 1371 4616 timor
1405 4560 1506 4616 iste
1529 4578 1543 4616 :
1565 4560 1660 4616 sed
1709 4563 1831 4632 quia

232 4653 528 4716 peccatum
559 4647 857 4718 ingressum
887 4658 988 4714 est,
1019 4649 1195 4704 ablata
1223 4658 1345 4705 sunt
1373 4667 1437 4707 ea
1465 4667 1584 4722 qua:
1615 4653 1832 4709 honoris

227 4744 420 4791 erant.
444 4755 464 4788 ι
482 4735 716 4808 Itemque
735 4749 854 4810 post
881 4739 1183 4809 paululum:
1208 4758 1226 4792 ι
1255 4740 1517 4809 Quamdiu
1544 4743 1779 4812 quidem,
1806 4762 1827 4797 ι

230 4827 440 4897 inquit,
471 4845 491 4879 ι
527 4827 754 4884 habebat
781 4830 846 4884 ad
880 4830 1042 4885 Deum
1070 4830 1340 4898 ﬁduciam,
1373 4834 1622 4890 terribilis
1650 4836 1834 4892 bestiis

228 4928 394 4984 (rat;
421 4919 512 4974 sed
544 4923 663 4991 quia
694 4921 931 4988 oll‘cndit,
967 4932 1235 4979 extremos
1265 4926 1423 4980 etiam
1449 4941 1831 4982 conservorum

224 5027 464 5067 suorum
493 5012 601 5081 jam
649 5023 822 5082 pavet.
853 5014 1005 5082 Quod
1035 5017 1080 5070 si
1123 5015 1224 5071 hoc
1261 5032 1364 5071 non
1407 5026 1526 5085 est,
1563 5036 1583 5071 ι
1619 5019 1828 5089 inquit;

234 5122 270 5155 ι.
306 5112 368 5157 tu
415 5103 542 5158 mihi
592 5105 854 5170 ostende,
902 5115 1025 5162 ante
1067 5115 1341 5177 peccatum
1385 5108 1525 5178 quod
1570 5109 1832 5164 terribiles

223 5203 400 5248 erant
428 5193 731 5249 hominibus
759 5196 980 5251 bestiae:
1015 5197 1109 5252 sed
1139 5213 1242 5253 non
1283 5199 1521 5254 habebis.
1554 5200 1608 5256 Si
1652 5209 1831 5256 autem

225 5293 372 5358 post
397 5293 540 5338 tanta
571 5285 840 5355 ingressus
871 5297 953 5342 est
979 5288 1165 5353 timor;
1207 5299 1262 5343 et
1287 5289 1388 5346 hoc
1415 5291 1593 5346 tutela:
1622 5292 1831 5347 Domini

225 5385 332 5432 cst
355 5376 395 5427 '.
428 5375 484 5430 Si
512 5377 656 5431 enim
685 5378 935 5433 mandato
962 5379 1103 5449 quod
1132 5379 1312 5435 datum
1340 5391 1443 5448 est,
1473 5391 1618 5437 moto
1643 5383 1709 5438 ab
1738 5383 1834 5438 ho-

222 5468 394 5523 mine
417 5475 470 5520 et
495 5468 692 5535 soluto,
725 5467 896 5524 honor
919 5471 1005 5539 qui
1033 5471 1082 5526 ei
1108 5471 1262 5527 datus
1291 5483 1404 5528 erat
1427 5490 1456 5528 a
1486 5475 1594 5530 Deo
1617 5517 1630 5539 ,
1678 5491 1831 5530 man-

224 5561 410 5615 sisset
435 5559 747 5628 immobilis,
769 5577 872 5618 non
902 5561 1058 5620 facile
1084 5569 1470 5624 resurrexisset
1493 5567 1773 5640 »(Ηοιιιίιία
1799 5571 1832 5626 9

219 5666 685 5782 ιῑπξειξέοψθθηδίδ
722 5676 806 5721 ³⁸⁵·
830 5707 846 5734 ν
889 5685 984 5724 non
1023 5673 1166 5725 istam
1202 5676 1395 5741 culpat:
1431 5691 1687 5745 casmnqtte
1721 5693 1835 5744 per-

304 5791 441 5864 {Sic
459 5798 602 5862 mu
637 5791 778 5864 juxta
810 5807 1040 5860 graecum.
1067 5805 1119 5850 Αι
1142 5805 1214 5850 Er.
1241 5807 1293 5852 et
1315 5808 1448 5864 Lota,
1472 5803 1622 5856 tutela
1645 5812 1834 5858 panum

221 5857 312 5906 at
331 5863 355 5916 ;
376 5853 576 5916 omisso,
608 5853 656 5905 et
676 5853 785 5906 hoc.

1569 408 1767 466 LIBER
1809 407 2084 464 PRIMUS.

3388 404 3498 468 658

1920 526 1972 579 in
2003 524 2278 595 Geneaim).
2322 524 2524 596 Nempe
2574 523 2913 582 manifestum
2939 531 3042 588 est,
3064 533 3304 580 sanctum
3329 522 3498 580 Joan-

1919 631 2042 671 nem
2087 616 2189 672 hac
2230 615 2586 686 diSputatione
2626 627 2987 681 monstrasse,
3033 615 3163 670 illud
3203 613 3348 685 quod
3383 629 3503 689 per
3597 604 3600 608 ’

1917 707 2082 762 ιιηιιιῐι
2109 708 2422 764 hominem‘
2456 708 2752 778 ingressum
2794 716 2897 775 est,
2929 721 3210 762 commune
3250 705 3505 761 omnibus

1920 798 2118 854 factum
2160 813 2282 854 esse
2319 808 2628 869 peccatum,
2655 799 3082 871 quandoquidem
3109 798 3361 854 omnibus
3395 807 3506 854 ter-

1918 907 2010 946 ror
2030 893 2330 948 communis
2357 903 2441 948 est
2468 893 2757 949 bestiarum
2783 910 2797 947 :
2827 907 2948 964 qua:
2972 893 3155 963 utique
3184 906 3284 948 nec
3323 890 3470 946 infan
3487 919 3507 932 -

1920 983 2061 1038 tibus
2091 991 2345 1053 parcunt;
2385 999 2521 1056 quos
2549 983 2810 1056 profecto,
2860 984 3155 1041 secundum
3203 985 3366 1040 istum
3398 993 3508 1042 tra.

1918 1084 2118 1131 clatum
2133 1074 2378 1144 Joannis,
2403 1077 2547 1132 nullo
2576 1077 2741 1132 modo
2758 1077 3032 1144 laederent,
3057 1077 3171 1132 sive
3198 1085 3467 1133 terrerent
3488 1123 3503 1139 ,,

1921 1167 2021 1222 nisi
2048 1175 2230 1223 essent
2247 1167 2446 1223 veteris
2471 1168 2613 1224 illius
2640 1169 2840 1238 peccati
2868 1168 3188 1239 obligatione
3208 1167 3506 1224 constricti.

1991 1259 2083 1316 26.
2126 1260 2240 1326 Dic,
2271 1260 2500 1326 Juliane,
2529 1261 2617 1317 dic
2655 1262 2813 1316 etiam
2848 1262 3006 1316 istum
3037 1260 3204 1330 (quid
3232 1261 3373 1314 enim
3395 1260 3507 1329 jam

1918 1351 2410 1421 dubitasdicere?)
2441 1352 2830 1419 Manichzcum,
2879 1353 2970 1422 qui
3019 1361 3217 1406 tantam
3265 1362 3506 1414 natum,

1919 1445 2074 1514 cujus
2103 1444 2461 1500 innocentiam
2489 1445 2795 1511 defenditis,
2835 1444 2956 1501 fecit
2999 1445 3266 1515 injuriam,
3296 1455 3351 1500 et
3381 1459 3510 1513 pro-

1925 1535 2257 1604 pagationem
2283 1534 2640 1590 damnationis
2670 1535 2918 1590 asseruit.
2947 1534 3059 1590 lmo
3083 1550 3212 1590 vero
3239 1537 3431 1590 cohibe
3459 1545 3512 1590 te

1922 1625 2120 1694 ipsum,
2147 1627 2192 1680 si
2217 1627 2345 1696 quid
2370 1627 2460 1682 tibi
2487 1636 2570 1682 est
2595 1628 2846 1682 sanabilis
2869 1629 3083 1694 mentis,
3109 1638 3160 1683 et
3187 1629 3426 1700 oOrrigc;
3455 1639 3512 1685 ct

1921 1715 2208 1786 aliquando
2237 1717 2492 1789 intelligo,
2537 1718 2804 1787 quomodo
2848 1719 3083 1787 potuerit
3123 1719 3302 1774 dicere
3347 1719 3511 1774 Joan-

1923 1822 2042 1874 nes,
2073 1808 2327 1877 parvulos
2352 1825 2457 1863 non
2485 1808 2683 1864 habere
2707 1820 2960 1879 peccata;
2989 1825 3093 1864 non
3121 1811 3260 1879 quod
3289 1821 3512 1881 peccato

1926 1901 2221 1968 primorum
2270 1899 2545 1954 hominum
2593 1915 2700 1954 non
2762 1908 3042 1955 teneantur
3085 1901 3363 1968 obstricti,
3417 1901 3513 1956 sed

1923 1988 2066 2058 quod
2095 2004 2189 2044 sua
2223 1989 2367 2043 nulla
2405 1989 2792 2045 commiserint.
2823 1991 2889 2045 Et
2927 1990 3030 2045 hoc
3065 1991 3281 2060 quidem
3321 1993 3373 2046 in
3417 2007 3514 2048 ea-

1924 2081 2046 2136 dem
2069 2081 2180 2152 ipsa
2205 2081 2446 2150 homilia,
2472 2082 2515 2136 si
2541 2090 2704 2137 totam
2726 2081 2966 2152 legisses,
2990 2083 3232 2140 invenire
3257 2084 3471 2154 potuisti
3495 2103 3511 2140 :

1923 2181 2018 2228 aut
2043 2173 2086 2227 si
2115 2173 2311 2242 legisti,
2363 2173 2547 2228 nescio
2573 2174 3024 2244 quemadmodum
3061 2183 3116 2230 te
3152 2175 3328 2246 potuit
3372 2190 3514 2246 pra:-

1927 2265 2090 2319 terire
2119 2281 2134 2318 :
2163 2272 2258 2318 aut
2282 2265 2326 2319 si
2354 2265 2627 2334 prmterire
2658 2281 2763 2320 non
2791 2266 2981 2335 potuit,
3011 2267 3176 2321 miror
3204 2281 3300 2323 cur
3328 2276 3380 2322 te
3407 2282 3513 2322 non

1926 2355 2251 2420 correxerit;
2272 2355 2316 2409 si
2341 2365 2517 2410 tamen
2541 2356 2738 2426 aliquid
2763 2357 2904 2426 apud
2933 2367 2982 2412 te
2999 2359 3139 2413 valet
3165 2357 3386 2414 Joannis
3411 2373 3514 2414 au-

1925 2445 2164 2507 ctoritas.
2193 2445 2300 2500 Aut
2324 2446 2369 2501 si
2396 2447 2486 2501 illo
2514 2460 2762 2502 sermone
2789 2448 3044 2516 perlecto,
3063 2462 3234 2518 eoque
3254 2447 3374 2504 loco
3399 2448 3517 2518 ejus

1925 2553 2083 2608 quem
2115 2548 2628 2594 commemoraturus
2667 2552 2809 2606 sum,
2853 2540 3064 2612 cognito
3092 2551 3252 2613 atque
3288 2556 3513 2612 perspe-

1927 2637 2036 2696 cto,
2069 2629 2122 2683 in
2152 2629 2406 2700 opinione
2434 2637 2524 2685 tua
2552 2630 2876 2685 manendum
2909 2633 3138 2701 putasti;
3179 2632 3361 2704 utquid
3393 2633 3518 2688 inde

1930 2719 2091 2775 verba
2119 2720 2372 2790 quaelibet
2399 2720 2670 2776 inseruisti
2709 2721 2856 2792 operi
2890 2721 3014 2777 tuo?
3045 2722 3126 2777 An
3162 2721 3303 2779 forte
3331 2731 3390 2778 ut
3418 2738 3518 2778 nos

1930 2819 2100 2867 totum
2147 2811 2366 2882 legere’
2411 2827 2805 2880 commonercs,
2835 2821 2890 2868 et
2933 2813 3172 2870 invenire
3213 2813 3356 2870 unde
3399 2823 3520 2871 tuas

1931 2903 2462 2974 deprehenderemus
2493 2913 2550 2960 et
2585 2905 3028 2961 convinceremus
3074 2905 3338 2962 insidias?
3378 2907 3519 2974 Quid

1929 2995 2071 3051 enim
2100 2995 2357 3066 apertius,
2386 3010 2545 3066 quam
2578 2995 2630 3051 id
2657 2995 2796 3066 quod
2823 2995 2897 3051 ibi
2923 2996 3080 3063 dixit,
3109 3015 3128 3049 ‹
3167 2997 3326 3053 Venit
3350 2999 3518 3052 semel

1931 3085 2196 3154 Christus,
2241 3095 2296 3141 et
2327 3086 2564 3156 paternis
2599 3100 2699 3141 nos
2741 3086 3078 3155 cautionibus
3115 3087 3316 3143 invenit
3357 3089 3518 3142 astri-

1931 3187 2067 3243 ctos,
2100 3191 2233 3247 quas
2259 3177 2576 3246 conscripsit
2601 3178 2792 3232 Adam.
2823 3178 2916 3234 llle
2940 3177 3148 3234 initium
3179 3179 3518 3250 obligationis

1929 3267 2182 3332 ostendit,
2215 3268 2451 3337 peccatis
2476 3269 2674 3323 nostris
2703 3268 2854 3325 fenus
2881 3269 3118 3325 accrevit
3139 3269 3424 3342 »(Homilia
3450 3270 3520 3324 ad

1933 3355 2309 3432 Neap/cyma)?
2355 3358 2592 3415 Audisne
2621 3359 2891 3416 hominem
2923 3361 2976 3416 in
3021 3361 3126 3417 ﬁde
3177 3361 3435 3417 catholica
3463 3371 3518 3418 et

1931 3453 2198 3508 eruditum
2225 3461 2282 3509 et
2295 3453 2635 3510 .erudientem
2657 3495 2673 3521 ,
2709 3453 3123 3526 distinguentem
3153 3455 3390 3511 debitum
3419 3472 3517 3526 pa-

1935 3547 2072 3603 terni
2099 3546 2460 3618 chirographi,
2493 3546 2635 3617 qnod
2667 3547 3059 3604 luereditarium
3090 3548 3244 3604 nobis
3271 3548 3516 3611 iuhzesit,

1932 3638 2000 3693 ab
2025 3637 2103 3692 eis
2128 3636 2344 3704 debitis,
2373 3652 2600 3708 quorum
2630 3652 2725 3708 per
2762 3645 2940 3694 nostra
2973 3649 3186 3708 peccata
3227 3638 3382 3694 fenus
3421 3654 3516 3694 ac-

1932 3728 2134 3784 crevit?
2168 3727 2332 3784 Audis
2373 3727 2500 3799 quid
2541 3729 2778 3800 parvulis
2816 3729 2876 3784 in
2914 3729 3186 3800 Baptismo
3225 3729 3518 3794 relaxetur,

1934 3820 2025 3890 qui
2053 3818 2286 3874 nondum
2318 3819 2532 3890 propria
2560 3819 2738 3876 debita
2767 3829 3171 3889 contraxerunt,
3208 3835 3310 3877 nec
3340 3831 3518 3877 tamen

1933 3927 1964 3969 a
2018 3921 2240 3983 paterno
2294 3911 2650 3984 chirographo
2707 3913 2972 3970 immunes
3021 3929 3141 3970 esse
3192 3905 3517 3986 potuerunt?

1934 4006 2110 4063 Verba
2144 4005 2341 4078 quippe
2369 4006 2486 4076 ejus
2521 4021 2628 4061 non
2659 4007 3004 4077 interpretata
3046 4007 3124 4063 sic
3168 4006 3416 4078 leguntur
3461 4008 3514 4062 in

1933 4113 2141 4170 graeco:
2163 4115 2182 4150 ι
2215 4081 2425 4169 ἓρχιται
2447 4101 2581 4164 ἅπαξ
2592 4103 2630 4156 τὸ
2653 4105 2881 4168 Χριστὸς,
2908 4100 3035 4170 εὗραν
3063 4107 3194 4166 ἡμῶν
3218 4108 3522 4170 χειρόγραφον

1935 4199 2169 4260 πατρῶον,
2195 4195 2223 4244 ὃ
2241 4214 2298 4245 τι
2318 4197 2506 4261 εγραφιν
2525 4195 2550 4244 ὁ
2576 4178 2730 4256 Ᾰδάμ..
2774 4178 2963 4250 ﬁndito;
2989 4201 3077 4250 τὴν
3099 4191 3256 4259 ἀρχὴν
3283 4199 3526 4256 tinﬁqu

1935 4290 2018 4337 τοῦ
2043 4287 2246 4349 χριίους,
2276 4289 2409 4348 ἡμεῖς
2435 4289 2514 4336 τὸν
2537 4284 2779 4349 δανιισμὸν
2802 4286 3068 4347 ηὗεήσαμεν
3087 4296 3191 4342 ταῖς
3205 4291 3523 4349 μεταγενεστέ-

1935 4393 2041 4442 ραις
2064 4375 2342 4442 ἁμαρτίαις.
2366 4391 2385 4425 ι
2407 4371 2537 4440 Quae
2552 4371 2772 4427 verbum
2794 4387 2826 4428 e
2847 4372 3046 4428 verbo'
3068 4373 3411 4441 interpretata
3439 4376 3521 4429 sic

1936 4476 1995 4516 se
2040 4461 2272 4517 habent:
2317 4479 2337 4514 ε
2370 4461 2528 4518 Venit
2555 4461 2721 4518 semel
2749 4460 3014 4529 Christus,
3047 4462 3248 4518 invenit
3275 4472 3516 4519 nostrum

1936 4555 2342 4626 chirographum
2367 4566 2668 4627 paternum,
2687 4557 2829 4628 quod
2871 4558 3086 4628 scripsit
3106 4557 3297 4613 Adam.
3317 4556 3409 4613 Ille
3435 4559 3520 4613 in-

1939 4647 2092 4702 itium
2117 4647 2324 4703 induxit
2340 4649 2524 4714 debiti,
2564 4665 2662 4704 nos
2686 4648 2838 4706 fenus
2863 4650 3109 4706 auximus
3133 4650 3520 4721 posterioribus

1939 4739 2219 4808 peccatis.»
2253 4739 2518 4810 Numquid
2541 4739 3169 4805 contentusvfuitdioere,
3203 4750 3516 4811 «paternum

1937 4829 2382 4900 chirographum;
2410 4851 2430 4884 ι
2455 4831 2558 4886 nisi
2586 4831 2828 4896 adderet,
2857 4850 2886 4885 ιι
2904 4832 3184 4888 nostrum?
3213 4851 3232 4885 ι
3254 4832 3326 4889 Ut
3352 4834 3520 4890 scire-

1939 4937 2076 4987 mus,
2102 4931 2386 4993 antequam
2426 4922 2581 4979 l'euus
2624 4925 2860 4994 peccatis
2899 4925 3099 4982 nostris
3133 4927 3521 4996 posterioribus
3585 4921 3594 4928 ’

1938 5028 2278 5083 augeremus,
2302 5013 2416 5082 jam
2443 5015 2581 5070 illius
2607 5015 2947 5087 chirographi
2973 5017 3180 5088 paterni
3209 5017 3278 5074 ad
3308 5034 3407 5076 nos
3433 5020 3528 5076 de-

1938 5115 2105 5159 mtum
2139 5105 2424 5174 pertinere.

2007 5195 2099 5250 ‘27.
2139 5195 2280 5266 Lege
2309 5197 2472 5252 etiam
2498 5197 2945 5267 quemadmodum
2975 5209 3208 5272 exponat
3236 5200 3376 5257 idem
3407 5202 3522 5272 ipse

1939 5286 2017 5341 vir
2044 5297 2259 5342 sanctus
2287 5288 2534 5344 eumdem
2566 5289 2738 5359 ipsum
2767 5291 3012 5361 Apostoli
3042 5293 3238 5360 locum,
3260 5293 3357 5347 .ubi
3383 5295 3521 5348 scri-

1941 5388 2086 5450 ptum
2132 5387 2235 5445 est,
2280 5377 2386 5434 Per
2422 5396 2578 5434 unum
2624 5381 2876 5437 hominem
2918 5395 3174 5452 peccatum
3223 5384 3427 5437 intravit
3468 5385 3522 5438 in

1939 5471 2201 5526 umudum.
2231 5469 2308 5526 lbi
2348 5472 2490 5527 enim
2520 5472 2641 5528 luce
2664 5475 2862 5530 clarius
2891 5475 2942 5530 in
2985 5474 3144 5545 hujus
3180 5474 3302 5531 ﬁdei
3339 5476 3526 5530 catho«

2004 5623 2030 5695 ί.
2057 5623 2141 5695 llic
2176 5622 2224 5671 in
2249 5621 2392 5673 editis
2412 5621 2604 5675 additur
2622 5659 2636 5686 ,
2675 5631 2958 5688 peccatum;
2994 5621 3122 5686 quod
3145 5623 3286 5673 abest
3305 5634 3335 5673 a
3357 5635 3524 5675 mauu-

2204 5751 2334 5805 Lov.,
2360 5757 2444 5796 nos
2467 5752 2624 5816 tecum
2647 5745 2835 5816 legere.
2864 5813 2880 5816 _
2982 5806 2992 5816 .
3065 5806 3075 5816 .

2006 5808 2026 5838 ³
2059 5807 2203 5874 aditi,
2244 5817 2357 5866 oua:
2413 5807 2556 5874 verba
2597 5823 2624 5861 e
2669 5807 2822 5861 terea.
2855 5807 3140 5857 Concinnius
3181 5807 3526 5874 manuscript“

1943 5880 2055 5931 Qua:
2077 5869 2269 5920 verbum
2299 5881 2326 5920 ε
2349 5871 2506 5920 verba.
