4038 6468
533 493 651 550 lica:
675 493 898 550 veritate
930 499 1190 550 versatur.
1218 492 1370 562 Quod
1410 503 1577 548 totum
1623 494 1746 564 quia
1787 494 2004 564 longum
2033 501 2118 548 est

533 585 660 642 huic
686 584 838 655 operi
868 583 1128 651 intexere,
1163 600 1330 654 pauca
1357 585 1480 640 inde
1517 584 1841 655 contingam.
1879 603 1899 636 ι
1952 585 2120 639 Mani-

532 674 763 741 festum,
802 694 821 728 ι
856 675 1062 745 inquit,
1103 693 1122 728 ι
1159 677 1410 746 quoniam
1452 693 1556 730 non
1603 677 1777 746 ipsum
1816 685 2114 746 peccatum,

531 769 676 838 quod
723 783 789 824 ex
835 767 968 836 legis
1018 770 1478 839 transgressione,
1525 769 1619 824 sed
1663 769 1795 824 illud
1841 778 2120 838 peccatum

531 859 674 931 quod
702 875 768 915 cx
791 858 920 915 Adae
945 859 1324 926 inobedientia,
1356 860 1458 916 hoc
1481 870 1596 916 erat
1620 859 1761 931 quod
1788 859 1967 914 omnia
1991 873 2122 913 con-

530 951 828 1008 taminavit.
876 971 896 1006 ι
941 952 1006 1007 Et
1047 953 1204 1023 paulo
1235 962 1355 1022 post
1394 971 1408 1006 :
1448 971 1468 1006 ι
1517 952 1794 1024 Regnavit,
1839 969 1860 1003 ι
1911 951 2116 1021 inquit,

537 1061 558 1096 ι
595 1060 730 1099 mors
757 1044 820 1098 ab
847 1044 1012 1098 Adam
1052 1062 1210 1112 usque
1252 1045 1320 1098 ad
1355 1044 1587 1115 Moysen,
1633 1054 1680 1099 et
1708 1045 1760 1098 in
1792 1059 1876 1098 cos
1905 1044 1990 1114 qui
2018 1058 2120 1097 non

471 1123 482 1133 ’
524 1145 880 1206 peccaverunt.
907 1136 1184 1206 Quomodo
1208 1137 1480 1206 regnavit?
1507 1135 1574 1190 In
1599 1135 1928 1190 similitudine
1951 1144 2118 1188 trans-

521 1226 800 1298 gressionis
818 1225 963 1294 Adae,
985 1228 1072 1297 qui
1091 1235 1164 1280 est
1189 1227 1545 1298 famulaturi.
1571 1227 1858 1296 Propterea
1875 1233 1927 1279 et
1946 1223 2114 1279 forma

529 1326 614 1373 cst
639 1317 835 1374 Christi
863 1318 1055 1378 Adam.
1087 1318 1365 1386 Quomodo
1391 1316 1560 1372 forma
1599 1327 1706 1381 est,
1745 1316 1926 1372 aiunt?
1965 1316 2113 1383 Quo-

529 1410 673 1464 niam
715 1410 851 1465 sicut
895 1410 988 1465 ille
1031 1426 1097 1465 ex
1141 1411 1430 1480 semetipso
1473 1408 1831 1474 nascentibus,
1875 1408 2116 1478 quamvis

528 1517 636 1558 non
668 1501 1102 1557 manducaverint
1130 1501 1196 1557 de
1223 1502 1384 1572 ligno,
1418 1501 1585 1556 lactus
1615 1509 1698 1556 est
1725 1515 1882 1555 causa
1903 1499 2112 1566 mortis,

437 1570 449 1593 ί
526 1608 649 1663 qua:
675 1608 771 1664 per
794 1593 971 1650 cibum
1001 1593 1214 1650 inducta
1243 1570 1364 1649 est:
1391 1594 1460 1648 ita
1488 1602 1543 1649 et
1569 1593 1809 1649 Christus
1841 1594 1906 1648 iis
1930 1595 2018 1663 qui
2050 1609 2132 1648 ex

526 1685 648 1754 ipso
684 1693 828 1751 sunt,
860 1685 1068 1742 tametsi
1097 1685 1230 1740 nihil
1262 1686 1406 1756 juste
1433 1687 1658 1757 egerint,
1688 1680 1857 1742 fictus
1885 1695 1966 1741 est
1992 1702 2118 1756 pro-

526 1775 674 1831 visor
694 1775 934 1846 justitize,
959 1791 1118 1847 quam
1148 1793 1244 1847 per
1271 1792 1485 1833 crucem
1525 1778 1679 1833 nobis
1707 1780 1956 1836 omnibus
1985 1795 2116 1835 con-

528 1867 768 1924 donavit.
808 1887 829 1922 ι
858 1869 980 1925 Alio
1006 1869 1126 1926 loco
1161 1871 1212 1925 in
1243 1870 1433 1926 eodem
1463 1886 1712 1926 sermone
1755 1890 1767 1926 :
1807 1890 1828 1924 r
1880 1873 1951 1928 Ut
1993 1888 2114 1928 cum

527 1961 623 2018 tibi
663 1961 857 2018 dixerit
893 1962 1128 2031 Iudaeus,
1179 1981 1200 2015 ι
1243 1962 1435 2033 inquit,
1469 1981 1489 2014 ι
1523 1963 1792 2033 quomodo
1819 1965 1974 2018 unius
2003 1965 2115 2020 vir-

527 2061 641 2109 tute
669 2050 864 2109 Christi
891 2054 1123 2110 mundus
1161 2055 1392 2110 salvatus
1423 2056 1543 2110 est?
1585 2057 1757 2125 possis
1795 2057 1844 2110 ei
1897 2056 2113 2122 dicere,

528 2143 990 2213 Quemadmodum
1072 2161 1182 2202 uno
1242 2146 1584 2202 iuobediente
1641 2146 1808 2202 Adam
1884 2146 2116 2202 mundus

525 2237 814 2292 damnatus
857 2245 960 2294 est.
1004 2237 1317 2308 Quanquam
1361 2254 1469 2294 non
1522 2238 1628 2294 sint
1677 2239 1898 2309 aequalia
1947 2239 2115 2310 gratia

527 2339 692 2400 atque
721 2339 1016 2400 peccatum,
1048 2346 1221 2402 neque
1262 2331 1410 2402 paria
1453 2331 1563 2386 sint
1602 2347 1747 2387 mors
1782 2342 1940 2402 atque
1970 2332 2075 2385 vita
2099 2373 2114 2399 ,

526 2437 638 2480 non
677 2423 900 2494 aequalis
945 2424 1085 2480 Deus
1125 2439 1188 2480 ac
1229 2423 1490 2480 diabolus.
1533 2443 1552 2477 ›
1587 2423 1715 2480 item
1762 2433 1884 2495 post
1926 2425 2117 2495 paulu-

530 2514 682 2570 lum:
720 2533 740 2569 ς
787 2515 895 2571 Sed
938 2532 1041 2570 non
1083 2515 1504 2584 quemadmodum
1551 2517 1807 2580 delictum,
1861 2535 1879 2569 ι
1927 2517 2115 2586 inquit,

537 2625 562 2660 ο
593 2607 665 2662 ita
692 2615 738 2663 et
764 2608 949 2679 gratia.
977 2608 1039 2664 Si
1066 2609 1200 2663 enim
1224 2609 1374 2662 unius
1401 2608 1584 2663 delicto
1606 2607 1751 2662 multi
1772 2609 1955 2662 mortui
1979 2617 2115 2673 sunt,

529 2698 692 2754 multo
721 2699 881 2769 magis
904 2699 1070 2770 gratia
1095 2698 1191 2754 Dei
1219 2707 1266 2753 et
1291 2695 1482 2754 donum
1510 2699 1562 2752 in
1586 2700 1752 2770 gratia
1781 2701 1931 2755 unius
1957 2700 2119 2753 homi-

530 2790 612 2844 nis
631 2789 755 2845 Iesu
776 2789 962 2844 Christi
984 2791 1037 2844 in
1062 2789 1248 2844 multos
1266 2790 1554 2844 abundavit.
1577 2790 1726 2856 Quod
1753 2791 1895 2844 enim
1919 2790 2065 2856 dicit,
2094 2810 2114 2844 ›

531 2880 726 2951 inquit,
761 2898 782 2933 ι
817 2879 1123 2950 hujusmodi
1150 2889 1232 2934 est
1263 2897 1278 2934 :
1305 2879 1362 2935 Si
1391 2889 1667 2948 peccatum
1697 2881 1882 2946 valuit,
1914 2889 1966 2934 et
1995 2895 2119 2950 pec-

531 2982 710 3025 catum
741 2972 896 3026 unius
938 2970 1204 3034 hominis;
1245 2971 1433 3040 gratia,
1480 2979 1534 3025 et
1578 2972 1671 3025 Dei
1714 2971 1902 3042 gratia,
1930 2980 1985 3026 et
2013 2987 2119 3026 non

534 3063 709 3118 solum
740 3063 934 3129 Patris,
972 3062 1067 3118 sed
1113 3062 1272 3117 etiam
1320 3063 1472 3130 Filii,
1520 3064 1966 3134 quemadmodum
2012 3080 2119 3120 non

537 3153 768 3222 amplius
808 3153 1156 3223 praevalebit?
1193 3154 1358 3208 Multo
1404 3154 1548 3209 enim
1591 3154 1693 3210 hoc
1732 3155 2117 3211 rationabilius.

531 3244 666 3300 Nam
697 3245 860 3299 alium
893 3261 992 3316 pro
1017 3245 1122 3301 alio
1151 3245 1414 3311 damnari,
1441 3260 1546 3301 non
1585 3245 1739 3301 valde
1777 3247 1987 3302 videtur
2020 3247 2120 3301 ha-

535 3337 664 3392 bere
688 3335 950 3392 rationem
983 3355 997 3391 :
1028 3338 1190 3392 alium
1228 3347 1405 3393 autem
1440 3353 1536 3408 pro
1564 3338 1668 3393 alio
1694 3337 1920 3422 salvari,‘
1935 3350 1989 3392 et
2027 3339 2122 3392 de-

532 3427 742 3483 centius
770 3429 940 3500 magis
967 3437 1022 3484 et
1047 3429 1416 3486 rationabilius
1444 3437 1684 3499 apparet.
1709 3427 1766 3485 Si
1798 3429 1958 3499 igitur
1992 3429 2120 3484 illud

532 3522 734 3578 factum
764 3532 863 3590 est,
892 3523 1062 3578 multo
1091 3528 1259 3595 magis
1289 3522 1411 3578 hoc.
1448 3541 1467 3576 ›
1489 3523 1729 3592 Itemque
1755 3522 1880 3576 alibi
1912 3521 1963 3576 in
1991 3537 2121 3576 con-

534 3616 919 3686 sequentibus:
955 3633 976 3668 ι
1010 3615 1291 3683 Iudicium,
1327 3633 1347 3668 ι
1381 3615 1573 3685 inquit,
1605 3633 1625 3667 ι
1673 3630 1737 3669 ea:
1773 3631 1876 3669 uno
1906 3615 1961 3668 in
1999 3631 2122 3669 con-

535 3709 927 3772 demnationem,
951 3709 1118 3780 gratia
1144 3716 1311 3760 autent
1336 3723 1399 3762 ex
1424 3707 1595 3761 multis
1618 3706 1812 3761 delictis
1846 3707 1899 3761 in
1917 3708 2120 3777 justiﬁ-

541 3799 790 3852 cationem
816 3817 836 3851 ι
855 3799 1032 3869 (Rom.
1066 3814 1119 3864 v,
1148 3798 1362 3868 12-16).
1390 3817 1410 3851 ε
1436 3799 1546 3853 lloc
1571 3799 1710 3853 idem
1735 3806 1838 3866 est,
1878 3817 1898 3852 ι
1925 3799 2114 3870 inquit,

542 3892 713 3961 «quod
734 3891 946 3957 dicitur,
972 3894 1221 3962 quoniam
1251 3893 1463 3964 quidem
1493 3901 1718 3949 mortem
1747 3903 1801 3950 et
1815 3893 2118 3950 damnatio-

534 3999 660 4039 nem
699 3984 874 4054 potuit
916 3993 1190 4054 peccatum
1238 3983 1526 4048 inducere,
1572 3985 1742 4056 gratia
1788 3996 1966 4041 autem
2011 4001 2118 4042 non

533 4091 700 4130 unum
748 4075 879 4131 illud
923 4076 1287 4132 tantummodo
1335 4076 1598 4132 interfecit
1655 4088 1968 4147 peccatum,
2019 4077 2115 4134 sed

536 4167 697 4224 etiam
728 4177 847 4240 post
873 4169 1003 4224 illud
1035 4169 1350 4224 introeuntia
1381 4178 1616 4240 peccata.
1653 4189 1673 4223 ›
1709 4170 1775 4225 Et
1801 4171 1958 4240 paulo
1987 4180 2110 4241 post

533 4261 603 4316 de
633 4261 733 4316 hoc
761 4261 913 4331 ipso:
948 4280 969 4313 ι
999 4261 1259 4327 Quoniam
1288 4262 1303 4292 ⁸
1334 4275 1480 4332 ergo,
1518 4280 1537 4314 ι
1573 4262 1760 4332 inquit,
1800 4280 1821 4315 ε
1855 4262 2003 4332 plura
2037 4263 2120 4317 iu-

537 4353 778 4409 troducta
796 4362 922 4409 sunt
937 4353 1097 4418 bona,
1115 4361 1290 4409 etnon
1315 4355 1486 4409 solum
1516 4354 1644 4408 illud
1673 4355 2011 4431 interfectum
2037 4366 2117 4413 est

532 4454 834 4514 peccatum,
862 4446 958 4501 sed
986 4447 1145 4501 etiam
1177 4446 1351 4500 omnia
1383 4447 1606 4516 reliqua,
1635 4448 1868 4502 ostendit
1893 4449 2076 4504 dicens
2103 4466 2118 4504 :

535 4537 716 4593 Gratia
738 4548 907 4593 autem
935 4556 998 4595 ea:
1026 4541 1196 4594 multis
1223 4540 1415 4594 delictis
1450 4542 1502 4592 in
1520 4541 1959 4611 justi/icationem.
2002 4561 2022 4595 ›
2053 4543 2120 4597 Et

531 4639 656 4701 post
688 4632 959 4702 paululum
995 4632 1105 4686 ait:
1145 4649 1167 4683 ‹
1210 4631 1390 4686 Primo
1423 4632 1565 4685 enim
1605 4632 1738 4686 dixit
1781 4635 2028 4702 quoniam
2073 4635 2119 4689 si

533 4721 695 4776 unius
735 4733 1010 4793 peceatum
1059 4724 1321 4779 interfecit
1361 4738 1548 4778 omnes
1573 4766 1588 4791 ,
1638 4724 1810 4778 multo
1858 4727 2022 4796 magis
2065 4735 2118 4781 et

536 4813 696 4868 unius
721 4815 891 4884 gratia
931 4815 1125 4886 poterit
1166 4815 1392 4870 salvare.
1435 4815 1560 4869 Post
1592 4814 1706 4870 haec
1733 4825 1908 4871 autem
1936 4826 2118 4872 osten-

461 4895 474 4908 ’
535 4905 636 4970 dit,
671 4923 691 4959 ι
724 4906 914 4976 inquit,
956 4923 976 4957 α
1008 4907 1257 4976 quoniam
1291 4921 1394 4961 non
1423 4907 1549 4974 illud
1578 4907 1750 4961 solum
1783 4909 2118 4964 interfectum

536 5005 623 5052 est
645 5007 921 5066 peccatum
961 5013 1057 5067 per
1093 4999 1334 5068 gratiam,
1368 4999 1462 5054 sed
1489 4999 1646 5054 etiam
1676 5000 1852 5054 omnia
1885 5001 2116 5071 reliqua:

538 5097 592 5144 et
637 5104 744 5144 non
777 5089 949 5145 solum
989 5098 1206 5160 peccata
1250 5090 1525 5146 interfecta
1563 5098 1707 5156 sunt,
1739 5090 1832 5146 sed
1876 5092 2035 5145 etiam
2065 5100 2120 5146 et

534 5181 732 5236 tributa
749 5179 950 5251 justitia
972 5189 1073 5238 est.
1095 5181 1163 5236 Et
1184 5197 1287 5237 non
1316 5191 1518 5236 tantum
1549 5183 1720 5237 solum
1747 5182 1944 5253 proluit
1964 5182 2120 5237 Chri-

533 5282 671 5337 stus,
702 5279 962 5343 quantum
991 5273 1169 5328 nocuit
1198 5271 1386 5338 Adam,
1428 5273 1524 5328 sed
1563 5273 1732 5326 multo
1765 5271 1992 5340 amplius
2031 5279 2119 5327 at-

533 5379 639 5433 que
666 5363 839 5435 magis
861 5366 902 5416 ².
940 5383 959 5417 ι
994 5365 1120 5418 Post
1152 5363 1265 5419 haec
1295 5364 1347 5418 in
1374 5365 1560 5419 eodem
1590 5380 1710 5418 cum
1742 5363 1809 5418 de
1849 5363 2120 5434 Baptismo

535 5465 735 5524 ageret,
785 5453 1105 5525 interposuit
1143 5454 1305 5509 verba
1349 5455 1591 5523 Apostoli
1630 5454 1855 5510 dicentis
1899 5471 1912 5508 :
1963 5473 1984 5508 ι
2039 5455 2121 5510 An

532 5547 778 5618 ignoratis
801 5587 818 5614 ,
884 5547 1054 5618 inquit
1087 5587 1101 5614 ,
1167 5549 1348 5620 fratres
1372 5587 1388 5616 ,
1429 5563 1669 5620 quoniam
1730 5549 2025 5620 quicumque
2062 5549 2116 5604 in

597 5700 616 5732 ί
651 5699 788 5764 Editi,
811 5701 1060 5766 quomodo.
1105 5707 1160 5752 At
1201 5700 1514 5766 manuscripti
1550 5703 1689 5768 juxta
1724 5717 1953 5770 grtecum,
2002 5720 2119 5773 quo-

779 5830 831 5878 et
852 5837 1024 5877 omnes
1042 5830 1171 5889 Mss,
1195 5823 1369 5888 maius.

1343 376 1616 435 CONTRA
1653 375 1990 434 JULIANUM
2027 373 2491 451 PELAGlANUM,
2525 366 2589 440 s.
2629 382 2997 444 mansum

2230 491 2431 550 Christo
2461 497 2700 570 baptizati
2726 519 2916 570 sumus,
2947 504 3000 560 in
3029 515 3186 561 morte
3209 508 3226 540 ί
3253 507 3414 580 ipsius
3442 511 3684 582 baptizati
3724 533 3824 573 suo

2229 589 2376 642 mus?
2417 588 2707 660 Cunscpulti
2752 611 2869 666 ergo
2912 614 3086 652 sumus
3136 599 3215 654 illi
3265 618 3355 672 per
3395 602 3715 674 Baptisnmm
3758 611 3822 664 in

2229 687 2407 732 morte.
2435 681 2570 746 Quid
2597 693 2699 750 est,
2729 685 2780 740 in
2810 698 2968 741 morte
2995 689 3132 743 illius
3164 691 3402 762 baptismi
3429 698 3640 751 sumus?
3669 699 3740 755 Ut
3761 709 3823 756 et

2229 766 2327 836 ipsi
2357 772 2646 827 moriamur
2675 775 2810 830 sicut
2835 785 2888 831 et
2915 779 3020 834 ille.
3053 779 3193 835 Crux
3237 783 3376 837 enim
3409 795 3491 840 est
3519 787 3816 857 Baptisma.

2227 859 2378 926 Quod
2421 878 2548 934 ergo
2594 881 2724 922 crux
2767 868 2978 926 Christo
3019 881 3071 927 et
3110 875 3446 945 sepulcrum,
3501 879 3604 936 hoc
3656 883 3821 938 nobis

2228 949 2492 1021 Baptisma
2538 950 2730 1012 factum
2760 970 2873 1027 est;
2923 965 3133 1018 tametsi
3176 981 3281 1021 non
3314 968 3368 1022 in
3410 971 3610 1025 eisdem
3656 973 3817 1043 ipsis.

2228 1039 2346 1110 Ipse
2371 1059 2598 1116 namque
2613 1063 2772 1105 carne
2793 1062 2844 1106 et
2863 1061 3099 1108 mortuus
3117 1066 3199 1110 cst
3215 1067 3268 1112 et
3285 1061 3520 1129 sepultus
3542 1081 3554 1116 :
3585 1039 3688 1118 nos
3712 1083 3818 1119 au-

2228 1144 2334 1188 tem
2361 1147 2579 1206 peccato
2609 1141 2659 1194 in
2687 1152 2930 1214 utroque.
2963 1145 3299 1219 Quapmpter
3328 1167 3432 1206 non
3464 1155 3612 1220 dixit,
3655 1156 3819 1212 Com-

2228 1226 2443 1295 plantati
2471 1233 2624 1285 morti
2648 1249 2661 1298 ;
2695 1235 2808 1302 sed,
2836 1238 3154 1292 similitudini
3182 1243 3352 1295 mortis
3376 1245 3548 1311 (Rom.
3572 1263 3645 1310 vr,
3669 1248 3816 1320 3-5).

2227 1317 2370 1372 Mors
2394 1336 2620 1391 namque
2643 1335 2694 1378 et
2723 1326 2820 1381 hoc
2849 1338 2900 1382 et
2927 1331 3075 1395 illud,
3105 1333 3196 1387 sed
3224 1350 3327 1388 non
3356 1337 3525 1391 eidem
3555 1341 3652 1408 ipsi
3683 1317 3819 1394 sub-

2224 1406 2371 1477 jacet
2396 1429 2409 1466 :
2441 1412 2532 1466 sed
2561 1413 2675 1469 iure
2700 1417 2913 1486 quidem
2943 1424 3120 1477 carnis
3147 1425 3372 1493 Christi,
3413 1406 3588 1482 nostra
3625 1444 3814 1486 autem

2227 1503 2448 1567 peccati.
2481 1504 2932 1572 Quemadmodum
2950 1528 3075 1582 ergo
3102 1515 3185 1570 illa
3212 1533 3357 1585 vera,
3381 1529 3434 1575 et
3464 1520 3575 1578 hzec
3609 1542 3627 1575 ι
3663 1526 3684 1597 ζ
3700 1525 3810 1579 llo-

2223 1592 2366 1645 milia
2395 1595 2462 1648 10
2488 1597 2539 1649 in
2568 1597 2732 1668 Epist.
2767 1601 2835 1654 ad
2863 1603 3176 1678 Romanos).

2294 1683 2386 1739 28.
2426 1685 2689 1757 Numquid
2719 1691 2960 1748 dubitare
2981 1696 3091 1763 jam
3125 1699 3322 1767 poteris
3362 1713 3596 1758 sanctum
3640 1705 3812 1762 Joan-

2223 1789 2346 1829 nem
2377 1785 2480 1831 tam
2514 1778 2668 1849 longe
2696 1797 2817 1836 esse
2841 1800 2871 1837 a
2902 1799 3061 1840 sensu
3099 1798 3296 1858 vestro,
3336 1808 3490 1861 quam
3521 1811 3623 1848 non
3658 1812 3814 1853 rece-

2223 1866 2302 1921 dit
2327 1883 2356 1920 a
2383 1883 2543 1923 sensu
2570 1872 2872 1927 catholico?
2905 1875 3168 1948 Numquid
3199 1880 3247 1933 in
3280 1883 3394 1950 ejus
3425 1883 3808 1953 disputatione,

2223 1973 2326 2027 qua
2349 1963 2569 2032 exponit
2593 1964 2829 2032 Apostoli
2859 1967 3028 2022 locum
3059 1970 3182 2026 huic
3210 1976 3490 2042 qumstioni
3518 1993 3636 2047 qua:
3666 1980 3812 2034 inter

2225 2063 2322 2103 nos
2349 2051 2571 2106 vertitur
2595 2058 3072 2123 pernecessarium,
3121 2062 3206 2116 ubi
3251 2063 3508 2134 scriptum
3549 2075 3665 2134 est,
3701 2067 3814 2123 Per

2222 2155 2379 2194 unum
2406 2142 2655 2198 hominem
2685 2157 2944 2217 peccatum
2968 2151 3168 2206 intravit
3195 2156 3246 2207 in
3279 2158 3518 2211 mundum
3538 2202 3553 2226 ,
3595 2168 3651 2215 ct
3696 2178 3809 2217 etn-

2225 2239 2333 2287 tera
2373 2250 2493 2305 qua:
2535 2253 2770 2294 connexa
2813 2252 2957 2310 sunt,
3001 2245 3196 2300 alicubi
3236 2250 3440 2305 redolet
3467 2253 3487 2282 ¹
3527 2254 3667 2323 quod
3709 2271 3816 2311 vos

2223 2323 2427 2393 dicitis,
2460 2339 2675 2398 promer
2721 2332 3069 2390 imitationem
3117 2338 3218 2394 hoc
3260 2356 3376 2396 esse
3421 2343 3618 2400 dictum
3645 2389 3660 2415 ,
3695 2365 3810 2404 non

2226 2427 2446 2488 propter
2469 2424 2737 2478 carnalem
2781 2428 3149 2485 nativitatem?
3176 2431 3360 2489 Nonne
3391 2435 3477 2491 illo
3521 2454 3628 2493 uno
3671 2455 3814 2510 pec-

2223 2517 2343 2563 cato
2369 2513 2724 2568 contaminata
2754 2515 2882 2572 dicit
2911 2535 3029 2574 esse
3053 2523 3250 2589 omnia,
3275 2534 3328 2579 et
3357 2527 3431 2581 sic
3456 2527 3583 2582 illud
3607 2532 3816 2588 distin-

2223 2601 2336 2670 guit
2364 2616 2392 2655 a
2419 2607 2628 2661 cmteris
2658 2616 2837 2676 postea
2877 2612 3178 2669 commissis
3217 2615 3636 2689 iutroductisque
3675 2637 3813 2690 pec-

2223 2692 2386 2758 catis,
2419 2711 2537 2764 qua:
2565 2713 2658 2752 vos
2687 2699 2860 2754 dicitis
2886 2702 2951 2756 ad
2983 2703 3350 2771 imitationem,
3382 2723 3484 2763 non
3511 2710 3579 2765 ad
3609 2728 3810 2782 propa-

2223 2785 2398 2855 ginem
2427 2789 2713 2855 pertinere,
2739 2801 2796 2845 ut
2823 2808 2925 2846 non
2956 2794 3040 2848 illa
3070 2803 3295 2861 tantum,
3320 2799 3412 2854 sed
3440 2808 3492 2854 et
3516 2801 3616 2856 hoc
3639 2811 3692 2858 et
3720 2805 3809 2859 illa

2223 2889 2322 2944 per
2343 2880 2564 2946 gratiam
2592 2880 2789 2936 Christi
2817 2885 2957 2939 dicat
2996 2887 3219 2943 interfici
3249 2889 3310 2944 '?
3357 2891 3544 2948 Nonne
3590 2895 3657 2951 de
3702 2897 3809 2953 Ba-

2225 2967 2471 3035 ptismate
2502 2971 2738 3038 Apostoli
2769 2975 2948 3040 verba,
2979 2976 3066 3031 ubi
3097 2979 3189 3045 ait,
3226 2979 3538 3051 Quicumque
3563 2984 3809 3055 baptizari

2223 3073 2396 3112 sumus
2422 3059 2473 3112 in
2501 3060 2718 3130 Christo,
2748 3065 2801 3118 in
2841 3077 2999 3121 morte
3032 3069 3172 3124 illius
3211 3072 3451 3139 baptizati
3477 3091 3686 3138 sumus;
3730 3078 3810 3133 sic

2225 3153 2464 3220 exponit,
2496 3162 2550 3206 ut
2579 3154 2719 3210 dicat
2746 3158 2816 3211 ita
2847 3173 2966 3212 cum
2998 3171 3216 3230 peccato
3245 3164 3401 3230 mori,
3447 3165 3532 3234 qui
3573 3165 3811 3236 baptiza—

2226 3249 2312 3296 tur
2345 3245 2396 3297 in
2427 3243 2660 3313 Christo,
2701 3249 2837 3302 sicut
2870 3251 3074 3306 carne"
3119 3263 3200 3307 est
3244 3264 3482 3311 mortuus
3525 3257 3810 3328 Christus;

2225 3335 2348 3403 quia
2379 3334 2430 3389 iu
2463 3347 2634 3392 morte
2658 3338 2855 3394 Christi
2893 3341 3151 3412 baptizari
3191 3344 3322 3398 nihil
3360 3355 3443 3400 est
3477 3347 3616 3402 aliud
3647 3365 3807 3418 quam

2227 3433 2446 3494 peccato
2473 3427 2646 3481 mori?
2669 3427 2766 3483 Cui
2797 3444 2924 3500 ergo
2955 3443 3172 3501 peccato
3199 3435 3452 3504 parvulus
3485 3439 3729 3502 moritur,
3762 3439 3812 3493 si

2225 3517 2480 3586 originale
2508 3533 2613 3572 non
2645 3522 2841 3574 traxit?
2867 3524 2947 3576 An
2988 3523 3126 3578 forte
3164 3541 3270 3579 non
3312 3528 3364 3580 in
3407 3539 3579 3584 morte
3607 3529 3810 3585 Christi

2225 3608 2428 3676 parvuli
2458 3608 2825 3678 baptizautur?
2850 3627 2970 3666 cum
3000 3615 3284 3682 Apostolus
3310 3632 3415 3671 non
3440 3619 3653 3686 dixerit,
3679 3619 3812 3688 Qui-

2226 3697 2384 3764 dam;
2417 3699 2530 3764 sed,
2561 3700 2870 3773 Quicumque
2907 3705 3148 3775 baptizati
3175 3724 3345 3763 sumus
3383 3709 3435 3763 in
3472 3708 3671 3766 Christo
3695 3752 3712 3779 ,
3755 3713 3811 3765 in

2227 3799 2385 3844 morte
2411 3791 2570 3858 ipsius
2599 3794 2839 3864 baptizati
2865 3813 3060 3851 sumus.
3105 3798 3187 3853 An
3229 3802 3439 3871 quando
3472 3803 3812 3873 baptizantur

2226 3883 2553 3954 Baptismate
2579 3885 2892 3956 christiano,
2931 3889 3121 3944 dicturi
3151 3893 3280 3947 estis
3319 3895 3459 3964 quod
3490 3912 3593 3949 non
3635 3898 3814 3967 bapti-

2227 3983 2416 4031 zcntur
2442 3978 2493 4030 in
2519 3977 2767 4046 Christo;
2795 3997 2862 4035 ne
2889 3997 2985 4036 vos
3009 3983 3291 4054 episcOpus
3315 3985 3544 4042 Joannes
3569 4003 3662 4042 sua
3705 3989 3814 4046 de-

2227 4067 2466 4124 ﬁnitione
2505 4071 2746 4138 sulfocet,
2791 4071 2883 4142 qui
2911 4073 3038 4129 dicit
3068 4075 3170 4130 hoc
3205 4091 3326 4133 esse
3369 4078 3696 4149 Baptismum
3728 4081 3814 4138 eis

2225 4161 2315 4230 qui
2354 4161 2687 4230 baptizantur
2722 4163 2772 4217 in
2801 4163 3032 4230 Christo,
3065 4167 3205 4236 quod
3233 4184 3360 4223 crux
3401 4179 3456 4223 et
3501 4171 3820 4240 sepulcrum

2226 4249 2327 4305 fuit
2354 4251 2586 4315 Christo,
2624 4260 2681 4308 ut
2707 4255 3152 4323 quemadmodum
3182 4257 3271 4312 ille
3303 4268 3540 4314 mortuus
3569 4270 3649 4315 est
3686 4276 3816 4315 car-

2227 4358 2313 4410 ne,
2355 4345 2432 4398 sic
2459 4354 2511 4399 et
2541 4345 2672 4399 istos
2713 4346 3068 4416 intelligamus
3110 4357 3349 4403 mortuos
3388 4364 3506 4404 esse
3547 4349 3820 4419 peccato?

2227 4435 2366 4492 Ecce
2378 4437 2462 4491 cui
2476 4439 2612 4504 viro,
2624 4453 2781 4507 quant
2805 4455 2996 4509 magno
3013 4440 3317 4495 christiana:
3333 4441 3451 4495 lidei
3469 4450 3626 4513 atque
3649 4444 3817 4514 hujus

2226 4530 2472 4584 catholici
2501 4530 2764 4600 dogmatis
2786 4531 3076 4601 defensori,
3107 4534 3320 4588 voluisti
3351 4543 3583 4590 vestrum
3613 4535 3816 4605 dogma

2226 4635 2563 4690 supponere,
2595 4623 2742 4692 quasi
2784 4623 2998 4691 dixerit,
3037 4643 3058 4677 r
3091 4627 3337 4695 parvulos
3375 4627 3528 4695 primi
3575 4626 3822 4683 hominis

2227 4729 2333 4766 non
2365 4712 2666 4782 inquinatos
2695 4729 2812 4769 esse
2847 4724 3098 4784 peccato;
3137 4735 3160 4769 ι
3206 4733 3326 4771 cum
3367 4717 3596 4782 dixerit,
3643 4736 3662 4770 ι
3713 4733 3820 4776 eos

2226 4823 2332 4863 non
2369 4806 2565 4862 habere
2597 4818 2852 4877 peccata:
2896 4827 2918 4863 ι
2962 4825 3083 4880 qua:
3122 4826 3227 4865 non
3270 4827 3391 4866 eum
3435 4807 3657 4880 intelligi
3704 4813 3824 4867 nisi

2226 4901 2439 4971 propria
2479 4901 2730 4965 voluisse,
2771 4903 2885 4970 ejus
2915 4910 3022 4956 tam
3062 4902 3225 4956 multa
3262 4901 3561 4957 testimonia
3592 4910 3826 4973 tamque

2228 4991 2506 5046 manifesta
2535 4992 2826 5047 declarant.

2295 5083 2521 5139 CAPUT
2551 5082 2826 5138 Vll.——29.
2849 5082 2986 5150 Quid
3004 5091 3054 5137 te
3073 5082 3227 5152 igitur
3241 5081 3463 5150 adjuvit,
3482 5081 3622 5151 quod
3640 5083 3827 5137 Joan—

2228 5176 2310 5232 nis
2352 5173 2948 5244 Constantinopolitani,
2997 5181 3242 5242 tanquam
3279 5173 3370 5226 tibi
3399 5172 3824 5240 suﬂ'ragaretur,

2228 5268 2583 5326 testimonium
2605 5265 2864 5336 posuisti?
2884 5268 2964 5319 An
2994 5273 3050 5318 ut
3077 5279 3238 5317 unum
3259 5263 3476 5317 verbum
3494 5261 3642 5332 quasi
3657 5263 3727 5318 ab
3747 5279 3831 5320 eo

2227 5360 2664 5433 przetermissum,
2695 5357 2837 5412 velut
2857 5365 3006 5411 acuta
3035 5353 3320 5409 calliditate
3346 5363 3606 5424 captares,
3647 5361 3703 5408 et
3736 5364 3833 5411 tot

2288 5557 2306 5625 ξ
2343 5554 2509 5625 Plures
2528 5559 2662 5625 Mss,
2681 5552 2732 5603 in
2765 5556 2966 5602 mortem
2997 5548 3166 5616 ipsius.
3197 5556 3251 5601 Et
3271 5549 3415 5613 paulo
3437 5555 3565 5614 post,
3601 5562 3688 5616 per
3714 5561 3831 5605 Βο-

2225 5616 2449 5681 ptismum
2469 5616 2520 5666 in
2542 5623 2756 5681 mortem.

2288 5680 2308 5711 ¹
2341 5679 2413 5726 sic
2434 5685 2540 5727 Mss.
2568 5683 2622 5726 At
2644 5678 2778 5732 editi.
2806 5673 2951 5725 alicui
2971 5672 3168 5725 redolet.

2290 5742 2311 5808 ξ
2345 5747 2394 5788 In
2416 5747 2542 5808 Mss,
2564 5746 2609 5789 et
2645 5738 2732 5808 illa
2764 5738 2922 5808 gratia
2957 5735 3284 5808 christiaicat
3303 5731 3542 5808 interﬁci.

2291 5804 2311 5834 ⁸
2344 5809 2448 5853 Mss.
2474 5803 2570 5852 duo
2591 5798 2812 5851 Gallicani
2836 5807 2888 5851 et
2907 5798 3110 5850 totidem
3134 5799 3340 5850 Vaticani
3363 5830 3382 5860 ,
3404 5798 3558 5849 carni.
