4038 6480
265 331 358 390 ,σε
1619 319 1816 377 LIBER
1857 317 2125 378 rutatos.

260 447 544 502 verborum
583 442 700 514 ejus
740 440 926 512 quibus
954 437 1275 504 obrueret-is,
1321 447 1426 490 tam
1461 438 1726 507 ingentem
1753 435 1846 490 tibi

259 553 506 611 aggerem
533 531 1020 592 commoverean
1063 537 1266 584 tantum
1312 527 1638 598 improvidus
1679 536 1734 582 et
1763 527 1845 581 in-

259 639 462 692 cautus,
498 635 558 681 ut
593 640 693 680 nec
720 625 772 678 in
803 621 914 692 ipsa
957 621 1198 684 homilia,
1229 619 1316 674 ubi
1347 620 1430 674 vix
1462 635 1624 673 unum
1652 618 1719 673 de
1743 633 1848 688 quo

257 719 392 773 male
432 717 710 772 intellecto
742 714 946 782 decepti
983 711 1300 782 deciperetls
1326 753 1340 774 ,
1370 709 1730 766 testimonium
1758 725 1847 764 rc-

260 811 432 880 perire
459 808 684 880 potuisti
717 807 758 874 ί,
789 805 1098 860 adverteres
1122 811 1362 858 sanctum
1404 801 1663 858 Joannem
1703 801 1847 856 Con-

255 899 786 968 stantinopolitanum
817 895 944 949 satis
965 893 1238 949 evidenter
1261 908 1328 947 ex
1339 893 1596 962 pressisse
1618 934 1631 956 ,
1661 905 1848 946 omnes

258 991 498 1044 homines
529 987 769 1057 exceptis
804 985 1000 1041 debitis
1029 983 1254 1054 prepriis
1281 983 1484 1052 paterni
1523 997 1642 1035 esse
1671 981 1847 1034 chiro-

253 1081 438 1152 graphi
465 1079 756 1136 debitores.
783 1077 850 1132 Et
877 1087 1049 1131 tamen
1079 1083 1425 1145 posteaquam
1447 1073 1606 1128 verba
1628 1073 1744 1142 ejus
1771 1073 1850 1126 in-

255 1172 584 1244 terposuisti,
626 1171 814 1240 quibus
851 1169 1200 1222 intentionem
1247 1175 1388 1220 tuam
1418 1165 1610 1235 putasti
1650 1163 1848 1234 aliquid

255 1265 516 1336 adjuvari,
546 1263 789 1332 sequeris
823 1271 876 1315 et
911 1261 1082 1313 dicis:
1117 1277 1135 1310 ι
1170 1255 1302 1313 Cum
1333 1257 1491 1327 igitur
1511 1256 1709 1328 liquido
1737 1255 1846 1310 cla-

255 1365 367 1410 reat
411 1353 554 1408 hanc
599 1367 784 1407 sanam
833 1362 884 1406 et
927 1365 1108 1404 veram
1147 1363 1268 1404 esse
1313 1349 1650 1414 sententiam,
1689 1361 1849 1417 quam

257 1448 426 1516 primo
451 1445 572 1500 loco
599 1445 754 1510 ratio,
777 1443 970 1498 deinde
1007 1441 1396 1512 Scripturarum
1421 1441 1641 1494 munivit
1662 1451 1849 1494 aucto-

255 1541 402 1602 ritas,
446 1545 502 1592 et
529 1553 686 1607 quam
727 1545 1030 1591 sanctorum
1059 1535 1295 1588 virorum
1326 1547 1537 1602 semper
1562 1531 1850 1586 celebravit

254 1630 504 1695 eruditio,
537 1629 626 1699 qui
657 1637 830 1682 tamen
857 1627 1062 1680 veritati
1101 1625 1467 1678 auctoritatem
1497 1639 1602 1676 non
1629 1637 1725 1676 suo
1757 1623 1851 1676 tri-
1895 1627 1900 1634 '

257 1721 416 1776 buere
459 1735 752 1784 consensu,
797 1717 890 1772 sed
917 1715 1276 1771 testimonium
1305 1725 1359 1770 et
1385 1714 1606 1784 gloriam
1643 1713 1710 1768 de
1735 1713 1851 1783 ejus

255 1829 546 1886 suscepere
596 1812 906 1878 consortio,
957 1811 1162 1865 nullum
1207 1807 1527 1880 prudentum
1571 1807 1852 1862 conturbet

255 1906 582 1976 conspiratio
627 1904 978 1976 perditorum.
1015 1921 1034 1956 ι
1079 1902 1206 1957 llaec
1234 1901 1394 1956 verba
1418 1911 1502 1956 tua
1533 1915 1639 1972 quo
1685 1899 1852 1970 profi-

255 1999 420 2062 ciunt,
451 1995 560 2050 nisi
591 2003 649 2050 ut
692 2001 966 2065 appareat,
1013 1992 1096 2048 vel
1139 1990 1406 2062 quomodo
1449 1990 1516 2046 de
1560 1991 1658 2046 hac
1692 2005 1850 2046 causa

257 2089 390 2144 scire
415 2087 721 2157 neglexeris
743 2086 1123 2140 catholicorum
1149 2085 1440 2139 sententias
1465 2097 1848 2154 sermonesque

259 2183 567 2247 doctorum;
597 2181 684 2236 vel
705 2180 748 2235 si
779 2195 872 2235 eos
889 2193 1046 2234 nosse
1063 2178 1279 2245 curasti,
1299 2191 1401 2248 qua
1428 2176 1614 2232 fraude
1638 2178 1851 2232 coneris

257 2274 645 2331 circumvenire
679 2271 1014 2328 nescientes?
1036 2269 1172 2326 Nam
1209 2271 1276 2326 de
1302 2270 1508 2325 ratione
1535 2278 1589 2324 et
1618 2269 1684 2324 de
1726 2285 1852 2324 san-

259 2379 458 2425 ctarum
483 2368 882 2438 Scripturarum
920 2364 1236 2420 auctoritate
1264 2371 1318 2418 ut
1357 2377 1499 2417 nunc
1529 2361 1740 2416 interim
1768 2369 1852 2416 ta-

259 2475 402 2516 ceam
423 2477 440 2525 ;
465 2458 730 2513 banccine
749 2456 1088 2520 sententiam,
1105 2469 1204 2525 qua
1221 2453 1426 2524 negatis
1457 2461 1672 2523 peccato
1697 2452 1852 2522 primi

261 2551 494 2605 hominis
519 2549 782 2604 obnoxios
810 2547 1060 2618 parvulos
1087 2545 1253 2612 nasci,
1283 2552 1590 2598 sanctorum
1615 2545 1852 2597 virorum

257 2657 474 2714 semper
499 2641 795 2698 celebravit
823 2639 1092 2695 eruditio?
1134 2637 1250 2692 Non
1281 2637 1382 2692 hoc
1410 2637 1526 2691 istis
1569 2643 1647 2690 tot
1676 2643 1852 2690 tanto-

257 2751 484 2805 rumque
530 2743 836 2788 sanctorum
879 2741 934 2786 et
973 2730 1321 2796 eruditorum,
1365 2745 1484 2799 qua:
1523 2743 1854 2784 commemo-

257 2827 392 2894 ravi,
423 2825 748 2881 testimoniis
773 2823 1035 2878 indicatur
1058 2841 1070 2876 :
1099 2824 1204 2876 imo
1222 2837 1251 2878 e
1272 2821 1540 2877 contrario
1561 2831 1686 2892 puto
1709 2819 1850 2890 quod

255 2921 364 2990 jam
387 2919 592 2985 videas,
621 2926 874 2990 quantum
899 2927 951 2971 te
972 2915 1152 2985 opinio
1179 2915 1275 2969 ista
1299 2913 1579 2979 fefellerit;
1603 2914 1646 2968 si
1677 2922 1852 2968 tamen

259 3030 364 3068 non
395 3013 520 3067 dolo
547 3011 661 3080 agis
690 3019 846 3080 atque
873 3008 925 3063 id
951 3017 1076 3062 ante
1099 3007 1206 3076 jam
1241 3021 1484 3062 noveras.
1518 3004 1622 3061 Sed
1661 3014 1716 3060 ut
1737 3019 1852 3060 me-

260 3107 364 3162 lius
391 3106 458 3162 de
489 3115 541 3160 te
567 3104 818 3168 credam;
849 3104 891 3156 si
925 3115 1064 3156 nunc
1095 3101 1321 3170 primum
1353 3099 1452 3154 ista
1481 3099 1777 3168 cognoscis,
1808 3095 1856 3154 sl

259 3199 330 3252 de
367 3205 588 3268 peccato
617 3193 776 3264 primi
819 3193 1067 3256 hominis,
1101 3189 1242 3260 quod
1269 3203 1334 3244 eo
1361 3189 1468 3243 sint
1495 3189 1730 3258 obligati,
1763 3188 1854 3258 qui

259 3285 546 3341 earnaliter
572 3291 892 3354 generantur
937 3279 1190 3346 infantes,
1228 3293 1330 3334 nec
1359 3293 1426 3334 eo
1453 3278 1555 3332 nisi
1594 3277 1854 3349 spirituali

259 3379 670 3450 regeneratione
697 3377 994 3442 solvuntur,
1027 3389 1166 3428 nunc
1193 3374 1422 3444 primum
1455 3373 1708 3443 perspicis
1751 3371 1858 3428 hoc

257 3474 514 3527 didicisse
542 3482 598 3526 et
619 3471 867 3525 docuisse
897 3475 976 3522 tot
1003 3475 1233 3531 sanctos,
1267 3465 1406 3535 quod
1449 3471 1504 3520 et
1529 3479 1626 3518 nos
1664 3463 1854 3518 didici-

259 3579 381 3620 mus
409 3573 464 3618 et
489 3563 780 3617 docemus:
805 3565 946 3614 muta
964 3557 1073 3628 jam
1091 3556 1247 3610 istam
1265 3565 1519 3622 mentem,
1539 3555 1854 3610 obliviscere

261 3655 424 3724 hujus
459 3657 679 3720 erroris,
717 3659 772 3707 et
797 3647 1182 3720 propemodum
1227 3645 1442 3712 furoris,
1475 3661 1580 3715 quo
1609 3646 1663 3700 in
1693 3651 1771 3700 tot
1794 3659 1857 3702 ac

261 3740 400 3793 tales
431 3747 609 3808 patres
637 3735 986 3791 Manichmum
1005 3731 1260 3802 jacularis
1285 3729 1650 3800 opprobrium.
1679 3731 1732 3786 Si
1758 3745 1856 3786 ne-

259 3831 444 3885 sciens
469 3831 572 3885 hoc
596 3829 789 3896 fecisti,
817 3843 912 3884 cur
951 3845 1056 3884 non
1099 3829 1350 3884 miseram
1393 3827 1600 3897 respuis
1637 3827 1856 3896 imperi-

261 3923 435 3978 tiam?
461 3924 506 3978 si
551 3923 745 3989 sciens,
791 3936 891 3978 cur
932 3937 1037 3978 non
1083 3921 1394 3994 sacrilegam
1425 3919 1651 3992 deponis
1693 3919 1858 3975 auda-

261 4017 404 4071 ciam
421 4017 448 4070 ἲ

336 4109 430 4164 50.
475 4107 820 4162 Convinceris
843 4107 1080 4178 undique
1108 4125 1122 4161 :
1155 4107 1272 4164 luce
1300 4108 1525 4162 clariora
1555 4114 1679 4162 sunt
1705 4107 1856 4162 testi-

261 4199 446 4254 monia
476 4207 619 4252 tanta
662 4207 987 4255 sanctorum.
1021 4199 1076 4254 In
1107 4213 1331 4270 quorum
1357 4207 1676 4253 conventum
1708 4208 1760 4254 te
1779 4199 1859 4252 in-

263 4289 598 4346 troduxerim
628 4291 896 4361 conspice.
933 4291 1028 4346 llic
1057 4299 1139 4346 est
1183 4291 1593 4346 Mediolanensis
1627 4290 1860 4344 Ambro-

262 4383 399 4448 sius,
424 4397 580 4451 quem
612 4383 862 4452 magister
894 4389 1014 4436 tuus
1041 4381 1285 4452 Pelagius
1315 4389 1455 4434 tanta
1485 4381 1858 4451 praedicatione

263 4473 524 4540 laudavit,
553 4483 610 4526 ut
636 4473 855 4540 diceret,
912 4491 932 4525 ι
983 4474 1034 4528 1η
1072 4473 1221 4528 libris
1263 4473 1379 4543 ejus
1409 4474 1673 4543 prazcipue
1699 4473 1857 4529 lidcm

262 4565 446 4621 lucere
481 4563 797 4632 Romanam,
830 4566 916 4635 qui
944 4567 965 4596 ²
993 4565 1308 4636 scriptorum
1345 4565 1482 4622 inter
1520 4565 1740 4620 Latinos
1761 4567 1858 4622 llos

261 4657 478 4726 quidam
501 4661 768 4726 speciosus
794 4657 1008 4724 enituit,
1035 4659 1102 4712 ita
1127 4667 1182 4712 ut
1206 4657 1320 4728 ejus
1359 4657 1516 4714 fidem
1553 4667 1608 4714 et
1643 4660 1860 4730 purissi-

261 4764 411 4802 mum
437 4749 494 4802 in
525 4747 811 4817 Scripturis
835 4763 1049 4804 sensum
1079 4749 1470 4818 reprehendere
1491 4765 1591 4804 nec
1613 4751 1858 4805 inimicus

261 4839 508 4895 auderet.
546 4859 565 4892 ι
601 4839 697 4894 llic
733 4849 816 4895 est
861 4849 914 4894 et
952 4839 1568 4909 Constantiuopolitanus
1601 4841 1854 4908 Joannes,

259 4948 421 5002 quem
451 4941 507 4986 tu
548 4933 600 4986 in
641 4947 864 4986 numero
892 4932 1221 4986 eruditorum
1248 4945 1310 4985 ac
1354 4939 1656 4985 sanctorum
1683 4931 1860 4986 excel-

261 5025 622 5081 lentissimum
653 5025 705 5079 in
738 5025 838 5079 hac
869 5026 978 5094 ipsa
1011 5033 1122 5092 tua,
1155 5023 1240 5080 cui
1269 5023 1586 5094 respondeo,
1620 5024 1856 5093 disputa-

261 5121 410 5172 tione
439 5116 684 5188 posuisti.
715 5117 812 5171 llic
843 5123 928 5171 est
957 5115 1204 5182 Basilius,
1233 5115 1386 5185 cujus
1413 5123 1464 5168 te
1501 5113 1679 5168 verbis
1709 5115 1774 5169 ad
1805 5115 1858 5170 id

259 5209 405 5278 quod
435 5221 580 5262 nunc
620 5207 792 5276 agitur
835 5221 940 5260 non
987 5205 1397 5276 pertinentibus,
1435 5204 1628 5275 putasti
1663 5205 1858 5275 aliquid

263 5299 529 5368 adjuvari.
555 5297 650 5352 Hic
668 5307 860 5352 suntet
875 5293 1076 5365 cait'eri,
1101 5311 1326 5368 quorum
1352 5305 1404 5350 te
1429 5310 1644 5351 movere
1668 5295 1860 5350 debeat

265 5401 410 5446 tanta
451 5389 754 5446 consensio.
795 5389 910 5446 Non
959 5397 1043 5446 est
1083 5389 1204 5456 ista,
1245 5389 1382 5444 sicut
1427 5387 1550 5442 stilo
1597 5385 1858 5440 maledico

265 5484 483 5550 scribis,
530 5501 548 5534 ι
581 5483 903 5552 conspiratio
937 5481 1282 5552 perditorum.
1315 5497 1333 5533 ι
1383 5481 1440 5535 1η
1485 5478 1724 5534 Ecclesia
1762 5491 1854 5532 ca-

269 5576 466 5630 tholica
493 5574 749 5630 doctrina:
769 5591 914 5632 sanae
930 5575 1120 5631 studiis
1138 5574 1444 5630 claruerunt
1463 5589 1476 5639 ;
1497 5569 1857 5642 spiritualibus

335 5666 352 5697 ¹
389 5665 524 5736 mliti,
551 5663 784 5736 potuistis.
811 5673 866 5716 Al.
885 5671 1016 5729 Mss,
1037 5662 1258 5731 potuisti,-
1281 5670 1338 5716 et
1357 5675 1422 5716 ex
1445 5661 1522 5716 bis
1549 5660 1740 5725 quidam
1774 5670 1856 5722 po-

267 5733 396 5795 stea,
419 5727 706 5795 adveneris.

337 5791 358 5822 ³
391 5795 587 5853 uiuas,
605 5791 735 5856 quia.

3437 323 3542 382 66‘!

1957 438 2120 492 armis
2169 437 2358 494 muniti
2402 445 2468 494 et
2497 439 2718 495 accincti
2775 449 2988 496 strenua
3035 449 3220 497 contra
3263 441 3542 500 lirereticos

1957 527 2094 583 bella
2123 539 2431 600 gesserunt;
2463 531 2726 601 perfuncti
2751 533 2768 564 ί
2803 531 3028 588 fideliter
3053 549 3163 588 sua:
3189 534 3542 604 dispensatio-

1957 621 2040 676 nis
2063 621 2331 678 laboribus
2371 624 2421 678 in
2453 625 2598 694 pacis
2639 625 2840 694 gremio
2867 625 3216 681 dormierunt.
3253 645 3272 680 ‹
3307 625 3479 683 Unum
3513 647 3533 681 ι

1955 711 2090 768 dicis
2121 731 2140 766 ε
2172 729 2464 785 egressum,
2505 734 2524 768 ι
2555 730 2642 770 me
2675 716 2844 784 ipsum
2877 716 3200 786 significans,
3238 735 3256 769 ε
3289 718 3377 788 qui
3406 719 3457 772 in
3483 734 3546 774 so

1955 817 2216 858 summam
2251 805 2416 876 praelii
2455 807 2606 860 sitam
2638 815 2784 876 Optat
2822 807 3039 877 intelligi
3070 805 3170 878 (α).
3202 825 3221 860 1
3269 809 3407 864 Ecce
3435 825 3543 864 non

1956 910 2056 964 ego
2082 909 2238 962 unus,
2271 895 2363 951 sed
2393 904 2470 952 tot
2493 911 2556 952 ac
2581 900 2710 952 tanti
2741 899 2908 952 sancti
2947 899 3244 970 cruditique
3270 899 3544 960 doctores.

1957 989 2049 1042 tibi
2071 1005 2165 1060 pro
2191 1005 2276 1045 me
2315 991 2398 1046 vel
2437 1007 2666 1058 mecum,
2709 1008 2914 1064 proque
2951 993 3187 1048 omnium
3213 1004 3454 1050 nostrum
3489 1009 3544 1050 et

1957 1089 2042 1134 tua
2072 1082 2256 1152 ipsius,
2287 1083 2330 1138 si
2355 1085 2517 1153 sapis,
2542 1084 2714 1140 salute
2731 1083 3071 1154 respondent.

2025 1173 2114 1227 51.
2169 1173 2285 1228 Non
2331 1175 2445 1241 tibi,
2490 1176 2626 1230 sicut
2675 1175 3050 1242 Calumniaris,
3097 1177 3316 1232 «solum
3360 1179 3537 1247 populi

1955 1281 2196 1320 murmur
2223 1268 2538 1336 Opponimus
2571 1284 2583 1320 :
2615 1287 2634 1321 ι
2665 1284 2963 1338 quanquam
2991 1277 3042 1323 et
3074 1267 3184 1338 ipse
3205 1269 3430 1338 pepulus
3447 1269 3541 1324 ad-

1953 1373 2138 1412 versus
2176 1371 2272 1412 vos
2307 1367 2592 1428 propterea
2635 1369 2949 1424 murmuret,
2995 1361 3116 1428 quia
3159 1373 3262 1414 non
3303 1371 3385 1414 est
3423 1361 3542 1414 talis

1954 1451 2178 1521 quaistio
2203 1453 2246 1519 ',
2271 1467 2386 1522 quae
2413 1453 2576 1522 possit
2602 1453 2761 1508 etiam
2782 1453 3136 1524 cognitionem
3169 1453 3346 1523 fugere
3372 1468 3530 1524 popu-

1955 1541 2142 1596 larem.
2173 1542 2372 1598 Divites
2397 1553 2451 1599 et
2477 1558 2761 1616 pauperes,
2781 1545 2976 1600 excelsi
3005 1554 3162 1614 atque
3180 1545 3370 1610 intimi,
3398 1544 3538 1598 docti

1954 1643 2007 1688 et
2033 1633 2250 1700 indocti,
2299 1649 2474 1690 mares
2518 1645 2574 1690 et
2617 1635 2827 1690 femina:
2875 1645 3138 1690 noverunt
3181 1635 3306 1706 quid
3352 1635 3542 1706 cuique

1954 1725 2094 1778 artati
2131 1725 2186 1780 in
2227 1725 2550 1796 Baptismate
2587 1727 2906 1782 remittatur.
2953 1727 3106 1784 Unde
3145 1729 3304 1782 etiam
3345 1737 3542 1784 matres

1954 1816 2188 1886 quotidie
2215 1825 2324 1872 toto
2352 1819 2482 1874 orbe
2512 1827 2774 1875 terrarum
2797 1835 2904 1874 non
2929 1821 2994 1872 ad
3023 1819 3290 1874 Christum
3315 1829 3541 1886 tantum,

1955 1909 2128 1976 idest,
2159 1909 2226 1964 ad
2269 1920 2524 1977 unctum;
2556 1909 2651 1968 sed
2685 1911 2752 1967 ad
2791 1911 3057 1967 Christum
3101 1911 3304 1979 Jesnm,
3350 1913 3400 1968 id
3439 1923 3541 1980 est,

1955 2004 2116 2056 etiam
2137 2001 2466 2058 Salvatorem
2493 2019 2611 2058 cum
2635 2005 2866 2074 parvulis
2885 2015 3126 2060 currunt.
3147 2004 3252 2061 Sed
3273 2021 3418 2072 ecce,
3439 2021 3545 2075 quo

1957 2103 2006 2148 te
2029 2093 2314 2160 introduxi,
2357 2103 2651 2151 conventus
2690 2105 2993 2151 sanctorum
3044 2097 3267 2152 istorum
3311 2113 3415 2152 non
3457 2107 3545 2153 cst

1955 2185 2238 2241 multitudo
2267 2187 2552 2257 popularis:
2573 2203 2678 2242 non
2705 2187 2876 2242 soloin
2897 2187 3008 2256 lilii,
3033 2188 3126 2242 sed
3153 2197 3206 2243 et
3235 2197 3414 2259 patres
3441 2189 3544 2244 Ec-

1954 2279 2133 2334 clesiae
2172 2289 2312 2334 sunt.
2355 2279 2436 2334 Ex
2479 2279 2572 2334 illo
2603 2295 2824 2334 numero
2855 2289 2996 2344 sunt,
3028 2279 3095 2334 de
3125 2281 3318 2350 quibus
3353 2279 3548 2350 ιιι-ωιΙί-

1955 2377 2098 2424 ctum
2116 2379 2214 2436 cst,
2241 2367 2346 2424 Pro
2371 2371 2594 2440 patribus
2615 2371 2714 2424 tuis
2736 2371 2842 2424 nati
2865 2382 2982 2424 sunt
3007 2369 3097 2424 tibi
3117 2372 3210 2440 ﬁlii
3231 2389 3249 2438 ;
3271 2372 3542 2426 constitues

1956 2479 2038 2517 eos
2063 2463 2314 2534 principes
2337 2480 2487 2534 super
2511 2481 2706 2518 omnem
2722 2475 2905 2520 terram
2939 2462 3109 2536 (Psal.
3155 2479 3296 2531 xuv,
3328 2463 3441 2534 17).
3466 2461 3546 2516 Ex

1955 2570 2056 2626 qua
2089 2555 2178 2608 lilii
2217 2557 2454 2625 generati
2479 2555 2502 2588 ³
2540 2564 2682 2622 sunt,
2715 2565 2772 2610 ut
2809 2555 2923 2610 hazc
2963 2555 3266 2620 discerent;
3304 2553 3420 2625 ejus
3449 2567 3545 2624 pa-

1957 2655 2066 2700 tres
2093 2645 2216 2701 facti
2238 2655 2383 2714 sunt,
2417 2656 2473 2701 ut
2489 2647 2761 2702 docerent.

2025 2737 2114 2792 5‘2.
2139 2737 2272 2804 Quid
2304 2746 2384 2792 est
2409 2737 2548 2808 quod
2571 2753 2664 2792 vos
2694 2737 2921 2808 gaudere
2941 2737 3132 2808 jactas,
3159 2735 3300 2808 quod
3329 2737 3428 2792 ista
3449 2753 3544 2792 ve-

1956 2828 2108 2896 ritas,
2135 2843 2292 2898 quam
2335 2839 2390 2882 tu
2431 2845 2668 2884 errorem
2699 2837 2870 2900 putas,
2899 2829 2980 2884 vel
3009 2829 3178 2900 putari
3209 2829 3378 2898 cupis,
3425 2847 3444 2881 ι
3479 2829 3547 2884 de

1957 2931 2102 2976 tanta
2125 2921 2460 2977 multitudine
2490 2933 2808 2976 assertorem
2857 2937 2962 2976 non
3001 2928 3176 2991 potest
3211 2920 3484 2975 invenire?
3518 2939 3538 2972 ι

1957 3013 2118 3083 Quasi
2175 3029 2334 3085 parva
2387 3015 2455 3067 sit
2502 3014 2617 3082 ejus
2653 3015 2876 3068 assertio
2909 3053 2923 3076 ,
2976 3011 3116 3082 quod
3165 3011 3216 3064 in
3271 3011 3373 3066 hoc
3419 3011 3544 3066 fidei

1959 3105 2264 3158 firmissimo
2295 3113 2346 3158 ct
2371 3104 2740 3172 antiquissimo
2767 3102 3112 3158 fundamento
3131 3103 3244 3172 ipsa
3273 3109 3384 3156 toto
3410 3089 3548 3156 orbe

1957 3193 2144 3250 dill'usa
2207 3209 2311 3249 non
2362 3209 2392 3248 a
2439 3209 2498 3248 se
2545 3194 2810 3263 discrepat
2879 3193 3184 3247 multitudo.
3251 3192 3306 3246 Si
3364 3201 3544 3246 autem

1957 3293 2251 3340 assertores
2292 3298 2386 3340 eos
2437 3283 2680 3354 flagitas,
2721 3299 2946 3354 quorum
2985 3283 3183 3352 aliquid
3231 3283 3392 3336 etiam
3457 3283 3546 3336 lit-

1960 3383 2192 3430 terarum
2247 3375 2472 3430 inveniri
2515 3383 2725 3444 potest,
2763 3375 3086 3443 illustrisquc
3134 3373 3376 3428 doctrina
3425 3381 3540 3438 est;

1957 3479 2025 3522 en
2065 3465 2215 3520 adest
2265 3475 2593 3521 asscrtorum
2648 3465 2762 3535 ejus
2813 3463 3172 3520 memorabilis
3222 3473 3272 3519 et
3317 3479 3546 3520 venera-

1958 3557 2101 3624 bilis,
2158 3571 2444 3612 consessus
2489 3567 2646 3627 atque
2688 3571 2998 3611 consensus.
3039 3554 3264 3611 Sanctus
3309 3553 3546 3608 lrenaeus

1961 3651 2108 3718 dicit,
2131 3650 2402 3720 antiquam
2427 3647 2694 3718 serpentis
2719 3647 2924 3718 plagam
2953 3646 3058 3701 fide
3079 3645 3274 3701 Christi
3301 3653 3354 3700 et
3381 3659 3544 3700 cruce

1961 3743 2156 3806 sanari,
2202 3751 2258 3796 et
2293 3739 2436 3811 quod
2473 3739 2778 3810 protoplasti
2811 3747 3028 3808 peccato
3068 3736 3264 3791 fuimus
3295 3743 3548 3806 tanquam

1961 3833 2185 3887 vinculis
2213 3831 2430 3900 alligati.
2459 3831 2684 3885 Sanctus
2719 3827 3016 3900 Cyprianus
3039 3827 3187 3894 dicit,
3215 3827 3392 3897 perire
3421 3841 3546 3896 par-

1961 3925 2163 3988 vulmn,
2187 3923 2286 3976 nisi
2317 3921 2474 3976 fuerit
2499 3921 2816 3991 baptizatus,
2837 3918 3086 3990 quamvis
3111 3919 3160 3974 ei
3193 3933 3298 3973 non
3335 3917 3544 3988 propria

1961 4017 2314 4082 dimittantur,
2343 4015 2436 4069 sed
2467 4015 2636 4070 aliena
2668 4022 2902 4082 peccata.
2933 4013 3158 4068 Sanctus
3195 4011 3429 4067 Retieius
3465 4011 3548 4064 (11-

1961 4109 2053 4174 cit,
2079 4109 2276 4164 veteris
2307 4107 2555 4174 hominis,
2583 4123 2690 4178 quo
2712 4123 2806 4177 per
2829 4105 3096 4162 lavacrum
3125 4105 3546 4176 regei'ierationis

1961 4201 2225 4264 exuimur,
2255 4211 2358 4250 non
2383 4204 2590 4250 tantum
2619 4208 2819 4258 vetera,
2863 4195 2955 4249 sed
2997 4195 3225 4263 ingenita
3266 4209 3384 4248 esse
3423 4209 3546 4262 pee-

1963 4299 2098 4344 eata.
2131 4290 2356 4344 Sanctus
2383 4288 2657 4359 Olympius
2682 4287 2830 4351 dicit,
2883 4286 3066 4340 vitium
3110 4285 3176 4338 de
3217 4285 3552 4353 protoplasto

1963 4381 2014 4436 in
2041 4381 2282 4451 germine
2305 4393 2571 4450 sparsum,
2591 4387 2646 4430 ut
2675 4388 2950 4446 peceatum
2975 4389 3094 4430 cum
3119 4374 3334 4428 homine
3363 4387 3546 4427 uasceo

1963 4483 2134 4529 retur.
2157 4471 2386 4527 Sanctus
2413 4468 2642 4524 llilarius
2671 4467 2818 4532 dicit,
2851 4483 2914 4521 ex
2941 4475 3156 4535 peccato
3183 4479 3304 4519 esse
3330 4478 3546 4521 omnem

1962 4579 2200 4632 carnem,
2231 4573 2428 4636 prteter
2455 4562 2618 4627 illius,
2647 4561 2736 4630 qui
2757 4561 2902 4615 venit
2925 4561 2976 4614 in
2997 4557 3341 4613 similitudine
3361 4557 3540 4616 carnis

1963 4660 2169 4730 peccati
2191 4659 2306 4713 sine
2335 4665 2572 4728 peccato.
2597 4656 2751 4718 Dicit,
2776 4655 2874 4709 sub
2901 4653 3098 4722 peccati
3129 4651 3332 4720 origine
3356 4659 3409 4705 ct
3445 4650 3544 4706 sub

1964 4751 2163 4823 peccati
2193 4751 2308 4820 lege
2337 4758 2516 4803 natum
2543 4763 2682 4812 esse,
2713 4747 2863 4816 cujus
2887 4761 2988 4798 vox
3017 4751 3118 4808 est,
3148 4743 3253 4813 h‘go
3281 4744 3332 4796 in
3357 4743 3548 4813 iniqui-

1965 4845 2146 4897 tatibus
2170 4851 2436 4910 conecptus
2479 4857 2588 4893 sum
2616 4837 2782 4906 (l’sal.
2812 4853 2850 4902 ι,
2877 4837 2954 4906 7).
2983 4835 3208 4890 Sanctus
3230 4834 3540 4888 Ambrosius

1963 4935 2112 5000 dicit,
2144 4949 2236 4988 eos
2264 4933 2352 5002 qui
2381 4931 2630 5000 baptizati
2664 4929 2858 4984 fuerint
2899 4927 3146 4998 parvulos
3171 4927 3220 4980 in
3253 4925 3540 4995 primordia

1965 5035 2167 5080 natura:
2195 5037 2304 5078 sua:
2333 5039 2362 5076 a
2391 5023 2586 5076 malitia
2614 5020 2912 5076 reformari.
2935 5021 3092 5084 Dicit,
3117 5018 3286 5072 solum
3311 5033 3380 5072 ex
3403 5017 3544 5072 natis

1963 5119 2029 5174 de
2061 5118 2252 5172 femina
2282 5125 2521 5172 sanctum
2571 5115 2853 5170 Dominum
2893 5113 3098 5178 Jesnm,
3129 5112 3271 5166 nulla
3321 5121 3540 5166 terrente

1963 5209 2203 5278 contagia
2233 5206 2548 5276 corruptela:
2575 5205 2894 5259 immaculati
2933 5212 3114 5272 partus
3141 5195 3373 5256 novitate
3420 5215 3541 5254 seno

1965 5301 2116 5354 sisse.
2153 5297 2307 5364 Dicit,
2335 5295 2478 5367 quod
2505 5297 2556 5350 in
2582 5295 2748 5350 Adam
2771 5309 2959 5349 omnes
2987 5293 3260 5356 morimur,
3299 5289 3419 5360 quia
3451 5303 3542 5357 per

1965 5407 2126 5444 manu
2151 5390 2416 5443 hominem
2459 5393 2730 5458 peccatum
2775 5386 2988 5440 intravit
3013 5385 3063 5437 in
3096 5381 3370 5447 mundum,
3398 5391 3451 5434 et
3479 5381 3546 5434 il-

1966 5482 2066 5536 lius
2090 5479 2242 5549 culpa
2268 5493 2410 5533 mors
2435 5477 2671 5532 omnium
2701 5483 2801 5532 est.
2829 5475 2984 5540 Dicit,
3013 5472 3151 5544 quod
3193 5470 3246 5524 iu
3286 5469 3401 5540 ejus
3431 5471 3536 5524 vui-

2029 5595 2044 5661 ξ
2081 5599 2280 5661 A_m._F.r.
2307 5600 2361 5661 et
2379 5599 2505 5653 Mss,
2531 5590 2808 5661 perfunctis.

2028 5657 2047 5686 ³
2082 5655 2391 5704 Floriaeensis
2413 5651 2514 5713 sisi,
2533 5651 2768 5715 quu'silio.

2031 5717 2051 5749 ³
2082 5717 2154 5764 sic
2177 5717 2462 5764 illOllllliliUS
2487 5709 2589 5764 uss.
2618 5721 2671 5764 At
2695 5715 2742 5762 in
2765 5711 2928 5772 editis,
2955 5709 3238 5773 rrgeneruti.

2037 5777 2110 5840 (α)
2142 5777 2257 5825 Vide
2281 5777 2414 5840 iulia,
2439 5775 2522 5825 lih.
2555 5777 2601 5840 5,
2623 5789 2672 5825 ιι.
2696 5774 2742 5824 4.
