4038 6468
482 339 585 401 6.3

473 480 602 520 nere
637 477 794 519 omne
823 474 990 532 genus
1028 457 1310 516 occidisse:
1349 459 1662 521 humanum,
1691 456 1791 513 nisi
1822 455 2061 513 Samari-

474 568 632 612 tanus
671 556 760 611 ille
797 552 1126 611 descendens
1167 553 1381 606 vulnera
1422 552 1535 622 ejus
1572 553 1764 607 acerba
1794 559 2057 606 curasset.

474 650 633 714 Dicit,
665 647 826 704 fuisse
862 646 1054 714 Adam,
1093 654 1146 701 et
1171 645 1223 699 in
1269 645 1358 700 illo
1400 644 1559 699 fuisse
1588 659 1814 708 omnes;
1855 643 2062 713 perisse

475 741 669 805 Adam,
700 749 755 794 et
783 743 834 794 in
865 737 958 793 illo
1002 736 1202 809 perisse
1241 751 1449 792 omnes.
1498 736 1654 800 Dicit,
1696 751 1794 790 nos
1819 735 2066 805 contagio

474 831 733 889 maculari
783 839 1066 901 antequam
1114 830 1418 898 nascimur,
1460 845 1561 886 nec
1603 828 1892 882 humanum
1938 843 2068 882 con-

476 933 692 995 ceptum
719 938 839 980 esse
885 924 1179 994 iniquitatis
1213 933 1500 989 exsortem,
1543 924 1667 994 quia
1712 923 2064 993 concipimur,

475 1015 674 1088 inquit,
707 1015 760 1071 in
790 1025 1007 1086 peccato
1037 1025 1336 1086 parentum,
1369 1027 1422 1072 et
1447 1017 1498 1071 in
1526 1017 1732 1072 delictis
1758 1033 1942 1072 eorum
1973 1033 2069 1070 na-

477 1111 724 1177 scimur;
756 1108 850 1165 sed
877 1119 932 1165 et
970 1110 1083 1178 ipse
1127 1120 1308 1180 partus
1336 1109 1494 1165 habet
1533 1110 1774 1181 contagia
1809 1124 1921 1175 sua,
1967 1123 2068 1165 nec

477 1216 649 1258 unum
699 1201 1065 1256 tantummodo
1124 1202 1282 1256 habet
1329 1202 1441 1273 ipsa
1501 1212 1688 1257 natura
1741 1203 2065 1272 contagium.

479 1290 645 1359 Dicit,
686 1290 953 1346 diabolum
997 1279 1372 1359 feneratorem,
1417 1308 1447 1347 a
1486 1309 1592 1362 quo
1645 1293 1752 1347 Eva
1801 1293 2068 1348 maculata

483 1381 732 1438 obnoxia:
759 1384 1111 1438 successionis
1140 1384 1313 1438 usuris
1341 1400 1498 1439 omne
1541 1400 1706 1454 genus
1739 1384 2070 1440 defeneravit

481 1473 798 1530 humanum.
827 1475 979 1537 Dicit,
1008 1489 1038 1529 a
1064 1473 1276 1530 diabolo
1305 1475 1470 1529 Evam
1506 1475 1806 1545 deceptam,
1846 1484 1902 1530 ut
1940 1491 2070 1546 sup-

481 1567 750 1638 plantaret
773 1567 968 1632 virum,
997 1567 1252 1637 obligaret
1290 1567 1675 1624 lirereditatem.
1713 1568 1866 1632 Dicit,
1899 1567 2068 1622 Adam

483 1658 560 1715 ita
586 1673 770 1714 morsu
796 1657 1032 1713 vitiatum
1061 1673 1180 1714 esse
1209 1659 1492 1729 serpentis,
1525 1667 1582 1712 ut
1617 1673 1804 1713 omnes
1836 1659 1924 1712 illo
1952 1658 2068 1712 vul-

481 1764 618 1804 nere
661 1748 1038 1805 claudicemus.
1080 1749 1218 1804 Dicit
1249 1792 1264 1816 ,
1299 1765 1396 1819 per
1449 1765 1732 1820 corporum
1763 1749 1862 1804 viri
1901 1760 1955 1805 et
1990 1749 2070 1804 ie-

484 1843 649 1898 minze
672 1843 1103 1898 commixtionem
1136 1844 1402 1898 neminem
1429 1852 1701 1912 expertem
1717 1858 1834 1898 esse
1857 1842 2069 1908 delicti;

485 1935 577 2006 qui
606 1943 786 1990 autem
805 1949 996 2004 expers
1023 1934 1201 1990 delicti
1231 1943 1332 2000 est,
1357 1934 1409 1990 id
1435 1942 1519 1990 est
1541 1935 1794 1990 Dominus
1809 1935 2070 2002 Christus,

484 2025 649 2082 etiam
695 2024 995 2095 huiusmodi
1038 2040 1158 2081 esse
1204 2026 1569 2096 conceptionis
1603 2035 1896 2096 expertem.
1938 2027 2076 2081 Dicit

487 2116 588 2171 tibi
613 2125 827 2172 sanctus
860 2116 1216 2184 Innocentius,
1247 2119 1458 2175 lavacro
1484 2119 1899 2189 regenerationis
1933 2134 2072 2190 prae-

486 2207 708 2264 teritum
733 2209 917 2264 vitium
943 2224 1102 2264 omne
1127 2210 1361 2281 purgari,
1391 2209 1532 2281 quod
1563 2226 1657 2280 per
1681 2211 1827 2264 illum
1857 2210 2071 2277 accidit,

486 2301 578 2371 qui
610 2301 777 2356 libero
797 2301 1017 2356 arbitrio
1043 2303 1239 2357 cadens
1261 2344 1276 2368 ,
1305 2303 1356 2357 in
1388 2301 1644 2373 profunda
1670 2302 1945 2358 demersus
1969 2311 2070 2358 est.

486 2389 650 2453 Dicit,
683 2390 782 2445 nisi
808 2391 1240 2446 manducaveriut
1269 2407 1482 2447 carnem
1515 2393 1742 2460 Domini,
1775 2401 1829 2446 et
1856 2393 2073 2462 sangui-

485 2498 612 2537 nem
639 2483 891 2547 biberint,
920 2484 1079 2539 vitam
1110 2485 1360 2555 parvulos
1387 2483 1582 2540 habere
1611 2501 1716 2539 non
1745 2500 1918 2555 posse.
1941 2484 2077 2540 San-

487 2584 609 2631 ctus
637 2575 925 2646 Gregorius
948 2576 1096 2642 dicit,
1134 2577 1327 2631 melius
1367 2577 1528 2632 fuisse
1557 2592 1660 2630 non
1686 2577 1933 2632 excidere
1961 2575 2076 2629 a'li-

487 2679 598 2735 gno
626 2665 746 2719 vita:
772 2675 925 2736 gustu
947 2665 1280 2721 amarissimo
1308 2667 1530 2737 peccati,
1560 2667 1653 2722 sed
1680 2667 1950 2722 emendari
1975 2681 2074 2722 nos

489 2754 689 2810 debere
717 2765 837 2825 post
861 2756 1085 2825 lapsum.
1120 2756 1275 2822 Dicit,
1308 2773 1407 2812 nos
1433 2774 1496 2812 cx
1522 2757 1674 2812 bonis
1703 2757 1768 2812 ad
1796 2759 1961 2812 tristia
1983 2759 2076 2813 de-

487 2846 722 2914 volutos,
751 2854 806 2902 et
829 2847 997 2902 vulta
1045 2848 1280 2904 tristibus
1321 2847 1388 2903 ad
1435 2849 1654 2904 meliora
1702 2849 1970 2918 reparari;
2018 2859 2075 2905 ut

487 2952 626 3008 quos
667 2947 852 3008 gustus
894 2938 1021 3010 ligni
1066 2939 1213 2994 vetiti
1258 2939 1660 3004 condemnavit,
1702 2939 1898 2995 Christi
1943 2956 2075 2996 crux

489 3030 660 3100 gratia
687 3029 912 3100 largiore
943 3029 1214 3100 justiﬁcet.
1255 3030 1411 3097 Dicit,
1449 3031 1800 3086 venerandam
1831 3047 1951 3087 esse
1981 3047 2077 3086 na-

493 3122 771 3188 tivitatem,
802 3137 900 3193 per
928 3138 1084 3194 quam
1116 3133 1341 3178 terrente
1370 3123 1660 3178 nativitatis
1684 3125 1906 3179 vinculis
1935 3125 2072 3180 lihe-

489 3229 692 3270 ramur.
719 3215 876 3283 Dicit,
907 3216 1310 3287 regeneratione
1330 3231 1397 3274 ex
1419 3233 1553 3289 aqua
1574 3226 1628 3273 et
1655 3219 1840 3288 spiritu
1858 3219 2072 3288 purgari

488 3305 728 3360 maculas
753 3306 940 3378 primre
973 3305 1279 3374 nativitatis,
1326 3323 1422 3380 per
1457 3324 1588 3378 quas
1630 3309 1681 3364 in
1709 3309 2075 3380 iniquitatibus

490 3397 841 3469 concipimur.
873 3399 1011 3454 Dicit
1043 3401 1138 3455 tibi
1180 3410 1396 3457 sanctus
1426 3402 1672 3467 Basilius,
1723 3418 1822 3458 nos
1860 3404 2074 3473 aegritu-

491 3489 672 3544 dinem
699 3492 1033 3547 contraxisse
1055 3494 1284 3564 peccati,
1315 3494 1565 3563 quoniam
1596 3495 1704 3548 Eva
1732 3495 1901 3549 noluit
1937 3509 1968 3549 a
2012 3495 2075 3548 li-

488 3595 596 3652 gno
617 3581 883 3650 prohibito
922 3581 1186 3652 jcjunare.
1228 3583 1363 3638 Dicit
1406 3593 1711 3653 postremo,
1755 3599 1853 3638 nos
1881 3584 1948 3638 de
1977 3600 2073 3654 pa-

494 3674 674 3728 radiso
701 3673 984 3740 decidisse,
1012 3675 1134 3745 quia
1162 3691 1268 3730 non
1291 3675 1668 3746 jejunavimus,
1711 3686 1870 3747 atque
1897 3687 1954 3732 ut
1983 3677 2074 3732 illo

487 3764 794 3832 redeamus,
819 3765 1056 3836 praecipit
1099 3767 1421 3838 jejunemus.
1453 3769 1646 3824 Dicunt
1695 3770 1788 3824 tibi
1817 3785 1911 3826 ore
1963 3786 2074 3827 uno

489 3865 570 3911 tot
591 3858 759 3912 sancti
789 3858 1045 3929 episcopi,
1075 3859 1348 3930 Eulogius,
1377 3860 1631 3929 Joannes,
1665 3864 2068 3930 Ammonianus,

488 3947 838 4019 Porphyrius,
866 3949 1143 4018 Eutouius,
1175 3950 1502 4022 Porphyrius
1527 3953 1660 4007 alius
1689 3953 1728 4020 ¹,
1757 3953 1938 4018 Fidus,
1963 3955 2073 4008 Zo-

487 4040 669 4106 ninus,
698 4039 1039 4108 Zoboennus,
1061 4041 1428 4114 Nymphidius,
1447 4041 1802 4112 Chromatius,
1826 4045 2067 4113 Jovinus,

487 4131 851 4200 Eleutherius,
880 4133 1206 4189 Clematius:
1239 4134 1348 4192 Nos
1389 4134 1660 4206 Pelagium
1707 4153 1811 4192 non
1841 4137 2072 4191 absolvi-

486 4238 632 4287 mus,
685 4224 786 4280 nisi
828 4225 953 4296 quia
1002 4226 1272 4282 damnavit
1313 4243 1406 4283 eos
1453 4229 1541 4298 qui
1594 4229 1780 4284 dicunt.
1821 4230 2073 4300 parvulos

485 4315 695 4371 etiamsi
721 4331 826 4371 non
857 4317 1190 4388 baptizentur
1216 4319 1416 4376 habere
1442 4321 1603 4375 vitam
1644 4331 1920 4377 aeternam.
1951 4321 2071 4378 Jam

485 4415 546 4462 tu
575 4408 858 4479 responde,
889 4419 1064 4466 utrum
1103 4411 1245 4467 Deus
1265 4412 1440 4484 justus
1466 4415 1596 4469 nulli
1629 4416 1912 4470 obnoxiam
1944 4431 2072 4487 pec-

486 4510 608 4554 cato
633 4500 916 4571 imaginem
947 4517 1098 4559 suam
1131 4505 1339 4574 privare
1367 4506 1473 4560 vita
1501 4508 1666 4576 possit
1686 4518 1907 4564 :eterna.

557 4592 648 4647 35.
689 4591 970 4649 Postremo
1031 4606 1246 4650 sanctus
1300 4598 1582 4668 episcOpus
1620 4598 1852 4656 Joannes
1902 4599 2069 4667 dicit,

485 4696 648 4750 quem
679 4691 733 4737 tu
763 4683 1144 4740 honorabiliter
1162 4689 1598 4742 commemorasti
1619 4730 1632 4753 ,
1665 4706 1822 4760 quem
1852 4701 1904 4746 tu
1932 4693 2071 4749 sicut

486 4779 730 4826 sanctum
761 4773 1135 4844 eruditumque
1158 4775 1414 4841 laudasti,
1437 4793 1594 4848 quem
1624 4787 1679 4834 tu
1707 4781 2069 4839 testimonium

487 4869 544 4916 et
569 4859 790 4932 gloriam
829 4863 896 4918 de
933 4866 1204 4920 consortio
1233 4867 1471 4924 veritatis
1513 4871 1810 4940 suscepisse
1847 4873 2066 4929 dixisti:

487 4952 651 5008 etiam
679 4952 790 5022 ipse
817 4953 966 5020 dicit,
996 4955 1162 5009 Adam
1190 4957 1267 5012 sic
1295 4973 1546 5028 peccasse
1572 4961 1699 5017 illud
1719 4964 1919 5033 grande
1945 4982 2071 5038 pec-

483 5052 686 5110 catum,
715 5052 769 5097 ut
787 5058 946 5100 omne
970 5061 1136 5116 genus
1159 5045 1450 5106 humanum
1472 5051 1521 5105 in
1543 5066 1824 5109 commune
1846 5054 2068 5112 damna—
2097 5117 2100 5119 λ

483 5144 586 5192 ret.
621 5135 790 5203 Dicit,
822 5136 876 5191 in
917 5137 1102 5196 Lazari
1143 5149 1316 5196 morte
1359 5142 1477 5198 ideo
1514 5141 1726 5201 ﬂevisse
1762 5146 2064 5218 Christum,

482 5227 606 5298 quia
631 5227 700 5283 de
728 5230 1152 5298 perennitatibus
1180 5248 1399 5289 excussa
1427 5235 1725 5291 mortalitas
1745 5238 1942 5296 inferos
1966 5241 2065 5296 ad-

483 5319 716 5388 amavit;
747 5328 803 5376 et
837 5321 958 5392 quia
989 5337 1082 5377 eos
1121 5324 1210 5394 qui
1251 5325 1578 5383 immortales
1619 5344 1738 5384 esse
1780 5341 2061 5402 poterant,

481 5412 725 5470 diabolus
753 5412 876 5469 fecit
901 5429 1020 5471 esse
1051 5417 1318 5474 mortales.
1346 5419 1502 5485 Dicit,
1530 5429 1652 5474 ante
1670 5433 1942 5491 peccatum
1966 5425 2065 5481 ho-

479 5503 642 5560 minis
687 5506 831 5560 omni
875 5507 1034 5562 modo
1070 5507 1267 5565 bestias
1306 5509 1506 5566 homini
1557 5511 1718 5568 fuisse
1751 5515 2060 5585 subjectas;

551 5637 569 5668 ι
596 5643 647 5685 tn
691 5649 887 5705 excusa
931 5639 1120 5705 deerat,
1166 5642 1463 5705 Porphyrius
1497 5643 1636 5696 alius.
1680 5647 1958 5698 Restituitur
1995 5661 2061 5700 ex

867 5702 1222 5774 I’roLzOnimts,
1247 5701 1483 5774 hic'unus
1520 5721 1549 5758 e
1588 5709 1804 5774 quinque
1827 5711 2061 5764 Vaticanis

479 5757 650 5824 habet,
676 5757 878 5815 Zbrinus
891 5775 912 5826 ;
932 5763 1012 5815 alii
1034 5757 1260 5828 quatuor,
1283 5766 1498 5820 zozinus.
1534 5757 1540 5758 ί
1605 5757 1622 5772 ⁸
1658 5757 1701 5759 Ὗ

1316 337 1586 396 CONTRA
1625 335 1967 395 JULIANUM
2003 331 2374 406 ΡΕιΑςιωι,
2414 337 2471 395 S.
2512 339 2882 398 AUGUSTINI

3650 340 3759 403 σω

2171 463 2517 526 posteaquam
2545 473 2672 513 vero
2697 467 2972 529 peccatum
3016 455 3145 513 illud
3182 456 3397 515 intravit
3419 501 3434 528 ,
3464 461 3696 531 cmpisse
3727 479 3764 518 τι

2174 551 2329 607 nobis
2368 552 2566 608 bestias
2592 553 2864 610 formidari
2891 573 2903 609 :
2929 571 3101 626 usque
3144 554 3279 610 adeo
3309 565 3582 626 peccatum
3627 557 3765 612 illud

2173 643 2328 712 primi
2358 643 2587 701 hominis
2613 645 2831 718 intelligi
2859 647 3025 702 voluit
3048 646 3113 701 ad
3140 663 3327 702 omnes
3355 647 3600 703 homines
3629 664 3761 719 per-

2175 735 2379 802 tinere;
2411 735 2498 792 ubi
2525 753 2643 808 quis
2665 754 2771 793 non
2800 739 2978 793 videat
3005 754 3124 794 esse
3145 754 3499 810 consequens,
3527 751 3582 795 ut
3607 741 3760 795 nulla

2173 825 2461 882 bestiarum
2503 830 2753 896 parvulos
2779 829 3026 894 laederet,
3060 829 3159 884 nisi
3199 838 3254 883 et
3293 833 3436 899 ipsos
3466 831 3606 886 illius
3631 846 3766 901 pec-

2173 917 2277 970 cati
2322 916 2534 972 vinculo
2563 918 2812 974 nativitas
2852 919 3082 975 carnalis
3107 920 3503 991 obstringeret?
3534 923 3672 978 Dicit
3706 923 3767 978 in

2173 1008 2361 1064 eodem
2389 1026 2656 1078 sermone,
2685 1028 2753 1067 ex
2784 1029 2887 1083 quo
2913 1022 2967 1067 tu
2996 1013 3222 1068 incautis
3245 1014 3260 1044 ¹
3289 1015 3550 1086 obrepere
3577 1015 3761 1070 volui-

2174 1101 2272 1166 sti,
2305 1101 2445 1171 quod
2485 1117 2584 1157 nos
2612 1102 2856 1158 Christus
2899 1105 3196 1171 invenerit,
3230 1114 3284 1160 et
3325 1117 3549 1174 paterno
3575 1107 3766 1162 chiro-

2173 1194 2378 1264 grapho
2409 1204 2592 1249 nostro
2629 1195 2770 1265 quod
2814 1197 3026 1267 scripsit
3059 1197 3226 1251 Adam
3248 1240 3264 1263 ,
3293 1210 3345 1252 et
3372 1199 3768 1269 posterioribus

2174 1285 2407 1356 propriis
2432 1285 2624 1340 debitis
2652 1287 2931 1357 obligatos.
2966 1288 3201 1358 Exponit
3226 1288 3470 1358 Apostoli
3501 1290 3676 1344 locum
3710 1292 3770 1345 in

2175 1390 2282 1446 quo
2311 1383 2419 1430 tota
2451 1376 2550 1430 ista
2593 1392 2752 1431 causa
2790 1377 3070 1444 consistit,
3103 1378 3190 1432 ubi
3227 1381 3483 1449 scriptum
3513 1392 3628 1449 est,
3661 1380 3773 1437 Per

2176 1482 2330 1518 mium
2360 1465 2611 1520 hominem
2643 1478 2900 1537 peccatum
2928 1469 3130 1522 intravit
3159 1486 3211 1523 ιη
3233 1472 3476 1524 mundum
3505 1472 3682 1541 (Rom.
3709 1491 3770 1540 v,

2177 1555 2362 1628 12),οι
2385 1567 2576 1612 αξιοι-θ
2603 1558 2722 1613 huic
2755 1561 3030 1614 sententia!
3059 1561 3406 1616 coluerentia.
3434 1563 3542 1619 Nec
3567 1565 3620 1619 in
3655 1575 3770 1621 tam

2176 1647 2381 1716 prolixa
2403 1664 2493 1701 sua
2511 1647 2867 1718 disputatione
2883 1649 3023 1718 quod
3051 1649 3230 1704 dicitis
3255 1651 3404 1719 dicit,
3435 1669 3538 1708 non
3567 1670 3773 1726 prOpa-

2176 1739 2387 1808 gatione
2412 1740 2623 1809 generis
2662 1739 2762 1794 hoc
2795 1751 3065 1808 peccatum
3091 1742 3142 1794 in
3169 1757 3355 1797 omnes
3382 1744 3644 1811 homines,
3669 1747 3772 1802 sed

2177 1830 2470 1886 imitatione
2493 1833 2744 1886 transisse
2762 1850 2774 1887 :
2791 1831 2898 1886 imo
2913 1850 2942 1888 e
2959 1833 3226 1888 contrario
3250 1852 3408 1906 quam
3431 1851 3490 1891 se
3507 1853 3590 1892 res
3612 1839 3776 1894 aliter

2178 1919 2369 1976 haheat
2387 1937 2416 1976 a
2439 1923 2876 1993 coepiscoporum
2897 1940 3115 1980 suorum
3132 1927 3360 1981 sententi
3369 1928 3408 1982 is
3425 1944 3534 1984 non
3553 1929 3770 1986 dissen-

2181 2014 2358 2067 tiendo
2384 2014 2732 2070 demonstrat.
2769 2016 2905 2072 Dicit
2935 2019 3076 2072 enim
3103 2059 3119 2083 ,
3149 2019 3326 2073 omnia
3363 2030 3578 2090 peccato
3610 2023 3771 2092 primi

2179 2105 2409 2159 hominis
2430 2121 2548 2162 esse
2575 2108 2930 2162 contaminata
2956 2120 3044 2163 :et
3069 2125 3136 2164 ne
3158 2109 3257 2164 hoc
3283 2125 3387 2164 non
3415 2114 3772 2182 generatione

2178 2198 2400 2266 carnali,
2429 2199 2520 2254 sed
2543 2199 2836 2256 imitatione
2863 2201 3089 2254 morali’
3115 2201 3310 2256 factum
3336 2211 3582 2273 putetur;
3613 2204 3771 2272 dicit,

2179 2287 2348 2342 Adam
2391 2299 2669 2360 prOpterea
2710 2291 2910 2346 dictum
2954 2292 3179 2348 formam
3223 2293 3421 2362 futuri,
3464 2297 3581 2366 quia
3625 2298 3776 2352 sicut

2179 2380 2270 2436 ille
2298 2396 2364 2436 ex
2388 2383 2676 2454 semetipso
2707 2385 3048 2440 nascentibus
3068 2425 3089 2453 ,
3121 2388 3361 2457 quamvis
3396 2403 3498 2442 non
3530 2388 3775 2443 mandu-

2176 2475 2415 2529 caverint
2457 2475 2523 2530 de
2552 2477 2691 2546 ligno
2717 2518 2730 2543 ,
2761 2476 2931 2533 factus
2954 2489 3035 2534 est
3063 2494 3223 2535 causa
3268 2480 3450 2536 mortis
3469 2524 3484 2547 ,
3509 2497 3632 2552 qua:
3664 2498 3779 2551 per

2179 2567 2354 2622 cibum
2380 2567 2591 2623 inducta
2613 2581 2730 2636 est;
2755 2572 2824 2625 ita
2845 2580 2900 2626 et
2922 2571 3165 2627 Christus
3187 2573 3250 2628 iis
3269 2573 3358 2644 qui
3385 2589 3456 2628 ex
3477 2574 3594 2644 ipso
3617 2585 3774 2644 sunt,

2182 2661 2394 2714 tametsi
2437 2661 2564 2715 nihil
2589 2661 2734 2733 juste
2761 2663 3002 2734 egerint,
3034 2664 3203 2719 factus
3230 2675 3310 2720 est
3343 2667 3583 2735 provisor
3601 2666 3776 2736 justi-

2181 2751 2301 2818 the,
2333 2769 2490 2824 quam
2535 2770 2628 2824 per
2680 2771 2894 2811 crucem
2931 2758 3177 2813 omnibus
3213 2758 3552 2813 condonavit.
3597 2760 3773 2828 Dicit,

2183 2841 2424 2898 Judwum
2472 2855 2755 2917 negantem
2802 2848 3002 2904 virtute
3052 2849 3206 2904 unius
3259 2848 3455 2903 Christi
3508 2849 3775 2904 mundum

2181 2951 2337 3006 posse
2365 2937 2554 2993 salvari
2580 2979 2595 3006 ,
2623 2939 2690 2995 de
2720 2941 2886 3011 ipsius
2913 2942 3068 3012 primi
3101 2942 3331 2997 hominis
3376 2954 3592 3012 peccato
3622 2945 3775 2998 refu-

2181 3028 2420 3093 taudum,
2451 3046 2556 3101 quo
2583 3048 2690 3088 uno
2716 3034 3054 3090 inobediente
3094 3035 3375 3090 damnatus
3403 3045 3487 3091 est
3516 3036 3774 3092 mundus.

2184 3119 2342 3185 Dicit,
2373 3137 2477 3176 non
2506 3123 2658 3178 valde
2685 3124 2851 3180 videri
2879 3126 3075 3182 habere
3100 3127 3357 3181 rationem
3380 3167 3397 3194 ,
3429 3137 3486 3181 ut
3511 3128 3646 3182 alius
3671 3143 3779 3198 pro

2180 3213 2287 3269 alio
2309 3215 2608 3280 damnetur,
2633 3225 2688 3272 et
2713 3226 2888 3273 tamen
2919 3219 3112 3274 factum
3135 3234 3254 3274 esse
3282 3236 3377 3289 per
3397 3220 3563 3274 Adam
3589 3238 3602 3272 :
3628 3221 3780 3276 unde

2182 3307 2352 3375 magis
2382 3307 2669 3376 persuadet
2709 3324 2830 3365 esse
2858 3309 3180 3365 credendum
3202 3353 3218 3376 ,
3246 3310 3384 3380 quod
3412 3309 3686 3365 decentius
3717 3321 3775 3366 et

2178 3397 2548 3453 rationabilius
2577 3411 2838 3470 apparet,
2867 3401 3058 3456 salvari
3100 3402 3262 3457 alium
3308 3418 3406 3472 pro
3447 3403 3589 3468 alio;
3623 3403 3773 3474 quod

2179 3487 2428 3558 impletur
2457 3489 2508 3543 in
2551 3488 2781 3546 Christo.
2817 3493 2947 3561 Quis
2975 3502 3150 3547 autem
3193 3508 3302 3548 non
3328 3493 3541 3558 videat,
3570 3494 3612 3547 si
3647 3510 3777 3562 pec-

2179 3592 2354 3636 catum
2398 3584 2554 3654 primi
2588 3583 2819 3640 hominis
2860 3599 2964 3640 non
3007 3586 3386 3656 propagatione
3411 3627 3426 3649 ,
3455 3585 3551 3639 sed
3590 3585 3773 3639 imita-

2181 3675 2326 3730 tione
2369 3691 2465 3744 per
2493 3691 2678 3732 omnes
2708 3675 2951 3732 homines
2999 3678 3306 3747 pertransiit
3328 3719 3343 3743 ,
3375 3679 3642 3733 neminem
3673 3694 3775 3748 pro

2178 3766 2318 3832 alio,
2351 3766 2445 3820 sed
2485 3781 2583 3822 suo
2612 3767 2850 3822 damnari
2880 3783 3312 3838 unumquemque
3341 3778 3592 3839 peccato,
3625 3769 3775 3837 quod

2179 3872 2286 3912 non
2315 3858 2454 3912 alius
2481 3858 2532 3911 in
2563 3874 2683 3914 eum
2707 3857 3012 3928 generando
3041 3859 3353 3924 transmisit,
3377 3859 3468 3914 sed
3503 3859 3618 3928 ipse
3649 3859 3776 3913 imi-

2179 3948 2343 4004 tando
2365 3964 2460 4004 sua
2488 3949 2758 4005 voluntate
2785 3949 3090 4005 commisit?
3117 3951 3273 4018 Dicit,
3298 3966 3392 4020 per
3411 3951 3636 4021 gratiam
3659 3967 3773 4007 non

2179 4039 2307 4095 illud
2352 4057 2514 4095 unum
2565 4042 2929 4097 tantummodo
2972 4042 3127 4112 primi
3174 4042 3426 4108 hominis,
3469 4043 3562 4097 scd
3597 4043 3766 4096 etiam

2179 4141 2300 4203 post
2346 4131 2470 4186 illud
2524 4133 2842 4186 introeuntia
2888 4131 3164 4186 interfecta
3211 4147 3330 4188 esse
3377 4143 3613 4201 peccata.
3664 4131 3771 4187 Uhi

2178 4223 2308 4278 satis
2338 4225 2516 4294 utique
2560 4224 2836 4295 distinguit
2880 4233 3097 4294 peccata
3146 4225 3440 4295 posteriora
3462 4268 3480 4292 ,
3506 4241 3624 4296 quae
3661 4226 3774 4281 dici

2179 4327 2400 4384 possunt
2429 4315 2722 4371 imitatione
2757 4317 3038 4372 commissa
3059 4357 3075 4383 ,
3103 4317 3172 4372 ab
3199 4317 3294 4371 illo
3321 4333 3426 4372 uno
3449 4317 3589 4388 quod
3637 4333 3772 4388 pro-

2180 4406 2457 4476 pagatione
2502 4407 2930 4476 pertransiitzet
2959 4409 3192 4463 ostendit
3218 4420 3441 4478 utraque
3487 4409 3775 4464 interiecta

2179 4513 2299 4553 esse
2325 4513 2421 4568 per
2448 4501 2694 4570 gratiam,
2726 4511 2782 4555 ut
2810 4501 3102 4556 secundum
3129 4503 3370 4571 Apostoli
3416 4503 3774 4559 intentionem

2177 4592 2297 4663 plus
2322 4601 2573 4661 appareat
2615 4592 2876 4662 profuisse
2911 4596 3246 4666 regeneratio
3270 4636 3285 4661 ,
3319 4609 3478 4666 quam
3509 4606 3776 4652 nocuerat

2176 4683 2468 4752 generatio.
2497 4681 2582 4737 Sic
2608 4683 2748 4738 cnim
2773 4686 2989 4754 exponit
3017 4684 3160 4755 quod
3185 4684 3385 4740 dictum
3411 4693 3496 4740 est
3521 4703 3536 4740 :
3567 4683 3636 4738 Et
3662 4703 3774 4740 non

2177 4772 2304 4827 sicut
2333 4772 2588 4841 delictum,
2617 4774 2686 4828 ita
2710 4784 2780 4830 est
2805 4786 2852 4830 et
2880 4776 3068 4829 donum
3087 4791 3106 4830 :
3127 4793 3245 4829 nam
3266 4776 3522 4848 judicium
3551 4777 3766 4847 quidem

2179 4881 2240 4919 ea:
2262 4882 2363 4919 uno
2390 4865 2443 4918 in
2471 4866 2934 4920 condemnationem
2954 4883 2975 4933 ;
2999 4869 3163 4937 gratia
3190 4877 3355 4922 autent
3385 4885 3448 4923 ea:
3479 4869 3651 4923 multis
3677 4869 3774 4923 de-

2177 4956 2306 5011 lictis
2327 4957 2378 5010 in
2391 4958 2808 5027 justi/icationem
2835 4957 2944 5030 (Id.
2976 4974 3028 5024 v,
3056 4959 3166 5030 16).
3189 4960 3303 5026 Qua
3330 4961 3612 5022 sententia,
3643 4961 3773 5014 imi-

2176 5049 2305 5104 tatio
2331 5049 2419 5104 illa
2448 5060 2626 5106 vestra
2649 5091 2664 5115 ,
2693 5051 2833 5122 quod
2873 5061 2957 5107 est
2985 5052 3243 5107 novitium
3272 5052 3538 5122 Pelagiani
3563 5055 3775 5109 erroris

2173 5142 2688 5212 machinamentum,
2719 5145 2884 5200 Paulo
2909 5146 3156 5216 apostolo
3175 5145 3463 5208 scribente,
3487 5155 3541 5200 ct
3559 5144 3775 5203 Joanne

2173 5238 2428 5308 episcopo
2456 5247 2761 5307 exponente
2801 5238 3146 5293 subvertitur.
3181 5239 3314 5294 Dicit
3352 5238 3509 5293 etiam
3549 5237 3618 5292 de
3651 5238 3775 5306 ipso

2173 5332 2475 5400 Baptismo,
2503 5346 2776 5400 exponens
2800 5331 2943 5403 quod
2979 5331 3055 5386 ait
3090 5331 3378 5403 Apostolus
3405 5370 3422 5393 ,
3454 5329 3776 5398 Quicumque

2173 5421 2412 5492 baptizati
2454 5438 2628 5476 sumus
2669 5423 2723 5476 in
2766 5422 3003 5489 Christo,
3027 5423 3080 5475 in
3122 5431 3283 5475 morte
3327 5421 3486 5489 ipsius
3521 5419 3774 5489 haptizati

2171 5529 2344 5567 sumus
2371 5510 2480 5585 (Id.
2511 5528 2564 5566 vr
2588 5553 2603 5580 ,
2631 5513 2721 5584 3),
2750 5512 2881 5567 nihil
2911 5527 3030 5568 esse
3067 5511 3214 5566 aliud
3259 5511 3314 5565 in
3355 5519 3528 5565 morte
3557 5510 3770 5565 Christi

2233 5649 2251 5681 ί
2284 5650 2358 5698 sic
2377 5647 2570 5700 Floriac.
2600 5657 2683 5701 Ms.
2705 5650 2846 5710 Editi,
2864 5649 3095 5701 incautus.

2170 5711 2421 5824 mgrz‘liti,
2454 5712 2663 5764 mortali.
2703 5707 2884 5777 Aptius,
2908 5715 3000 5764 nisi
3036 5711 3269 5778 fallimur,
3300 5707 3621 5802 'Floriacensis
3657 5714 3777 5772 Its”
