4038 6484
277 447 534 518 naptizari
552 488 570 515 ,
601 459 760 519 quam
785 453 1006 518 peccato
1030 441 1194 510 mori,
1227 442 1364 500 sicut
1391 441 1479 498 illo
1507 449 1750 498 mortuus
1779 449 1864 496 est

275 556 454 594 carne.
497 539 656 596 Unde
697 553 915 594 necesse
952 545 1032 593 est
1076 546 1132 592 ut
1171 535 1374 606 parvuli
1417 545 1504 590 aut
1545 533 1598 589 in
1646 531 1858 590 Clu-isw

275 647 378 687 non
401 632 418 664 ¹
461 631 818 701 baptizentur,
848 637 938 684 aut
969 629 1012 684 si
1057 629 1412 698 baptizautur,
1443 629 1494 681 in
1539 635 1712 680 morte
1741 626 1856 696 ejus

273 721 646 792 baptizentur;
677 736 740 776 ac
762 721 840 776 sic
865 727 1080 790 peccato
1109 719 1206 788 ipsi
1228 732 1437 788 quoque
1468 717 1779 782 moriantur,
1803 725 1858 770 et

273 815 392 886 quia
421 831 530 869 non
560 813 760 878 habent
801 812 1070 883 proprium
1096 853 1111 879 ,
1141 811 1208 866 ab
1245 810 1402 864 alieni
1447 810 1586 864 illius
1608 849 1624 872 ,
1655 808 1704 862 id
1733 817 1816 861 est
1839 846 1855 870 ,

271 907 564 978 originalis,
594 905 734 978 quod
761 907 999 962 omnium
1025 919 1310 960 commune
1349 903 1546 958 factum
1574 912 1656 957 est
1674 944 1688 968 ,
1723 915 1854 956 con-

271 999 618 1054 taminatione
643 996 980 1052 mandentur.

339 1090 431 1144 54.
475 1089 570 1143 llis
601 1097 676 1144 tot
712 1103 775 1142 ac
802 1087 960 1142 tantis
1003 1086 1232 1142 molibus
1273 1085 1506 1140 virorum
1550 1092 1852 1138 sanctorum

269 1179 657 1250 doctorumque
687 1179 929 1246 vallatus,
957 1177 1132 1234 adhuc
1166 1193 1370 1232 causam
1397 1188 1620 1230 nostram
1650 1176 1854 1246 putabis

271 1272 474 1325 nullum
504 1285 802 1328 assertorem
833 1272 894 1324 de
923 1279 1062 1324 tanta
1086 1269 1404 1324 multitudine
1425 1269 1644 1322 invenire
1659 1268 1852 1336 potuis-

269 1363 360 1416 se?
387 1366 466 1416 An
501 1370 700 1416 tantam
745 1361 1152 1416 consensionem
1181 1359 1519 1414 sacerdotum
1558 1357 1848 1412 catholieo-
1881 1437 1884 1442 _

269 1469 408 1520 rum,
437 1453 860 1524 conspirationem
887 1452 1126 1508 dicturus
1153 1466 1210 1507 es
1233 1451 1578 1520 perditorum?
1598 1449 1852 1516 Necsgan-

267 1555 409 1598 ctum
429 1545 832 1615 Hieronymum,
851 1542 972 1616 quia
987 1542 1264 1614 presbyter
1277 1541 1392 1608 fuit,
1407 1539 1850 1596 contemnendum

267 1637 544 1692 arbitreris
567 1679 584 1702 ,
613 1637 702 1708 qui
733 1651 906 1708 graeco
933 1645 988 1690 et
1029 1635 1192 1690 latino
1211 1677 1226 1700 ,
1261 1637 1475 1702 insuper
1503 1643 1556 1688 et
1599 1633 1811 1687 l-u-bram
1833 1673 1848 1696 ,

267 1729 508 1784 eruditus
537 1729 768 1798 eloquio,
797 1744 860 1782 ex
888 1727 1206 1783 occidentali
1236 1727 1301 1782 ad
1331 1727 1642 1781 orientalem
1675 1736 1848 1780 trans-

267 1821 384 1877 iens
413 1821 707 1876 Ecclesiam
727 1862 742 1886 ,
773 1821 824 1874 in
856 1820 988 1874 locis
1016 1820 1215 1874 sanctis
1244 1827 1400 1888 alque
1429 1819 1480 1872 in
1519 1819 1732 1894 Litteris
1761 1833 1849 1872 sa-

273 1915 398 1976 cris,
433 1927 604 1983 usque
628 1912 694 1966 ad
721 1911 1046 1982 decrepitam
1087 1911 1214 1966 vixit
1242 1920 1452 1966 aetatem
1472 1913 1494 1942 ²
1519 1931 1530 1966 :
1559 1927 1850 1980 onuicsque

267 2010 350 2064 vel
398 2025 540 2079 pene
581 2024 769 2064 omnes
798 2009 886 2078 qui
928 2016 1051 2064 ante
1097 2007 1244 2062 illum
1291 2006 1490 2077 aliquid
1531 2022 1596 2062 ex
1627 2014 1850 2072 utraque

267 2111 416 2171 parte
444 2100 594 2155 orbis
621 2099 688 2154 de
711 2099 950 2154 doctrina
967 2099 1320 2154 ecclesiastica
1344 2097 1668 2168 scripserant
1695 2098 1844 2168 legit,

265 2207 364 2246 nec
389 2191 552 2246 aliam
579 2190 645 2244 de
685 2189 783 2244 bac
813 2205 869 2244 re
897 2191 1062 2244 tenuit
1103 2191 1463 2260 prompsitquc
1505 2189 1846 2245 sententiam.

266 2285 512 2350 Quicum
557 2289 848 2351 exponeret
889 2281 1076 2337 Jonam
1125 2282 1434 2352 prophetam
1461 2322 1474 2344 ,
1515 2282 1848 2351 apertissime

264 2375 414 2438 dixit,
433 2373 574 2444 quod
602 2373 750 2426 etiam
767 2373 964 2442 parvuli
993 2383 1192 2442 percnto
1207 2372 1504 2439 o/fendeutis
1521 2373 1680 2426 Adam
1709 2384 1848 2426 terte-

263 2477 436 2520 rcutur
457 2465 666 2519 obnoxii
694 2463 738 2536 (1
749 2481 782 2518 tt
810 2481 924 2533 cap.
953 2465 990 2520 3
1009 2465 1051 2536 ).
1081 2462 1222 2518 Itane
1251 2473 1394 2518 tuum
1424 2463 1504 2518 sic
1531 2463 1731 2518 amabis
1759 2479 1846 2516 er-

264 2573 460 2622 rorem,
495 2557 548 2611 in
577 2572 733 2626 quem
757 2556 974 2624 juvenili
999 2555 1314 2610 conlidentia
1342 2565 1394 2608 et
1437 2555 1670 2608 humano
1697 2557 1848 2624 lapsu

266 2648 532 2703 incautius
572 2645 854 2714 decidisti,
887 2657 944 2702 ut
970 2648 1037 2702 ab
1067 2647 1182 2702 istis
1222 2648 1496 2702 catholicae
1537 2649 1750 2702 unitatis
1794 2655 1844 2702 et

273 2740 518 2794 veritatis
569 2741 972 2802 sacerdotibus,
1021 2755 1084 2794 ex
1128 2739 1353 2794 diversis
1398 2739 1544 2794 orbis
1589 2749 1846 2795 terrarum

263 2831 502 2902 partibus
535 2841 678 2885 tanta
711 2832 850 2886 inter
877 2847 933 2886 se
957 2831 1077 2885 tidei
1106 2831 1384 2884 concordia
1407 2831 1842 2900 congruentibus,

263 2925 315 2979 in
343 2933 448 2978 Lam
481 2939 670 2992 magna
699 2939 874 2986 causa,
907 2923 994 2976 ubi
1015 2924 1318 2979 christiana:
1346 2923 1618 2992 religionis
1639 2939 1846 2978 Stunma

263 3013 540 3078 consistit,
572 3028 680 3066 non
725 3015 896 3068 solum
926 3013 1240 3078 dissentire,
1267 3012 1360 3067 Sed
1389 3027 1480 3066 eos
1517 3015 1712 3067 audeas
1737 3014 1844 3066 Ma-

263 3104 500 3158 niclneos
530 3106 748 3174 insuper
793 3106 1134 3174 nuncupare?
1163 3104 1312 3172 Quod
1345 3105 1387 3158 si
1417 3121 1520 3160 non
1551 3105 1680 3158 facis
1699 3147 1714 3172 ,
1747 3121 1847 3161 nec

263 3197 388 3252 mibi
433 3197 540 3252 hoc
575 3197 718 3266 juste
763 3198 890 3252 facis
915 3239 930 3264 ,
963 3213 1122 3267 quem
1165 3197 1340 3252 cernis
1389 3197 1438 3252 in
1470 3195 1654 3250 eadem
1685 3213 1846 3252 causa

261 3287 707 3357 disputationibus
745 3289 912 3352 meis,
941 3289 1131 3358 quibus
1171 3286 1424 3342 adversus
1473 3303 1557 3342 me
1597 3286 1846 3342 ferociter

261 3381 508 3448 irritaris,
533 3381 744 3436 illorum
773 3391 1012 3442 secutum
1036 3381 1198 3436 fuisse
1222 3381 1458 3452 vestigia.
1487 3379 1540 3436 Si
1563 3389 1738 3434 autem
1759 3395 1846 3436 me

260 3473 432 3528 solum
466 3472 560 3526 tali
588 3472 829 3542 aspergis
848 3471 1156 3542 opprobrio,
1185 3487 1288 3526 non
1314 3472 1382 3526 ob
1408 3471 1569 3536 aliud,
1600 3471 1698 3524 nisi
1721 3471 1844 3540 quia

259 3564 326 3619 de
359 3572 580 3634 peccato
623 3563 778 3633 primi
811 3563 1040 3618 hominis
1061 3563 1200 3634 quod
1237 3565 1468 3618 sentiunt
1489 3565 1682 3630 sentio,
1703 3564 1844 3634 quod

261 3663 440 3707 tenent
468 3663 648 3718 teneo,
670 3653 808 3724 quod
839 3653 1122 3722 praedicant
1141 3653 1402 3722 praedico;
1425 3655 1543 3724 quis
1571 3665 1620 3709 te
1643 3671 1746 3708 non
1771 3655 1844 3708 vi-

259 3745 380 3800 deat
405 3747 460 3801 in
492 3761 580 3800 me
606 3755 846 3816 apertum
866 3745 1068 3816 jactare
1095 3747 1414 3812 convicium,
1443 3747 1510 3801 de
1537 3747 1642 3802 illis
1667 3749 1844 3802 occul-

259 3845 368 3891 tum
395 3836 614 3906 quidem
633 3878 650 3900 ,
677 3836 770 3892 sed
799 3844 974 3891 tamen
1000 3837 1176 3892 simile
1217 3837 1412 3892 habere
1453 3837 1750 3907 judicium?
1779 3841 1845 3896 Et

258 3935 436 3982 tamen
464 3926 816 3982 consideratis
839 3967 854 3992 ,
883 3937 942 3982 ut
969 3929 1070 3982 alia
1102 3937 1304 3983 taceam
1327 3970 1342 3994 ,
1371 3929 1454 3983 vel
1480 3929 1698 3986 Joannis
1723 3932 1842 4002 epi-

257 4019 406 4088 scopi
435 4019 616 4074 verbis
636 4020 702 4074 de
719 4029 902 4076 nostro
931 4031 1152 4090 paterno
1171 4021 1524 4091 chirographo
1547 4023 1688 4092 quod
1710 4025 1844 4078 scri-

259 4111 366 4181 psit
393 4111 588 4178 Adam,
621 4128 740 4182 qua:
765 4113 925 4168 verba
957 4114 1010 4168 in
1035 4129 1100 4168 eo
1126 4127 1393 4180 sermone,
1419 4115 1560 4170 unde
1583 4117 1722 4186 quod
1753 4134 1842 4170 vo-

255 4202 470 4256 voluisti
515 4203 812 4272 protulisti,
851 4204 1116 4258 invenisse
1157 4215 1207 4258 te
1251 4204 1450 4270 credo;
1483 4207 1562 4258 vel
1605 4207 1840 4278 episcopi

253 4291 556 4358 AmbrOsii,
603 4293 744 4364 quod
789 4293 856 4348 de
905 4295 1282 4350 commixtione
1325 4296 1488 4350 maris
1529 4305 1582 4351 et
1632 4297 1840 4352 femina:

255 4383 434 4438 nullus
467 4393 642 4452 potest
678 4399 866 4452 expers
895 4399 1014 4440 esse
1057 4385 1253 4454 peccati
1275 4427 1290 4450 ,
1321 4402 1440 4456 qua:
1483 4386 1536 4442 in
1565 4404 1682 4442 meo
1707 4390 1841 4444 libro

253 4473 462 4542 legisti,
495 4473 590 4528 sed
618 4473 668 4528 in
698 4475 800 4528 tuis
825 4475 1082 4544 attingere
1111 4477 1362 4541 timuisti;
1399 4478 1498 4532 etsi
1530 4493 1710 4532 coram
1740 4481 1838 4532 Ιιο-

253 4565 490 4620 minibus
515 4565 584 4619 sit
604 4565 734 4620 dura
761 4565 906 4620 frons
929 4575 1038 4632 tua,
1065 4567 1328 4622 erubescit
1351 4584 1532 4624 coram
1559 4569 1668 4625 Deo
1689 4587 1840 4626 mens

327 4747 414 4802 55.
457 4747 572 4818 Ego
595 4749 806 4818 quidem
835 4765 932 4820 pro
972 4750 1252 4806 dilectione
1279 4769 1396 4824 qua:
1443 4755 1572 4809 mihi
1601 4766 1682 4812 est
1711 4773 1836 4828 erga

247 4849 328 4904 te,
357 4855 516 4910 quam
551 4841 658 4895 Deo
700 4841 930 4912 propitio
955 4841 1276 4914 quibuslibet
1316 4846 1568 4902 conviciis
1603 4849 1741 4902 absit
1783 4860 1840 4905 ut

246 4930 322 4985 de
347 4931 596 4987 medullis
625 4933 728 4987 mei
771 4933 947 4988 cordis
973 4938 1256 5006 exstirpes,
1289 4937 1536 5004 mallem,
1569 4941 1640 4994 liii
1669 4941 1836 4996 Julia-

247 5037 344 5086 nc,
377 5031 434 5076 ιιι
455 5024 734 5088 iuventute
755 5025 974 5079 meliore
999 5035 1158 5094 atque
1181 5027 1398 5084 fortiore
1421 5039 1470 5084 te
1492 5031 1754 5101 vinceres,
1784 5043 1840 5088 et

245 5115 647 5170 animositatem
700 5116 856 5187 (quid
899 5118 1042 5172 aliud
1092 5135 1250 5190 quam
1297 5121 1582 5177 humanam
1600 5123 1688 5196 ?),
1733 5142 1834 5196 qua

243 5207 404 5274 cupis
431 5215 594 5273 tuam,
623 5210 1026 5280 qualiscumque
1053 5211 1142 5278 sit,
1172 5215 1420 5283 quoniam
1461 5224 1544 5270 tua
1565 5217 1674 5286 jam
1697 5219 1835 5278 facta

241 5305 356 5366 est,
383 5300 674 5370 praevalere
703 5303 1044 5371 sententiam,
1072 5307 1368 5374 potentiore
1393 5309 1588 5378 pietate
1611 5327 1836 5383 supera-

317 5414 333 5476 ξ
367 5413 452 5476 llic
473 5411 750 5474 particulam
771 5420 1036 5476 negantem
1059 5417 1362 5470 restituimus
1380 5431 1442 5468 ex
1468 5428 1574 5472 Mss.

317 5475 450 5548 ilbi.
477 5476 800 5548 Levanienses
951 5475 1296 5548 Belgicisﬁss.
1334 5482 1652 5548 addiderant,
1690 5485 1837 5548 cujus

239 5535 384 5602 yobis
404 5534 644 5602 eloquium
666 5534 738 5602 αὑ,
758 5535 950 5602 Qrt’ente
993 5534 1140 5602 us'que
1165 5539 1216 5590 in
1255 5541 1558 5594 occidentem
1582 5534 1652 5595 ad
1683 5534 1836 5598 insidi-

241 5597 499 5673 ‘Fmd'fi
513 5597 828 5673 ἐδνίθῖεάίάίτ
850 5607 968 5673 “"9
988 5597 1304 5673 ssauebamr.
1337 5604 1426 5673 {lic
1443 5618 1608 5673 omnes
1625 5597 1700 5673 vet

235 5659 426 5732 W8.
441 5667 537 5732 ειίξ,
551 5659 640 5732 59d
658 5659 844 5732 absunt:
851 5661 1007 5732 verba
1030 5659 1119 5732 illa,
1132 5675 1228 5732 non
1250 5659 1392 5732 modo
1411 5669 1472 5716 ab
1487 5659 1836 5732 antiquioribus

241 5721 414 5782 editis.
433 5720 524 5772 sed
551 5721 696 5772 etiam
719 5733 747 5772 ι
767 5721 1013 5774 Gallicanis
1033 5731 1086 5776 ct
1105 5727 1338 5777 Vaticanis
1358 5720 1706 5797 manuscrifvtis.

1651 323 1852 382 LIBER
1891 321 2158 384 PRIMUS.

3443 345 3554 406 θῦε

1965 455 2086 508 res;
2119 453 2174 500 et
2199 443 2338 502 sicut
2362 446 2578 504 Polemo
2601 491 2616 518 ,
2646 449 2865 508 luxuria:
2907 455 3119 511 coronis
3146 459 3342 514 sensim
3369 461 3550 532 capite

1965 529 2217 590 detractis
2245 539 2427 608 eisque
2461 541 2678 610 abjectis
2701 585 2716 607 ,
2749 561 2962 600 manum
2993 549 3152 618 pallio
3180 550 3414 606 subdidit
3435 529 3456 618 —,
3483 571 3546 610 os

1964 633 2020 678 ct
2063 627 2262 682 vultum
2306 627 2554 686 formavit
2596 635 2660 690 ad
2707 639 3110 708 verecumliam,
3141 641 3206 696 ad
3246 653 3546 700 extremum

1967 726 2134 771 totum
2161 733 2220 774 se
2251 721 2356 786 illi,
2384 722 2448 776 ad
2475 739 2632 794 quem
2662 727 3008 784 deridendum
3041 743 3275 798 venerat,
3309 735 3546 804 discipu-

1965 809 2072 864 lum
2107 813 2356 879 tradidit;
2383 815 2462 871 sic
2485 827 2540 872 et
2573 827 2628 872 tu
2658 819 2992 892 loquentibus
3035 825 3124 880 tibi
3159 837 3234 882 tot
3267 830 3545 884 venerabi-

1963 901 2100 957 libus
2130 904 2272 970 viris,
2305 909 2636 980 maximeque
2664 913 2914 984 episcopo
2940 917 3218 972 Ambrosio
3247 920 3299 974 in
3323 919 3542 992 integri-

1963 1003 2068 1050 tate
2093 998 2366 1054 catbolica:
2405 1000 2526 1058 fidei
2554 1006 2716 1058 etiam
2761 1008 2832 1062 tui
2865 1010 2988 1062 mali
3015 1011 3249 1068 doctoris
3283 1025 3336 1070 et
3379 1015 3542 1070 dece-

1963 1087 2126 1153 ptoris
2155 1103 2250 1144 ore
2295 1089 2505 1148 laudato
2528 1136 2544 1161 ,
2589 1102 2644 1150 et
2678 1098 2944 1168 episcopis
2985 1101 3180 1158 Basilio
3215 1114 3269 1158 et
3297 1105 3538 1172 lumine.

1959 1191 2093 1246 quos
2123 1187 2174 1234 tu
2210 1196 2421 1250 quoque
2462 1185 2513 1238 in
2543 1187 2740 1242 sanctis
2765 1191 3028 1246 eruditis‘
3061 1195 3286 1248 veridica
3315 1206 3538 1252 attesta-

1961 1269 2104 1324 tioue
2134 1273 2376 1340 posuisti,
2402 1285 2652 1346 tauquam
2676 1295 2902 1336 coronas
2923 1283 3254 1340 ebriosorum
3281 1287 3540 1356 abjieeres

1959 1357 2140 1416 laudes
2169 1362 2594 1434 Pelagianorum,
2617 1371 2805 1440 quibus
2836 1382 3086 1444 tanquam
3109 1391 3330 1447 magnus
3353 1394 3539 1434 eorum

1957 1449 2205 1507 defensor
2251 1456 2558 1524 extolleris;
2604 1470 2658 1514 et
2693 1462 2909 1530 stilum,
2953 1475 3010 1518 ut
3057 1467 3240 1522 mitius
3281 1467 3537 1536 dixerim,

1955 1545 2422 1614 contumeliosum,
2451 1565 2560 1604 non
2587 1560 2836 1622 tanquam
2877 1556 3036 1624 pallio
3065 1557 3280 1628 pudoris
3305 1559 3534 1616 abscon-

1955 1635 2129 1700 deres,
2161 1639 2254 1692 sed
2286 1649 2534 1711 tauquam
2559 1659 2714 1698 manu
2741 1647 3105 1704 emcndatiore
3129 1650 3534 1722 confringeres;

1957 1733 2209 1796 tuumque
2242 1740 2424 1798 pectus
2453 1733 2671 1788 veritate
2699 1737 3106 1806 complendum,
3134 1755 3236 1794 non
3265 1741 3537 1798 Platonico

1957 1815 2274 1882 Xenocrati,
2307 1821 2400 1874 sed
2443 1822 2556 1876 istis
2581 1825 2940 1882 sacerdotibus
2967 1828 3300 1898 cbristianis,
3333 1833 3410 1887 vel
3441 1847 3538 1904 po-

1957 1909 2059 1962 tius
2083 1909 2134 1962 iu
2161 1911 2238 1964 eis
2281 1909 2378 1980 ipsi
2426 1911 2647 1968 Dmniuo
2673 1915 2916 1980 Christo,
2943 1935 3050 1973 non
3089 1921 3234 1974 velut
3258 1921 3347 1992 qui
3389 1938 3534 1978 nunc

1957 2000 2181 2070 primum
2213 2003 2424 2058 veneris
2447 2045 2461 2068 ,
2492 2005 2760 2071 traderes,
2790 2009 2881 2062 sed
2913 2010 3056 2064 velut
3079 2012 3172 2081 qui
3197 2027 3496 2068 recesseras
3515 2055 3538 2080 ,

1955 2093 2223 2148 redderes.
2255 2093 2402 2161 Quod
2436 2096 2479 2150 si
2516 2097 2608 2150 tibi
2635 2100 2913 2153 consilium
2941 2117 3115 2156 meum
3143 2104 3404 2174 displicet,
3435 2121 3535 2177 age

1955 2194 2010 2238 ut
2039 2185 2227 2253 placet.
2265 2185 2374 2256 Ego
2398 2187 2539 2241 enim
2571 2189 2692 2243 etsi
2724 2201 2995 2246 correctus
3027 2192 3208 2260 fueris,
3233 2211 3355 2266 qua:
3376 2197 3397 2228 ²
3427 2212 3538 2252 ma-

1947 2273 2065 2344 jora
2095 2285 2212 2330 vota
2243 2292 2358 2332 mea
2389 2289 2532 2344 sunt,
2561 2281 2915 2337 abundantius
2943 2287 3368 2358 cumulatiusque
3393 2303 3537 2358 gau-

1953 2363 2092 2420 debo
2117 2383 2131 2418 :
2159 2377 2212 2420 et
2255 2369 2330 2429 si,
2371 2367 2512 2438 quod
2555 2371 2851 2438 abominor,
2883 2375 2933 2427 in
2966 2375 3064 2429 liae
3109 2378 3366 2446 pravitate
3409 2393 3536 2447 per-

1953 2460 2216 2514 manseris
2238 2501 2250 2524 ,
2283 2477 2346 2515 ex
2375 2464 2673 2534 opprobriis
2711 2465 2812 2520 tuis
2851 2466 3176 2522 fructuosum
3209 2470 3446 2530 habebo,
3478 2455 3532 2525 et

1953 2567 2049 2622 pro
2077 2569 2160 2608 me
2186 2555 2416 2610 scelestis
2443 2557 2703 2613 mercedis
2733 2569 3096 2630 augmentum,
3119 2571 3172 2616 et
3200 2561 3268 2618 de
3290 2573 3340 2618 te
3367 2564 3534 2620 mise-

1950 2644 2174 2698 ricordis
2203 2645 2402 2700 doloris
2427 2647 2688 2702 aculeum.

2021 2733 2248 2790 CAPUT
2279 2737 2386 2791 \‘lll
2415 2735 2510 2809 (a).
2555 2769 2624 2778 —
2645 2741 2734 2796 56.
2755 2739 2857 2796 Sed
2892 2745 3138 2812 quoniam
3159 2743 3268 2814 jam
3291 2746 3522 2810 ostendi,

1951 2837 2078 2896 quot
2096 2840 2147 2882 et
2163 2829 2346 2898 quales
2363 2841 2414 2884 et
2430 2827 2652 2900 quantos
2665 2835 2804 2888 viros
2825 2834 2944 2889 fidei
2968 2836 3242 2892 catholica:
3269 2837 3527 2894 defenso-

1951 2933 2037 2971 res
2066 2927 2224 2988 atque
2239 2920 2483 2976 doctores
2501 2921 2660 2978 falsos
2691 2923 2850 2978 facias
2879 2925 3194 2980 Manichzeos
3220 2945 3234 2994 ;
3277 2929 3398 2982 audi
3417 2930 3526 2998 jam

1954 3025 2258 3080 parumper,
2290 3013 2550 3068 inerudita
2576 3015 2870 3071 temeritate
2898 3029 3150 3086 quantum
3189 3035 3342 3072 veros
3369 3020 3525 3086 adju-

1949 3114 2043 3153 ves
2071 3099 2406 3156 Manichteos.
2437 3103 2550 3157 Hoc
2587 3105 2727 3160 cnim
2760 3121 2844 3160 me
2873 3107 3108 3160 secundo
3135 3107 3251 3162 loco
3287 3109 3529 3178 disputa-

1951 3189 2108 3244 tionis
2138 3207 2270 3246 mea:
2301 3191 2786 3248 demonstraturum
2817 3211 2936 3250 esse
2965 3199 3200 3265 promisi.
3231 3198 3528 3266 Manicluni,

1948 3279 2090 3354 quod
2129 3283 2286 3338 etiam
2330 3293 2380 3338 te
2422 3284 2551 3339 satis
2580 3301 2739 3341 nosse
2777 3287 3054 3354 indicasti,
3099 3288 3230 3343 duas
3273 3300 3486 3344 naturas
3510 3333 3526 3358 ,

1950 3382 2106 3426 unam
2135 3373 2258 3428 boni
2279 3416 2294 3438 ,
2323 3375 2544 3430 alteram
2576 3377 2740 3444 mali,
2782 3393 2848 3432 ex
2878 3378 3098 3433 diversis
3123 3389 3279 3449 atque
3307 3382 3444 3435 inter
3470 3398 3530 3436 se

1947 3463 2186 3518 adversis
2228 3466 2615 3534 comternisque
2659 3467 2967 3538 principiis,
3000 3470 3230 3525 vanitate
3273 3471 3528 3540 sacrilega

1947 3553 2160 3607 nefandi
2235 3558 2434 3610 erroris
2535 3557 2810 3613 inducunt.
2869 3559 3064 3614 Contra
3131 3575 3265 3631 quos
3339 3563 3525 3616 C".lll0-

1951 3647 2046 3700 lica
2079 3647 2226 3712 ﬁdes,
2265 3647 2352 3702 hei
2382 3649 2747 3704 tantummodo
2785 3651 2899 3705 sine
2939 3651 3088 3705 initio
3117 3663 3354 3708 naturam
3388 3671 3527 3723 prm-

1947 3736 2106 3804 dieat,
2139 3741 2328 3792 smmni
2358 3741 2554 3796 scilicet
2577 3751 2736 3813 atque
2761 3743 3210 3798 incommutabilis
3239 3745 3392 3810 boui,
3423 3745 3523 3800 hoc

1947 3837 2046 3894 est,
2081 3829 2220 3883 illius
2251 3828 2528 3886 iuctl‘anilis
2552 3831 2824 3888 Trinitatis
2849 3851 2862 3888 :
2883 3849 2915 3888 a
2953 3849 3059 3904 quo
3085 3849 3324 3900 summo,
3357 3848 3410 3890 ut
3441 3837 3526 3892 di-

1945 3927 2086 3972 ctum
2117 3929 2226 3984 est,
2255 3929 2413 3990 atque
2443 3921 2859 3978 iucommutabili
2901 3923 3039 3978 bono
3066 3927 3363 3982 universam
3395 3943 3526 3981 cou-

1947 4008 2112 4064 ditam
2143 4009 2269 4064 dicit
2300 4025 2418 4066 esse
2441 4023 2760 4078 creaturam,
2789 4023 3109 4085 naturasque
3132 4031 3318 4071 omnes
3341 4016 3527 4083 bonas,

1945 4101 2188 4168 quamvis
2232 4102 2461 4170 impares
2509 4103 2786 4168 Creatori,
2813 4105 2932 4172 quia
2977 4123 3038 4159 ex
3086 4109 3250 4160 nihilo
3280 4119 3484 4162 creatas
3507 4150 3526 4172 ,

1947 4191 2172 4260 ideoque
2211 4193 2492 4246 mutabiles
2522 4213 2534 4247 :
2559 4193 2627 4247 ita
2663 4207 2714 4246 ut
2753 4196 2970 4248 omnino
3013 4197 3155 4250 nulla
3199 4209 3381 4252 natura
3421 4200 3525 4262 sit,

1945 4297 2062 4352 qua:
2093 4298 2198 4336 non
2229 4294 2318 4337 aut
2347 4285 2458 4352 ipse
2489 4286 2574 4350 sit,
2605 4295 2697 4340 aut
2727 4287 2793 4339 ab
2819 4287 2934 4356 ipso
2963 4289 3094 4341 facta
3127 4291 3226 4352 sit;
3263 4299 3318 4342 ut
3358 4308 3524 4359 quau-

1946 4383 2225 4444 taeumque
2263 4385 2354 4430 aut
2381 4377 2783 4449 qualiscumque
2830 4389 3012 4434 natura
3054 4381 3122 4434 sit
3145 4424 3158 4447 ,
3195 4383 3242 4435 iu
3272 4393 3526 4452 quantum

1945 4481 2133 4526 natura
2165 4481 2268 4539 est,
2296 4471 2491 4526 bonum
2521 4474 2610 4528 sit.

2015 4563 2103 4618 57.
2144 4563 2399 4631 Quaerunt
2429 4565 2602 4634 itaque
2628 4580 2656 4618 a
2702 4565 2874 4632 nobis,
2905 4565 3044 4620 unde
3068 4566 3137 4620 sit
3163 4565 3380 4620 malum.
3425 4567 3528 4622 lle-

1943 4655 2287 4725 spondemus,
2303 4655 2379 4710 Ex
2397 4656 2556 4722 bono,
2571 4656 2664 4711 sed
2688 4673 2790 4710 non
2810 4673 3018 4711 smnmo
3038 4667 3089 4712 et
3111 4658 3528 4712 incommutabili

1943 4746 2103 4800 bono.
2147 4746 2224 4800 Ex
2255 4749 2406 4802 bouis
2437 4747 2596 4818 igitur
2623 4748 2962 4804 inferioribus
2991 4758 3150 4818 atque
3188 4751 3528 4806 mutabilibus

1942 4849 2056 4893 orta
2086 4849 2208 4894 sunt
2233 4839 2390 4893 mala.
2421 4839 2547 4907 Qum
2579 4840 2714 4894 mala
2745 4841 2866 4895 licet
2893 4839 3246 4910 intelligamus
3275 4857 3379 4896 non
3409 4859 3530 4898 esse

1941 4941 2178 4998 naturas,
2221 4931 2316 4988 sed
2346 4933 2466 4986 vitia
2497 4944 2803 4987 naturarum
2831 4952 2844 4986 :
2879 4943 3052 4989 tamen
3084 4935 3242 4990 simul
3274 4935 3527 5008 intelligi-

1943 5039 2062 5078 mus
2090 5039 2172 5088 ca,
2201 5024 2302 5078 nisi
2331 5040 2396 5079 ex
2419 5024 2682 5094 aliquibus
2707 5035 2763 5080 et
2801 5025 2854 5081 in
2885 5026 3150 5097 aliquibus
3179 5030 3384 5084 naturis
3411 5045 3530 5086 esse

1942 5131 2048 5171 non
2085 5131 2283 5186 posse;
2327 5131 2426 5171 nec
2468 5115 2668 5186 aliquid
2695 5119 3056 5185 essemalum,
3101 5119 3204 5174 nisi
3231 5135 3260 5173 a
3291 5120 3529 5176 bonitate

1942 5206 2226 5262 deiectum.
2268 5205 2374 5260 Sed
2398 5204 2548 5276 cujus
2575 5205 2866 5272 defectum,
2895 5207 2996 5262 nisi
3025 5209 3249 5278 alicujus
3279 5209 3392 5264 sine
3424 5209 3528 5264 du-

1941 5306 2198 5352 bitatione
2233 5300 2474 5351 naturae?
2513 5301 2645 5364 Quia
2673 5306 2727 5354 et
2767 5302 2881 5368 ipsa
2907 5302 3151 5354 voluntas
3191 5303 3350 5366 mala,
3388 5313 3526 5353 non-

1940 5389 2042 5443 nisi
2067 5387 2291 5459 alicujus
2315 5387 2556 5444 voluntas
2585 5397 2668 5444 est
2693 5393 2926 5460 profecto
2955 5399 3176 5446 natura).
3207 5390 3278 5446 Et
3303 5390 3526 5460 angelus

1940 5481 2136 5552 quippe
2171 5489 2226 5537 et
2263 5481 2422 5536 homo
2451 5491 2654 5538 natura;
2689 5492 2833 5539 sunt.
2881 5482 2996 5538 Non
3021 5484 3164 5540 enim
3201 5491 3377 5555 potest
3405 5497 3524 5540 esse

2004 5613 2022 5646 ι
2057 5611 2370 5663 Floriacensts
2389 5619 2496 5674 Its,
2527 5610 2580 5664 in
2599 5613 2776 5666 sanctis
2789 5611 2974 5666 Litteris
2989 5609 3210 5666 emditts.

2003 5676 2026 5739 ε
2057 5676 2190 5739 Editi,
2216 5675 2269 5739 in
2298 5688 2409 5739 quo.
2435 5682 2526 5726 Mss
2547 5709 2563 5736 ,
2587 5688 2714 5738 quia.

2002 5737 2074 5800 (α)
2111 5737 2241 5798 Apud
2264 5737 2364 5786 sm.
2393 5743 2445 5788 et
2463 5744 2536 5788 Er.
2552 5769 2570 5799 ,
2590 5737 2734 5801 eaput
2752 5737 2800 5788 δ.
