4038 6466
489 335 593 394 667

488 451 686 508 nullius
698 453 958 520 voluntas,
973 451 1276 522 quandoest
1291 449 1555 505 voluntas.
1577 447 1647 504 Et
1671 456 1874 504 tantum
1896 445 2073 501 valent

487 543 690 596 eadem
713 543 1028 608 voluntates,
1044 549 1101 594 ut
1117 555 1301 595 earum
1328 549 1657 606 naturarum,
1679 552 1900 609 quarum
1925 544 2068 599 sunt,

489 632 684 689 faciant
701 635 1000 704 qualitates.
1032 633 1162 689 Nam
1180 634 1223 689 si
1251 642 1538 704 quaeratur,
1571 631 1742 703 qualis
1762 631 1833 685 sit
1855 629 2070 698 angelus

487 719 571 772 vel
613 717 770 772 homo
799 719 954 772 malae
984 718 1268 773 voluntatis
1303 735 1317 770 :
1360 717 1656 772 rectissime
1692 711 2065 784 rcSpondetur,

484 807 684 873 Malus;
715 809 881 877 magis
901 809 1166 878 accipiens
1194 808 1462 878 qualitatis
1483 821 1677 862 nomen
1699 821 1762 860 ex
1795 803 2070 858 voluntate

487 899 646 964 mala,
677 915 833 968 quam
864 915 928 954 ex
959 911 1144 954 natura
1172 901 1330 956 bona.
1355 900 1614 968 Quoniam
1637 907 1823 952 natura
1849 903 1931 950 est
1955 895 2068 964 ipsa

484 989 778 1045 substantia
799 989 1109 1048 «thouitatis
1126 1004 1176 1048 et
1191 994 1402 1047 malitim
1421 1007 1586 1062 capax
1607 1010 1620 1045 :
1641 990 1890 1046 bonitatis
1903 1003 2070 1058 capax

481 1088 587 1144 est,
614 1083 1015 1152 participatione
1036 1085 1158 1139 boni
1179 1101 1206 1138 a
1229 1100 1333 1154 quo
1355 1084 1491 1139 facta
1507 1092 1590 1138 est
1621 1099 1634 1135 :
1665 1081 1918 1136 malitiam
1942 1093 2069 1134 vero

481 1181 626 1242 capit
653 1189 756 1228 non
787 1176 1189 1246 participatione
1219 1176 1368 1240 mali,
1397 1175 1492 1230 sed
1523 1173 1818 1244 privatione
1847 1170 1991 1235 boni,
2017 1169 2068 1223 id

482 1272 587 1328 est,
639 1281 742 1320 non
787 1283 906 1320 cum
940 1268 1191 1322 miscetur
1233 1277 1435 1321 natura:
1463 1281 1582 1336 qua:
1625 1262 1838 1334 aliquod
1869 1261 2067 1317 malum

483 1362 568 1408 est
597 1355 636 1421 ί,
669 1357 788 1426 quia
818 1358 959 1411 nulla
1006 1368 1189 1412 natura
1216 1358 1267 1412 iu
1297 1365 1550 1428 quantum
1589 1365 1776 1410 natura
1819 1361 1922 1419 est,
1954 1366 2070 1405 ma-

482 1445 592 1499 lum
624 1457 706 1501 est
727 1465 741 1511 ;
765 1449 860 1503 sed
886 1466 1005 1503 cum
1031 1450 1208 1504 deficit
1231 1465 1261 1504 a
1280 1460 1463 1504 natura
1485 1464 1602 1518 qua:
1625 1461 1887 1502 summum
1909 1452 2069 1514 atque

482 1537 912 1596 incommutabile
954 1551 1036 1597 est
1076 1543 1310 1608 bonum;
1362 1552 1641 1611 propterea
1684 1541 1805 1610 quia
1849 1553 1954 1592 non
1999 1535 2067 1591 de

481 1631 595 1698 illa,
625 1633 719 1687 sed
745 1633 810 1688 de
839 1634 1003 1689 nihilo
1032 1634 1167 1689 facta
1206 1645 1307 1690 est.
1348 1634 1599 1704 Alioquin
1626 1648 1724 1687 nec
1753 1631 1947 1686 malam
1974 1643 2068 1682 vo-

482 1725 737 1781 luntatem
772 1727 966 1783 habere
995 1737 1192 1798 posset,
1225 1729 1326 1783 nisi
1356 1727 1622 1783 mutabilis
1646 1733 1809 1781 esset.
1843 1721 2067 1778 Mutabi-

481 1817 552 1872 lis
579 1833 740 1889 porro
765 1828 947 1874 natura
976 1835 1080 1876 non
1107 1829 1267 1885 esset,
1297 1821 1340 1874 si
1371 1820 1436 1876 de
1466 1821 1572 1873 Deo
1595 1825 1760 1880 esset,
1793 1824 1848 1871 et
1874 1830 1976 1868 non
1997 1812 2064 1867 ab

482 1910 578 1966 illo
605 1912 672 1968 de
694 1913 859 1969 nihilo
884 1914 1018 1969 facta
1049 1924 1208 1970 esset.
1236 1914 1568 1984 Quapropter
1591 1915 1849 1968 bonorum
1877 1917 2065 1964 auctor

481 2011 565 2058 est
590 2004 751 2070 Deus,
793 2005 916 2060 dum
947 2018 1132 2061 auctor
1157 2016 1238 2061 est
1266 2016 1569 2062 naturarum
1606 2023 1619 2060 :
1651 2019 1872 2075 quarum
1903 2017 2067 2071 spon-

481 2102 670 2150 taneus
696 2095 934 2152 defectus
960 2114 989 2152 a
1015 2099 1174 2164 bono,
1203 2115 1306 2153 non
1338 2099 1583 2153 indicata
1607 2115 1710 2166 quo
1739 2097 1890 2151 facta:
1918 2105 2064 2160 sunt,

479 2186 575 2240 sed
605 2187 742 2242 unde
766 2188 917 2244 factae
937 2200 1079 2244 sunt.
1121 2191 1185 2245 Et
1216 2194 1317 2245 hoc
1338 2207 1442 2244 non
1468 2200 1546 2246 est
1568 2189 1786 2259 aliquid,
1811 2189 2061 2260 quoniam

478 2277 692 2345 penitus
719 2278 848 2333 nihil
869 2287 987 2346 est;
1013 2288 1070 2336 et
1093 2280 1215 2336 ideo
1239 2296 1346 2336 non
1373 2290 1546 2352 potest
1567 2290 1836 2336 auctorem
1865 2279 2064 2333 habere

477 2368 620 2439 quod
648 2368 775 2424 nihil
807 2378 907 2425 est.

548 2460 638 2516 58.
687 2461 1026 2533 Quapropter
1069 2464 1206 2520 sicut
1255 2463 1568 2520 adversatur
1614 2463 1889 2520 catholica:
1939 2462 2061 2518 ﬁdei

475 2551 816 2624 Manichams,
848 2556 952 2613 hoc
970 2565 1073 2622 est,
1103 2557 1225 2614 ﬁdei
1251 2558 1487 2614 veritatis
1509 2573 1754 2629 vermque
1783 2557 1991 2628 pietatis
2012 2557 2058 2626 ',

476 2647 568 2715 qui
595 2647 790 2702 bonum
815 2657 870 2704 et
897 2650 1094 2705 malum
1120 2650 1196 2704 sie
1226 2651 1365 2706 inter
1389 2668 1446 2706 se
1469 2651 1599 2706 dicit
1627 2666 1745 2706 esse
1769 2648 2057 2716 contraria,

475 2747 659 2794 utnon
689 2749 928 2796 naturam
967 2759 1088 2798 cum
1114 2742 1294 2798 deficit
1321 2759 1350 2798 a
1395 2743 1557 2810 bono,
1597 2743 1741 2799 dicat
1782 2742 1899 2797 ﬁeri
1943 2756 2060 2794 ma-

475 2829 582 2887 lam
614 2831 655 2898 ⁸,
690 2833 967 2904 ipsumque
991 2834 1256 2890 delectum
1284 2835 1400 2904 ejus
1429 2850 1547 2891 esse
1574 2836 1769 2890 malum
1801 2833 1937 2904 ejus,
1967 2831 2060 2888 sed

475 2922 652 2992 potius
674 2924 843 2992 ipsum
875 2925 1070 2979 malum
1098 2927 1236 2981 dicat
1259 2942 1378 2982 esse
1408 2935 1670 2991 naturam,
1699 2934 1772 2993 et,
1800 2926 1940 2996 quod
1981 2934 2064 2981 est

476 3012 735 3080 insanius,
767 3015 882 3070 sine
913 3015 1062 3071 initio
1089 3018 1464 3087 sempiternam
1491 3034 1505 3082 ;
1534 3032 1757 3087 eamque
1787 3015 2063 3087 appellat‘

475 3117 672 3172 corpus
720 3113 776 3159 et
817 3107 1097 3174 Spiritum;
1145 3123 1339 3178 corpus
1381 3109 1626 3164 videlicet
1666 3109 1804 3163 unde
1843 3109 2062 3178 spiritus

477 3204 748 3265 operetur,
777 3198 1018 3267 spiritum
1064 3214 1188 3255 vero
1214 3201 1301 3270 qui
1331 3209 1581 3271 operetur
1617 3216 1683 3254 ex
1709 3215 1932 3270 corpore
1956 3199 2061 3254 :ita

477 3285 623 3343 hunc
650 3287 1011 3345 adversarium
1043 3290 1164 3346 lidei
1207 3290 1310 3346 dici
1340 3307 1446 3346 non
1476 3299 1654 3362 potest
1680 3298 1933 3360 quantum
1963 3288 2060 3344 ad-

473 3379 642 3450 juvet,
688 3382 776 3451 qui
805 3384 942 3438 mala
985 3399 1048 3438 ex
1076 3382 1230 3439 bonis
1271 3384 1397 3438 oriri
1428 3391 1603 3454 negat,
1639 3390 1691 3438 et
1731 3383 1782 3436 in
1814 3381 2060 3436 eumdem

475 3484 690 3527 sensum
733 3473 925 3542 accipit
953 3473 1092 3544 quod
1119 3475 1192 3528 ait
1219 3474 1494 3540 Dominus,
1522 3472 1685 3527 Arbor
1707 3471 1838 3526 bona
1868 3473 2064 3540 fructus

477 3563 639 3616 malos
665 3580 765 3618 non
795 3563 917 3633 facit
948 3579 966 3618 :
994 3579 1113 3619 cum
1144 3564 1232 3619 ille
1258 3565 1512 3634 magister
1556 3564 1716 3628 Deus,
1749 3578 1854 3618 non
1881 3563 2062 3633 utique

477 3662 720 3708 naturam
761 3663 1048 3708 constituat
1083 3655 1350 3720 arborem,
1379 3670 1442 3710 ex
1463 3669 1566 3725 qua
1592 3653 1792 3709 fructus
1817 3653 1883 3708 de
1911 3668 2016 3723 quo
2039 3653 2062 3686 '

479 3743 817 3814 loquebatur,
869 3745 1098 3811 existat;
1151 3745 1244 3800 sed
1269 3747 1594 3800 voluntatem
1619 3760 1712 3800 seu
1746 3746 1937 3802 bonam
1967 3761 2062 3801 seu

479 3835 696 3900 malam,
725 3834 928 3890 fructus
955 3845 1132 3892 autem
1159 3851 1344 3907 opera,
1373 3852 1492 3908 quae
1517 3851 1616 3892 nec
1644 3837 1781 3892 bona
1817 3838 2063 3894 volunta-

480 3928 550 3984 tis
592 3928 768 3996 malm,
801 3944 899 3984 nec
942 3930 1077 3984 mala
1122 3937 1348 4000 possunt
1392 3944 1515 3985 esse
1554 3930 1841 3986 voluntatis
1885 3931 2060 3986 bonae.

478 4019 595 4074 lloc
617 4026 700 4074 est
724 4021 864 4074 enim
892 4019 1034 4090 quod
1071 4020 1162 4084 ait,
1188 4020 1351 4074 Arbor
1386 4021 1521 4076 mala
1549 4023 1744 4094 fructus
1780 4021 1936 4077 bonos
1963 4039 2064 4077 non

481 4111 625 4184 facit,
657 4121 700 4167 et
723 4112 872 4167 arbor
891 4111 1020 4166 bona
1045 4117 1240 4185 [ructus
1268 4113 1427 4166 malos
1453 4130 1550 4166 non
1573 4113 1694 4183 facit
1720 4112 1933 4183 (Matth.
1963 4132 2060 4185 vn,

483 4201 572 4275 18)
604 4220 617 4257 :
642 4213 888 4275 tanquam
912 4201 1131 4267 diceret,
1159 4203 1268 4260 Nec
1289 4219 1450 4274 opera
1473 4204 1606 4258 bona
1634 4205 1877 4259 voluntas
1897 4207 2059 4273 mala,

479 4309 584 4350 nec
621 4295 758 4349 mala
801 4309 964 4364 opera
1004 4293 1125 4350 facit
1168 4294 1412 4349 voluntas
1453 4293 1612 4350 bona.
1651 4294 1784 4350 Nam
1829 4296 2061 4366 ipsarum

479 4385 752 4452 arborum,
796 4385 849 4440 id
890 4395 992 4452 est,
1039 4386 1272 4456 ipsarum
1303 4386 1630 4441 voluntatum
1678 4387 1722 4441 si
1754 4398 2064 4457 quaerantur

477 4475 743 4547 origines;
789 4491 906 4546 qum
951 4486 1276 4543 occurrunt,
1308 4478 1411 4532 nisi
1453 4487 1676 4544 naturae,
1723 4494 1854 4548 quas
1896 4479 2062 4534 bonas

478 4569 623 4625 Deus
646 4566 926 4624 condidit?
954 4569 1030 4622 Ac
1061 4583 1154 4638 per
1183 4567 1284 4622 hoc
1321 4583 1385 4621 ex
1413 4567 1565 4622 bonis
1593 4576 1705 4622 orta
1737 4576 1859 4622 sunt
1887 4570 2022 4622 mala
2043 4611 2059 4636 ,

478 4676 588 4716 non
618 4676 683 4717 ex
713 4661 866 4716 bonis
903 4660 1261 4715 voluntatibus
1301 4675 1461 4732 Opera
1492 4661 1650 4726 mala,
1694 4659 1787 4714 sed
1817 4677 1882 4715 ex
1907 4661 2061 4718 bonis

478 4753 684 4807 naturis
712 4753 1008 4806 voluntates
1037 4752 1209 4806 malze.
1248 4750 1384 4818 Quid
1413 4766 1542 4821 ergo
1579 4752 1657 4805 sic
1686 4760 1835 4821 optat
1874 4751 2062 4808 audire

477 4844 821 4910 Manichacus,
870 4851 1006 4898 sicut
1032 4859 1096 4899 ex
1136 4844 1290 4899 bonis
1317 4844 1454 4897 mala
1486 4858 1604 4897 esse
1647 4859 1752 4897 non
1799 4858 1974 4912 posse,
2005 4851 2063 4898 ut

477 4937 727 5007 quoniam
768 4935 949 5005 negari
998 4951 1101 4989 non
1131 4943 1304 5005 potest
1357 4949 1476 4990 esse
1520 4935 1679 5001 mala,
1727 4933 1855 4989 nihil
1899 4943 2063 4990 restet

479 5027 582 5082 nisi
613 5035 669 5082 ut
696 5042 762 5083 ex
813 5028 953 5081 malo
999 5025 1124 5094 sint,
1169 5026 1213 5080 si
1243 5042 1308 5080 ex
1350 5027 1504 5082 bonis
1547 5027 1750 5079 naturis
1791 5036 1908 5081 esse
1955 5043 2059 5080 nou

480 5125 740 5188 possunt;
771 5131 834 5172 ac
862 5116 940 5170 sic
983 5115 1099 5170 sine
1139 5115 1288 5170 initio
1331 5114 1560 5170 habeant
1602 5115 1857 5186 originem
1909 5129 2056 5169 suam

478 5211 617 5266 mala
645 5217 889 5266 naturam
917 5207 1061 5277 mali,
1103 5223 1222 5280 quze
1247 5209 1360 5264 sine
1385 5208 1534 5263 initio
1563 5222 1772 5277 semper
1800 5207 1977 5276 luerit,
2008 5216 2061 5263 et

542 5389 560 5420 ¹
576 5449 581 5450 γ
595 5388 734 5450 aditi,
752 5399 846 5438 non
862 5384 1192 5450 commiscetttr
1202 5393 1398 5450 natura:
1418 5395 1526 5448 qum
1548 5382 1732 5448 aliquid
1753 5382 1932 5450 ntalem
1949 5388 2018 5435 est
2041 5396 2061 5435 :

479 5445 730 5522 pauloque
738 5457 864 5524 post,
881 5450 966 5502 sed
989 5447 1103 5512 quia
1124 5445 1290 5512 deﬁcit
1311 5462 1342 5498 a
1362 5445 1554 5509 natura,
1575 5445 1671 5496 etc.
1693 5447 2011 5497 Emendantur
2033 5459 2062 5497 a

477 5521 829 5564 manuscrtntts.

541 5527 1053 5635 ingslfﬁgtiishss.,po¢
1076 5576 1165 5635 est,
1181 5568 1316 5635 ﬁdei,
1345 5567 1551 5634 veritati,
1575 5581 1792 5633 uereque
1814 5568 1994 5634 pietati.

543 5637 565 5669 ³
596 5631 764 5685 mures
786 5643 910 5692 Mss,
928 5631 1044 5696 ﬁeri
1065 5631 1263 5696 malum.

542 5697 566 5731 δ
597 5698 906 5747 Floriacensis
925 5693 1028 5746 Ms"
1045 5693 1266 5750 annellet.

539 5761 566 5799 ⁸
597 5759 732 5824 aditi,
767 5758 829 5810 de
851 5771 961 5822 qua.
993 5759 1291 5822 Castigautur
1323 5754 1381 5806 ad
1415 5758 1776 5820 manuscriptos.

1280 330 1555 388 CONTRA
1593 327 1930 387 JULIANUM
1971 325 2435 396 PELAGIANUM,
2475 328 2534 386 S.
2575 329 2940 388 AUGUSTINI

3655 337 3774 397 068

2179 443 2285 497 sint
2310 443 2428 499 dum
2455 453 2675 510 naturze,
2707 460 2807 498 una
2849 444 2992 509 boui,
3040 444 3204 500 altera
3231 446 3396 502 mali?
3419 447 3651 505 Necesse
3675 461 3775 507 est

2177 532 2406 587 enimut
2447 541 2539 586 aut
2579 533 2720 587 nulla
2766 534 2873 588 sint
2911 535 3069 599 mala,
3117 543 3207 588 aut
3233 551 3300 590 ex
3345 536 3501 593 bonis
3547 542 3759 594 naturis

2177 623 2303 687 sint,
2354 633 2444 678 aut
2487 640 2551 680 ex
2589 626 2762 680 malis.
2818 626 2873 681 Si
2900 626 3187 682 dixerimus
3219 629 3359 682 nulla
3405 645 3525 686 esse
3573 633 3719 686 mala
3747 678 3763 698 ,

2178 712 2368 770 frustra
2390 715 2616 771 dicimus
2638 717 2765 784 Deo,
2789 717 2971 771 Libera
2991 735 3082 771 nos
3107 735 3138 771 α
3159 720 3291 773 malo
3309 720 3516 791 (Matth.
3537 739 3611 789 Vt,
3645 725 3739 797 15)
3763 761 3777 777 .

2177 807 2231 861 Si
2279 815 2456 862 autem
2502 807 2811 871 dixerimus,
2863 824 2968 863 non
3007 809 3134 863 oriri
3162 812 3300 864 mala
3333 812 3431 866 nisi
3463 828 3527 867 ex
3568 815 3728 868 malis
3759 853 3776 880 ,

2175 897 2463 954 Manichrea
2494 901 2792 969 pestilentia
2821 901 3182 971 triumphabit,
3209 912 3481 973 totumque
3509 907 3766 981 vastabit,

2175 999 2230 1046 et
2255 991 2419 1060 ipsius
2447 992 2539 1047 Dei
2571 999 2821 1062 tanquam
2852 993 3162 1048 mutabilem
3193 1003 3434 1048 naturam
3466 995 3618 1050 malae
3664 1013 3773 1050 na-

2175 1088 2308 1135 tunc
2357 1084 2736 1139 commixtione
2799 1083 3036 1138 violabit.
3096 1084 3434 1154 Relinquitur
3484 1101 3648 1156 ergo,
3705 1094 3770 1142 ut

2175 1172 2312 1226 mala
2337 1188 2400 1227 ex
2429 1171 2581 1228 bouis
2606 1188 2724 1229 esse
2764 1173 3023 1230 fateamur
3050 1192 3063 1229 :
3093 1176 3216 1244 quia
3255 1177 3297 1229 si
3337 1175 3437 1230 hoc
3466 1177 3764 1246 negaveri-

2174 1277 2314 1330 mus,
2359 1279 2423 1319 ex
2454 1264 2608 1320 malis
2635 1273 2810 1333 erunt,
2857 1274 2913 1322 et
2950 1265 3256 1322 Maniebzzeis
3285 1268 3462 1338 utique
3491 1269 3766 1340 suifraga-

2174 1352 2368 1409 bimur.

2244 1446 2332 1500 59.
2371 1447 2451 1502 Tu
2493 1448 2668 1518 itaque
2695 1448 2784 1503 ubi
2810 1446 2964 1517 dicis,
3003 1468 3023 1502 ι
3058 1449 3189 1505 Cum
3220 1451 3508 1506 secundum
3537 1461 3770 1507 senten-

2174 1535 2298 1591 tiam
2322 1536 2614 1607 Evangelii,
2638 1554 2703 1594 ex
2726 1539 2981 1595 fructibus
3000 1541 3109 1596 suis
3126 1542 3285 1596 arbor
3305 1541 3493 1598 debeat
3515 1545 3766 1614 agnosci,

2175 1628 2261 1684 hic
2289 1629 2586 1685 audiendus
2631 1639 2867 1701 putetur,
2909 1632 2999 1702 qui
3027 1631 3156 1687 dicit
3185 1632 3384 1688 bonum
3428 1649 3546 1689 esse
3574 1634 3769 1703 conju«

2171 1721 2315 1790 gium
2345 1764 2361 1790 ,
2389 1722 2458 1778 de
2486 1738 2591 1793 quo
2632 1724 2763 1778 nihil
2791 1725 2930 1780 aliud
2958 1741 3116 1796 quam
3160 1726 3357 1780 malum
3390 1727 3599 1797 prodire
3630 1728 3769 1782 deli-

2172 1815 2286 1868 nit:
2317 1832 2338 1867 ι
2369 1817 2447 1870 vis
2475 1819 2655 1888 utique
2675 1817 2918 1872 arborem
2938 1819 3130 1873 bonam
3161 1821 3466 1892 conjugium
3487 1820 3759 1892 deputari,

2171 1903 2238 1960 de
2265 1921 2369 1976 qua
2411 1907 2554 1962 velut
2583 1908 2811 1963 fructum
2838 1910 3032 1963 malum
3066 1912 3211 1966 nasci
3242 1928 3343 1966 non
3374 1912 3455 1966 vis
3485 1911 3764 1968 hominem

2169 1998 2413 2068 contagio
2437 1999 2638 2068 peccati
2675 2000 2949 2070 originalis
2977 2002 3326 2066 obstrictum;
3360 2017 3459 2056 nec
3489 2003 3639 2056 vides
3664 2018 3769 2058 ne-

2169 2105 2321 2145 cesse
2343 2091 2431 2145 tibi
2453 2106 2572 2146 esse
2591 2093 2905 2147 adulterium
2931 2095 3252 2148 constituere
3273 2094 3515 2149 arborem
3535 2095 3757 2156 malam,

2170 2181 2213 2235 si
2244 2181 2546 2252 coniugium
2591 2192 2674 2238 est
2716 2183 2878 2238 arbor
2929 2185 3085 2238 bona.
3149 2185 3224 2239 Ac
3274 2198 3370 2253 per
3415 2184 3535 2250 hoc,
3587 2185 3632 2239 si
3687 2185 3764 2240 de

2169 2273 2416 2343 conjugio
2460 2273 2550 2344 qui
2581 2275 2835 2340 nascitur,
2880 2275 3107 2346 eonjugii
3157 2275 3360 2330 fructus
3407 2287 3504 2341 est,
3537 2285 3588 2330 et
3635 2275 3764 2330 ideo

2169 2365 2328 2420 debet
2363 2381 2483 2422 esse
2523 2367 2641 2422 sine
2677 2367 2826 2433 vitio,
2876 2383 2942 2423 ne
2972 2366 3173 2421 fruetus
3202 2366 3370 2421 malus
3414 2376 3661 2421 nascatur
3688 2381 3766 2421 ex

2169 2458 2359 2514 arbore
2399 2458 2534 2514 bona
2561 2476 2577 2526 ;
2607 2459 2848 2530 sequitur
2875 2469 2930 2514 ut
2958 2461 3042 2530 qui
3071 2460 3137 2514 de
3181 2459 3440 2514 adulterio
3475 2459 3716 2513 nascitur
3741 2500 3765 2526 ,

2169 2565 2274 2605 non
2303 2550 2493 2605 debeat
2519 2553 2659 2605 nasci
2683 2551 2797 2606 sine
2824 2552 2971 2617 vitio,
3002 2569 3067 2606 ne
3094 2551 3294 2606 fructus
3320 2553 3486 2606 bonus
3506 2560 3767 2605 nascatur

2169 2654 2236 2695 ex
2286 2641 2477 2694 arbore
2519 2642 2656 2694 mala
2689 2658 2702 2694 :
2735 2643 2985 2711 quoniam
3038 2642 3292 2696 Dominus
3323 2658 3419 2697 nec
3447 2657 3476 2696 a
3504 2641 3642 2696 bona
3671 2657 3765 2695 ar-

2170 2729 2298 2783 bore
2343 2729 2454 2783 tieri
2487 2729 2688 2786 fruetus
2737 2732 2928 2796 malos,
2961 2748 3059 2786 nec
3087 2747 3117 2786 a
3151 2733 3288 2786 mala
3337 2731 3528 2798 bonos,
3578 2731 3762 2786 divina

2167 2804 2494 2876 auctoritate.
2528 2821 2732 2876 deﬁnit.
2775 2822 2845 2878 Ut
2871 2839 2998 2892 ergo
3030 2823 3152 2878 hinc
3179 2837 3359 2889 exeas,
3407 2824 3528 2894 quia
3559 2838 3658 2878 nec
3685 2823 3757 2878 de

2167 2911 2429 2966 adulterio
2459 2911 2591 2967 dicis
2620 2912 2888 2968 hominem
2934 2915 3076 2968 nasci
3124 2929 3280 2983 posse
3308 2929 3427 2969 cum
3463 2915 3616 2980 vitio,
3658 2929 3760 2968 ne-

2167 3004 2316 3076 gabis
2357 3005 2674 3061 adulterium
2723 3023 2842 3062 esse
2891 3008 3135 3062 arborem
3167 3008 3380 3072 malam,
3427 3022 3495 3061 ne
3550 3007 3638 3061 ille
3667 3008 3759 3076 qui

2167 3097 2459 3152 secundum
2501 3108 2552 3152 te
2593 3099 2706 3153 sine
2731 3100 2860 3153 vitio
2887 3100 2952 3153 de
2983 3099 3243 3155 adulterio
3288 3100 3541 3164 nascitur,
3569 3109 3762 3152 contra

2167 3185 2528 3243 delinitionem
2576 3189 2785 3244 Domini
2839 3190 3007 3244 bonus
3056 3189 3258 3245 fructus
3300 3190 3447 3243 nasci
3501 3189 3567 3244 de
3614 3191 3758 3244 mala

2167 3279 2359 3334 arbore
2417 3280 2676 3334 videatur.
2718 3280 2862 3350 Nega
2906 3296 3034 3351 ergo
3081 3283 3238 3336 etiam
3282 3280 3582 3350 coujugium
3631 3295 3761 3335 esse

2167 3371 2412 3426 arborem
2451 3370 2668 3436 bonam,
2699 3380 2754 3426 et
2779 3387 2989 3426 errasse
3020 3382 3070 3427 te
3106 3381 3162 3426 ut
3206 3371 3307 3426 hoc
3332 3371 3538 3426 diceres
3583 3373 3758 3425 couti-

2171 3470 2302 3517 tere.
2333 3461 2436 3517 Sed
2481 3461 2719 3518 dicturus
2747 3478 2829 3527 es,
2866 3479 2971 3518 non
3003 3463 3070 3518 de
3114 3463 3375 3518 adulterio
3403 3463 3546 3517 nasci
3579 3463 3760 3516 homi-

2169 3569 2316 3619 nem,
2341 3552 2430 3623 qui
2459 3569 2555 3624 per
2581 3553 2931 3610 adulterinum
2963 3555 3300 3610 concubitum
3327 3555 3573 3625 gignitur.
3605 3554 3761 3610 Unde

2169 3642 2369 3713 igitur?
2422 3661 2441 3695 ι
2481 3645 2553 3699 De
2590 3654 2814 3713 natura,
2851 3665 2871 3698 ι
2907 3645 3102 3716 inquis,
3158 3667 3176 3698 ε
3236 3646 3483 3710 humana,
3530 3661 3651 3716 qua:
3701 3646 3757 3699 in

2168 3734 2421 3790 adulteris
2450 3751 2659 3805 quoque
2705 3736 2798 3790 Dei
2837 3751 2968 3805 opus
2998 3744 3098 3801 est,
3146 3753 3249 3790 non
3293 3737 3547 3806 ipsorum.
3585 3756 3604 3788 ›
3650 3737 3762 3790 Cur

2169 3840 2299 3894 ergo
2318 3824 2504 3880 eodem
2527 3826 2684 3880 modo
2710 3842 2813 3881 non
2842 3826 3109 3896 intelligis,
3131 3843 3226 3882 nec
3247 3828 3314 3883 de
3339 3829 3584 3898 conjugio
3609 3829 3759 3884 nasci

2170 3916 2466 3986 hominem,
2506 3917 2597 3988 qui
2624 3933 2721 3988 per
2748 3919 3090 3973 concubitum
3120 3919 3354 3990 gignitur
3377 3919 3711 3990 conjugalem
3739 3936 3757 3985 ;

2170 4007 2262 4064 sed
2309 4009 2376 4064 de
2418 4015 2606 4062 natura
2645 4008 3157 4077 similiterhumana,
3191 4025 3311 4080 quae
3359 4010 3411 4064 in
3441 4010 3761 4081 coniugibus

2169 4115 2382 4171 quoque
2425 4101 2518 4156 Dei
2547 4115 2680 4171 opus
2708 4110 2809 4168 est,
2838 4117 2946 4156 non
2986 4102 3220 4172 ipsorum
3256 4119 3271 4158 :
3309 4113 3466 4174 atque
3497 4103 3568 4158 ita
3595 4103 3758 4158 boni-

2172 4193 2264 4246 tati
2308 4207 2417 4247 non
2463 4191 2620 4246 tribui
2668 4193 2990 4262 nuptiarum,
3043 4193 3181 4264 quod
3231 4195 3427 4248 malum
3473 4203 3763 4251 nascentes

2170 4281 2386 4337 trahunt
2408 4282 2474 4337 de
2497 4283 2627 4338 vitio
2651 4292 2853 4338 natura:
2877 4299 2892 4349 ;
2926 4284 3063 4339 sicut
3081 4299 3186 4338 non
3215 4285 3466 4340 tribuitur
3489 4285 3761 4355 iniquitati

2169 4371 2570 4440 adulteriorum,
2599 4373 2743 4443 quod
2776 4373 2975 4428 bonum
3005 4384 3287 4430 nascentes
3317 4373 3531 4429 trahunt
3570 4375 3638 4430 de
3668 4375 3761 4430 in-

2169 4463 2444 4518 stitutione
2472 4465 2716 4518 naturae?
2754 4464 2833 4519 Tu
2875 4477 3052 4521 autem
3084 4466 3332 4538 intelligis
3381 4467 3626 4522 arborem
3659 4468 3765 4522 bo-

2168 4570 2312 4621 nam,
2341 4570 2446 4610 non
2472 4571 2628 4625 quam
2653 4555 2894 4612 Christus
2918 4558 3135 4628 intelligi
3165 4559 3348 4623 voluit,
3378 4557 3428 4612 id
3456 4567 3556 4623 est,
3581 4557 3765 4613 homi-

2148 4638 2251 4703 'nis
2277 4648 2601 4704 voluntatem
2645 4648 2858 4716 bonam,
2907 4651 3000 4705 sed
3041 4651 3210 4721 ipsum
3241 4667 3373 4720 opus
3403 4652 3514 4716 Dei,
3546 4651 3596 4706 id
3636 4661 3720 4705 cst
3743 4693 3760 4718 ,

2169 4739 2442 4795 hominum
2464 4739 2548 4795 vel
2573 4741 2802 4810 nuptias,
2829 4742 2912 4796 vel
2937 4751 3198 4796 naturam.
3242 4742 3309 4797 Et
3329 4742 3451 4812 quia
3474 4743 3611 4796 bona
3630 4753 3766 4798 sunt

2169 4833 2284 4889 haec
2307 4849 2464 4904 opera
2499 4836 2613 4901 Dei,
2643 4837 2838 4890 malum
2873 4837 2994 4894 inde
3024 4852 3128 4891 non
3163 4852 3315 4906 posse
3341 4837 3471 4892 dicis
3497 4837 3762 4899 existere,

2167 4925 2288 4993 quia
2318 4925 2512 4979 malum
2556 4926 2784 4980 fructum
2828 4926 2962 4981 bona
3006 4929 3166 4981 arbor
3204 4944 3307 4982 non
3357 4938 3526 4996 potest
3554 4928 3762 4981 facere.

2167 5014 2246 5068 Ac
2283 5015 2361 5070 sic
2404 5017 2657 5072 adversus
2699 5025 2751 5071 te
2795 5017 3252 5072 ratiocinationem
3297 5033 3444 5072 suam
3484 5019 3768 5074 concludit

2166 5123 2264 5177 pro
2293 5124 2390 5163 suo
2420 5109 2664 5179 dogmate
2708 5109 3044 5176 Manichacus,
3095 5127 3252 5180 quem
3296 5111 3472 5166 verbis
3503 5111 3618 5164 istis
3652 5113 3768 5165 tuis

2169 5203 2246 5257 sic
2271 5201 2509 5270 adjuvas,
2538 5211 2594 5256 ut
2633 5201 2763 5256 nihil
2807 5204 2970 5272 magis
3003 5210 3150 5272 optet
3185 5202 3390 5267 audire,
3430 5217 3585 5272 quam
3616 5203 3770 5257 mala

2169 5307 2235 5348 ex
2262 5293 2415 5347 bonis
2444 5307 2563 5347 esse
2590 5309 2693 5347 non
2721 5307 2897 5362 posse.
2938 5293 3048 5347 lloc
3085 5293 3228 5347 enim
3255 5303 3491 5361 accepto,
3518 5290 3676 5345 infert
3705 5305 3770 5348 ct

2168 5383 2297 5439 dicit
2338 5384 2429 5437 tibi
2463 5401 2475 5436 :
2507 5384 2560 5439 Si
2592 5384 2788 5438 malum
2818 5399 2938 5439 esse
2966 5398 3071 5439 non
3103 5393 3276 5452 potest
3317 5399 3380 5438 ex
3405 5383 3544 5438 bono
3565 5423 3578 5446 ,
3611 5383 3772 5440 unde

2168 5475 2291 5555 erit,
2325 5475 2425 5530 nisi
2451 5491 2516 5530 ex
2543 5475 2724 5531 malo?
2750 5475 2932 5546 Neque
2967 5477 3108 5531 enim
3138 5476 3277 5530 mala
3306 5491 3400 5545 per
3437 5492 3494 5532 se
3520 5476 3635 5545 ipsa
3665 5493 3778 5532 rc-

2171 5557 2329 5638 peute
2375 5575 2593 5622 auctore
2637 5567 2785 5622 nullo
2824 5569 3062 5624 existere
3104 5575 3406 5638 potuerunt.
3450 5568 3527 5622 Tu
3572 5574 3775 5624 autem

2170 5659 2301 5713 dicis
2326 5658 2522 5712 malum
2548 5674 2612 5713 ex
2645 5659 2783 5713 bono
2805 5675 2925 5715 esse
2947 5674 3048 5713 non
3071 5674 3250 5729 posse,
3278 5675 3343 5714 ne
3367 5665 3548 5715 contra
3578 5659 3777 5715 Evan-

2171 5749 2292 5819 gelii
2321 5749 2638 5805 sententiam
2667 5750 2824 5807 arbor
2852 5751 2987 5806 bona
3011 5751 3165 5804 faciat
3203 5749 3402 5805 fructus
3432 5749 3622 5804 malos.
3653 5749 3773 5808 Re-
