4038 6508
295 379 400 440 069

295 505 494 562 manet,
525 494 720 568 inquit,
751 502 810 552 ut
835 491 958 548 mali
985 497 1174 548 natura
1201 488 1362 546 fuerit
1389 487 1734 558 sempiterna,
1765 501 1886 558 qua:

293 588 522 660 potuerit
553 587 694 642 mala
735 598 1034 656 generare;
1061 581 1184 654 quia
1207 596 1276 638 ex
1319 580 1476 636 bonis
1501 594 1564 634 ea
1593 593 1702 634 non
1729 589 1890 648 posse

296 681 474 738 fateris
504 681 756 736 existere.

361 773 450 828 £0.
483 773 732 828 Placetne
755 771 976 842 tibi'ja-m
1003 777 1210 824 mutare
1230 767 1570 832 sententiam,
1597 781 1754 836 quam
1781 777 1884 818 non

298 863 604 920 Mattichatis
643 863 886 924 favendo,
933 861 1028 916 sed
1057 861 1182 932 quid
1209 861 1444 930 loquaris
1483 857 1792 920 nesciendo,
1821 857 1886 910 ad

295 955 654 1026 adjuvandam
701 953 1114 1008 Maniehzeornm
1169 951 1522 1021 pestilentiam
1577 949 1888 1019 protulisti?

295 1046 574 1114 Quomodo
613 1045 754 1100 enim
773 1045 998 1100 .diceret
1025 1043 1288 1108 Christus,
1336 1043 1436 1096 Aut
1483 1042 1634 1112 facile
1660 1041 1888 1092 arborem

295 1137 476 1191 bonum
505 1145 556 1190 et
585 1139 805 1207 frustum
835 1137 944 1204 ejus
973 1135 1174 1196 bonum,
1219 1143 1307 1186 aut
1347 1133 1498 1204 facile
1521 1131 1748 1184 arborem
1779 1145 1890 1180 mu-

295 1235 396 1286 lum
421 1240 468 1284 et
497 1233 720 1300 fructum
749 1230 859 1298 ejus
905 1227 1092 1280 malum
1121 1225 1332 1298 [ΜαηΙι.
1366 1241 1458 1290 xu,
1491 1223 1580 1296 55]
1629 1221 1892 1294 (quando-

295 1321 512 1392 quidem
543 1321 642 1374 hoc
665 1319 872 1374 dicebat
903 1317 1227 1382 hominibus,
1261 1331 1394 1386 quos
1421 1317 1535 1384 ipse
1563 1311 1884 1382 creaverat),

295 1415 338 1470 si
365 1429 433 1468 ex
469 1411 586 1482 ejus
613 1427 776 1482 opere
817 1411 976 1476 bono,
1017 1410 1158 1480 quod
1201 1421 1286 1464 est
1323 1409 1507 1475 homo,
1553 1409 1748 1462 malum
1779 1421 1886 1460 non

299 1515 476 1578 posset
502 1507 754 1570 existere,
783 1505 920 1558 sient
962 1511 1016 1558 tu
1043 1504 1206 1572 sapis,
1237 1503 1484 1558 arborem
1517 1501 1708 1556 bonam
1751 1513 1886 1554 cont

295 1598 520 1650 stituens
547 1596 744 1650 bonum
775 1609 910 1664 opus
953 1594 1066 1658 Dei,
1100 1593 1150 1648 id
1193 1601 1296 1657 est,
1323 1592 1532 1662 nuptias
1561 1591 1838 1646 hominum
1867 1631 1884 1654 ,

295 1687 372 1742 vel
404 1696 652 1742 naturain
679 1703 692 1750 ;
737 1695 792 1740 et
835 1686 954 1740 ideo
981 1683 1186 1748 dicens,
1215 1683 1412 1736 malum
1441 1681 1564 1736 inde
1607 1681 1750 1734 nasci
1781 1696 1884 1732 non

297 1793 472 1850 posse,
506 1779 630 1848 quia
661 1779 704 1832 si
749 1793 814 1830 ex
849 1777 988 1830 bono
1033 1777 1230 1828 malum
1261 1774 1402 1828 nasci
1433 1772 1746 1834 dixerimus,
1795 1785 1881 1824 re—

295 1873 568 1933 sistemus,
617 1879 675 1922 nt
715 1878 886 1938 putas,
920 1869 968 1922 ei
997 1869 1084 1938 qui
1113 1867 1267 1933 dixit,
1313 1865 1474 1920 Arbor
1515 1865 1644 1918 bona
1689 1866 1886 1936 {ructus

295 1961 456 2015 malos
501 1977 602 2014 non
641 1961 764 2032 facit
793 1975 812 2014 .'
843 1975 962 2014 cum
991 1959 1130 2013 scias
1159 1973 1226 2012 ex
1253 1955 1424 2026 angeli
1449 1965 1502 2012 et
1529 1954 1762 2010 hominis
1787 1969 1886 2008 na-

294 2053 424 2106 turis
449 2052 608 2106 bonis
633 2093 650 2118 ,
677 2067 810 2120 quas
839 2051 968 2104 nulli
1015 2057 1265 2119 parentes
1295 2047 1416 2102 mali
1447 2055 1760 2116 genuerunt,
1791 2044 1885 2100 sed

295 2144 436 2200 Deus
459 2159 672 2200 summe
703 2143 872 2196 bonus
901 2142 968 2196 de
995 2140 1150 2196 nullis
1193 2139 1500 2210 parentibus
1529 2135 1744 2202 fecerat,
1779 2151 1884 2190 nun

293 2237 496 2293 fructus
535 2237 728 2302 malos,
759 2235 850 2290 sed
884 2235 1026 2306 ipsas
1053 2233 1218 2288 malas
1243 2232 1464 2286 arbores
1499 2229 1788 2293 exstitisse,
1819 2243 1884 2282 ex

293 2329 484 2400 quibus
531 2327 734 2382 fruetus
779 2335 1126 2380 nascerentur
1179 2322 1348 2378 mali?
1403 2321 1660 2374 Dominus
1705 2327 1884 2372 autem

293 2421 446 2478 Jcsus
473 2431 532 2476 et
559 2419 878 2474 lilanichmus
907 2417 1088 2480 vincit,
1121 2416 1242 2486 quia
1273 2427 1410 2470 unus
1437 2413 1618 2478 homo,
1649 2411 1750 2464 hoc
1777 2417 1881 2475 est,

295 2526 394 2564 una
425 2518 618 2565 natura
664 2517 838 2578 potest
883 2517 1164 2576 utramque
1203 2505 1454 2560 arborem
1505 2501 1722 2562 facere;
1753 2507 1808 2552 et
1835 2509 1886 2554 te

291 2603 474 2666 vineit,
497 2602 618 2671 quia
641 2615 706 2656 ex
723 2609 909 2654 natura
932 2598 1068 2653 bona
1097 2604 1270 2666 potest
1291 2594 1426 2648 mala
1449 2592 1610 2646 arbor
1629 2591 1884 2646 existere.

293 2693 370 2748 Ex
407 2707 518 2762 quo
549 2690 736 2744 falsum
781 2705 900 2744 esse
934 2695 1280 2752 monstratur,
1313 2683 1456 2754 quod
1483 2685 1534 2736 in
1563 2681 1886 2736 Manichaeo-

293 2799 409 2838 rum
427 2781 736 2852 suffragium
753 2780 906 2844 dicis,
927 2797 945 2832 ι
969 2778 1106 2834 mala
1123 2793 1186 2832 ex
1203 2777 1356 2832 bonis
1369 2789 1490 2830 esse
1503 2789 1606 2828 non
1627 2787 1784 2842 posse
1804 2788 1819 2836 ;
1857 2789 1878 2824 ι

293 2886 352 2931 ut
395 2875 498 2929 nisi
527 2889 592 2929 ex
623 2881 810 2926 natura
837 2872 982 2936 mali,
1028 2885 1186 2939 quam
1219 2867 1452 2922 nefarius
1499 2867 1706 2920 illortun
1734 2877 1888 2918 error

293 2967 516 3030 inducit,
550 2981 656 3021 non
689 2973 938 3035 putentur
963 2964 1095 3018 mala
1129 2979 1246 3018 esse
1277 2962 1536 3032 potuisse.

363 3059 456 3114 ﬂ.
499 3057 682 3128 Neque
707 3058 850 3112 enim
879 3071 986 3111 uno
1017 3063 1218 3108 tantum
1245 3053 1386 3114 loco,
1433 3051 1522 3106 ubi
1551 3067 1616 3106 ex
1647 3050 1889 3118 Evange-

293 3148 364 3204 lio
387 3147 634 3204 arborem
673 3150 862 3202 bonam
883 3143 1400 3202 commemorandam
1423 3143 1636 3212 putasti,
1659 3141 1750 3196 sed
1772 3141 1891 3198 aliis

295 3243 454 3298 etiam
489 3242 619 3296 locis
635 3239 1006 3309 disputationis
1031 3246 1156 3303 tuae,
1191 3237 1294 3290 ista
1323 3233 1668 3304 perversitate
1689 3231 1886 3286 suffra-

296 3341 448 3402 gatus
477 3347 538 3388 es
569 3331 870 3386 Manichaeis
910 3329 1104 3384 :sicuti
1133 3335 1218 3384 est
1255 3325 1406 3390 illud,
1455 3323 1542 3378 ubi
1574 3337 1760 3378 rursus
1799 3322 1888 3378 di-

295 3427 437 3490 xisti,
469 3445 490 3478 α
525 3425 684 3480 Trahi
713 3431 986 3494 peccatum
1013 3438 1110 3492 per
1135 3429 1378 3476 naturam
1409 3435 1514 3473 non
1545 3426 1740 3488 potest,
1763 3419 1888 3488 quia

296 3531 392 3586 per
401 3531 540 3586 opus
557 3515 650 3570 Dei
665 3529 798 3584 opus
813 3513 1006 3568 diaboli
1027 3515 1250 3568 transire
1267 3527 1372 3566 non
1387 3509 1596 3564 sinitur.
1625 3509 1730 3562 ιΑιΙ
1745 3509 1888 3578 quod

297 3607 388 3660 tibi
415 3621 518 3677 ego
560 3605 880 3675 respondeo,
909 3602 1188 3671 Quomodo
1215 3602 1270 3656 in
1297 3615 1460 3670 opere
1489 3599 1584 3654 Dei
1611 3613 1746 3668 opus
1775 3597 1890 3652 dia-

295 3697 402 3752 boli
455 3711 674 3751 manere
720 3695 930 3762 sinitur,
975 3694 1020 3748 si
1062 3709 1158 3763 per
1185 3707 1318 3762 opus
1361 3691 1456 3746 Dei
1511 3690 1736 3744 transire
1779 3703 1886 3742 non

297 3789 534 3844 sinitur?
568 3788 698 3858 Quis
727 3789 868 3843 enim
903 3787 1110 3842 dubitet
1149 3786 1300 3856 pejus
1341 3799 1462 3839 esse
1490 3784 1506 3814 ί
1539 3793 1596 3836 ιιι
1623 3783 1730 3836 illic
1773 3797 1890 3836 ma-

299 3891 440 3949 neat,
487 3897 646 3953 qnam
673 3889 730 3936 ut
757 3881 902 3936 illine
930 3879 1204 3936 transeat?
1240 3878 1446 3946 Quatris
1475 3876 1722 3941 fortasse,
1749 3891 1888 3944 quo-

297 3974 460 4030 modo
489 3989 624 4044 opus
669 3973 863 4028 diaboli
911 3979 1122 4026 maneat
1151 3971 1202 4024 in
1233 3985 1398 4040 opere
1427 3969 1542 4024 Dei.
1590 3968 1708 4024 Noli
1763 3967 1890 4022 alibi

299 4081 558 4135 quairere,
595 4065 765 4133 ipsum
807 4063 1070 4118 diabolum
1103 4061 1300 4116 recole.
1341 4059 1486 4132 Opus
1515 4059 1610 4114 Dei
1647 4067 1750 4123 est,
1795 4073 1890 4110 na-

299 4165 416 4212 tura
463 4155 648 4226 utique
691 4155 928 4225 angelica
973 4153 1214 4209 :invidia
1261 4167 1390 4208 vero
1420 4167 1554 4222 Opus
1599 4159 1682 4206 est
1723 4151 1889 4219 ipsius

299 4247 524 4316 diaboli,
562 4245 704 4316 quod
738 4260 873 4316 opus
911 4253 966 4300 et
1005 4245 1261 4315 processit
1287 4259 1352 4300 ex
1396 4243 1506 4309 illo,
1536 4251 1589 4296 et
1633 4251 1810 4295 manet
1837 4241 1888 4294 in

297 4339 410 4394 illo.
447 4338 661 4394 Vanum
707 4347 792 4393 est
835 4337 990 4407 igitur
1035 4337 1178 4408 quod
1221 4335 1424 4398 dixisti,
1461 4353 1480 4386 ι
1517 4333 1662 4404 Opus
1693 4333 1888 4388 diaboli

299 4447 394 4502 per
413 4446 551 4501 epus
575 4430 664 4485 Dei
693 4447 800 4484 non
828 4429 1072 4495 transire,
1110 4447 1128 4481 ι
1165 4427 1254 4482 ubi
1283 4426 1538 4496 persyicis
1563 4435 1618 4480 et
1647 4439 1884 4480 manere.

299 4522 624 4578 Maniehteus
673 4531 850 4576 autem
899 4529 1121 4591 quantas
1173 4519 1267 4574 tibi
1311 4519 1510 4590 gratias
1556 4527 1696 4588 agat,
1749 4517 1891 4574 itane

299 4613 539 4668 nondum
585 4611 850 4681 respicis?
900 4611 1134 4664 nondum
1181 4609 1608 4680 expergisceris?
1661 4607 1893 4664 Laborat

299 4708 442 4762 enim
473 4705 816 4771 Manichzeus,
841 4713 899 4758 ut
922 4701 1184 4768 ostendat,
1218 4718 1282 4756 ex
1312 4703 1452 4758 bono
1478 4703 1568 4758 Dei
1596 4718 1758 4772 opere
1776 4717 1891 4756 ma-

301 4796 410 4852 lum
441 4796 572 4851 oriri
599 4811 706 4850 non
754 4810 930 4866 posse,
965 4803 1042 4860 ut,
1071 4794 1212 4864 quod
1247 4795 1362 4864 ipse
1392 4794 1519 4858 vult,
1563 4795 1762 4848 malum
1790 4793 1890 4848 nisi

300 4902 366 4944 ex
397 4889 542 4944 malo
587 4901 706 4942 esse
746 4901 850 4941 non
899 4901 1055 4956 posse
1097 4885 1366 4940 credatur.
1407 4885 1506 4940 llic
1535 4893 1590 4940 tu
1631 4884 1892 4940 mirabilis

299 4980 415 5050 ejus
462 4979 696 5050 adjutor,
755 4999 772 5032 ι
829 4979 928 5033 Per
955 4994 1112 5048 opus,
1169 4996 1188 5030 ι
1241 4979 1435 5048 inquis,
1473 4996 1494 5030 ι
1549 4978 1640 5032 Dei
1695 4979 1892 5034 malum

299 5071 530 5126 transire
561 5085 668 5124 non
711 5069 944 5124 sinitur:
981 5089 998 5120 ι
1035 5077 1090 5123 ut
1130 5069 1216 5122 ille
1260 5077 1370 5123 tota
1397 5069 1644 5124 facilitate
1667 5069 1891 5124 conclu-

295 5162 411 5230 dat,
433 5163 606 5218 multo
630 5163 800 5215 minus
813 5161 944 5236 inde
965 5161 1092 5216 oriri
1123 5176 1300 5232 posse.
1325 5177 1418 5231 per
1435 5161 1576 5232 quod
1600 5177 1697 5217 nec
1717 5171 1892 5216 trans-

295 5250 378 5310 ire
405 5253 749 5324 permittitur.

369 5345 598 5402 CAPUT
627 5343 716 5400 IX.
747 5375 820 5386 —-
863 5345 954 5400 42.
987 5344 1120 5400 Audi
1152 5345 1256 5400 tale
1281 5345 1420 5400 aliud
1445 5386 1458 5410 ,
1489 5345 1596 5400 imo
1625 5347 1840 5416 gravius
1863 5387 1880 5412 ,

297 5439 388 5494 ubi
409 5438 714 5494 Manieltaeis
733 5437 1016 5493 identidem
1031 5437 1358 5509 sulfragaris.
1371 5458 1388 5490 ι
1403 5439 1648 5504 Evanuit,
1663 5457 1680 5488 ι
1693 5439 1888 5508 inquis,

305 5531 598 5603 (originale
617 5540 890 5602 peceatum
911 5571 926 5598 ,
948 5531 1068 5602 quia
1085 5546 1190 5588 non
1211 5540 1386 5604 potest
1401 5533 1523 5588 mali
1553 5531 1706 5586 radix
1743 5531 1794 5585 in
1823 5545 1890 5586 eo

363 5667 380 5698 ⁸
417 5667 554 5724 Editi,
575 5671 706 5728 putet
745 5663 880 5728 pejus
904 5677 1025 5728 psse.
1050 5671 1151 5714 Duo
1173 5677 1234 5715 ex
1259 5664 1745 5728 quinquevaticanis
1763 5669 1892 5728 atas...

569 5724 705 5791 pejus
727 5724 846 5780 esse.
870 5727 952 5778 Alii
972 5737 1076 5778 tres
1095 5739 1206 5779 eum
1227 5724 1692 5788 aliquot'Gallican's,
1711 5724 1892 5778 dubitet

1681 369 1882 426 LIBER
1917 367 2184 432 Ριιιιιυε.

3488 379 3594 437 670

1993 487 2136 556 quod
2156 487 2354 545 donum
2391 487 2484 546 Dei
2517 503 2676 544 vocas
2705 487 2921 544 locaria
2953 487 3105 556 Quod
3135 503 3234 560 ego
3279 490 3397 546 vide
3423 508 3580 562 quam

1995 579 2274 635 manifesta
2297 584 2515 637 veritate
2535 584 2867 638 convincam.
2899 583 3087 638 Nonne
3116 562 3304 638 sensus
3351 585 3583 642 hominis

1993 670 2192 726 donum
2227 671 2318 726 Dei
2365 681 2448 726 est
2495 672 2614 728 iEt
2641 685 2816 730 tamen
2865 674 2936 730 ibi
2976 675 3167 730 locavit
3209 677 3453 731 inimicus
3485 679 3572 733 ille

1995 765 2288 818 seminator
2315 763 2546 818 radicem
2593 765 2982 836 mali,qnando
3045 777 3318 837 peccalmn
3379 769 3580 824 homini

1995 857 2298 925 serpentiua
2352 857 2535 912 fraude
2561 859 2820 927 persuasit
2851 858 3001 930 (Gen.
3025 877 3098 924 ιιι,
3133 861 3275 932 1-6).
3300 861 3408 916 Nisi
3437 864 3580 918 enim

1995 947 2228 1003 radicem
2259 949 2382 1002 mali
2413 947 2679 1004 humanus
2709 959 2832 1004 tunc
2861 951 3127 1020 reciperet
3181 969 3399 1020 sensus,
3435 956 3580 1008 nullo

1995 1037 2156 1092 modo
2185 1039 2324 1094 male
2343 1040 2584 1094 suadenti
2611 1042 3104 1096 accommodaretur
3141 1059 3412 1100 assensus.
3443 1045 3580 1111 Quid

1993 1131 2165 1186 dicam
2215 1131 2284 1187 de
2331 1133 2511 1188 radice
2538 1135 2775 1188 omnium
2807 1133 3062 1188 malorum
3103 1137 3319 1190 avaritia
3350 1137 3461 1192 ?Et
3491 1137 3580 1192 ubi

1993 1233 2074 1278 est
2101 1227 2234 1294 huic,
2269 1225 2366 1280 nisi
2396 1227 2446 1280 in
2488 1225 2720 1280 hominis
2766 1227 2938 1280 anima
2962 1227 2984 1281 ?
3013 1237 3066 1280 et
3089 1227 3213 1298 quid
3240 1239 3321 1283 est
3349 1229 3580 1284 hominis

1993 1317 2190 1384 anima,
2223 1319 2323 1372 nisi
2347 1319 2543 1372 donum
2569 1319 2704 1373 Dei?
2734 1319 3012 1386 Quomodo
3048 1335 3174 1390 ergo
3204 1329 3256 1372 tu
3287 1320 3448 1385 dicis,
3480 1319 3580 1374 nisi

1995 1425 2098 1464 non
2129 1411 2517 1465 considerando
2533 1411 2655 1480 quid
2673 1411 2836 1474 dicas,
2860 1431 2876 1461 ι
2901 1409 3130 1465 radicem
3146 1411 3266 1466 ntali
3291 1411 3450 1465 locari
3471 1427 3576 1465 non

1995 1519 2152 1572 posse
2181 1505 2232 1557 in
2272 1503 2412 1558 dono
2458 1503 2587 1557 Dei?
2614 1523 2631 1554 ι
2667 1503 2770 1558 Sed
2797 1503 3152 1566 Manicluens,
3197 1504 3278 1558 cui
3313 1519 3406 1572 per
3451 1503 3579 1558 istas

1994 1594 2416 1650 inconsideratas
2447 1597 2737 1649 sententias
2769 1603 2882 1648 tuas
2911 1595 3192 1663 plurimum
3225 1595 3534 1664 snli‘ragaris
3557 1631 3576 1660 ,

1991 1687 2116 1757 quid
2145 1688 2236 1741 tibi
2255 1687 2394 1741 dicat
2421 1687 2654 1741 attende.
2679 1685 2731 1741 Si
2753 1701 2870 1741 esse
2898 1687 3214 1742 rationalem
3245 1695 3538 1740 creaturam
3561 1725 3578 1750 ,

1997 1777 2086 1832 Dei
2108 1777 2304 1832 donum
2327 1787 2438 1846 est,
2467 1787 2519 1832 et
2540 1777 2672 1832 dicis
2699 1775 2864 1830 locari
2889 1793 2992 1830 non
3020 1793 3174 1845 posse
3194 1777 3424 1830 radicem
3454 1777 3577 1829 mali

1994 1873 2044 1924 in
2097 1871 2240 1924 dono
2283 1871 2410 1936 Dei;
2465 1881 2664 1940 quanto
2697 1871 3017 1940 probabilius
3055 1869 3268 1932 dicitur,
3299 1869 3426 1921 oriri
3467 1883 3574 1922 non

1995 1975 2150 2028 posse
2171 1959 2402 2014 radicem
2421 1961 2547 2015 mali
2567 1977 2628 2015 ex
2649 1961 2788 2015 dono
2815 1961 2904 2015 Dei
2920 1959 2943 2013 ?
2959 1961 3035 2014 Ac
3059 1961 3136 2014 sic
3163 1967 3212 2012 te
3228 1958 3576 2029 suffragatore

1993 2050 2282 2105 introducit
2319 2051 2640 2106 Manichmus
2670 2051 2900 2106 radicem
2931 2051 3052 2104 ntali
3078 2065 3141 2104 ex
3171 2049 3256 2104 illa
3285 2065 3442 2126 quam
3467 2063 3572 2104 non

1991 2159 2022 2198 a
2055 2145 2164 2197 Deo
2187 2151 2418 2198 creatam
2441 2187 2454 2210 ,
2493 2143 2586 2198 sed
2633 2143 2740 2198 Deo
2783 2151 3100 2198 comteruam
3149 2141 3302 2212 fingit
3329 2150 3576 2196 naturam

1991 2235 2138 2289 ntali.
2172 2234 2433 2299 Quoniam
2473 2234 2516 2288 si
2558 2233 2754 2288 dixeris
2777 2273 2792 2298 ,
2823 2249 2885 2288 ex
2915 2233 3082 2288 libero
3110 2233 3330 2286 arbitrio
3373 2241 3582 2288 natura:

1991 2327 2144 2381 bonae
2167 2341 2196 2380 a
2221 2327 2329 2381 Deo
2355 2335 2548 2381 creatae
2573 2337 2746 2381 ortam
2777 2323 2902 2378 mali
2933 2325 3164 2378 radicem
3196 2323 3359 2394 (quod
3386 2322 3578 2379 catho-

1993 2419 2093 2474 lica
2121 2419 2316 2472 veritas
2357 2417 2542 2489 dicit);
2581 2417 2682 2472 illis
2709 2417 2887 2472 verbis
2919 2415 3022 2470 tuis
3051 2427 3100 2470 te
3127 2415 3376 2470 facillime
3411 2429 3574 2484 supe-

1991 2517 2092 2576 rat,
2109 2510 2195 2564 ubi
2207 2509 2304 2574 ais,
2317 2528 2335 2561 ι
2347 2507 2574 2562 radicem
2591 2507 2711 2561 mali
2725 2507 2886 2562 locari
2901 2521 3004 2561 non
3023 2521 3178 2576 posse
3191 2507 3241 2560 in
3255 2505 3395 2560 dono
3413 2506 3524 2558 Dei:
3545 2523 3566 2558 ι

1989 2603 2112 2674 quia
2134 2610 2188 2657 et
2213 2601 2435 2656 liberum
2455 2599 2730 2654 arbitrium
2753 2597 3118 2668 proculdubio
3144 2595 3432 2652 estdonuut
3451 2597 3564 2650 Dei.
3637 2633 3646 2638 .

1990 2694 2068 2749 Ae
2095 2709 2189 2762 per
2217 2692 2316 2746 hoc
2337 2708 2456 2746 cum
2489 2690 2642 2744 «mali
2671 2689 2900 2744 radicem
2924 2689 2976 2742 in
3001 2687 3142 2744 dono
3167 2689 3260 2744 Dci
3279 2688 3438 2742 locari
3465 2705 3570 2742 tum

1993 2802 2148 2856 posse
2174 2805 2191 2838 ι
2209 2785 2410 2852 dixisti,
2432 2783 2719 2840 Manicbceo
2737 2783 2876 2854 quod
2891 2791 3078 2838 contra
3099 2791 3152 2838 te
3167 2781 3387 2846 diceret,
3405 2791 3458 2835 tu
3479 2781 3572 2836 de-

1991 2877 2134 2932 disti.
2159 2877 2290 2943 Quia
2317 2876 2362 2930 si
2395 2893 2496 2930 non
2533 2875 2770 2944 potestin
2801 2875 2942 2930 bono
2971 2875 3132 2930 locari
3165 2873 3398 2939 malum,
3431 2872 3574 2944 quod

1993 2977 2048 3024 tu
2074 2969 2210 3024 dicis
2239 2969 2400 3034 mihi;
2430 2969 2598 3022 multo
2619 2969 2794 3022 minus
2823 2975 2998 3038 potest
3025 2967 3152 3020 oriri
3178 2983 3243 3020 ex
3271 2965 3412 3020 bono
3453 2981 3572 3019 nta-

1992 3061 2131 3128 lum,
2163 3062 2303 3132 quod
2335 3062 2423 3116 ille
2447 3061 2574 3115 dicit
2601 3059 2712 3114 tibi.
2749 3061 2826 3114 Ac
2863 3060 2939 3113 sie
2982 3058 3296 3124 concludet,
3325 3073 3428 3112 non
3455 3071 3576 3112 esse

1992 3154 2188 3208 malum
2221 3155 2317 3207 nisi
2349 3169 2414 3208 ex
2437 3153 2577 3206 malo
2610 3153 2730 3207 :ubi
2763 3151 2930 3206 vietor
2949 3151 3211 3206 videbitur
3231 3151 3328 3204 sibi
3352 3192 3364 3212 ,
3391 3159 3444 3204 et
3471 3149 3578 3204 erit.

1991 3243 2261 3315 profecto,
2297 3243 2396 3297 nisi
2417 3251 2470 3297 et
2497 3243 2568 3296 illi
2591 3243 2868 3296 resistatur
2891 3250 2945 3296 et
2979 3242 3090 3295 tibi.
3123 3240 3332 3296 Veritas
3361 3255 3488 3310 ergo
3513 3239 3579 3292 li-
3659 3301 3668 3304 _

1991 3337 2078 3392 (lci
2105 3336 2382 3390 catholica:
2429 3337 2482 3390 in
2523 3335 2605 3389 bis
2653 3335 2829 3390 verbis
2855 3335 3046 3388 vestris
3075 3333 3194 3388 ideo
3225 3333 3385 3386 vineit
3411 3331 3578 3390 Manis

1992 3428 2197 3484 chtenm
2220 3470 2234 3492 ,
2267 3427 2387 3496 quia
2419 3427 2579 3481 vincit
2607 3435 2660 3480 et
2690 3435 2739 3480 te
2765 3426 2952 3493 ipsum.
2987 3423 3118 3478 Nam
3159 3423 3206 3478 si
3237 3431 3286 3478 te
3314 3439 3418 3476 nun
3453 3423 3572 3476 viu-

1991 3527 2137 3574 ceret
2159 3517 2446 3584 dicentem,
2471 3535 2490 3569 ι
2515 3533 2618 3572 non
2635 3531 2788 3586 posse
2806 3516 2857 3570 in
2879 3515 3020 3570 dono
3039 3515 3130 3570 Dei
3149 3515 3310 3568 locari
3339 3514 3574 3568 radicem

1992 3611 2115 3668 mali
2137 3629 2152 3676 ;
2181 3631 2200 3664 ›
2221 3612 2388 3665 multo
2409 3611 2582 3665 minus
2605 3609 2950 3664 Manieltauun
2979 3616 3158 3678 posset
3173 3607 3382 3660 vincere
3394 3606 3577 3660 dicen-

1995 3713 2100 3758 tem
2119 3745 2132 3766 ,
2157 3718 2263 3758 non
2291 3718 2449 3774 posse
2475 3719 2540 3757 ex
2578 3701 2719 3756 dono
2747 3700 2836 3755 Dei
2859 3701 2986 3754 oriri
3019 3699 3250 3754 radicem
3291 3699 3435 3752 mali.
3465 3695 3576 3752 Sed

1993 3805 2052 3848 ut
2072 3794 2248 3848 vincat
2285 3794 2502 3858 ambos,
2531 3807 2630 3846 nec
2666 3789 2880 3846 aliunde
2905 3789 3060 3854 oriri,
3097 3805 3196 3844 nec
3231 3788 3420 3842 alicubi
3455 3801 3578 3842 esse

1995 3901 2152 3956 posse
2173 3886 2302 3940 dicit
2330 3885 2564 3940 radicem
2585 3883 2741 3950 mali,
2769 3883 2872 3938 nisi
2903 3899 2966 3938 ex
3013 3890 3199 3936 natura
3225 3890 3279 3937 et
3305 3882 3354 3934 in
3387 3889 3574 3934 natura

1993 3977 2274 4042 rationali;
2301 3977 2386 4030 cui
2415 3991 2538 4032 esse
2578 3985 2822 4030 naturam
2861 3973 3174 4028 rationalem
3221 3987 3326 4027 non
3353 3981 3436 4026 est
3476 3969 3580 4024 nisi

1995 4068 2192 4124 donum
2221 4069 2311 4122 Dei
2340 4086 2350 4120 :
2384 4067 2740 4136 sedquoniam
2768 4081 2800 4120 a
2825 4079 3034 4120 summo
3055 4064 3580 4134 atqueincommnta-

1995 4160 2086 4216 bili
2105 4160 2244 4214 bono
2269 4159 2336 4213 de
2357 4159 2524 4212 nihilo
2551 4158 2684 4212 facta
2705 4167 2815 4220 est,
2844 4165 2902 4210 ut
2931 4165 3110 4222 esset,
3133 4157 3378 4225 quamvis
3407 4163 3580 4206 muta-

1995 4249 2119 4316 bile,
2143 4260 2315 4304 tamen
2341 4249 2568 4312 bonum;
2597 4247 2826 4303 deficere
2847 4246 2920 4318 (a)
2939 4263 2968 4300 a
2992 4248 3130 4300 bono
3147 4261 3297 4315 aquo
3323 4245 3452 4298 facta
3475 4251 3578 4307 est,

1994 4339 2097 4395 hoc
2117 4349 2200 4394 est
2224 4341 2238 4370 ⁸
2269 4357 2335 4394 ett
2369 4340 2476 4402 illa,
2504 4340 2584 4394 vel
2613 4340 2665 4392 in
2697 4339 2786 4392 illa
2813 4338 2964 4392 radix
2991 4337 3116 4391 ntali
3146 4353 3158 4390 :
3189 4337 3312 4406 quia
3341 4337 3468 4390 nihil
3495 4345 3578 4390 est

1994 4433 2136 4486 aliud
2163 4433 2358 4486 malum
2378 4473 2392 4496 ,
2413 4431 2514 4484 nisi
2541 4432 2768 4500 privatio
2796 4429 2940 4485 boni.

2065 4527 2153 4580 45.
2173 4525 2288 4581 Jam
2311 4541 2472 4598 porro
2493 4525 2580 4578 ubi
2597 4525 2751 4590 dicis,
2776 4541 2794 4575 ι
2818 4525 3010 4578 lterum
3023 4523 3160 4577 ratio
3180 4537 3284 4577 non
3304 4521 3426 4576 sinit
3443 4531 3492 4574 nl
3510 4519 3576 4576 de

1994 4617 2136 4672 bono
2153 4617 2348 4670 malum
2376 4625 2430 4672 et
2459 4615 2524 4671 de
2544 4614 2690 4685 justo
2714 4615 2952 4685 iniquum
2980 4613 3176 4684 aliquid
3203 4613 3528 4684 proferatur;
3555 4630 3575 4663 ι

1995 4723 2216 4781 prorsus
2245 4707 2656 4768 Manichaiorum
2687 4707 2844 4761 verba
2878 4705 3030 4761 dicis.
3071 4703 3182 4760 lloc
3233 4705 3374 4759 enim
3427 4719 3576 4758 asse-

1995 4811 2138 4867 runt,
2163 4816 2268 4856 non
2295 4815 2452 4871 posse
2475 4800 2672 4854 malum
2710 4797 2937 4870 proferri
2964 4797 3062 4851 nisi
3105 4796 3172 4852 de
3207 4797 3379 4861 malo;
3423 4806 3477 4851 et
3509 4795 3579 4850 ibi

1998 4904 2104 4950 tota
2130 4909 2314 4950 eorum
2347 4892 2567 4947 nefanda
2595 4903 2740 4946 secta
2769 4891 3043 4956 consistit,
3092 4891 3213 4960 quia
3257 4889 3403 4958 prius
3446 4901 3578 4943 con.

1997 4986 2220 5042 tendunt
2245 4985 2442 5040 malum
2487 4982 2712 5054 proferri
2743 4999 2846 5036 non
2875 4997 3033 5052 posse
3059 4981 3126 5035 de
3167 4981 3326 5036 bene.
3359 4979 3508 5047 Quod
3537 4979 3582 5033 si

1995 5079 2075 5134 eis
2097 5089 2147 5132 te
2170 5083 2388 5131 auctore
2417 5075 2876 5140 concesserimus,
2905 5071 3034 5126 nihil
3064 5073 3216 5127 nobis
3251 5071 3460 5142 penitus
3491 5083 3580 5123 re-

1996 5170 2259 5234 manebit,
2289 5167 2430 5223 unde
2475 5167 2683 5222 illorum
2715 5165 2913 5222 nefaria
2963 5167 3208 5237 dogmata
3259 5165 3581 5230 redarguere

1997 5265 2284 5318 valeamus.
2307 5259 2418 5314 lloc
2443 5267 2527 5316 est
2549 5269 2746 5326 autem,
2770 5259 3007 5330 Iniquum
3030 5258 3095 5312 de
3114 5257 3258 5327 justo
3277 5273 3290 5318 ;
3310 5253 3449 5324 quod
3469 5263 3548 5306 est
3565 5293 3583 5320 ,

1998 5354 2190 5408 Malum
2217 5354 2282 5408 de
2329 5352 2488 5406 bono.
2519 5351 2790 5406 Catholica
2840 5353 2997 5421 igitur
3039 5349 3169 5403 fides
3190 5389 3205 5410 ,
3235 5353 3369 5400 utet
3409 5343 3497 5398 tibi
3527 5353 3585 5398 et

1997 5443 2102 5500 illis
2125 5443 2364 5508 resistat,
2397 5447 2494 5497 hoc
2512 5443 2660 5508 dicit,
2689 5459 2792 5498 non
2813 5443 3070 5513 prolatum
3101 5453 3218 5494 esse
3249 5437 3443 5492 malum
3478 5435 3580 5490 nisi

1971 5537 2065 5593 -de
2089 5537 2230 5592 bono
2249 5547 2334 5602 ,et
2356 5537 2593 5607 iniquum
2619 5537 2720 5592 nisi
2743 5535 2991 5604 dcjusto.
3021 5533 3153 5600 Quia
3179 5531 3321 5602 prius
3354 5530 3576 5600 angelus

1998 5638 2052 5686 et
2075 5629 2256 5694 homo,
2286 5629 2352 5684 de
2373 5629 2563 5699 quibus
2581 5629 2678 5683 ista
2707 5627 2904 5696 prolata
2934 5633 3090 5690 sunt,
3121 5622 3246 5679 boni
3275 5631 3424 5679 erant
3462 5619 3540 5678 uti
3559 5644 3578 5661 ο

2061 5724 2079 5755 ¹
2115 5729 2255 5772 Juxta
2275 5727 2350 5770 Er.
2373 5721 2518 5783 Lugd.
2545 5727 2664 5769 Ven.
2687 5725 2817 5778 Lov.,
2841 5715 2946 5767 haec
2968 5721 3056 5766 est.
3119 5721 3178 5765 Μ.

2062 5783 2136 5850 (a)
2161 5791 2320 5846 Forte,
2342 5781 2549 5848 deﬁcere
2567 5793 2720 5846 posse.
