4038 6474
395 346 495 400 G7!

395 470 501 525 que
530 462 584 508 et
604 449 754 522 lusi}.
784 446 900 504 Non
933 445 1094 516 igitur
1117 443 1414 500 resistimus
1440 438 1745 495 llanichacis
1788 437 1888 492 nisl
1922 443 1980 493 et

395 559 427 598 a
451 553 504 598 te
523 543 539 574 ⁸
570 541 906 596 obtineamus
927 579 940 599 ,
972 550 1076 590 non
1101 549 1222 589 esse
1248 533 1386 588 mala
1411 541 1527 588 orta
1553 531 1656 586 nisi
1682 545 1748 585 cx
1775 528 1932 584 bonis
1963 542 1979 587 :

401 648 501 688 nec
529 647 589 687 ea
615 630 750 686 mala
776 626 1099 683 substantias
1119 638 1238 680 esse
1257 664 1274 691 ,
1298 622 1392 678 sed
1414 621 1830 678 substantiarum
1857 619 1982 674 vitia

399 733 696 780 crcatarum
713 761 729 788 ,
761 719 950 790 quibus
976 715 1231 772 deficiunt
1255 731 1284 768 a
1311 714 1450 770 bono
1477 713 1727 784 quoniam
1758 709 1989 780 mutabi-

403 815 483 872 les
507 822 657 880 sunt,
677 825 742 867 eo
771 809 909 880 quod
931 824 995 866 ex
1023 807 1190 862 nihilo
1221 805 1374 860 facta:
1421 811 1562 859 sunt.
1596 802 1723 858 Hinc
1757 809 1840 856 est
1883 799 1986 856 do-

401 904 588 960 ctrina:
619 899 894 957 catholicae
922 899 1120 954 sanitas
1138 939 1153 965 ,
1207 911 1311 968 qua
1341 894 1644 950 Manicheam
1674 891 1988 963 pestilentia:

401 994 549 1049 virus
569 991 854 1062 expellitur
867 1030 881 1043 .

475 1084 567 1140 44.
593 1081 745 1139 Unde
761 1082 852 1136 ille
877 1079 1067 1135 doctor
1088 1092 1272 1144 meus,
1306 1075 1380 1132 tui
1410 1074 1570 1130 etiam
1598 1072 1724 1128 mali
1753 1069 1988 1126 doctoris

408 1192 504 1233 ore
528 1174 773 1231 laudatus
800 1171 1144 1237 Ambrosius,
1175 1169 1228 1224 in
1259 1183 1324 1224 eo
1368 1167 1508 1222 libro
1552 1179 1714 1237 quem
1743 1163 1811 1219 de
1841 1161 1990 1217 Isaac

410 1278 467 1326 et
482 1269 669 1324 Anima
685 1265 922 1336 scripsit:
947 1282 965 1314 α
977 1262 1113 1333 Quid
1124 1277 1251 1333 ergo
1267 1270 1367 1328 est,
1381 1281 1398 1313 ›
1411 1260 1599 1330 inquit,
1612 1277 1630 1310 ‹
1643 1257 1866 1323 malitia,
1887 1255 1992 1310 nisi

411 1359 539 1414 boni
562 1356 913 1428 indigentia?»
934 1355 1002 1410 Et
1031 1355 1223 1410 iterum
1257 1353 1332 1406 ait
1353 1351 1481 1407 :tEx
1503 1350 1656 1406 bonis
1679 1349 1835 1419 igitur
1855 1346 1993 1402 mala

412 1461 530 1506 orta
543 1458 687 1504 sunt.
716 1447 830 1502 Non
851 1447 992 1502 enim
1019 1444 1292 1500 suntmala
1310 1485 1324 1509 ,
1353 1442 1454 1496 nisi
1472 1456 1588 1511 qua:
1611 1441 1884 1510 privantur
1897 1437 1996 1492 bo-

414 1541 500 1595 nis
532 1557 545 1592 :
571 1555 668 1610 per
703 1537 837 1592 mala
889 1546 1064 1590 tamen
1095 1533 1291 1588 factum
1323 1539 1488 1586 estut
1514 1532 1650 1584 bona
1678 1530 1996 1585 eminerent.

415 1631 555 1700 Ergo
573 1629 855 1699 indigentia
874 1627 1020 1694 boni,
1040 1625 1192 1680 radix
1219 1623 1434 1678 malitia:
1457 1619 1735 1694 esti(Cap.
1751 1619 2000 1692 7).Vides

412 1737 574 1792 quam
627 1735 748 1774 vera
801 1717 1078 1774 catholica:
1110 1715 1233 1772 fidei
1261 1715 1469 1770 ratione
1494 1712 1785 1782 rcdarguat
1811 1710 2002 1766 beatus

414 1811 730 1868 Ambrosius
753 1808 1073 1864 Manichacos
1113 1806 1137 1860 Ἰ
1179 1805 1341 1860 Vides
1387 1801 1833 1876 quemadmodum
1865 1816 1960 1857 eos
1983 1841 1998 1866 ,

415 1903 660 1973 quamvis
680 1903 733 1956 in
761 1899 951 1957 eadem
975 1898 1333 1968 disputatione
1363 1911 1467 1949 non
1498 1894 1854 1949 nominaverit
1873 1933 1887 1955 .
1918 1900 2001 1946 ta-

417 2008 541 2049 men
575 1993 674 2046 ista
709 1991 1091 2046 sententiarum
1125 1989 1347 2042 veritate
1373 2001 1435 2040 ac
1475 1985 1732 2040 brevitate
1758 1983 2005 2039 convice-

417 2083 490 2139 rit
511 2083 534 2136 ?
554 2081 691 2137 Ecce
717 2079 803 2135 cui
834 2079 1034 2134 homini
1064 2079 1154 2134 Dei
1186 2087 1402 2147 propter
1426 2075 1684 2145 originale
1703 2082 2000 2144 peccatum,

419 2174 563 2245 quod
594 2173 891 2228 catholicus
934 2171 1198 2227 catholice
1244 2171 1502 2235 asseruit,
1553 2169 1741 2239 objicis
1788 2168 2005 2223 nomine

420 2263 835 2320 Mauiclimorum
859 2262 1112 2316 instinctu
1140 2259 1382 2316 maledici
1410 2258 1603 2315 furoris
1623 2258 1968 2330 opprobrium
1986 2299 2003 2325 ,

419 2355 509 2427 qui
540 2363 724 2411 contra
749 2353 1078 2425 suffragium,
1107 2351 1249 2424 quod
1277 2352 1355 2406 eis
1398 2360 1452 2406 tu
1483 2360 1706 2421 prazstas
1725 2392 1742 2417 ,
1778 2359 1883 2405 tam
1920 2350 2005 2405 iti-

419 2448 620 2503 victum
665 2445 734 2502 ad
779 2459 873 2501 eos
923 2443 1267 2500 debellandos
1293 2443 1570 2498 catholicis
1589 2442 2008 2512 disputatoribus

420 2539 628 2611 prtebet
645 2537 919 2592 auxilium.
945 2537 1036 2592 ille
1060 2537 1255 2607 quippe
1275 2535 1532 2591 adversus
1551 2534 1870 2590 Manichaeos
1895 2537 2008 2590 cla-

421 2638 582 2696 mat,¢
604 2629 677 2683 Ex
705 2629 1012 2683 bonismala
1038 2635 1153 2681 orta
1186 2635 1370 2681 sunt»
1395 2625 1715 2680 etadversus
1746 2641 1868 2680 eum
1901 2641 2001 2697 pro

423 2719 730 2777 Maniclucis
743 2728 798 2775 tu
815 2719 1094 2786 reclamas,
1106 2737 1122 2770 ι
1134 2717 1367 2773 Necesse
1379 2725 1463 2773 est
1474 2717 1668 2771 malum
1681 2731 1891 2782 esse,ex
1905 2733 2011 2787 quo

424 2821 482 2868 et
499 2828 593 2884 per
615 2811 756 2883 quod
783 2811 951 2867 malus
967 2811 1169 2865 fructus
1185 2809 1491 2881 apparuit»
1513 2817 1617 2874 et,¢
1632 2809 1732 2864 Per
1755 2825 1890 2878 opus
1918 2809 2011 2866 Dei

423 2922 561 2978 opus
577 2905 773 2961 diaboli
793 2904 1020 2959 transire
1037 2919 1144 2958 non
1161 2903 1371 2968 sinitur;
1387 2911 1488 2969 iet,
1501 2901 1584 2956 cln
1597 2903 1738 2956 dono
1754 2902 1843 2956 Dei
1861 2901 2011 2956 radix

425 2999 553 3055 mali
568 2997 730 3052 locari
746 3011 850 3050 non
869 3002 1063 3065 potest;
1094 3003 1196 3060 iet,
1210 2993 1435 3048 «Rerum
1451 2994 1586 3048 ratio
1607 3008 1710 3048 non
1733 2993 1858 3048 sinit
1879 2993 2013 3049 utde

425 3089 571 3146 bono
593 3089 810 3154 malum,
833 3102 895 3142 ac
910 3087 976 3142 de
993 3086 1135 3156 justo
1156 3085 1392 3157 iniquum
1405 3083 1604 3157 aliquid
1633 3085 1958 3156 proferatur.
1987 3104 2008 3138 ι

427 3181 554 3240 nam
581 3182 778 3237 clamas
807 3195 902 3250 pro
953 3179 1258 3235 Manichzeis
1285 3187 1471 3234 contra
1509 3193 1694 3233 vocem
1733 3177 2010 3234 catholica:

431 3273 673 3329 veritatis
692 3287 788 3343 per
809 3271 1138 3327 sacerdotem
1163 3272 1255 3327 Dei
1290 3271 1585 3342 prolatam;
1618 3281 1676 3325 ut
1725 3272 1770 3326 si
1819 3281 1875 3326 tu
1919 3285 2014 3326 au-

431 3365 626 3431 diaris,
648 3363 923 3418 Manichei
950 3363 1199 3428 vincant,
1245 3363 1518 3428 dicentes,
1562 3371 1619 3418 ut
1645 3362 1748 3416 alia
1774 3373 1974 3417 taceam
1995 3405 2010 3426 .

437 3456 536 3512 rSi
564 3470 744 3510 rerum
773 3455 910 3510 ratio
935 3470 1041 3509 non
1071 3455 1198 3509 sinit
1225 3463 1284 3508 ut
1311 3453 1379 3510 de
1408 3454 1549 3508 bono
1579 3454 1773 3508 malum
1817 3452 2015 3522 aliquid

431 3547 771 3619 proferatur;
809 3563 828 3598 ι
865 3563 970 3601 non
992 3562 1120 3616 ergo
1149 3562 1212 3601 ex
1237 3545 1426 3612 bonis,
1455 3546 1592 3600 sicut
1617 3545 1746 3598 dicit
1781 3544 2015 3600 Ambro-

435 3641 547 3695 sius
567 3681 581 3706 ,
606 3636 702 3693 sed
723 3676 738 3702 ,
765 3637 902 3691 sicut
931 3651 1030 3690 nos
1056 3637 1312 3704 dicimus,
1367 3651 1431 3690 ex
1489 3635 1614 3689 mali
1662 3645 1849 3690 natura
1895 3643 2014 3690 orta

494 3756 514 3786 ⁸
548 3763 614 3805 ttx
634 3755 917 3805 Floriaccnsi
942 3760 1024 3804 Ms.
1049 3753 1282 3811 addimus,
1308 3759 1354 3803 et
1376 3765 1405 3802 a
1423 3759 1486 3802 te.

1207 326 1479 386 CONTRA
1520 321 1856 383 lULlANUM
1895 319 2355 385 PELAGIANUM,
2395 321 2455 379 S.
2495 322 2865 382 AUGUSTINI

3567 320 3676 385 672

2093 443 2219 490 sunt
2241 435 2395 491 mala.
2422 436 2559 493 Ecce
2580 437 2632 492 in
2653 447 2904 510 quantam
2926 437 3232 511 voraginem
3261 437 3506 497 decidisti
3529 441 3674 496 male

2091 523 2434 597 intelligendo
2485 527 2768 584 Dominum
2795 529 3060 585 dicentem
3083 572 3098 597 ,
3134 529 3297 585 Arbor
3321 531 3450 585 bona
3475 535 3680 603 fructus

2092 618 2254 671 malos
2281 635 2384 673 non
2407 620 2528 691 facit
2553 636 2573 675 :
2597 634 2717 676 cum
2748 619 2852 676 hoc
2877 636 2982 676 non
3026 623 3096 678 sit
3130 622 3328 678 dictum
3353 622 3422 680 de
3448 633 3640 679 natura
3657 665 3676 693 ,

2094 710 2180 764 vel
2202 711 2270 766 de
2295 714 2522 782 nuptiis,
2561 729 2696 784 quas
2721 715 2950 770 instituit
2981 715 3121 772 Deus
3139 758 3154 783 ,
3183 716 3276 772 sed
3303 717 3370 773 de
3399 717 3685 775 voluntate

2097 803 2330 861 hominis
2355 807 2497 862 bona
2514 848 2530 874 ,
2562 822 2592 860 a
2611 823 2716 878 qua
2741 822 2848 862 non
2876 808 3011 862 fiunt
3035 823 3196 879 opera
3217 810 3380 864 mala.

2166 897 2258 952 45.
2289 895 2395 954 Sed
2417 914 2484 954 ne
2509 899 2644 955 forte
2671 901 2755 955 vel
2802 909 2856 955 tu
2875 941 2891 967 ,
2917 901 3001 955 vel
3029 902 3290 972 quispiam
3333 901 3506 969 dicat,
3534 903 3689 973 Quo-

2099 988 2259 1043 modo
2285 988 2354 1044 de
2377 990 2571 1046 arbore
2595 1006 2757 1060 quam
2801 991 2926 1047 facit
2953 991 3142 1061 homo,
3165 992 3222 1046 id
3257 1000 3372 1059 est,
3409 993 3690 1050 voluntate

2100 1079 2238 1134 bona
2267 1095 2372 1135 non
2418 1080 2552 1135 fiunt
2578 1080 2782 1137 fructus
2806 1082 2968 1148 mali;
2997 1082 3135 1138 etde
3164 1091 3354 1137 natura
3378 1098 3538 1153 quam
3561 1083 3692 1138 facit

2103 1171 2277 1238 Deus,
2300 1171 2412 1242 ipsa
2440 1187 2560 1242 qua:
2585 1171 2741 1228 faciat
2775 1172 2974 1229 fructus
2995 1174 3196 1240 malos,
3253 1175 3491 1230 nascitur
3526 1191 3694 1230 arnor

2105 1265 2246 1319 mala
2273 1282 2288 1318 :
2316 1265 2463 1335 quasi
2493 1264 2691 1336 aliquid
2739 1266 2929 1320 melius
2971 1265 3129 1320 faciat
3171 1266 3366 1332 homo,
3396 1264 3538 1322 unde
3577 1278 3692 1320 non

2107 1355 2274 1426 possit
2300 1356 2471 1410 malus
2501 1354 2705 1411 fructus
2745 1357 3010 1423 existere;
3041 1372 3200 1427 quam
3243 1365 3326 1412 est
3368 1357 3498 1412 illud
3544 1358 3692 1430 quod

2105 1447 2232 1503 facit
2256 1448 2427 1514 Deus,
2461 1447 2601 1503 unde
2621 1449 2789 1518 possit
2825 1450 2961 1503 mala
2991 1449 3151 1503 arbor
3174 1449 3404 1505 existere
3423 1450 3447 1504 2
3468 1465 3535 1505 ne
3568 1451 3696 1522 quis

2105 1555 2236 1610 ergo
2262 1541 2341 1596 sic
2370 1541 2727 1607 erret,audiat
2749 1541 3028 1610 diligenter
3051 1541 3387 1596 Ambrosium
3401 1541 3694 1610 dicentem,

2113 1651 2133 1684 ι
2165 1631 2301 1701 Quid
2329 1641 2407 1687 est
2437 1633 2671 1699 malitia,
2703 1634 2803 1688 nisi
2852 1633 2978 1689 boni
3027 1633 3314 1702 indigentia
3345 1633 3506 1689 ?Non
3539 1635 3692 1690 enim

2107 1733 2233 1778 sunt
2257 1724 2397 1779 mala
2441 1724 2542 1778 nisi
2575 1739 2692 1794 quae
2713 1725 2992 1794 privantur
3016 1724 3203 1790 bonis;
3237 1724 3360 1794 quia
3401 1725 3696 1796 indigentia

2109 1815 2262 1878 boni,
2292 1815 2441 1869 radix
2469 1815 2685 1870 malitia:
2713 1824 2814 1870 est.
2846 1833 2864 1866 ι
2899 1814 2964 1868 Ει
2991 1815 3112 1868 hinc
3141 1814 3396 1884 intelligat
3421 1813 3541 1870 ideo
3567 1829 3698 1871 esse

2109 1912 2357 1964 arborem
2376 1909 2592 1973 malam,
2615 1908 2940 1964 voluntatem
2968 1907 3161 1962 malam
3181 1925 3195 1972 ;
3214 1909 3335 1977 quia
3359 1906 3596 1962 defectus
3610 1917 3700 1962 est

2109 2017 2138 2055 a
2171 2015 2381 2054 summo
2400 2000 2540 2054 bono
2555 2043 2570 2067 ,
2591 2002 2678 2054 ubi
2709 2000 2905 2054 bonum
2937 2009 3172 2055 creatum
3192 1999 3332 2053 bono
3352 2008 3565 2054 creante
3581 2000 3699 2071 pri-

2111 2103 2286 2159 vatur,
2321 2100 2380 2146 ut
2407 2092 2476 2146 sit
2506 2091 2557 2146 in
2585 2106 2651 2146 eo
2671 2091 2822 2147 radix
2843 2091 2967 2146 mali
2997 2089 3128 2144 nihil
3177 2090 3318 2144 aliud
3351 2106 3506 2160 quam
3551 2091 3699 2145 indi-

2110 2183 2287 2254 gentia
2309 2181 2455 2236 boni.
2479 2181 2654 2237 Arbor
2676 2191 2852 2236 autem
2876 2181 3012 2236 bona
3034 2179 3155 2236 ideo
3176 2189 3259 2235 est
3274 2181 3514 2235 voluntas
3526 2180 3664 2236 bona
3681 2223 3697 2243 ,

2111 2275 2234 2345 quia
2267 2290 2362 2344 per
2385 2274 2552 2344 ipsam
2578 2273 2908 2328 convertitur
2935 2272 3096 2326 homo
3119 2271 3192 2326 ad
3229 2287 3489 2327 summum
3533 2285 3704 2342 atque

2113 2365 2542 2421 incommutabile
2587 2365 2784 2421 bonum
2821 2405 2838 2432 ,
2867 2374 2922 2420 et
2947 2364 3197 2435 impletur
3236 2364 3405 2431 bono,
3437 2374 3494 2418 ut
3529 2363 3702 2419 faciat

2115 2457 2345 2512 fructum
2375 2458 2594 2516 bonum.
2625 2459 2701 2513 Ac
2725 2472 2820 2526 per
2847 2456 2949 2513 hoc
2975 2457 3114 2512 Deus
3142 2466 3324 2512 auctor
3346 2463 3426 2511 est
3447 2456 3696 2510 omnium

2115 2548 2416 2614 bonorum,
2466 2548 2566 2604 hoc
2610 2557 2696 2606 est
2743 2557 2797 2603 et
2847 2557 3049 2602 natura:
3095 2547 3271 2614 bonae,
3313 2556 3368 2602 et
3408 2546 3706 2602 voluntatis

2115 2638 2303 2701 homo,
2334 2652 2492 2708 qnam
2520 2639 2620 2692 nisi
2669 2638 2808 2693 Deus
2854 2637 2906 2691 in
2947 2637 3042 2691 illo
3089 2645 3378 2706 operetur,
3417 2651 3524 2690 non
3576 2635 3710 2691 facit

2116 2726 2279 2782 homo
2299 2745 2312 2780 :
2331 2727 2452 2797 quia
2484 2735 2813 2800 praeparatur
2825 2727 3067 2782 voluntas
3086 2741 3115 2780 a
3133 2726 3362 2781 Domino
3383 2723 3563 2799 (Prov,
3583 2741 3706 2793 vui,

2117 2833 2220 2872 sec.
2247 2816 2438 2888 LXX).

2187 2909 2274 2964 46.
2301 2909 2408 2965 Sed
2433 2909 2542 2979 jam
2563 2907 2807 2963 ordinem
2832 2907 3196 2978 dispositionis
3221 2921 3356 2963 mea:
3393 2906 3550 2962 video
3597 2921 3698 2976 po-

2117 2999 2314 3055 stulare
2339 3040 2356 3066 ,
2378 3007 2436 3052 ut
2461 2997 2647 3054 faciam
2678 2999 2787 3052 Deo
2834 2997 3066 3053 donante
3090 3039 3105 3064 ,
3130 2997 3270 3069 quod
3293 2996 3449 3052 tertio
3474 2997 3592 3052 loco
3619 3011 3711 3051 tne

2119 3091 2378 3147 facturum
2407 3106 2528 3146 esse
2552 3091 2791 3161 promisi,
2817 3090 2922 3145 hoc
2943 3099 3046 3158 est,
3079 3101 3137 3147 ut
3162 3090 3543 3146 catholicorum
3566 3133 3579 3155 ,
3613 3092 3707 3160 qni

2118 3181 2332 3238 luerunt
2355 3190 2480 3238 ante
2507 3195 2626 3248 nos,
2655 3182 3033 3251 episcoporum
3059 3181 3343 3236 sententiis
3362 3221 3376 3246 ,
3419 3195 3711 3250 quascum-

2119 3289 2222 3346 que
2246 3274 2405 3330 rebus
2443 3273 2510 3329 de
2538 3273 2728 3344 quibus
2768 3274 2942 3343 agitur
2970 3282 3326 3343 congruentes
3351 3281 3574 3343 potuero
3613 3287 3710 3326 re-

2121 3365 2316 3434 perire,
2344 3365 2545 3420 vitreas
2572 3364 2805 3434 argutias
2826 3373 2944 3418 tuas
2964 3406 2978 3431 ,
3005 3373 3060 3418 et
3091 3363 3317 3434 fragilia,
3368 3363 3559 3433 quibus
3613 3362 3713 3416 tibi

2122 3454 2345 3510 multum
2376 3454 2569 3510 videris
2595 3463 2780 3508 acutus
2806 3464 2862 3510 et
2887 3454 3101 3519 nitidus,
3121 3467 3430 3524 argumenta
3459 3451 3703 3507 confrin-

2121 3559 2262 3614 gam.
2295 3545 2445 3612 Quod
2476 3545 2544 3599 ab
2572 3545 2677 3599 alio
2705 3546 3075 3614 aggrediemur
3095 3545 3332 3610 exordio,
3359 3544 3444 3598 hic
3465 3544 3622 3599 istius
3648 3542 3719 3597 li-

2121 3637 2203 3692 bri
2230 3639 2531 3708 prolixitate
2565 3637 2838 3692 conclusa.

1354 3949 1826 4058 LIBER
1909 3949 2786 4064 SECUNDUS.

501 4145 581 4196 Fel
598 4147 862 4210 igianorum
884 4149 1050 4210 contra
1072 4137 1310 4200 originale
1335 4148 1583 4210 peccatum
1603 4142 1889 4210 argumenta
1901 4137 2130 4210 quinque
2156 4136 2388 4210 convellit
2414 4141 2706 4210 auctoritate
2730 4152 2786 4210 ac
2806 4141 3070 4210 sententiis
3097 4139 3720 4210 catlmlicornmdoctorum

439 4212 519 4273 qui
535 4196 738 4273 ran‘t'ein
762 4206 971 4273 Ecclesia
993 4196 1874 4273 claruerunt,_episcoporumscilieet
1899 4196 2158 4273 illustrium
2179 4200 2354 4273 decem
2371 4235 2386 4258 ,
2412 4201 2608 4273 Irenaei,
2635 4203 2848 4263 Cypriani
2866 4238 2879 4253 .
2910 4203 3070 4273 [teticii
3091 4236 3105 4260 ,
3139 4201 3548 4273 (ilynipii..llilari_i
3566 4238 3580 4259 ,
3605 4211 3721 4250 (irc-

437 4259 561 4332 gorii
586 4269 888 4332 saliaiizeni,
921 4266 1148 4316 Ambrosii
1166 4299 1181 4321 ,
1207 4259 1388 4322 Basilii,
1413 4259 1606 4311 Joannis
1623 4259 2156 4322 ConstantinOpolitani,
2183 4269 2234 4310 et
2258 4265 2550 4324 Innocentii;
2585 4259 2775 4312 necnon
2798 4264 3071 4327 presbyteri
3094 4259 3097 4260 ⁷
3117 4259 3388 4327 Hieronymi
3406 4298 3420 4323 ,
3456 4266 3544 4314 viri
3567 4274 3727 4318 sanet;

437 4331 496 4383 ac
519 4331 804 4395 pereruditi.

1831 4400 2320 4435 Mm

512 4483 739 4540 CAPUT
769 4481 1052 4539 PRIMUM.
1082 4511 1152 4520 —
1181 4480 1230 4533 l.
1258 4476 1530 4544 Nuncjam
1559 4475 1687 4529 mihi
1717 4473 2030 4544 aggredien-

444 4577 573 4632 dum
604 4586 706 4642 est,
734 4575 874 4645 quod
907 4574 1062 4628 tertio
1088 4573 1204 4626 loco
1228 4570 1374 4640 posui
1394 4567 1756 4636 dispositionis
1785 4581 1918 4620 mea:
1943 4605 1957 4628 ,
1979 4572 2036 4618 ut

445 4670 725 4725 sententiis
752 4668 1166 4738 episcoporum,
1195 4665 1282 4733 qui
1327 4662 1628 4730 Scripturas
1681 4668 1896 4713 sanctas
1951 4657 2034 4710 iii-

443 4763 588 4833 genti
608 4762 772 4832 gloria
802 4767 1181 4823 tractaverunt,
1214 4765 1323 4818 tua,
1353 4754 1584 4817 Juliane,
1610 4751 1837 4806 Domino
1880 4749 2035 4818 adju-

455 4863 635 4917 vante,
662 4851 1085 4907 machinamenta
1130 4848 1453 4902 subvertam.
1486 4845 1600 4899 Non
1630 4853 1686 4898 ut
1723 4859 1818 4898 eos
1857 4853 2038 4898 osten-

446 4946 571 5001 dam
598 4941 889 4997 secundum
916 4939 1228 4994 catholicam
1259 4937 1415 4992 fidem
1446 4935 1512 4990 de
1533 4935 1776 5005 originali
1804 4933 2038 4988 sensisse

449 5045 700 5108 peccato;
733 5032 833 5088 hoc
873 5033 1016 5086 enim
1039 5030 1146 5100 jam
1178 5029 1228 5084 in
1262 5028 1448 5099 primis
1472 5026 1628 5096 hujus
1655 5027 1834 5095 operis
1875 5024 2037 5094 parti-

449 5127 551 5182 lins
577 5125 698 5188 feci,
729 5132 786 5177 ut
811 5122 932 5176 inde
963 5131 1316 5176 monstrarem
1340 5159 1354 5184 ,
1384 5127 1512 5188 quot
1539 5127 1593 5174 et
1633 5117 1846 5187 quantis
1870 5115 2030 5179 viris,

451 5216 708 5280 Ecclesia:
733 5214 930 5268 sanctis
959 5211 1225 5282 clarisque
1253 5210 1558 5265 doctoribus
1577 5249 1593 5276 ,
1625 5207 2036 5263 Manichaeorum

448 5308 652 5362 crimen
675 5305 968 5376 impingas;
993 5313 1046 5357 et
1071 5318 1190 5357 cum
1218 5317 1303 5356 me
1331 5303 1482 5372 cupis
1502 5300 1638 5371 apud
1669 5299 2036 5368 imperitorum

450 5399 763 5455 decolorare
787 5395 986 5467 judicia
1007 5437 1023 5462 ,
1051 5410 1144 5450 eos
1169 5395 1257 5465 qni
1285 5393 1602 5450 catholicam
1652 5391 1810 5446 fidem
1851 5400 2036 5444 contra

452 5489 734 5546 haereticos
758 5485 1128 5551 defenderunt,
1159 5485 1376 5540 hmresis
1407 5483 1618 5538 nefaria:
1640 5483 1853 5535 nomine
1876 5494 2038 5534 accn-

453 5594 562 5636 ses.
583 5580 688 5636 Sed
714 5595 857 5635 nunc
881 5588 1190 5652 argumenta
1220 5579 1335 5649 ipsa
1359 5588 1556 5639 vestra,
1573 5575 1766 5645 quibus
1789 5573 1943 5645 agitis
1971 5589 2040 5628 ne

455 5672 734 5730 hominum
773 5673 943 5744 prima
970 5673 1215 5728 nativitas
1233 5670 1476 5742 originali
1523 5677 1743 5739 peccato
1791 5666 2039 5723 credatur

463 5766 744 5837 obstricta,
767 5764 992 5838 eloquiis
1017 5774 1140 5822 sunt
1163 5763 1526 5837 redarguenda
1546 5769 1872 5818 sanctorum.
1892 5757 2039 5828 Quos

2140 4484 2352 4545 oportet
2377 4483 2433 4529 ut
2461 4475 2640 4546 populi
2671 4475 2946 4529 christiani
2979 4476 3168 4530 vestris
3206 4477 3440 4545 profanis
3467 4477 3720 4532 novitati-

2140 4567 2241 4622 bus
2263 4576 2606 4637 anteponant,
2634 4570 2815 4638 eisque
2846 4568 3020 4637 potius
3046 4568 3240 4639 eligant
3260 4568 3533 4624 adlnerere
3559 4585 3725 4637 quam

2143 4660 2316 4714 vobis.

2210 4751 2265 4805 2.
2299 4751 2421 4807 Hmc
2475 4761 2600 4806 sunt
2650 4761 2794 4808 certe
2847 4753 2992 4808 velut
3063 4753 3237 4824 capita
3289 4762 3728 4824 argumentorum

2143 4843 2292 4912 quasi
2322 4834 2650 4898 formidanda
2697 4854 3016 4910 vestrorum,
3061 4846 3254 4914 quibus
3306 4845 3515 4899 terretis
3573 4845 3730 4897 infir-

2142 4949 2280 4999 mos,
2310 4943 2364 4988 et
2391 4935 2564 4988 minus
2588 4950 2744 5005 quam
2785 4946 2974 4997 contra
2996 4952 3091 4989 vos
3140 4935 3372 5006 expedit,
3411 4935 3574 4990 sacris
3612 4935 3730 4989 Lit-

2144 5026 2274 5079 teris
2295 5025 2552 5080 eruditos.
2576 5025 2758 5081 Dicitis
2784 5027 2945 5088 cnim,
2978 5046 2996 5078 ‹
3025 5026 3132 5080 Nos
3161 5026 3450 5082 asserendo
3473 5028 3734 5096 originale

2145 5128 2452 5186 peceatum,
2505 5117 2775 5172 diabolum
2807 5118 2986 5174 dicere
3043 5119 3319 5174 hominum
3395 5121 3732 5174 nascentium

2145 5208 2495 5274 conditorem,
2527 5209 2781 5264 damnare
2827 5213 3061 5280 nuptias,
3112 5226 3308 5281 negare
3357 5211 3410 5265 in
3457 5211 3735 5281 Baptismu

2145 5299 2339 5355 dimitti
2376 5302 2618 5355 universa
2665 5312 2902 5371 peccata,
2953 5303 3118 5356 Deum
3164 5302 3390 5358 crimine
3438 5303 3737 5374 iniquitatis

2146 5406 2392 5461 arguere,
2420 5393 2848 5461 desperationem
2878 5394 3221 5462 perfectionis
3253 5395 3516 5465 ingerere.
3549 5413 3566 5446 ι
3600 5393 3731 5450 llaec

2099 5531 2104 5536 .
2146 5484 2342 5554 quippe
2367 5485 2544 5540 omnia
2571 5487 2954 5557 consequentia
2993 5502 3112 5543 csse
3135 5488 3477 5554 contenditis,
3525 5490 3568 5544 si
3613 5504 3736 5544 cre-

2145 5574 2336 5630 damus
2362 5577 2510 5632 nasci
2537 5579 2790 5648 parvulos
2821 5588 3038 5648 peccato
3065 5579 3222 5649 primi
3265 5579 3496 5634 hominis
3541 5579 3742 5651 obliga-

2149 5675 2252 5733 tos,
2284 5675 2341 5722 et
2358 5667 2427 5723 ob
2451 5666 2554 5722 hoc
2577 5683 2697 5724 esse
2721 5669 2821 5724 sub
2859 5669 3092 5731 diabolo,
3137 5670 3240 5724 nisi
3284 5679 3636 5725 renascantur
3679 5671 3744 5726 in

2146 5757 2378 5816 Christo.
2415 5775 2435 5813 ι
2469 5759 2720 5817 Diabolus
2750 5761 2891 5817 enim
2937 5770 3102 5829 creat,
3143 5779 3160 5814 ι
3194 5760 3371 5817 dicitis
3399 5779 3418 5814 ς
3452 5762 3497 5819 si
3535 5776 3599 5818 ex
3630 5761 3744 5819 hoc
