4038 6490
277 383 377 441 673

273 500 492 554 vulnere
517 501 791 560 creantur,
822 489 964 563 quod
989 489 1232 547 diabolus
1249 497 1473 558 naturai,
1491 503 1609 560 qua:
1625 489 1854 560 primum

275 588 483 648 condita
509 598 614 653 est,
644 586 832 642 inﬂixit
858 585 1106 640 humana:
1137 601 1150 638 :
1182 593 1236 639 et
1268 583 1591 638 damnantur
1633 582 1852 652 nuptiae,

273 683 317 738 si
346 678 548 752 aliquid
579 679 720 734 unde
743 675 1076 732 damnabiles
1100 684 1444 745 generantur,
1493 671 1691 727 habere
1732 686 1854 726 cre-

274 773 469 828 duntur
499 788 515 826 :
539 783 640 826 uec
663 768 841 823 omnia
868 775 1084 836 peccata
1113 765 1453 820 dimittuntur
1480 762 1531 817 in
1563 761 1853 832 Baptismo,

271 865 315 920 si
339 861 562 934 aliquod
587 861 641 916 in
668 861 950 932 baptizatis
979 858 1302 928 conjugibus
1349 865 1594 911 remanet
1633 855 1854 921 malum,

271 971 334 1011 ex
363 969 472 1022 quo
502 963 828 1024 generentur
850 950 995 1006 mali.
1028 948 1489 1018 Quemadmodum
1537 955 1714 1002 autem
1750 961 1856 1000 non

271 1056 347 1101 oet
376 1045 596 1112 iniquus
618 1044 779 1108 Deus,
815 1042 1056 1112 quicum
1114 1040 1397 1110 baptizatis
1449 1041 1686 1093 remittat
1738 1051 1858 1106 pec-

270 1146 387 1192 cata
421 1134 664 1206 propria,
719 1133 1003 1203 parvulum
1044 1131 1285 1196 damnat,
1335 1140 1460 1200 quia
1512 1144 1632 1183 cum
1673 1128 1742 1183 ab
1768 1127 1859 1182 illo

269 1240 567 1290 crearetur,
599 1228 842 1283 nesciens
890 1241 990 1280 nec
1027 1225 1214 1280 volens
1240 1223 1402 1278 etiam
1443 1237 1508 1277 ex
1535 1222 1636 1276 illis
1661 1235 1857 1292 paren-

273 1321 434 1385 tibus,
462 1319 658 1388 quibus
692 1319 914 1372 remissa
940 1314 1171 1379 fuerant,
1207 1314 1368 1368 traxit
1387 1313 1599 1366 aliena?
1624 1310 1732 1366 Nec
1751 1311 1859 1364 vir-

272 1420 378 1477 tus,
409 1409 497 1465 cui
533 1408 795 1463 vitiositas
843 1407 1158 1478 intelligitur
1204 1420 1327 1460 esse
1363 1404 1649 1468 contraria,
1701 1417 1860 1473 posse

274 1500 514 1557 creditur
561 1499 768 1571 perlici;
821 1499 946 1569 quia
997 1498 1304 1568 ingenerata
1352 1495 1482 1550 vitia
1546 1494 1860 1549 incredibile

271 1603 352 1646 est
396 1605 556 1662 posse
602 1588 880 1646 consumi:
911 1604 1029 1660 qua:
1071 1588 1182 1658 jam
1245 1600 1347 1642 nec
1385 1584 1512 1640 vitia
1559 1585 1859 1654 deputanda

271 1692 414 1736 sunt.
444 1681 564 1736 Non
620 1680 765 1736 enim
809 1686 1014 1750 peccat,
1055 1677 1145 1750 qui
1179 1691 1290 1732 non
1335 1683 1509 1746 potest
1551 1673 1696 1730 aliud
1739 1688 1860 1729 esse

273 1789 430 1845 quam
461 1781 678 1828 creatus
696 1780 797 1826 est.
823 1788 845 1824 ι

342 1866 394 1921 5.
428 1864 555 1920 Haec
576 1864 622 1918 si
654 1862 794 1919 ﬁdeli
845 1859 1116 1932 diligentia
1143 1857 1478 1930 qumreretis,
1523 1870 1624 1912 nec
1650 1871 1716 1912 ea
1741 1869 1861 1926 qua:

274 1958 551 2013 catholica:
573 1956 696 2012 ﬁdei
723 1955 949 2012 veritate
975 1952 1477 2024 atque‘antiquitate
1500 1949 1862 2004 fundatasunt

275 2047 474 2104 inﬁdeli
501 2046 880 2119 oppugnaretis
925 2044 1179 2107 audacia;
1211 2043 1263 2097 in
1290 2057 1353 2097 ea
1383 2057 1503 2111 qua:
1548 2040 1862 2098 abscondita

274 2147 397 2193 sunt
424 2139 751 2208 sapientibus
776 2145 831 2192 et
856 2133 1224 2206 prudentibus,
1252 2141 1305 2188 et
1328 2132 1557 2188 revelata
1586 2139 1711 2186 sunt
1735 2146 1862 2201 par-

278 2229 414 2284 vulis
434 2227 651 2297 (Matth.
679 2244 756 2293 xi,
785 2226 901 2299 25),
934 2226 1117 2281 nutriti
1145 2221 1342 2279 Christi
1373 2224 1540 2294 gratia
1580 2223 1858 2278 veniretis.

275 2321 435 2377 Multa
459 2321 605 2376 enim
634 2319 916 2375 multitudo
957 2317 1252 2373 dulcedinis
1285 2315 1516 2382 Domini,
1549 2331 1708 2385 quam
1740 2331 1865 2385 pro-

273 2411 413 2468 fecto
435 2428 544 2467 non
570 2411 780 2478 invidit,
799 2419 854 2465 et
879 2419 1053 2466 tamen
1080 2407 1361 2463 abscondit
1383 2406 1690 2461 timentibus
1715 2421 1860 2471 eum,

275 2501 500 2575 perfecit
523 2511 702 2558 autem
734 2500 1093 2572 sperantibus,
1123 2513 1229 2554 non
1256 2498 1310 2552 in
1337 2511 1396 2552 se
1423 2496 1573 2567 ipsis,
1597 2495 1691 2551 sed
1718 2497 1769 2549 in
1797 2511 1864 2551 eo

276 2594 447 2668 (Psal.
479 2611 613 2660 xxx,
640 2593 756 2664 20).
784 2592 895 2648 Nos
923 2606 1051 2662 ergo
1077 2590 1304 2646 dicimus
1331 2588 1474 2660 quod
1502 2605 1563 2642 ea
1594 2587 1727 2642 ﬁdes
1773 2588 1865 2640 ha-

275 2687 382 2750 bet,
413 2686 483 2741 de
506 2701 610 2755 qua
635 2685 891 2755 scriptum
923 2691 1028 2748 est,
1073 2681 1190 2737 Nisi
1212 2681 1548 2744 credideritis,
1581 2696 1682 2733 non
1715 2679 1866 2734 intel-

277 2779 438 2852 ligetis
489 2778 625 2852 (lsai
663 2794 754 2844 vn,
783 2778 837 2842 9,
868 2792 970 2832 sec.
1019 2771 1187 2844 LXX)
1222 2793 1236 2829 :
1269 2789 1367 2829 nec
1419 2771 1724 2839 diabolum,
1771 2770 1866 2826 sed

276 2873 439 2930 Deum
467 2888 652 2928 verum
683 2880 736 2926 et
754 2886 879 2926 vere
913 2869 1133 2934 bonum,
1174 2883 1294 2924 esse
1321 2866 1592 2922 hominum
1621 2865 1866 2919 condito-

276 2984 410 3032 rem,
438 2966 637 3022 munda
664 2974 682 3005 ι
711 2963 869 3020 etiam
915 2963 982 3018 de
1013 2961 1298 3017 immundis
1352 2958 1688 3013 ineffabiliter
1737 2972 1869 3026 ope-

275 3067 481 3113 rantem
503 3073 520 3123 ;
546 3055 790 3127 quamvis
820 3053 1094 3109 hominum
1140 3066 1298 3106 nemo
1319 3049 1548 3104 mundus
1591 3056 1864 3114 nascatur,

276 3158 331 3205 et
361 3150 486 3205 ideo
509 3148 686 3203 donec
713 3146 1003 3202 mundetur
1046 3145 1246 3216 Spiritu
1277 3151 1483 3209 sancto,
1525 3140 1627 3196 sub
1678 3140 1870 3210 Spiritu

277 3240 554 3298 immundo
583 3249 951 3312 essecogatur.
983 3237 1094 3294 Nec
1137 3244 1615 3308 quantamcumque
1640 3233 1873 3288 immun-

277 3333 462 3388 ditiam
490 3341 828 3398 naturarum,
867 3331 1034 3386 ullum
1082 3329 1285 3384 crimen
1339 3340 1462 3382 esse
1519 3325 1867 3394 nuptiarum:

277 3425 476 3480 bonum
525 3423 722 3494 quippe
766 3422 1089 3476 discernitur
1152 3419 1427 3490 proprium
1490 3417 1793 3486 nuptiarum
1837 3430 1868 3471 a

280 3520 522 3591 quolibet
547 3520 1030 3574 vitionaturarum.
1053 3517 1166 3575 Nec
1211 3517 1375 3572 ullius
1428 3524 1633 3571 reatum
1692 3529 1870 3569 rema-

282 3629 407 3667 nere
429 3612 660 3682 peccati,
684 3611 772 3682 qui
804 3625 909 3666 non
929 3625 993 3665 ea
1035 3625 1154 3679 qure
1180 3610 1232 3663 in
1255 3608 1470 3664 Christo
1502 3608 1560 3662 ﬁt
1588 3621 1869 3675 regenera-

282 3705 424 3759 tione
486 3703 760 3767 solvatur;
814 3699 1056 3772 quamvis
1123 3699 1401 3754 inﬁrmitas
1455 3707 1638 3764 restet,
1686 3708 1872 3750 contra

283 3811 439 3864 quam
471 3795 526 3850 in
558 3810 618 3849 se
663 3795 778 3864 ipso
806 3795 1148 3850 constitutam
1179 3799 1528 3860 regeneratus
1567 3789 1612 3843 si
1659 3787 1873 3860 prolicit

282 3897 500 3957 pugnet.
530 3885 641 3940 Nec
670 3885 881 3955 iniquus
905 3891 984 3938 est
1010 3883 1168 3947 Deus,
1197 3897 1318 3936 cum
1350 3880 1580 3949 peccatis
1609 3879 1722 3933 sive
1754 3878 1867 3930 ori-

283 3979 548 4049 ginalibus
573 3977 685 4030 sive
712 3974 939 4046 propriis
967 3973 1120 4043 digna
1145 3971 1392 4028 retribuit
1423 3989 1436 4024 :
1469 3970 1744 4040 magisque
1773 3968 1874 4022 iiii-

284 4084 416 4137 quus
456 4077 553 4121 aut
603 4065 849 4120 inﬁrmus
877 4064 1197 4130 ostenditur,
1244 4063 1288 4117 si
1311 4063 1498 4132 jugum
1533 4076 1685 4132 grove
1725 4075 1876 4128 super

287 4159 418 4228 ﬁlios
442 4158 630 4221 Atiam,
662 4173 694 4210 a
735 4158 836 4218 die,
864 4155 1003 4210 sicut
1045 4155 1300 4224 scriptum
1341 4161 1445 4217 est,
1495 4151 1771 4205 nativitatis
1791 4167 1877 4204 eo-

283 4269 398 4305 rum
438 4267 602 4322 usque
648 4251 700 4304 in
752 4249 884 4303 diem
931 4252 1206 4318 sepultura:
1251 4246 1302 4300 in
1354 4245 1608 4298 matrem’
1655 4242 1879 4296 omnium

288 4341 473 4414 (Eccli.
510 4357 601 4409 xt.,
635 4341 713 4412 1),
745 4341 844 4395 sub
872 4354 979 4410 quo
1003 4339 1131 4410 jugo
1159 4339 1332 4407 imago
1361 4335 1476 4406 ejus
1502 4333 1769 4399 atteritur,
1787 4341 1880 4386 aut

288 4434 400 4504 ipse
425 4434 578 4489 nullo
607 4433 690 4487 vel
729 4431 973 4502 originali
1007 4429 1090 4484 vel
1126 4429 1344 4500 proprio
1386 4425 1724 4497 prazcedente
1751 4438 1878 4493 pec-

287 4537 430 4596 cato,
458 4535 552 4581 aut
573 4525 798 4596 quilibet
819 4524 953 4577 alius
982 4523 1098 4592 ipso
1128 4520 1351 4590 imponit
1380 4517 1568 4572 invito.
1597 4515 1706 4572 Nec
1753 4531 1877 4586 per-

289 4619 449 4676 fectio
474 4626 560 4674 cst
579 4615 906 4688 desperanda
929 4614 1155 4679 virtutis,
1185 4627 1276 4682 per
1295 4611 1412 4680 ejus
1433 4609 1677 4679 gratiam,
1705 4607 1794 4678 qui
1813 4621 1879 4664 ex

291 4714 498 4784 origine
527 4711 764 4766 vitiatam
812 4718 1017 4764 mutare
1065 4714 1242 4776 potest
1285 4715 1337 4760 et
1377 4718 1566 4758 sanare
1614 4710 1878 4757 naturam.

363 4804 592 4863 CAPUT
620 4803 681 4858 ll.
713 4802 768 4858 4.
799 4831 865 4844 -
894 4799 1184 4871 Aggrediar
1206 4797 1364 4866 igitur
1385 4795 1604 4864 implere
1621 4792 1881 4863 pollicita-

293 4902 495 4957 tionem
527 4911 721 4952 meam.
750 4894 861 4950 Nec
891 4894 987 4947 ista
1034 4891 1269 4962 quinque
1314 4895 1627 4958 argumenta
1678 4895 1879 4949 vestra,

292 5006 360 5048 ex
389 4989 585 5062 quibus
609 4995 798 5042 cuncta
828 4981 1164 5047 connectitis,
1197 4995 1315 5049 qua:
1361 4979 1412 5031 in
1462 4976 1562 5030 hac
1591 4976 1884 5046 qumstione

295 5083 557 5137 adversus
595 5077 918 5133 catholicam
967 5073 1126 5128 ﬁdem
1175 5067 1538 5139 multipliciter
1579 5066 1879 5136 disputatis,

298 5172 613 5245 singillatim
669 5167 993 5225 testimoniis
1039 5172 1345 5219 sanctorum
1398 5159 1679 5216 refutanda
1718 5158 1886 5213 susci-

299 5269 439 5337 piam
481 5282 496 5320 :
530 5262 624 5318 sed
653 5269 909 5334 quantum
933 5256 1166 5328 potuerit
1192 5269 1378 5310 eorum
1398 5251 1602 5322 percuti
1624 5260 1678 5305 et
1697 5249 1878 5319 dejici,

301 5359 462 5414 etiam
494 5371 616 5411 cum
639 5370 670 5409 a
695 5368 782 5409 me
805 5351 874 5407 de
902 5349 1095 5405 litteris
1111 5345 1496 5403 catholicorum
1513 5343 1885 5414 episcoporum

301 5451 510 5522 singula
551 5445 905 5518 proferentur,
957 5451 1159 5498 tantum
1213 5439 1538 5511 percutietur
1579 5443 1740 5505 atque
1789 5433 1888 5488 de-

298 5543 536 5614 jicictur,
566 5539 680 5594 sive
704 5550 869 5592 unum
897 5548 1110 5599 eorum,
1141 5531 1254 5586 sive
1279 5530 1407 5595 duo,
1434 5527 1548 5583 sive
1569 5526 1739 5597 plura,
1777 5525 1889 5579 sive

306 5637 502 5700 omnia,
533 5634 670 5688 sicut
700 5628 926 5685 valuerit
953 5626 1095 5699 quod
1126 5624 1446 5696 proferetur.
1479 5619 1652 5678 Veluti
1699 5627 1782 5691 est
1821 5619 1890 5673 il-

371 5749 388 5779 ι
425 5754 632 5795 Vaticani
657 5751 782 5795 Mss,
801 5740 993 5790 nttmde.

369 5811 392 5842 ⁸
423 5810 495 5857 sic
517 5815 620 5857 Mss.
651 5813 702 5854 ut
726 5805 773 5852 in
799 5802 970 5852 ttililiis.
999 5800 1131 5860 Editi,
1158 5803 1326 5848 matre.

1598 371 1798 432 LlBER
1837 369 2217 432 SECUNDUS.

3449 376 3552 436 67d

1965 485 2056 543 lud
2099 487 2151 542 in
2182 487 2320 544 libro
2347 502 2506 558 quem
2531 486 2600 544 de
2643 488 2781 544 Area
2828 485 2942 545 Noe
2989 488 3309 563 conscripsit
3358 491 3550 550 beatus

1964 578 2296 644 Ambrosius,
2358 597 2376 631 ι
2407 580 2511 634 Per
2559 595 2743 646 unum,
2783 598 2802 634 ι
2831 581 3020 651 inquit,
3056 599 3076 634 t
3119 583 3403 639 Dominum
3453 583 3552 640 ,ἰθ-

1965 685 2083 726 sum
2115 670 2260 726 salus
2285 680 2503 725 ventura
2537 673 2840 729 nationibus
2881 673 3203 740 declaratur,
3261 675 3353 746 qui
3397 676 3546 732 solus

1965 776 2072 816 non
2101 762 2465 832 potuitjustus
2503 778 2622 820 esse
2647 767 2687 832 ⁸,
2719 781 2838 821 cum
2869 767 3143 836 generatio
3171 767 3346 822 omnis
3389 783 3545 823 erra-

1964 863 2064 919 ret,
2092 853 2193 908 nisi
2218 863 2370 908 natus
2391 870 2454 908 ex
2487 855 2693 926 virgine
2715 857 3074 926 generationis
3115 857 3361 913 obnoxia:
3391 858 3550 928 privi-

1966 945 2104 1016 legio
2157 947 2374 1001 minime
2415 956 2704 1003 teneretur.
2742 947 2906 1016 Ecce,
2981 950 3188 1021 inquit,
3229 950 3282 1004 in
3316 951 3550 1020 iniquita-

1966 1039 2098 1091 tibus
2144 1049 2410 1109 conrcptus
2455 1056 2591 1107 sum,
2622 1050 2670 1094 et
2695 1039 2747 1094 in
2798 1041 2992 1095 delictis
3030 1043 3219 1112 peperit
3259 1060 3340 1097 me
3392 1053 3552 1095 mater

1964 1144 2076 1181 mea
2100 1127 2269 1199 (Psal.
2301 1145 2350 1195 ι,
2384 1130 2458 1199 7),
2486 1129 2617 1185 dicit
2644 1130 2688 1184 is
2707 1130 2988 1201 quijustus
3013 1145 3122 1200 prae
3147 1133 3353 1186 cteteris
3399 1141 3552 1201 puta-

1964 1219 2140 1274 batur.
2164 1219 2332 1288 Quem
2360 1221 2520 1290 igitur
2553 1221 2663 1291 jam
2693 1221 2891 1291 justum
2934 1221 3182 1289 dixerim,
3211 1223 3311 1276 nisi
3359 1222 3547 1278 horum

1967 1309 2191 1366 liberum
2216 1311 2568 1377 vinculorum,
2600 1327 2759 1382 quem
2788 1321 2991 1368 natura:
3015 1313 3314 1367 communis
3336 1313 3549 1367 vincula

1965 1416 2070 1456 non
2120 1403 2374 1457 teneant?
2416 1403 2614 1458 Omnes
2682 1404 2782 1459 sub
2837 1414 3095 1475 peccato,
3151 1404 3220 1460 ab
3270 1405 3441 1460 Adam
3491 1405 3549 1461 ix

1964 1507 2151 1548 omnes
2188 1495 2442 1564 regnabat
2488 1510 2652 1552 mors.
2686 1496 2876 1551 Veniat
2915 1497 3062 1552 solus
3082 1497 3260 1568 justus
3315 1498 3366 1553 in
3415 1513 3551 1553 con-

1965 1597 2148 1655 spectu
2177 1587 2290 1652 Dei,
2322 1588 2389 1643 de
2409 1603 2514 1658 quo
2536 1588 2645 1658 jam
2681 1604 2786 1643 non
2824 1605 2945 1644 cum
2976 1591 3289 1661 exceptione
3316 1589 3546 1657 dicatur,

1965 1676 2090 1732 Non
2115 1680 2334 1748 peccavit
2361 1679 2414 1732 in
2438 1679 2583 1734 labiis
2629 1680 2733 1733 suis
2765 1679 2886 1749 (Job
2917 1695 2953 1747 ι,
2976 1679 3094 1751 22);
3115 1679 3232 1747 sed,
3268 1678 3547 1736 Peccatum

1966 1783 2067 1822 non
2111 1769 2228 1842 fecit
2263 1788 2282 1823 ›
2335 1768 2376 1838 (Ι
2408 1767 2550 1823 Petr.
2575 1785 2634 1836 ll,
2664 1769 2776 1840 22).
2810 1769 2942 1824 Huic
2971 1770 3076 1838 dic,
3107 1771 3151 1824 si
3179 1769 3361 1835 audes,
3408 1769 3552 1842 quod

1966 1861 2233 1918 diabolum
2286 1861 2472 1919 fecerit
2515 1861 2792 1916 hominum
2833 1861 3185 1929 conditorem,
3230 1863 3319 1933 qui
3351 1864 3552 1917 utrius-

1967 1972 2071 2027 que
2125 1971 2286 2012 sexus
2328 1956 2711 2012 commixtione
2749 1967 3073 2022 nascuntur;
3121 1956 3553 2029 quandoquidem

1966 2047 2137 2101 solum
2173 2046 2466 2115 Christum,
2514 2048 2635 2117 quia
2684 2047 2754 2103 sit
2780 2056 2936 2104 natus
2967 2063 3034 2103 ex
3059 2048 3283 2118 virgine,
3311 2063 3340 2101 a
3369 2048 3554 2103 vincu-

1968 2140 2033 2195 lis
2053 2141 2295 2194 obnoxia:
2317 2140 2678 2210 generationis
2707 2141 2937 2210 excepit,
2979 2141 3222 2195 omnibus
3252 2140 3457 2196 caeteris
3487 2155 3555 2196 ex

1967 2231 2138 2287 Adam
2168 2233 2268 2288 sub
2291 2233 2493 2302 peccati
2517 2233 2840 2304 obligatione
2869 2233 3231 2298 nascentibus;
3259 2232 3400 2303 quod
3445 2233 3553 2288 uti-

1968 2342 2071 2396 que
2127 2335 2401 2396 peccatum
2441 2326 2682 2381 diabolus
2727 2325 3027 2380 seminavit.
3071 2325 3224 2380 Hunc
3269 2325 3553 2381 damnato-

1967 2433 2082 2472 rem
2111 2417 2369 2487 redargue
2388 2419 2712 2487 nuptiarum,
2747 2418 2834 2487 qui
2861 2418 2978 2471 sine
3003 2427 3220 2486 peccato
3249 2426 3431 2470 natum
3459 2430 3554 2472 so-

1970 2508 2076 2564 lum
2105 2509 2232 2563 dicit
2255 2509 2473 2579 virginis
2511 2509 2697 2562 filium.
2728 2509 2889 2563 Istum
2920 2517 3226 2578 negatorem
3253 2508 3555 2579 percipien-

1971 2601 2053 2655 da:
2078 2603 2098 2633 ¹
2130 2602 2415 2656 criminare
2444 2601 2676 2669 virtutis,
2717 2602 2806 2672 qui
2851 2603 3044 2655 asserit
3084 2602 3385 2672 ingenerari
3424 2601 3552 2657 vitia

1968 2692 2150 2762 generi
2180 2691 2414 2746 humano
2437 2692 2486 2744 in
2514 2691 2628 2760 ipso
2669 2692 3035 2761 coneeptionis
3069 2691 3313 2746 exordio.
3361 2691 3426 2746 Et
3469 2690 3557 2746 dic

1971 2782 2039 2846 ei,
2073 2783 2213 2853 quod
2240 2783 2500 2838 adversus
2531 2800 2614 2838 me
2643 2783 2693 2837 in
2727 2785 2896 2852 primo
2930 2793 3021 2837 tuo
3047 2784 3317 2838 volumine
3360 2783 3557 2838 videris

1974 2876 2064 2930 tibi
2099 2878 2227 2932 satis
2251 2886 2374 2946 apte
2409 2885 2670 2946 acuteque
2698 2876 2718 2908 ³
2743 2875 2966 2939 dixisse,
3005 2895 3023 2927 ι
3056 2875 3165 2931 Nec
3195 2891 3414 2947 peccare
3461 2891 3556 2933 eos

1972 2969 2209 3034 omnino,
2242 2968 2331 3038 qui
2365 2983 2584 3038 peccare
2611 2967 2862 3021 dicuntur
2901 2985 2914 3022 :
2947 2967 3206 3038 siquidem
3237 2983 3266 3022 a
3292 2981 3554 3038 quocum-

1972 3074 2077 3130 que
2102 3061 2268 3113 creati
2290 3067 2436 3126 sunt,
2478 3059 2771 3115 secundum
2819 3059 2869 3114 id
2897 3059 3038 3130 quod
3056 3060 3218 3115 creati
3271 3067 3412 3125 sunt,
3464 3075 3558 3114 ηο-

1973 3162 2123 3203 cosse
2166 3147 2366 3204 habent
2396 3149 2596 3214 vivere,
2648 3164 2748 3204 nec
2805 3165 2916 3203 suae
2945 3165 3246 3220 repugnare
3273 3160 3494 3204 naturai.
3531 3168 3552 3202 ι

1974 3240 2099 3294 ιιυυρ
2151 3241 2327 3294 omnia
2365 3240 2452 3294 dic
2498 3241 2804 3305 Ambrosio,
2837 3243 2950 3297 sive
2983 3243 3050 3297 de
3081 3243 3388 3311 Ambrosio,
3438 3257 3558 3312 qua:

1974 3335 2100 3390 mihi
2135 3347 2238 3389 tam
2268 3335 2517 3404 superbe,
2545 3345 2650 3389 tam
2679 3337 3092 3401 contumeliose,
3127 3343 3231 3389 tam
3259 3335 3559 3406 procaciter

1973 3436 2028 3482 et
2055 3427 2352 3496 petulanter
2375 3426 2632 3495 objectas.
2659 3425 2811 3500 (Nam
2841 3425 2926 3481 liis
2950 3427 3128 3481 verbis
3158 3427 3274 3482 suis
3297 3425 3560 3481 infamare

1974 3520 2133 3574 etiam
2177 3517 2516 3586 Baptismatis
2552 3526 2964 3585 sacramentum,
3011 3517 3152 3588 quod
3200 3517 3252 3572 in
3301 3531 3364 3571 eo
3403 3516 3558 3586 plena

1976 3627 2081 3665 non
2111 3611 2202 3664 fiat
2233 3610 2477 3664 remissio
2505 3617 2879 3679 peccatorum;
2909 3617 2963 3664 et
3003 3610 3240 3680 iniquum
3270 3609 3434 3664 Deutn
3483 3593 3561 3662 fa-

1976 3719 2118 3766 cere,
2147 3703 2234 3774 qui
2259 3711 2470 3773 peccata
2498 3703 2548 3755 in
2578 3701 2700 3756 ﬁliis
2723 3701 2940 3756 damnat
2984 3702 3174 3766 aliena,
3223 3716 3343 3771 quze
3386 3694 3437 3754 in
3469 3713 3564 3770 pa-

1977 3795 2217 3850 rentibus
2243 3794 2530 3860 relaxavit;
2559 3791 2786 3847 fortasse
2807 3809 2910 3846 non
2941 3801 3113 3863 potest
3133 3791 3235 3847 dici
3267 3808 3280 3844 :
3305 3791 3557 3863 quoniam

1977 3902 2098 3942 cum
2126 3886 2241 3940 haec
2269 3886 2597 3956 loqueretur,
2631 3901 2735 3938 non
2763 3883 2828 3939 dc
2855 3883 3240 3954 baptizatorum
3269 3883 3562 3954 propagine

1980 3977 2357 4053 loquebatur.)
2389 3979 2554 4033 Porro
2585 3979 2626 4032 si
2651 3989 2865 4033 sanctus
2883 3979 3192 4033 Ambrosius
3222 3994 3327 4032 non
3382 3993 3446 4032 ex
3479 3975 3566 4037 his

1978 4086 2130 4144 erat,
2159 4074 2249 4146 qui
2277 4073 2544 4128 diabolum
2569 4073 2763 4128 faciunt
2794 4072 3066 4126 hominum
3108 4080 3426 4137 creatorem,
3472 4069 3562 4124 vel

1979 4168 2191 4237 nuptias
2219 4165 2493 4228 damnant,
2526 4164 2610 4218 vel
2639 4165 2939 4232 incapacem
2961 4163 3169 4216 virtutis
3192 4171 3433 4216 naturam
3451 4159 3567 4229 opi-

1981 4270 2176 4315 nantur
2201 4257 2514 4322 humanam;
2545 4255 2638 4309 sed
2669 4270 2730 4308 ex
2765 4254 2847 4307 liis
2875 4254 3074 4322 potius.
3102 4253 3190 4322 qui
3223 4253 3386 4306 Deum
3417 4265 3568 4304 sum-

1982 4366 2124 4405 mum
2143 4363 2206 4404 ac
2232 4361 2440 4402 summe
2466 4346 2664 4400 bonum
2695 4345 2854 4398 totius
2881 4343 3130 4407 hominis,
3173 4341 3225 4396 id
3268 4351 3369 4407 est,
3403 4341 3568 4394 totius

1981 4442 2172 4496 anima:
2197 4439 2468 4507 totiusque
2514 4434 2757 4504 corporis
2796 4441 3093 4504 agnoscunt
3134 4440 3189 4487 et
3241 4434 3566 4487 conﬁtentur

1981 4544 2277 4597 auctorem,
2306 4539 2359 4586 et
2388 4528 2720 4584 honorantin
2749 4527 2832 4581 sui
2865 4524 3060 4596 gradus
3101 4523 3338 4578 bonitate
3379 4525 3569 4592 conju-

1983 4628 2087 4698 gia,
2113 4639 2212 4680 nec
2262 4621 2534 4678 hominem
2579 4619 2812 4690 perfecte
2843 4614 3123 4688 justiﬁcari
3167 4629 3325 4685 posse
3372 4619 3566 4686 despe-

1986 4697 2144 4778 rant:
2178 4718 2293 4774 hzec
2313 4715 2527 4771 interim
2559 4714 2656 4768 tria
2682 4721 2858 4766 vestra
2888 4716 3196 4779 argumenta
3226 4707 3355 4760 tanti
3380 4705 3400 4737 ⁵
3425 4697 3570 4762 illius

2051 4877 2070 4909 ι
2104 4873 2242 4931 Editi,
2265 4868 2496 4936 quisolus
2515 4865 2666 4936 potuit
2680 4864 2980 4936 justusesse.
3003 4866 3269 4936 elegantem
3291 4858 3584 4936 particulam,

1987 4953 2053 4990 ex
2075 4921 2241 4987 ﬁeri
2266 4921 2431 4982 codice
2451 4921 2734 4980 Floriacetisi
2751 4925 3035 4975 addidimus.
3065 4921 3362 4990 tilioquin’ea
3385 4921 3574 4990 sublata

1987 4981 2380 5063 leigidebuissep
2397 4992 2519 5041 infra
2554 4996 2679 5063 post,
2713 4992 2929 5063 erraret,
2956 4981 3334 5063 ‘QIIOd'lltlll‘ts'ex
3354 4981 3574 5063 uirgine;

2110 5037 2679 5120 smh‘t'iuflib—ro—qtiarto'
2714 5037 2882 5120 contra
3095 5044 3324 5117 Fltti§lol€35

1989 5108 2178 5181 norum,
2205 5134 2254 5168 n.
2277 5119 2356 5177 29,
2378 5108 2698 5181 correkiiiius,
2722 5125 2813 5161 non
2835 5109 2891 5181 ob
2913 5108 3064 5181 aliud,
3091 5108 3186 5181 nisi
3207 5108 3320 5181 quia
3342 5112 3478 5181 nti-tu~
3510 5118 3574 5181 ea:

2206 5167 2355 5230 βοὴ-ό
2379 5179 2425 5228 id
2466 5167 2702 5248 ambrosii
2740 5172 3068 5224 testimonium
3106 5171 3154 5220 in
3189 5167 3334 5220 citato
3368 5167 3488 5215 libro
3511 5167 3576 5216 de

1990 5238 2087 5300 hoc
2111 5254 2164 5296 et
2187 5255 2300 5294 Area
2321 5255 2449 5291 nunc
2464 5238 2787 5300 desideratur.
3016 5292 3029 5300 _
3280 5291 3292 5300 _
3334 5297 3341 5300 _

2055 5287 2087 5344 ἶ
2109 5287 2446 5370 inﬁnitis}:
2461 5287 2790 5370 perﬁciendw.
2822 5303 2918 5370 Nec
2938 5287 3573 5370 male’respopdetllli‘sgg-

1990 5348 2531 5426 ιευιίἆῖἶῖίῇξιῆἷᾶιίἧᾷ,
2548 5348 2607 5410 'n.
2632 5360 2663 5409 2
2682 5357 2978 5426 aventinus,
2998 5353 3078 5426 citi
3092 5348 3322 5422 .vitiositns
3341 5348 3578 5426 intelligi:
3625 5418 3627 5420 η

1994 5416 2195 5486 ii'r'é'sie
2218 5416 2477 5485 contraria,
2675 5416 3115 5489 ενεάίίκτῬῗνῘΪῗίν
3150 5428 3264 5479 qm“
3298 5416 3582 5489 ίηθεὲῗζᾳία

1992 5478 2114 5547 ἱνῖέὶιῖ
2124 5478 2409 5545 incredibile
2444 5478 2668 5550 posse
2702 5478 2945 5550 consumi,
2968 5478 3579 5550 licticituxigusygtacyéqt;

2347 5533 2563 5620 ilfcub'c'i
2574 5533 2870 5620 communior
2891 5544 2971 5620 sit,
2983 5547 3059 5620 Et:

1995 5602 2270 5684 553161.55;
2281 5602 2471 5684 legitur
2493 5607 2866 5664 aecounnodata,
2889 5602 2960 5654 vel
2981 5602 3259 5662 incapacem
3281 5602 3466 5649 ιοῐηεέιῐδ
3487 5609 3577 5646 ua-

1996 5672 2430 5743 luram'opimm‘tur
2453 5672 2728 5743 humaniori.

2061 5723 2556 5798 a‘"Xni.’Ei."ét'p.-0pe
2572 5741 2744 5782 omnes
2762 5734 2890 5798 ipss”
2917 5723 3008 5775 (ille
3018 5729 3266 5785 acuteque.

2063 5811 2086 5839 δ
2117 5803 2251 5863 aliti,
2279 5806 2424 5853 trulla.
2449 5805 2500 5846 tu
2525 5804 2648 5855 ‘tss.,
2673 5797 2807 5843 lauti.
