4038 6528
439 369 545 430 675

441 487 542 543 viri
561 482 879 543 auctoritate
901 480 1160 539 subversa
1181 489 1325 546 sunt,
1358 494 1458 534 nec
1478 478 1702 534 ulterius
1727 476 2027 548 objicienda

438 589 565 637 sunt
592 578 768 645 nobis,
797 577 885 649 qui
912 576 982 630 de
1019 574 1264 646 originali
1295 580 1512 644 peccato
1546 587 1608 627 ea
1634 571 1877 636 dicimus,
1906 584 2029 641 qtue

438 670 572 729 dixit
596 670 700 736 ille,
730 669 819 738 qui
847 681 1018 737 neque
1050 665 1282 720 hominis
1322 663 1650 720 creationem
1686 661 1901 717 diabolo
1946 668 2029 715 at-

417 760 644 828 -tribuit,
672 772 845 829 neque
892 756 1107 828 nuptias
1149 753 1544 819 condemnavit,
1596 768 1769 823 neque
1808 751 2028 823 iustitia:

439 851 823 925 perfectionem
849 851 903 906 in
933 859 1124 905 natura
1147 847 1378 903 hominis
1397 846 1718 915 desperavit.

510 944 736 1001 CAPUT
754 944 841 999 lll.
865 973 939 985 —
957 945 1010 1000 5.
1033 943 1107 998 De
1121 941 1329 998 duobus
1343 954 1471 997 vero
1492 938 1718 995 residuis
1744 952 2028 1009 argumen-

438 1039 508 1094 tis
534 1038 753 1100 vestris,
777 1052 898 1109 qute
922 1035 991 1092 ad
1014 1036 1342 1107 Baptismum
1388 1034 1677 1104 pertinent,
1719 1047 1843 1087 mox
1879 1031 2028 1093 vide—

437 1131 613 1188 bimus
637 1130 764 1202 quid
789 1130 878 1186 ille
906 1129 990 1185 vir
1016 1129 1267 1190 senserit,
1296 1135 1352 1182 et
1387 1124 1660 1195 quomodo
1700 1139 1794 1180 vos
1820 1121 2025 1193 ingenti

434 1221 579 1276 mole
629 1218 962 1275 auctoritatis
1013 1218 1296 1274 obtriverit
1326 1218 1368 1271 ¹.
1413 1216 1548 1272 Dicit
1599 1213 1742 1270 enim
1792 1214 1844 1268 in
1889 1212 2028 1268 libro

435 1322 624 1370 contra
648 1312 976 1369 Novatianos
1009 1328 1023 1365 :
1061 1328 1080 1364 ι
1115 1310 1315 1366 Omnes
1360 1308 1606 1363 homines
1659 1306 1760 1363 sub
1804 1314 2026 1377 peccato

436 1406 732 1471 nascimur,
763 1418 989 1476 quorum
1019 1403 1133 1475 ipse
1153 1411 1304 1457 ortus
1332 1401 1385 1455 in
1417 1400 1549 1455 vitio
1565 1408 1670 1465 est,
1696 1399 1835 1454 sicut
1860 1397 2026 1453 habes

435 1496 658 1562 lectum,
703 1496 914 1551 dicente
970 1492 1160 1560 David,
1206 1491 1339 1549 Ecce
1408 1492 1543 1545 enim
1581 1490 1636 1543 in
1680 1487 2027 1560 iniquitatibus

434 1598 705 1658 conceptus
731 1602 864 1653 sum,
883 1586 1005 1641 etin
1024 1586 1222 1641 delictis
1244 1585 1439 1657 peperit
1464 1599 1543 1638 me
1564 1591 1724 1638 mater
1745 1597 1877 1636 mea.
1901 1579 2027 1636 ldco

434 1678 583 1736 Pauli
612 1692 739 1734 caro
764 1692 962 1748 corpus
994 1680 1182 1732 mortis
1235 1685 1371 1743 erat,
1422 1675 1562 1731 sicut
1608 1674 1724 1744 ipse
1759 1672 1856 1742 ait,
1895 1672 2025 1740 Quis

434 1773 764 1831 meliberabit
809 1772 872 1828 de
922 1788 1135 1842 corpore
1180 1771 1357 1826 mortis
1398 1770 1553 1841 hujus
1584 1767 1761 1841 (Rom.
1782 1781 1876 1834 vn,
1903 1765 2025 1838 ειν

435 1866 631 1924 Christi
656 1873 836 1922 autem
860 1878 987 1920 caro
1014 1862 1284 1919 damnavit
1307 1867 1609 1933 peccatum,
1635 1859 1778 1931 quod
1797 1873 2027 1915 nascen-

434 1956 506 2014 do
529 1971 633 2013 non
664 1954 854 2022 sensit,
883 1953 1028 2025 quod
1061 1952 1343 2009 moriendo
1368 1950 1656 2016 cruciﬁxit;
1684 1959 1746 2006 ut
1781 1949 1833 2004 in
1859 1964 2023 2005 carne

360 2112 361 2115 η
436 2058 619 2105 nostra
648 2054 793 2104 esset
834 2043 1144 2117 jnstiﬁeatio
1175 2059 1271 2113 per
1294 2043 1540 2112 gratiam,
1596 2039 1692 2096 ubi
1745 2048 1860 2095 erat
1899 2047 2025 2094 ante

434 2139 665 2196 colluvie
712 2154 807 2210 per
854 2137 1066 2207 culpam
1100 2154 1121 2190 ι
1153 2134 1289 2207 (Lib.
1318 2135 1344 2190 1
1371 2134 1433 2189 de
1455 2132 1665 2196 Paenit.,
1690 2148 1806 2203 cap.
1827 2130 1906 2203 ὅ).
1930 2132 2027 2187 llic

436 2247 567 2287 sane
597 2231 777 2286 omnia
816 2228 973 2284 simul
1007 2236 1183 2282 vestra
1231 2235 1541 2298 argumenta
1592 2224 1843 2306 subversa
1878 2231 2022 2280 sunt.

434 2325 489 2389 Si
515 2324 656 2379 enim
686 2337 871 2379 omnes
906 2320 1148 2376 homines
1178 2319 1279 2374 sub
1306 2325 1527 2389 peccato
1546 2315 1836 2381 nascimur,
1887 2331 2025 2386 quo-

435 2434 556 2474 rum
586 2418 700 2486 ipse
732 2423 882 2470 ortus
904 2414 957 2469 in
984 2414 1113 2469 vitio
1141 2422 1224 2468 est
1255 2429 1269 2466 :
1301 2426 1397 2466 cur
1422 2410 1553 2465 mihi
1580 2426 1647 2466 ex
1674 2410 1778 2465 hoc
1809 2409 2022 2478 objicis,

435 2508 578 2579 quod
603 2508 775 2563 dicam
796 2505 1068 2561 diabolum
1092 2503 1367 2558 hominum
1390 2510 1727 2566 creatorem,
1759 2515 1880 2556 cum
1923 2502 2026 2556 hoc

436 2601 615 2656 dicere
642 2614 728 2654 me
749 2596 946 2663 videas,
980 2595 1124 2667 quod
1155 2595 1243 2650 ille
1261 2594 1412 2661 dixit,
1445 2594 1536 2663 qui
1566 2593 1840 2648 hominum
1868 2606 2022 2653 crea-

435 2700 605 2747 torem
634 2689 904 2745 diabolum
932 2703 1055 2744 esse
1083 2703 1188 2743 non
1212 2687 1386 2742 dixit?
1413 2687 1471 2743 Si
1509 2688 1764 2757 quoniam
1790 2685 2023 2740 hominis

438 2768 589 2839 ortus
618 2783 671 2837 in
702 2782 828 2837 vitio
854 2790 956 2847 est,
983 2781 1108 2837 ideo
1128 2779 1261 2835 dicit
1283 2778 1475 2846 David,
1505 2778 1637 2833 Ecce
1663 2779 1795 2833 cuim
1839 2779 1894 2832 in
1918 2778 2024 2832 iui-

437 2874 714 2945 quitatibus
739 2880 1009 2944 conceptus
1030 2888 1166 2937 sum,
1195 2881 1243 2925 et
1269 2872 1322 2925 in
1348 2870 1544 2925 delictis
1569 2871 1759 2940 peperit
1805 2886 1884 2924 me
1915 2885 2026 2922 ma-

437 2974 511 3018 ter
535 2978 683 3028 mea;
728 2978 827 3018 nec
855 2968 1071 3017 accusat
1106 2975 1210 3016 vox
1252 2960 1353 3015 ista
1391 2960 1629 3031 nuptiale
1672 2959 2021 3025 consortium,

438 3054 534 3111 sed
581 3054 838 3124 originale
887 3061 1164 3125 peccatum
1192 3066 1328 3107 :cur
1355 3066 1443 3106 me
1479 3049 1848 3105 damnatorem
1891 3048 2028 3105 dicis

436 3160 560 3200 esse
584 3145 911 3215 nuptiarum,
936 3141 1078 3214 quod
1091 3141 1271 3198 dicere
1295 3156 1402 3196 non
1418 3140 1639 3196 audebis
1657 3138 2026 3195 Ambrosium?

439 3237 497 3293 Si
523 3239 774 3309 quoniam
800 3250 991 3291 omnes
1040 3234 1286 3291 homines
1313 3233 1413 3289 sub
1467 3240 1685 3302 peccato
1735 3231 2024 3300 nascimur,

437 3336 494 3385 et
522 3328 635 3400 ipse
659 3336 811 3383 ortus
833 3336 1011 3383 noster
1027 3325 1079 3382 in
1111 3324 1240 3380 vitio
1264 3333 1368 3391 est,
1394 3324 1516 3379 ideo
1557 3322 1710 3379 Pauli
1737 3338 1866 3378 caro
1899 3337 2027 3379 eor-

443 3436 542 3492 pus
568 3423 758 3478 mortis
783 3431 921 3486 erat,
973 3418 1113 3475 sicut
1154 3419 1268 3490 ipse
1288 3418 1382 3485 ait,
1430 3418 1554 3482 Quis
1595 3434 1673 3472 me
1712 3418 1938 3472 liberabit
1966 3418 2031 3473 de

437 3524 648 3584 corpore
669 3513 842 3567 mortis
865 3511 1061 3584 hujus?
1079 3510 1191 3581 jam
1222 3509 1432 3566 tandem
1459 3511 1721 3581 perspicis
1755 3511 1916 3565 etiam
1969 3524 2031 3565 se

440 3605 612 3675 ipsum
639 3605 692 3660 in
718 3604 802 3658 his
829 3603 941 3659 suis
960 3603 1139 3659 verbis
1161 3602 1396 3658 voluisse
1420 3601 1645 3671 intelligi
1669 3602 2027 3671 Apostolnm?

440 3698 612 3769 Ipsius
639 3713 766 3768 ergo
791 3696 1015 3752 interior
1041 3695 1202 3751 homo
1247 3709 1369 3750 cum
1419 3693 1877 3752 condelectaretur
1926 3694 2030 3765 legi

448 3790 564 3854 Dei,
587 3788 801 3844 videbat
826 3788 983 3843 aliam
1010 3787 1181 3858 legem
1205 3786 1259 3841 in
1290 3786 1548 3842 membris
1586 3787 1700 3842 suis
1731 3801 2030 3857 repugnan-

441 3887 550 3935 tem
577 3879 679 3950 legi
704 3878 899 3934 mentis
922 3893 1052 3941 suae,
1080 3887 1135 3932 et
1163 3887 1443 3947 propterea
1474 3891 1690 3933 carnem
1719 3892 1869 3930 suam
1899 3891 2023 3931 cor-

443 3988 540 4042 pus
568 3972 752 4026 mortis
780 3986 901 4027 esse
925 3970 1155 4026 dicebat.
1187 3970 1243 4024 In
1269 3970 1435 4039 ipsius
1458 3986 1586 4041 ergo
1610 3986 1771 4026 carne
1801 3986 1907 4025 non
1930 3970 2027 4024 hac

445 4063 645 4119 bitabat
670 4062 891 4127 bonum,
923 4070 1140 4131 propter
1168 4060 1309 4131 quod
1343 4076 1448 4115 non
1489 4061 1631 4131 quod
1686 4061 1914 4125 volebat,
1946 4059 2029 4113 fa.

444 4157 620 4211 ciebat
644 4155 878 4220 bonum;
908 4154 1002 4208 sed
1037 4154 1235 4209 malum
1277 4154 1419 4224 quod
1441 4154 1649 4219 oderat,
1695 4153 1798 4208 hoc
1842 4154 2033 4223 agebat

447 4247 621 4320 (Rom.
654 4263 745 4312 vn,
778 4246 983 4318 iii-25).
1010 4247 1091 4302 En
1115 4256 1223 4301 tota
1248 4257 1424 4302 vestra
1451 4262 1610 4302 causa
1639 4247 1886 4316 impulsa,
1912 4263 2036 4317 pro-

445 4347 633 4405 strata,
658 4338 910 4401 contrita,
936 4346 991 4393 et
1014 4338 1155 4392 sicut
1185 4338 1356 4408 pulvis
1376 4353 1534 4407 quem
1558 4338 1771 4408 projicit
1791 4348 1981 4394 ventus
2001 4353 2032 4393 a

448 4429 584 4485 faeie
609 4441 762 4485 terra:
789 4427 959 4501 (Psal.
988 4444 1024 4494 ι,
1055 4426 1134 4502 4),
1163 4429 1241 4484 sic
1261 4430 1553 4485 acordibus
1570 4445 1754 4485 eorum
1774 4445 1910 4500 quos
1935 4430 2030 4485 de.

446 4522 626 4590 cipcre
663 4520 971 4591 cmperatis,
1012 4520 1058 4574 si
1090 4518 1206 4573 hinc
1248 4520 1517 4575 voluerint
1563 4520 1807 4589 deposito
1856 4521 2033 4575 studio

446 4612 805 4669 contentionis
831 4613 1086 4683 cogitare,
1138 4611 1372 4681 projecta
1422 4621 1529 4667 est.
1578 4612 1846 4682 Numquid
1888 4615 2031 4669 enim

449 4704 648 4764 Paulus
665 4703 938 4776 apostolus
957 4718 1061 4759 non
1091 4712 1207 4760 erat
1245 4703 1580 4777 baptizqtus?
1621 4714 1715 4758 aut
1749 4705 1943 4774 aliquid
1983 4708 2032 4761 ei

448 4797 532 4851 vel
562 4794 920 4865 originalium,
945 4795 1028 4852 vel
1057 4795 1415 4866 propriorum,
1462 4796 1543 4850 vel
1590 4796 1918 4866 ignorantiae.
1948 4799 2033 4852 vel

449 4887 686 4943 scientiae
716 4888 997 4943 remissum
1020 4904 1126 4943 non
1146 4887 1315 4944 fuerat
1342 4890 1717 4959 peccatorum?
1741 4890 1890 4946 Unde
1906 4908 2033 4961 ergo

451 4979 574 5035 talia
599 4977 934 5048 loquebatur,
964 4979 1066 5034 nisi
1097 4978 1219 5049 quia
1248 4979 1299 5034 id
1326 4980 1467 5052 quod
1499 4980 1607 5036 dixi
1634 4982 1686 5036 in
1712 4982 1849 5038 libro
1887 5000 2028 5050 nico,

452 5087 532 5126 cut
556 5078 608 5126 te
634 5069 973 5141 respondisse
1000 5071 1265 5142 gloriaris,
1297 5073 1517 5128 omnino
1535 5090 1719 5131 verum
1761 5077 1882 5132 est?
1922 5077 2029 5132 Lex

446 5162 643 5234 quippe
691 5160 792 5217 ista
828 5162 1054 5231 peccati,
1103 5177 1223 5234 qua:
1260 5164 1312 5219 in
1363 5166 1618 5221 membris
1655 5177 1740 5223 est
1787 5170 2032 5238 corporis

448 5252 637 5307 mortis
685 5251 863 5322 hujus,
921 5262 976 5307 et
1015 5255 1241 5310 remissa
1283 5265 1366 5311 est
1411 5260 1815 5329 regeneratione
1870 5261 2032 5331 spiri-

453 5344 602 5409 tuali,
633 5354 688 5400 et
722 5353 906 5400 manet
944 5344 998 5400 in
1047 5359 1209 5401 carne
1251 5349 1463 5404 mortali
1493 5373 1507 5404 ;
1537 5353 1758 5407 remissa
1803 5351 2029 5421 scilicet,

449 5434 569 5505 quia
596 5444 778 5490 reatus
816 5434 931 5505 ejus
960 5436 982 5468 ³
1012 5435 1221 5492 solutus
1260 5446 1344 5493 est
1380 5437 1748 5508 Sacramenta,
1792 5458 1900 5514 quo
1942 5458 2033 5498 re-

448 5532 747 5580 nascuntur
775 5524 995 5591 ﬁdeles;
1027 5537 1205 5584 inatiet
1229 5538 1428 5594 autem,
1455 5533 1578 5602 quia
1611 5544 1862 5602 operatur
1884 5534 2031 5591 desi-

450 5615 620 5685 deria,
645 5626 834 5672 contra
853 5634 974 5688 quae
996 5619 1323 5679 dimicantet
1344 5621 1546 5680 ﬁdeles.
1578 5624 1687 5682 [loc
1714 5634 1795 5683 est
1814 5628 2034 5686 omnino

514 5729 530 5793 1
568 5728 783 5793 Nonnulli
805 5737 937 5793 Mss,
952 5730 1219 5785 adtricerit.

513 5792 536 5825 ³
566 5792 1041 5858 Hicuﬂimuseius,
1065 5802 1259 5847 exuss.

1228 364 1501 424 CONTRA
1540 361 1881 421 JULIANUH
1918 362 2390 433 PELAGIANUM,
2430 363 2488 421 S.
2531 363 2901 423 AUCUSTINI

3617 373 3735 433 θτσ

2132 477 2275 549 quod
2306 477 2541 534 funditus
2560 479 2771 534 subruit
2794 479 3043 536 haeresim
3080 488 3332 538 vestram.
3372 482 3529 553 Quod
3556 500 3734 560 usque

2134 568 2271 623 adeo
2299 569 2491 625 videtis
2515 580 2570 626 et
2596 572 2815 637 timetis,
2859 581 3048 628 utnon
3076 574 3232 630 aliter
3254 590 3324 631 ex
3360 575 3446 633 bis
3488 589 3728 651 aposto-

2134 659 2250 715 licis
2271 661 2491 716 vocibus
2506 663 2659 718 exire
2682 665 2968 731 conemini,
3001 666 3103 721 nisi
3118 676 3315 736 quanta
3341 671 3568 740 potestis
3593 686 3735 729 con-

2135 752 2368 808 tentione
2394 757 2731 823 asscveretis,
2774 772 2880 812 non
2919 758 3028 814 illic
3087 760 3254 830 ipsius
3297 763 3718 833 Apostoliacci-

2132 842 2379 912 piendam
2407 859 2530 900 esse
2557 860 2859 915 personam,
2890 848 2985 903 sed
3013 848 3187 906 adhuc
3206 850 3306 906 sub
3321 852 3458 923 lege,
3483 854 3733 914 nondum

2131 934 2234 988 sub
2254 937 2423 1006 gratia
2450 939 2604 1007 positi
2632 939 2927 1009 cujuspiam
2955 940 3144 1009 Judaei,
3192 953 3378 999 contra
3403 956 3567 1016 quem
3608 962 3728 1003 sum
3764 932 3777 961 ⁵

2132 1025 2288 1079 make
2308 1029 2732 1083 conversationis
2759 1031 3090 1086 consuetudo
3115 1045 3373 1103 pugnaret
3403 1052 3417 1088 :
3452 1037 3607 1106 quasi
3634 1038 3727 1095 vis

2131 1113 2244 1184 ipsa
2271 1119 2671 1175 consuetudinis
2692 1120 2987 1191 deponatur
3016 1122 3069 1177 in
3100 1123 3391 1194 Baptismo,
3415 1138 3468 1182 et
3495 1142 3601 1182 non
3628 1128 3731 1185 ad-

2132 1220 2319 1262 versus
2344 1223 2465 1263 eam
2489 1209 2779 1281 conﬂigant
2819 1212 2979 1268 etiam
3022 1212 3295 1284 baptizati,
3341 1226 3492 1273 tanto
3528 1218 3729 1276 fortius

2129 1305 2292 1367 atque
2331 1300 2721 1370 vehementius,
2772 1313 2973 1374 quanto
3024 1307 3194 1377 magis
3243 1309 3457 1378 placere
3503 1311 3728 1368 student

2130 1388 2302 1445 oculis
2329 1389 2468 1461 ejus,
2491 1390 2647 1462 cujus
2673 1394 2842 1463 gratia
2867 1394 3206 1466 adjuvantur,
3234 1414 3303 1454 ne
3331 1400 3383 1455 in
3405 1401 3498 1456 tali
3540 1414 3727 1458 certa-

2130 1480 2276 1536 mine
2302 1492 2643 1553 superentur.
2671 1484 2826 1552 Quod
2838 1485 2885 1541 si
2900 1495 3106 1543 attente
3127 1489 3249 1545 sine
3281 1491 3572 1560 pervicacia
3590 1508 3727 1549 con-

2128 1569 2368 1629 siderare
2395 1573 2679 1643 voluisses,
2701 1576 2942 1646 profecto
2974 1578 3029 1634 in
3058 1580 3173 1650 ipsa
3204 1582 3365 1637 etiam
3391 1583 3442 1638 vi
3487 1599 3723 1642 consue-

2131 1659 2332 1717 tudinis
2356 1663 2643 1731 invenires,
2676 1668 2947 1737 quomodo
2965 1671 3396 1740 concupiscentia
3418 1675 3726 1732 remittatur

2130 1753 2184 1808 in
2211 1762 2384 1822 reatu,
2416 1763 2472 1811 et
2511 1766 2725 1813 maneat
2753 1758 2805 1813 in
2832 1768 2974 1816 actu.
3000 1760 3183 1832 Neque
3210 1764 3353 1819 enim
3381 1764 3513 1821 nihil
3534 1767 3588 1822 in
3616 1766 3723 1823 ho-

2128 1846 2275 1902 mine
2321 1848 2515 1919 agitur,
2584 1850 2799 1921 quando
2871 1855 3421 1924 concupiscentiarum
3472 1874 3719 1925 suarum.

2129 1940 2289 1994 etiam
2316 1940 2509 2010 quibus
2536 1956 2644 1997 non
2669 1945 2956 2012 consentit,
2987 1947 3214 2003 stimulis
3237 1948 3579 2020 inquietator.
3604 1952 3719 2009 Sed

2131 2038 2307 2085 tamen
2332 2046 2442 2086 non
2469 2042 2686 2103 propter
2710 2034 2816 2088 vim
2837 2037 3238 2093 consuetudinis
3267 2041 3571 2111 appellabat
3593 2058 3718 2099 car-

2131 2138 2251 2178 nem
2292 2139 2442 2179 suam
2512 2139 2711 2197 corpus
2755 2129 2942 2183 mortis
2981 2129 3308 2200 Apostolus;
3354 2133 3451 2189 sed
3495 2146 3718 2205 propter

2134 2214 2278 2286 quod
2305 2216 2601 2273 rectissime
2622 2218 2888 2275 intellexit
2907 2220 3242 2290 Ambrosius,
3266 2224 3391 2294 quia
3411 2240 3596 2281 omnes
3610 2227 3721 2284 sub

2129 2323 2348 2384 peccato
2371 2313 2658 2382 nascimur,
2688 2324 2744 2370 et
2782 2314 2898 2385 ipse
2922 2324 3073 2372 ortus
3115 2317 3171 2373 in
3208 2318 3338 2374 vitio
3386 2330 3486 2375 est.
3539 2320 3720 2392 Ilnjus

2129 2404 2243 2459 vitii
2270 2412 2477 2461 reatum
2504 2408 2616 2476 jam
2661 2407 2763 2463 sibi
2792 2408 2845 2462 in
2871 2408 3202 2480 Baptismate
3242 2410 3399 2467 fuisse
3426 2411 3717 2469 dimissum

2129 2498 2376 2554 dubitare
2401 2514 2508 2554 non
2534 2507 2764 2570 poterat,
2800 2500 2895 2556 sed
2920 2509 3109 2557 contra
3146 2502 3262 2573 ejus
3286 2502 3717 2575 inquietudinem

2129 2607 2393 2664 pugnans,
2420 2592 2650 2663 primum
2670 2592 2737 2647 ab
2757 2607 2823 2648 eo
2838 2593 2978 2648 vinci
3008 2592 3386 2665 subjugarique
3404 2596 3677 2651 metuebat
3697 2612 3717 2663 ;

2130 2683 2324 2740 deinde
2349 2683 2476 2740 licet
2501 2686 2713 2753 invicte,
2744 2700 2853 2740 non
2878 2685 2967 2740 diu
2987 2701 3242 2758 pugnare,
3266 2688 3360 2743 sed
3381 2687 3588 2745 hostem
3608 2704 3721 2747 non

2129 2774 2330 2833 habere
2378 2777 2629 2844 malebat,
2679 2777 2896 2848 quando
2947 2778 3179 2845 dicebat,
3230 2778 3389 2834 Miser
3414 2797 3502 2852 ego
3541 2780 3720 2850 homo,

2130 2870 2243 2940 quis
2269 2885 2349 2924 me
2371 2869 2598 2924 liberabit
2623 2871 2695 2947 de
2713 2886 2927 2942 corpore
2962 2873 3137 2926 mortis
3169 2872 3365 2942 hujus?
3403 2871 3579 2927 Gratia
3620 2872 3723 2929 Dei

2131 2959 2425 3031 perlesum
2475 2960 2730 3015 Christum
2779 2961 3055 3017 Dominum
3105 2974 3332 3017 nostrum
3386 2962 3586 3036 (Rom.
3617 2980 3718 3033 vn,

2130 3050 2371 3124 24ε125)
2395 3052 2602 3108 :sciens
2636 3054 2751 3124 ejus
2774 3056 2941 3125 gratia
2969 3069 3067 3111 nos
3091 3055 3268 3109 sanari
3296 3056 3365 3111 ab
3388 3056 3489 3111 isto
3512 3070 3723 3112 concu-

2132 3143 2427 3215 piscentiali
2456 3154 2627 3212 motu,
2660 3147 2750 3217 qui
2779 3161 2877 3202 nos
2902 3146 2970 3202 ab
2989 3146 3105 3218 ejus
3135 3148 3379 3219 originali
3405 3157 3554 3204 reatu
3603 3148 3725 3222 spic

2133 3236 2307 3292 rituali
2331 3240 2730 3308 regeneratione
2746 3239 2972 3294 sanavit.
2991 3240 3104 3295 Hoc
3123 3240 3319 3295 bellum
3337 3242 3477 3312 quod
3497 3242 3545 3296 in
3563 3242 3728 3298 nobis

2133 3327 2265 3398 ipsis
2292 3329 2572 3384 adversum
2603 3346 2702 3385 nos
2724 3333 2866 3401 ipsos
2888 3333 3180 3403 gerendum
3210 3334 3590 3403 suscepimus',
3621 3350 3727 3389 ex-

2135 3420 2409 3489 periuntur
2435 3420 2488 3474 in
2513 3435 2592 3485 se,
2624 3437 2796 3491 neque
2822 3438 3015 3493 negare
3047 3433 3287 3493 possunt,
3320 3425 3549 3480 libidinis
3571 3440 3728 3481 accr-

2134 3512 2255 3567 rimi
2294 3524 2704 3583 expugnatores,
2755 3530 2859 3569 non
2905 3515 3350 3585 impudentissimi
3393 3518 3725 3576 laudatores.

2206 3605 2260 3658 6.
2304 3604 2540 3674 Denique
2576 3605 2701 3659 dicit
2739 3607 2899 3661 etiam
2925 3608 3391 3666 victoriosissimus
3427 3609 3731 3682 Cyprianus

2136 3693 2190 3749 ln
2219 3694 2441 3763 epistola
2472 3709 2564 3749 sua
2595 3695 2662 3750 de
2688 3695 2942 3753 Oratione
2970 3697 3235 3754 dominica
3262 3717 3279 3756 :
3313 3718 3333 3752 ι
3362 3699 3506 3756 Fieri
3541 3695 3731 3758 autem

2137 3784 2366 3855 petimus
2394 3786 2717 3842 voluntatem
2759 3787 2854 3844 Dei
2893 3789 2946 3844 in
2989 3789 3126 3846 ctelo
3163 3800 3218 3847 et
3256 3791 3309 3847 in
3355 3801 3540 3847 terra:
3579 3794 3733 3864 quod

2139 3885 2418 3947 utrmnque
2454 3877 2520 3931 ad
2558 3881 3069 3935 consummationem
3108 3889 3306 3938 nostra:
3349 3884 3733 3940 incolumitatis

2140 3968 2370 4037 pertinet
2396 3976 2449 4022 et
2478 3968 2683 4024 salutis.
2716 3969 2845 4024 Nam
2868 3986 2990 4027 cum
3019 3986 3213 4043 corpus
3236 3989 3266 4028 e
3296 3983 3454 4042 terra,
3482 3982 3536 4029 et
3563 3976 3733 4044 spiri-

2141 4069 2248 4114 tum
2278 4060 2643 4129 possideamus
2669 4077 2700 4118 e
2725 4064 2883 4131 coelo,
2912 4064 3011 4135 ipsi
3045 4075 3185 4121 terra
3211 4075 3262 4122 et
3290 4068 3483 4122 cmlum
3516 4083 3728 4135 smnus,

2138 4162 2192 4206 et
2222 4150 2273 4205 in
2313 4159 2557 4219 utroque,
2588 4153 2638 4207 id
2678 4163 2761 4209 est
2788 4155 2839 4208 in
2865 4169 3089 4228 corpore
3114 4165 3167 4213 et
3205 4158 3260 4213 in
3297 4157 3507 4228 spiritu,
3545 4171 3602 4212 ut
3627 4158 3731 4215 Dei

2139 4241 2386 4296 voluntas
2416 4242 2503 4297 ﬁat
2530 4259 2768 4298 oramus.
2810 4246 2908 4300 Est
2944 4248 3084 4302 enim
3129 4249 3267 4303 inter
3292 4265 3506 4304 carnem
3535 4258 3589 4304 et
3617 4250 3735 4319 spi-

2138 4334 2303 4387 ritmn
2330 4333 2653 4402 colluctatio,
2685 4343 2740 4391 et
2765 4336 3190 4394 discordantibus
3217 4340 3471 4396 adversus
3506 4357 3564 4397 se
3592 4341 3738 4395 invi-

2139 4440 2255 4482 cem
2282 4427 2590 4497 quotidiana
2616 4430 2942 4500 congressio,
2976 4441 3033 4486 ut
3062 4448 3166 4486 non
3200 4449 3317 4504 qua:
3343 4434 3581 4489 volumus
3612 4434 3735 4504 ipsa

2140 4519 2425 4581 faciamus;
2452 4522 2574 4575 dum
2599 4523 2816 4591 spiritus
2836 4525 3070 4579 cmlestia
3093 4536 3147 4581 et
3167 4526 3340 4581 divina
3365 4529 3571 4598 qumrit,
3597 4543 3736 4583 caro

2143 4622 2349 4667 ten'ena
2380 4622 2433 4668 et
2462 4613 2737 4667 saecularia
2765 4617 3112 4684 concupiscit.
3145 4617 3213 4671 Et
3241 4617 3360 4672 ideo
3391 4616 3621 4687 petimus
3651 4620 3738 4673 in-

2143 4710 2221 4757 ter
2243 4702 2351 4757 duo
2378 4704 2477 4758 ista
2502 4718 2604 4774 ope
2640 4713 2695 4759 et
2727 4706 2924 4761 auxilio
2957 4704 3049 4762 Dei
3092 4709 3430 4763 concordiam
3475 4708 3584 4765 ﬁeri
3608 4752 3623 4777 ,
3666 4720 3739 4766 ut

2140 4793 2265 4848 dum
2304 4803 2358 4850 et
2400 4796 2452 4850 in
2489 4795 2681 4863 Spiritu
2718 4804 2774 4851 et
2809 4797 2863 4851 in
2901 4813 3068 4854 carne
3095 4799 3334 4855 voluntas
3375 4801 3466 4855 Dei
3501 4802 3735 4871 geritur,

2139 4903 2258 4957 qua:
2284 4904 2379 4959 per
2404 4904 2526 4944 eum
2557 4897 2740 4945 renata
2766 4899 2848 4945 est
2871 4891 3044 4945 anima
3071 4907 3333 4948 servetur.
3362 4893 3510 4962 Quod
3538 4903 3740 4962 aperte

2141 4988 2298 5049 atque
2323 4980 2598 5035 manifeste
2635 4980 2906 5050 apostolus
2932 4980 3129 5038 Paulus
3167 4998 3260 5037 sua
3285 4998 3417 5039 voce
3445 4983 3679 5038 declarat
3719 5004 3740 5040 :

2140 5071 2293 5141 Caro,
2323 5074 2510 5144 inquit,
2543 5074 2851 5144 concupiscit
2887 5075 3128 5130 adversus
3161 5075 3412 5146 spiritum,
3447 5085 3491 5131 et
3518 5077 3743 5147 spiritus

2141 5166 2382 5219 adversus
2408 5180 2611 5220 carnem
2641 5180 2659 5221 :
2689 5166 2798 5220 lure
2826 5167 2957 5221 enim
2993 5167 3203 5226 invicem
3232 5168 3562 5223 adversamur
3587 5168 3685 5223 sibi
3715 5187 3743 5235 ,-

2140 5265 2195 5311 ut
2232 5273 2332 5310 non
2372 5272 2484 5327 qua:
2517 5257 2668 5312 uultis
2703 5256 2795 5312 illa
2833 5258 3032 5330 faciatis
3064 5277 3082 5311 ι
3133 5256 3329 5329 (Galat.
3356 5275 3409 5324 ν,
3447 5259 3557 5331 17).
3590 5258 3744 5316 Vide

2141 5348 2588 5418 quemadmodum
2628 5348 2854 5403 instruat
2892 5349 3215 5420 baptizatum
3242 5350 3494 5422 populum
3537 5350 3747 5407 doctor

2141 5442 2385 5512 egregius
2414 5458 2428 5497 :
2459 5440 2627 5513 (quod
2655 5441 2718 5496 ad
2749 5442 3069 5511 baptizatum
3095 5442 3236 5497 enim
3269 5445 3531 5514 pertineat
3554 5446 3745 5499 oratio

2141 5532 2426 5597 dominica,
2469 5532 2588 5602 quis
2630 5531 2951 5589 christianns
2990 5533 3255 5606 ignoret?)
3302 5544 3361 5592 ut
3397 5536 3685 5591 humanam
3714 5539 3745 5571 ³

2209 5623 2226 5654 ί
2260 5623 2334 5672 Sic
2354 5630 2459 5672 Mss.
2481 5622 2619 5685 aditi,
2640 5623 2939 5685 suscipimus.

2207 5686 2228 5717 ι
2262 5693 2364 5732 Am.
2410 5694 2463 5751 et.
2505 5691 2579 5733 Er.
2602 5722 2616 5744 ,
2663 5692 2717 5735 ut
2752 5686 3014 5738 humanam
3063 5686 3346 5751 uoltmtatem
3365 5724 3383 5751 ,
3424 5687 3714 5751 incolumia:

2143 5755 2254 5819 tem.
2286 5749 2625 5819 .Lovaniettses.
2652 5758 3017 5814 expunxerunt,
3050 5748 3376 5816 voluntatem;
3406 5763 3502 5804 nec
3543 5750 3745 5806 habent

2148 5815 2298 5858 nostri
2322 5815 2647 5872 manuscripti.
