4038 6472
271 357 374 418 επ

280 470 700 529 incolumitatem
726 463 1058 535 salutemque
1085 470 1286 517 natura:
1309 461 1361 516 in
1391 461 1491 514 hoc
1517 474 1635 515 esse
1663 459 1858 513 intelli-

277 572 399 637 gant
437 560 806 623 constitutam,
849 571 954 610 non
998 565 1054 608 ut
1083 569 1207 608 caro
1243 562 1298 608 et
1334 551 1570 621 spiritus,
1615 560 1862 620 tanquam

279 656 418 710 inter
444 669 506 707 se
538 651 851 707 naturaliter
872 645 1104 708 inimica,
1139 645 1276 699 sicut
1299 641 1622 697 Manicbzeus
1644 638 1861 706 desipit,

275 755 632 816 separentur;
674 741 769 797 sed
812 741 988 810 potius
1033 747 1282 807 tanquam
1326 749 1391 788 ex
1422 734 1550 787 vitio
1587 729 1867 786 discordia:

273 849 459 893 sanata
492 834 840 890 concordent.
879 831 993 886 Hoc
1034 839 1116 884 est
1157 827 1299 884 enim
1347 826 1555 880 liberari
1587 842 1614 877 a
1645 837 1867 892 corpore

277 927 468 983 mortis
517 925 700 996 hujus,
747 933 801 978 ut
837 924 961 977 vita:
1008 921 1120 988 fiat,
1166 918 1308 990 quod
1352 915 1510 991 modo
1554 929 1746 982 corpus
1789 921 1869 967 est

276 1017 491 1082 mortis,
537 1017 648 1085 ipsa
691 1015 742 1068 in
782 1028 848 1068 eo
880 1019 1051 1065 morte
1081 1009 1376 1072 moriente;
1423 1007 1527 1060 line
1565 1002 1864 1068 discordize,

274 1122 382 1164 non
414 1115 644 1162 naturae.
675 1104 824 1162 Unde
851 1103 1056 1158 dicetur
1084 1100 1242 1156 etiam
1272 1097 1422 1163 illud,
1461 1095 1557 1150 Ubi
1583 1103 1678 1160 est,
1712 1109 1866 1157 mors,

276 1200 535 1255 contentio
579 1209 668 1252 tua
707 1198 750 1267 (Ι
783 1196 901 1250 Cor.
941 1211 1028 1258 xv,
1061 1193 1177 1263 55)?
1213 1191 1365 1259 Quod
1404 1205 1510 1244 non
1542 1190 1594 1242 in
1646 1187 1745 1243 hac
1765 1187 1869 1239 vita

277 1290 485 1362 perﬁci,
522 1290 664 1344 idem
704 1301 916 1358 quoque
958 1285 1107 1340 testis
1133 1295 1210 1339 εει
1241 1284 1442 1353 Martyr
1468 1282 1518 1335 in
1550 1280 1774 1349 epistola
1804 1277 1870 1332 de

276 1381 624 1446 Mortaiitate,
672 1381 763 1435 ubi
803 1379 1104 1449 apostolum
1154 1377 1376 1431 Paulum
1425 1383 1704 1444 prepterea
1743 1372 1872 1426 dicit

279 1473 639 1546 concupiscere
666 1470 871 1524 dissolvi
897 1479 942 1523 et
975 1485 1082 1523 esse
1107 1484 1220 1522 cum
1249 1466 1468 1530 Christo,
1498 1474 1552 1517 ut
1583 1463 1736 1517 nullis
1755 1463 1870 1533 jam

281 1567 422 1636 ﬁeret
465 1564 688 1635 peccatis
714 1573 759 1616 et
796 1562 926 1615 vitiis
953 1561 1120 1613 carnis
1149 1559 1412 1612 obnoxius.
1441 1556 1608 1625 Quam
1636 1569 1762 1610 vero
1786 1554 1868 1608 vi-

279 1659 511 1730 gilanter
535 1655 794 1711 adversus
825 1652 952 1708 illud
980 1651 1168 1721 dogma
1196 1659 1456 1714 vestrum,
1486 1663 1589 1716 quo
1615 1647 1666 1700 in
1693 1654 1867 1700 vestra

281 1749 477 1802 virtute
507 1745 800 1811 confiditis,
833 1745 935 1798 hoc
960 1744 1014 1797 in
1041 1741 1293 1798 Oratione
1319 1739 1584 1794 dominica
1615 1735 1869 1806 exponit?

281 1838 371 1894 Sic
399 1837 547 1893 enim
581 1837 762 1898 docet,
795 1835 1060 1908 petendum
1088 1834 1142 1887 id
1172 1833 1339 1902 potius
1376 1848 1408 1885 a
1439 1830 1677 1896 Domino,
1717 1845 1868 1899 quam

259 1931 345 2004 de
380 1929 608 2001 propriis
643 1927 826 1982 viribus
854 1924 1257 1996 prtesumendum
1277 1965 1291 1987 ,
1333 1932 1386 1976 ut
1418 1922 1546 1975 inter
1572 1935 1771 1974 carnem
1809 1935 1869 1972 ac

279 2021 518 2090 spiritum
561 2035 664 2072 non
703 2020 924 2072 humana
962 2017 1140 2081 virtus,
1185 2015 1274 2069 sed
1313 2014 1477 2084 gratia
1508 2015 1662 2085 faciat
1699 2012 1870 2065 divina

273 2110 606 2165 concordiam
652 2125 673 2164 :
717 2122 1018 2164 consonans
1063 2107 1283 2162 omnino
1327 2105 1586 2175 Apostolo
1633 2103 1864 2166 dicenti,

283 2202 408 2268 Quis
437 2219 520 2256 me
544 2201 773 2257 liberabit
811 2201 872 2254 de
903 2215 1113 2268 corpore
1144 2199 1316 2252 mortis
1343 2197 1535 2268 hujus?
1561 2193 1738 2250 Gratia
1774 2193 1870 2248 Dei

281 2313 370 2370 per
409 2295 590 2351 Iesum
617 2293 870 2349 Christum
898 2291 1172 2346 Dominum
1201 2300 1448 2344 nostrum.

349 2387 402 2443 7.
445 2387 546 2442 His
593 2396 645 2440 et
694 2393 910 2439 sanctus
958 2381 1247 2452 Gregorius
1292 2384 1574 2436 attestatur
1617 2378 1800 2433 dicens
1848 2396 1863 2434 :

281 2481 460 2533 Anima
490 2493 710 2546 namque
734 2493 847 2530 cum
883 2478 936 2530 in
965 2474 1217 2529 laboribus
1246 2474 1396 2544 fuerit
1422 2482 1470 2527 et
1508 2473 1560 2526 in
1597 2473 1862 2542 angustiis,

271 2589 390 2625 cum
429 2571 682 2624 hostiliter
715 2577 919 2638 urgetur
946 2584 977 2620 a
1005 2584 1175 2631 carne,
1209 2575 1325 2619 tunc
1348 2565 1417 2619 ad
1441 2563 1602 2618 Deum
1641 2565 1862 2634 refugit,

278 2676 326 2722 et
348 2665 605 2737 cognoscit
632 2662 765 2716 unde
788 2660 959 2714 debeat
985 2659 1232 2714 auxilium
1263 2675 1479 2728 poscere.
1513 2658 1591 2712 Ac
1623 2673 1690 2712 ne
1715 2657 1862 2726 quis-

277 2770 434 2826 quam
476 2755 531 2808 in
579 2751 662 2808 his
703 2752 882 2807 verbis
920 2752 1151 2821 episcopi
1192 2750 1431 2820 Gregorii
1465 2748 1731 2803 hostiliter
1768 2763 1863 2802 ur-

273 2855 486 2918 gentem
519 2845 536 2876 ί
559 2859 798 2907 carnem,
829 2854 1076 2912 tanquam
1101 2857 1164 2897 ex
1198 2842 1463 2896 contraria
1491 2851 1676 2895 natura
1704 2841 1860 2908 mali,

275 2937 568 2993 secundum
601 2935 1014 2990 Manichmorum
1047 2935 1306 2989 insaniam
1338 2935 1671 3003 suspicetur;
1701 2935 1861 2989 etiam

273 3029 388 3100 ipse
412 3027 534 3082 vide
565 3025 1016 3096 quemadmodum
1056 3025 1167 3080 suis
1202 3025 1452 3080 fratribus
1484 3034 1538 3079 et
1570 3024 1860 3080 condoeto-

271 3120 419 3176 ribus
452 3117 723 3184 concinat,
752 3117 951 3172 docens
977 3132 1082 3172 non
1110 3116 1180 3171 ob
1205 3115 1344 3170 aliud
1367 3114 1627 3170 adversus
1646 3129 1862 3172 carnem

271 3211 518 3281 spiritum
543 3209 940 3278 concupiscere,
972 3208 1077 3262 nisi
1103 3217 1160 3262 ut
1197 3223 1296 3262 suo
1326 3218 1612 3277 utrumque
1639 3220 1863 3262 revoce-

273 3311 357 3360 tur
378 3301 589 3359 auctori
618 3310 739 3373 post
764 3302 1134 3373 gravissimum
1158 3303 1209 3356 in
1237 3301 1337 3356 hac
1357 3303 1462 3356 vita
1485 3299 1565 3356 rei
1586 3300 1860 3371 utriusque

272 3395 602 3459 conflictum,
645 3395 696 3448 in
737 3408 842 3464 quo
882 3394 1088 3448 laborat
1129 3395 1366 3448 omnium
1394 3393 1501 3448 vita
1531 3403 1858 3448 sanctorum.

269 3485 326 3542 In
355 3487 491 3542 libro
517 3487 714 3557 quippe
737 3486 1119 3555 Apologetico-z
1155 3505 1175 3537 s
1205 3486 1416 3540 Illorum
1441 3502 1585 3550 vero,
1621 3507 1638 3539 ι
1667 3487 1857 3557 inquit,

280 3596 300 3629 ο
331 3592 616 3633 verberum
660 3577 799 3631 nond
825 3593 893 3630 un
936 3577 1073 3630 facio
1114 3577 1461 3644 mentionem,
1501 3578 1694 3648 quibus
1725 3578 1860 3633 intra

271 3670 635 3739 nosmetipsos
675 3683 811 3739 prop
829 3670 904 3723 iis
933 3669 1072 3723 vitiis
1107 3684 1170 3724 ac
1211 3671 1545 3739 passionibus
1589 3671 1866 3741 impugna-

272 3775 409 3823 lnur,
439 3770 494 3815 et
520 3760 608 3815 die
637 3770 900 3830 noczuque,
937 3759 1113 3830 ignitis
1150 3760 1376 3815 stimulis
1403 3763 1645 3831 corporis
1685 3761 1861 3816 immi-

274 3851 436 3908 litatis
468 3851 626 3922 hujus
648 3860 700 3906 et
729 3852 971 3920 corporis
998 3851 1183 3905 mortis
1210 3866 1480 3920 urgemur,
1514 3868 1654 3908 nunc
1683 3853 1858 3908 laten-

273 3952 372 4007 ter.
403 3960 548 3998 nunc
576 3944 734 3997 etiam
762 3943 934 4012 palam
964 3943 1371 4012 provocantibus
1397 3945 1590 4014 ubique
1637 3954 1690 4000 et
1740 3946 1862 4000 irri-

268 4037 512 4091 tantibus
550 4051 727 4089 rerum
761 4035 1044 4088 visibilium
1093 4034 1510 4100 illecebris,luto
1549 4036 1691 4090 hoc'
1719 4034 1862 4092 [arcis

268 4129 353 4182 cui
389 4128 721 4189 iulimsimus,
765 4127 904 4181 comi
946 4127 1024 4179 sui
1067 4125 1283 4181 fetorem
1311 4127 1460 4180 venis
1498 4129 1862 4196 capacioribus

271 4221 586 4281 exhalante:
634 4219 727 4273 sed
757 4228 809 4273 ct
839 4219 954 4288 lege
997 4219 1221 4287 peccati,
1265 4235 1383 4288 qute
1409 4229 1490 4274 est
1521 4220 1571 4273 in
1605 4219 1860 4275 membris

272 4313 470 4367 nostris
490 4354 505 4378 ,
538 4311 637 4380 legi
670 4311 886 4382 spiritus
924 4319 1284 4381 repugnante;
1309 4311 1432 4365 dum
1464 4313 1746 4380 imaginem
1777 4328 1864 4368 re-

271 4403 432 4473 giam,
471 4418 594 4471 qua:
635 4404 772 4456 intra
813 4417 912 4455 nos
943 4409 1044 4466 est,
1090 4401 1350 4470 captivam
1394 4402 1591 4456 ducere
1634 4403 1807 4458 studet
1845 4422 1859 4459 :

271 4504 330 4548 ut
356 4495 544 4564 spoliis
571 4494 687 4561 ejus
717 4493 896 4563 cedat,
933 4494 1185 4564 quidquid
1222 4493 1350 4548 illud
1389 4495 1636 4565 estquod
1669 4497 1720 4550 in
1763 4511 1861 4552 nos

273 4585 536 4642 beneficio
563 4585 756 4639 divina:
785 4601 846 4639 ac
880 4587 1062 4654 prima:
1093 4586 1232 4640 illius
1261 4587 1578 4641 conditionis
1608 4588 1810 4642 inﬂuxit
1844 4606 1858 4642 :

271 4678 416 4735 unde
441 4679 529 4732 vix
556 4678 748 4749 aliquis
777 4679 1000 4734 fortasse
1027 4679 1177 4748 longa
1208 4694 1265 4733 se
1291 4689 1342 4733 et
1365 4680 1601 4734 districta
1623 4679 1642 4712 ³
1672 4696 1861 4750 regens

273 4771 634 4842 philosophia,
663 4783 712 4825 et
748 4772 992 4840 paulatim
1035 4771 1362 4826 nobilitatem
1403 4773 1595 4827 animae
1633 4788 1745 4827 sure
1775 4789 1862 4827 re-

270 4865 477 4929 colens,
523 4872 767 4918 naturam
800 4863 931 4917 lucis
969 4879 1086 4932 qua:
1129 4863 1178 4916 in
1220 4877 1277 4918 se
1316 4872 1398 4918 est
1436 4864 1619 4918 humili
1655 4864 1778 4919 huic
1807 4873 1861 4919 et

273 4954 563 5011 tenebrOso
609 4953 721 5008 luto
770 4953 1086 5022 conjuncta,
1135 4962 1350 5008 revocet
1398 4969 1462 5009 ac
1503 4953 1742 5009 reﬂectat
1790 4955 1860 5009 ad

271 5046 440 5100 Deum
478 5063 490 5099 :
523 5044 608 5099 vel
639 5047 680 5098 si
711 5054 853 5100 certe
882 5045 1114 5116 propitio
1145 5045 1256 5101 Deo
1282 5055 1422 5116 agat,
1452 5056 1734 5118 utrumque
1767 5064 1859 5117 pa-

238 5153 268 5192 r
301 5139 402 5192 iter
438 5136 746 5204 revocabit;
795 5137 839 5191 si
884 5145 1058 5192 tamen
1102 5137 1254 5208 longa
1291 5151 1344 5194 et
1377 5140 1587 5194 assidua
1629 5143 1859 5197 medita-

249 5243 269 5287 ι
298 5227 415 5282 ioue
442 5229 710 5284 insuescat
750 5241 959 5282 sursum
1001 5243 1214 5299 semper
1239 5231 1497 5300 aspicere,
1529 5241 1582 5286 et
1607 5235 1855 5290 deorsum

265 5319 410 5374 male
453 5319 754 5375 trahentem
798 5334 862 5374 ac
906 5319 1280 5390 degravantem
1323 5325 1596 5377 materiam
1645 5326 1858 5380 sibimet

263 5409 539 5465 astrictam
570 5410 732 5466 frenis
752 5411 1067 5466 arctioribus
1081 5412 1359 5470 sublevare
1379 5433 1396 5466 ι
1425 5413 1511 5486 (In
1536 5415 1862 5487 Apologetico

334 5590 358 5660 ι,
387 5587 501 5660 rditi
520 5622 536 5648 ,
573 5586 756 5651 urgeri.
796 5588 1096 5652 Castigantur
1129 5589 1188 5642 ad
1224 5591 1485 5644 Gallicanos
1527 5592 1649 5644 duos
1695 5607 1860 5644 manu-

264 5657 484 5710 lt‘ttplos.

333 5713 353 5741 ⁸
387 5711 519 5767 Edili,
546 5711 706 5772 hujus.
736 5721 784 5762 At
810 5720 933 5767 5158.,
957 5711 1061 5764 hoc.

335 5772 356 5802 ⁸
389 5772 558 5837 Belgici
584 5781 673 5823 Mss
695 5808 709 5834 ,
733 5773 956 5825 discreta.

1587 343 1788 401 LIBER
1827 340 2198 398 SECUNDUS.

3449 345 3554 407 676

1977 457 2138 523 primo
2167 455 2230 508 tle
2256 471 2350 509 sua
2379 455 2541 526 fuga).
2594 456 2851 527 Agnosco.
2885 457 2959 513 lili
2999 458 3209 516 Julianc
3240 501 3256 527 ,
3287 476 3552 520 consonas

1973 545 2262 600 catholicas
2291 561 2467 612 voces,
2510 559 2562 602 et
2605 552 2673 602 ab
2721 551 2798 603 eis
2841 550 3028 607 desine
3075 553 3372 609 dissonare.
3423 555 3554 612 Cum

1974 638 2101 693 dicit
2133 639 2318 693 beatus
2346 639 2652 710 Gregorius,
2697 641 2842 696 Intra
2882 647 3210 716 nosmetipsos
3239 649 3460 718 propriis
3487 650 3559 702 vi-

1977 731 2058 784 tiis
2086 747 2145 784 ac
2177 731 2490 798 passionibus
2515 735 2895 804 impugnantur,
2924 746 2970 789 et
2997 738 3078 790 die
3116 751 3360 808 noctuque
3389 741 3558 810 ignitis

1975 822 2191 875 stimulis
2234 822 2459 892 corporis
2502 823 2797 878 humilitatis
2836 827 2990 896 hujus
3033 837 3079 880 et
3120 831 3346 898 corporis
3385 831 3559 883 mortis

1975 926 2247 981 urgemur;
2310 911 2602 981 baptizatus
2653 913 2904 985 loquitur,
2943 917 3011 971 de
3047 918 3326 987 baptizatis
3387 921 3561 991 It‘qtli-

1977 1003 2120 1054 tur‘.
2157 1004 2285 1057 Cum
2314 1005 2462 1071 dicit,
2503 1005 2611 1076 lege
2646 1008 2836 1076 peccati
2868 1024 2982 1078 qua:
3013 1011 3163 1064 estin
3193 1012 3424 1065 membris
3463 1029 3557 1066 no-

1973 1095 2093 1146 stris
2129 1093 2224 1163 legi
2267 1095 2473 1165 spiritus
2508 1108 2856 1168 repugnante;
2885 1098 3180 1168 baptizatus
3208 1101 3459 1172 loquitur,
3491 1103 3560 1158 de

1977 1184 2255 1254 baptizatis
2282 1188 2531 1258 loquitur.
2559 1189 2985 1247 Christianorum
3006 1203 3088 1247 est
3115 1193 3210 1249 ista
3237 1210 3409 1266 pugna
3440 1197 3562 1250 lide-

1975 1275 2127 1343 lium,
2166 1292 2270 1332 non
2313 1278 2602 1334 inﬁdelium
2645 1281 2972 1336 Judatorum.
3004 1284 3195 1351 Crede,
3235 1286 3280 1340 si
3322 1302 3425 1340 non
3466 1301 3563 1356 pu-

1973 1381 2138 1436 gnas;
2179 1383 2428 1439 agnosce,
2468 1372 2511 1425 si
2556 1387 2777 1442 pugnas,
2813 1385 2866 1428 et
2899 1375 2995 1429 ista
3044 1379 3258 1447 pugna’
3303 1379 3557 1434 rebellem

1974 1474 2184 1530 quoque
2212 1463 2512 1531 superbiam
2548 1465 2810 1535 Pelagiani
2853 1470 3052 1523 erroris
3078 1484 3342 1540 expugna.
3369 1471 3560 1528 Jamne

1975 1553 2260 1620 discernis,
2305 1555 2489 1625 jamne
2529 1559 2803 1628 perspicis,
2853 1559 3033 1629 jamne
3075 1562 3365 1632 resipiscis,
3407 1571 3460 1618 et
3503 1564 3558 1618 in

1977 1643 2307 1714 Baptismate
2353 1645 2467 1702 llcri
2505 1651 2743 1704 omnium
2783 1651 3152 1707 remissionem
3195 1665 3555 1724 peccatorum,

1974 1743 2176 1790 etcum
2210 1735 2491 1806 baptizatis
2531 1741 2680 1808 quasi
2709 1742 2863 1797 civile
2901 1742 3096 1798 bellum
3131 1743 3437 1800 interiorum
3469 1763 3558 1801 re-

1973 1840 2193 1881 manere
2220 1827 2514 1883 vitiorum?
2562 1829 2676 1884 Non
2721 1833 2864 1886 enim
2919 1835 3040 1887 talia
3091 1843 3214 1889 sunt
3241 1835 3391 1903 vitia,
3439 1853 3558 1905 qua:

1969 1917 2078 1987 jam
2106 1927 2323 1988 peccata
2360 1919 2584 1975 dicenda
2619 1924 2745 1988 sint,
2789 1924 2833 1976 si
2879 1923 2944 1978 ad
2985 1924 3162 1979 illicita
3198 1939 3359 1994 opera
3401 1927 3562 1996 spiri-

1972 2017 2083 2064 tum
2127 2012 2553 2080 concupiscentia
2594 2027 2699 2067 non
2758 2014 2927 2069 trahat
2974 2023 3029 2069 et
3061 2017 3324 2086 concipiat
3364 2019 3560 2086 pariat-

1971 2114 2076 2170 que
2101 2112 2397 2171 peccatum.
2425 2102 2535 2158 Nec
2561 2113 2736 2159 tamen
2765 2116 2913 2159 extra
2939 2121 3038 2160 nos
3057 2116 3199 2170 sunt,
3227 2109 3416 2181 quibus
3439 2111 3556 2163 vin-

1972 2193 2177 2259 cendis,
2208 2209 2328 2248 cum
2360 2195 2413 2249 in
2441 2195 2540 2250 hoc
2563 2195 2852 2251 certamine
2874 2198 3209 2268 prolicientcr
3232 2199 3554 2268 laboramus,

1972 2282 2276 2338 instandum
2326 2295 2446 2352 est;
2496 2297 2677 2342 nostra
2727 2299 2873 2354 sunt,
2926 2292 3200 2360 passiones
3242 2303 3382 2355 sunt.
3429 2295 3555 2349 vitia

1970 2386 2114 2440 Sunt,
2161 2379 2435 2446 frenanda,
2468 2381 2784 2445 cohibenda,
2815 2384 3048 2437 sananda
3075 2393 3198 2438 sunt
3231 2402 3244 2438 :
3291 2386 3383 2440 sed
3427 2388 3556 2442 dum

1970 2477 2224 2523 curantur
2263 2469 2451 2525 infesta
2479 2481 2622 2526 sunt.
2653 2472 2721 2526 Et
2745 2473 2791 2528 si
2837 2473 2992 2528 nobis
3033 2475 3100 2528 ad
3128 2475 3346 2531 meliora
3389 2477 3553 2547 proli-

1971 2564 2256 2628 cientibus,
2305 2567 2474 2637 magis
2513 2566 2786 2637 magisque
2825 2571 3162 2634 minuuntur;
3209 2578 3386 2626 tamen
3427 2570 3553 2625 dum

1973 2656 2058 2711 hic
2080 2657 2292 2725 vivitur,
2318 2672 2439 2714 esse
2467 2673 2572 2714 non
2603 2659 2872 2715 desinunt.
2901 2661 3212 2717 Discedente
3235 2662 3355 2717 hinc
3377 2663 3555 2718 anima

1969 2750 2054 2819 pia
2087 2750 2354 2818 peribunt,
2397 2751 2449 2806 in
2477 2760 2788 2823 resurgente
2817 2768 3041 2823 corpore
3068 2769 3173 2808 non
3213 2756 3479 2810 redibunt.

2038 2839 2264 2896 CAPUT
2295 2840 2382 2894 IV.
2412 2872 2484 2882 —
2508 2843 2562 2896 8.
2607 2843 2744 2913 Ergo
2775 2843 2842 2898 ad
2872 2844 3086 2899 beatum
3122 2846 3403 2901 redeamus
3426 2847 3554 2900 Am-

1967 2929 2228 2986 brosium.
2284 2933 2454 2987 Etiam
2507 2933 2659 2988 Pauli
2710 2953 2846 2999 caro,
2905 2937 3095 3006 inquit,
3149 2954 3330 3009 corpus
3380 2940 3553 2993 mortis

1969 3035 2096 3093 erat,
2125 3027 2252 3081 sicut
2279 3028 2386 3098 ipse
2404 3030 2495 3095 ait,
2530 3027 2688 3096 «Quis
2705 3045 2784 3084 me
2805 3029 3032 3084 liberabit
3055 3031 3117 3085 de
3140 3048 3351 3103 corpore
3379 3033 3553 3087 mortis

1972 3115 2168 3185 hujus?
2196 3135 2216 3170 ι
2264 3117 2336 3172 Ita
2363 3118 2620 3174 intellexit
2664 3119 2996 3186 Ambrosius,
3026 3121 3096 3175 ita
3125 3120 3438 3193 Cyprianus,
3482 3123 3552 3178 ita

1967 3205 2280 3275 Gregorius,
2324 3218 2379 3262 ut
2413 3208 2481 3264 de
2517 3209 2636 3263 aliis
2662 3210 2872 3264 interim
2904 3219 3102 3265 taceam
3128 3212 3284 3266 simili
3317 3212 3550 3282 praeditis

1970 3298 2286 3353 auctoritate
2330 3297 2656 3354 doctoribus.
2703 3301 2838 3356 Huic
2879 3303 3036 3357 morti
3080 3303 3288 3358 dicetur
3326 3305 3376 3359 iu
3426 3306 3548 3369 ﬁne,

1972 3385 2068 3441 Ubi
2107 3395 2196 3452 cst,
2231 3404 2386 3454 mors,
2429 3392 2677 3445 contentio
2717 3394 2846 3445 tua?
2874 3393 2980 3446 Sed
3015 3409 3442 3463 regeneratorum
3471 3405 3554 3451 est

1970 3477 2088 3533 haec
2108 3479 2296 3548 gratia,
2327 3494 2430 3534 non
2455 3491 2851 3550 generatorum.
2880 3482 3064 3538 (.t'ir‘sti
3090 3487 3220 3538 enim
3245 3503 3382 3548 caro,
3411 3487 3551 3556 quod

1966 3570 2204 3640 adjungit
2250 3572 2599 3638 Ambrosius,
2649 3575 2894 3627 damnant
2945 3586 3222 3644 peccatum,
3271 3583 3407 3648 quod
3459 3596 3554 3631 na-

1965 3662 2151 3716 scendo
2177 3678 2278 3716 non
2315 3663 2488 3729 sensit,
2515 3665 2649 3733 quod
2677 3665 2934 3719 moriendo
2959 3668 3209 3736 cruciﬁxit
3239 3683 3258 3723 :
3286 3669 3553 3728 nascendo

1966 3767 2073 3808 non
2115 3755 2284 3808 sensit
2317 3755 2476 3821 inse,
2521 3757 2798 3812 moriendo
2826 3759 3088 3814 cruciﬁxit
3129 3761 3178 3815 in
3223 3763 3396 3818 nobis.
3439 3764 3550 3820 Lex

1968 3845 2145 3915 itaque
2185 3848 2388 3916 peccati
2415 3863 2717 3918 repugnans
2756 3850 2859 3920 legi
2905 3853 3120 3918 mentis,
3165 3870 3282 3923 qua:
3328 3855 3381 3909 in
3422 3857 3554 3910 tanti

1968 3953 2179 4008 quoque
2208 3941 2434 4010 apostoli
2482 3944 2733 3998 membris
2767 3953 2902 4013 erat,
2950 3947 3234 4000 remittitur
3273 3949 3324 4001 in
3371 3948 3552 4017 Bapti-

1967 4040 2159 4098 smate,
2187 4047 2291 4084 non
2313 4031 2514 4086 finitur.
2541 4035 2614 4087 Ex
2639 4035 2736 4089 hac
2763 4036 2875 4106 lege
2901 4038 3075 4091 carnis
3102 4048 3423 4109 repugnante
3449 4039 3552 4109 legi

1967 4123 2165 4177 mentis
2192 4123 2320 4177 nihil
2361 4124 2554 4178 Christi
2585 4141 2778 4196 corpus
2805 4130 3054 4194 attraxit;
3085 4131 3205 4198 quia
3235 4147 3337 4182 non
3369 4145 3433 4184 ex
3465 4131 3552 4184 illa

1971 4213 2128 4284 Virgo
2168 4216 2432 4285 concepit.
2480 4216 2555 4269 Ex
2598 4219 2696 4271 hac
2732 4218 2846 4286 lege
2881 4219 3056 4272 carnis
3084 4230 3406 4289 repugnante
3448 4221 3550 4290 legi

1966 4305 2162 4360 mentis
2205 4307 2445 4376 eamdem
2491 4307 2659 4376 legem
2707 4309 2872 4377 prima
2919 4310 3192 4364 nativitate
3233 4326 3390 4364 nemo
3433 4326 3541 4366 non

1967 4399 2154 4463 traxit;
2201 4397 2324 4467 quia
2363 4399 2462 4452 nisi
2506 4413 2572 4452 ex
2621 4399 2710 4452 illa
2755 4399 2941 4454 mulier
2987 4400 3128 4454 nulla
3168 4403 3429 4471 concepit.
3480 4403 3547 4458 Et

1969 4489 2090 4544 ideo
2130 4489 2467 4544 venerandus
2513 4489 2764 4553 Hilarius,
2809 4505 2874 4544 ex
2919 4499 3132 4559 peccato
3173 4505 3293 4545 esse
3333 4507 3547 4547 onmem

1967 4597 2184 4637 carnem
2213 4597 2314 4636 non
2343 4589 2620 4635 cunctatus
2641 4592 2722 4636 est
2742 4581 2918 4636 dicere
2940 4582 3157 4652 (Supra,
3182 4582 3268 4635 lib.
3294 4583 3345 4646 l,
3369 4598 3422 4634 η.
3446 4581 3502 4654 9)
3525 4600 3543 4638 :

1969 4673 2062 4728 sed
2104 4673 2357 4743 numquid
2401 4673 2521 4728 ideo
2564 4673 2771 4743 negavit
2814 4688 2878 4728 ex
2923 4674 3067 4727 Deo?
3108 4673 3384 4738 Quomodo
3415 4674 3549 4730 dici-

1969 4781 2108 4833 mus,
2155 4773 2210 4821 et
2245 4779 2308 4820 ex
2351 4779 2514 4819 carne
2553 4779 2789 4831 carnem,
2839 4774 2894 4819 et
2933 4779 2995 4818 ex
3037 4764 3254 4819 homine
3293 4780 3540 4833 carnem;

1969 4859 2223 4930 numquid
2267 4859 2427 4914 etiam
2473 4859 2552 4913 sic
2597 4873 2849 4928 negamus
2889 4873 2954 4913 ex
2995 4857 3184 4912 Deo'?
3230 4857 3374 4929 Ergo
3399 4867 3453 4914 et
3478 4874 3540 4920 es

1968 4954 2101 5019 Deo,
2141 4955 2262 5023 quia
2298 4961 2473 5018 creat;
2512 4960 2567 5008 et
2605 4968 2671 5007 ex
2697 4951 2931 5016 homine,
2969 4952 3089 5022 quia
3119 4961 3369 5022 generat;
3400 4962 3454 5009 et
3479 4967 3544 5014 ex

1968 5054 2206 5117 peccato,
2240 5047 2361 5115 quia
2391 5046 2556 5100 vitiat.
2586 5044 2692 5101 Sed
2726 5046 2867 5100 Deus
2896 5046 2984 5116 qui
3013 5047 3192 5116 genuit
3222 5047 3413 5102 Filium
3443 5048 3546 5102 sibi

1967 5145 2314 5204 consternunt,
2343 5137 2481 5208 quod
2512 5138 2562 5191 in
2590 5139 2852 5208 principio
2876 5138 3102 5192 Verbum
3127 5148 3261 5204 erat,
3288 5155 3383 5209 per
3404 5139 3548 5209 quod

1968 5229 2168 5283 creavit
2194 5243 2352 5282 omne
2383 5228 2520 5296 quod
2549 5245 2652 5282 non
2682 5239 2816 5293 erat,
2844 5229 3001 5284 etiam
3031 5231 3200 5298 ipsum
3225 5229 3424 5285 creavit
3451 5229 3548 5283 ho-

1970 5321 2166 5375 minem
2191 5321 2308 5374 sine
2335 5320 2460 5373 vitio
2481 5317 2522 5386 ⁸,
2556 5334 2662 5374 non
2692 5335 2756 5374 ex
2785 5321 2986 5375 semine
3007 5320 3234 5374 hominis
3263 5334 3357 5388 per
3381 5319 3544 5390 virgi-

2033 5475 2050 5538 ξ
2087 5473 2222 5538 Rditl,
2247 5472 2307 5523 dc
2329 5472 2564 5534 baptizata
2587 5472 2810 5537 loquitur.
2837 5473 3001 5524 Melius
3032 5482 3157 5535 Mss,
3189 5473 3251 5524 de
3271 5469 3543 5538 baptizats's.

2031 5537 2050 5598 ξ
2085 5536 2156 5598 sic
2179 5544 2282 5583 Mss.
2311 5543 2362 5584 At
2387 5538 2519 5598 editi,
2543 5543 2587 5586 et
2605 5536 2653 5588 m
2671 5539 2758 5586 ista
2782 5549 2958 5598 pugna.

2032 5597 2054 5629 ³
2085 5596 2220 5656 miti,
2244 5597 2474 5654 manauit!
2498 5592 2639 5648 am»
2655 5599 2724 5649 sic
2739 5592 2979 5661 negabitis,
3006 5609 3290 5661 generantur
3316 5607 3381 5648 ea:
3405 5592 3545 5649 Deo?

1967 5658 2132 5718 Abest,
2159 5671 2460 5720 generantur,
2486 5672 2514 5707 a
2535 5667 2638 5709 Mss.

2030 5719 2052 5751 ⁸
2086 5718 2168 5768 Hie
2188 5723 2436 5782 manuscrit
2459 5723 2490 5769 ti
2523 5721 2752 5771 nonnulli.
2773 5720 3078 5770 Monacensis
3101 5726 3149 5770 et
3170 5719 3433 5772 Casaleusis
3459 5718 3539 5771 Id-

1969 5783 2106 5844 duut,
2127 5798 2216 5835 non
2237 5800 2299 5836 ex
2323 5782 2508 5832 homine
2529 5784 2630 5832 sine
2654 5783 2777 5832 tilia.
