  <div class='ocr_page' id='page_1' title='image "/cluster/home/n/w/nwhite01/storage/ocr_20150623/44/hvd.32044015706336/345.png"; bbox 0 0 4038 6472; ppageno 0'>
   <div class='ocr_carea' id='block_1_1' title="bbox 496 325 603 389">
    <p class='ocr_par' dir='ltr' id='par_1_1' title="bbox 496 325 603 389">
     <span class='ocr_line' id='line_1_1' title="bbox 496 325 603 389; baseline 0.019 -2"><span class='ocrx_word' id='word_1_1' title='bbox 496 325 603 389; x_wconf 71' lang='grc' dir='ltr'><strong>θτς</strong></span> 
     </span>
    </p>
   </div>
   <div class='ocr_carea' id='block_1_2' title="bbox 497 437 2078 511">
    <p class='ocr_par' dir='ltr' id='par_1_2' title="bbox 497 437 2078 511">
     <span class='ocr_line' id='line_1_2' title="bbox 497 437 2078 511; baseline -0.006 -11"><span class='ocrx_word' id='word_1_2' title='bbox 497 457 622 500; x_wconf 90' lang='lat' dir='ltr'><strong>nem</strong></span> <span class='ocrx_word' id='word_1_3' title='bbox 650 450 854 505; x_wconf 88' lang='lat' dir='ltr'><strong>natum,</strong></span> <span class='ocrx_word' id='word_1_4' title='bbox 895 439 950 496; x_wconf 88' lang='lat' dir='ltr'><strong>in</strong></span> <span class='ocrx_word' id='word_1_5' title='bbox 989 453 1098 511; x_wconf 91' lang='lat' dir='ltr'><strong>quo</strong></span> <span class='ocrx_word' id='word_1_6' title='bbox 1125 445 1405 510; x_wconf 87' lang='lat' dir='ltr'><strong>regenerat</strong></span> <span class='ocrx_word' id='word_1_7' title='bbox 1432 437 1703 493; x_wconf 78' lang='lat' dir='ltr'><strong>hominem</strong></span> <span class='ocrx_word' id='word_1_8' title='bbox 1743 445 2078 508; x_wconf 87' lang='lat' dir='ltr'><strong>generatum,</strong></span> 
     </span>
    </p>
   </div>
   <div class='ocr_carea' id='block_1_3' title="bbox 498 529 2085 606">
    <p class='ocr_par' dir='ltr' id='par_1_3' title="bbox 498 529 2085 606">
     <span class='ocr_line' id='line_1_3' title="bbox 498 529 2085 606; baseline -0.004 -16"><span class='ocrx_word' id='word_1_9' title='bbox 498 545 760 606; x_wconf 87' lang='lat' dir='ltr'><strong>sanatque</strong></span> <span class='ocrx_word' id='word_1_10' title='bbox 803 533 1063 597; x_wconf 87' lang='lat' dir='ltr'><strong>vitiatum,</strong></span> <span class='ocrx_word' id='word_1_11' title='bbox 1117 545 1148 586; x_wconf 87' lang='lat' dir='ltr'><strong>a</strong></span> <span class='ocrx_word' id='word_1_12' title='bbox 1199 540 1349 586; x_wconf 89' lang='lat' dir='ltr'><strong>reatu</strong></span> <span class='ocrx_word' id='word_1_13' title='bbox 1404 531 1607 596; x_wconf 93' lang='lat' dir='ltr'><strong>statim,</strong></span> <span class='ocrx_word' id='word_1_14' title='bbox 1659 529 1728 585; x_wconf 89' lang='lat' dir='ltr'><strong>ab</strong></span> <span class='ocrx_word' id='word_1_15' title='bbox 1775 529 2085 584; x_wconf 83' lang='lat' dir='ltr'><strong>infirmitate</strong></span> 
     </span>
    </p>
   </div>
   <div class='ocr_carea' id='block_1_4' title="bbox 499 619 2086 694">
    <p class='ocr_par' dir='ltr' id='par_1_4' title="bbox 499 619 2086 694">
     <span class='ocr_line' id='line_1_4' title="bbox 499 619 2086 694; baseline -0.003 -16"><span class='ocrx_word' id='word_1_16' title='bbox 499 627 771 694; x_wconf 77' lang='lat' dir='ltr'><strong>paulatim.</strong></span> <span class='ocrx_word' id='word_1_17' title='bbox 813 624 1009 678; x_wconf 80' lang='lat' dir='ltr'><strong>Contra</strong></span> <span class='ocrx_word' id='word_1_18' title='bbox 1045 637 1204 692; x_wconf 93' lang='lat' dir='ltr'><strong>quam</strong></span> <span class='ocrx_word' id='word_1_19' title='bbox 1245 631 1610 692; x_wconf 81' lang='lat' dir='ltr'><strong>regeneratus,</strong></span> <span class='ocrx_word' id='word_1_20' title='bbox 1650 620 1697 675; x_wconf 88' lang='lat' dir='ltr'><strong>si</strong></span> <span class='ocrx_word' id='word_1_21' title='bbox 1731 620 1839 689; x_wconf 92' lang='lat' dir='ltr'><strong>jam</strong></span> <span class='ocrx_word' id='word_1_22' title='bbox 1880 619 2086 674; x_wconf 81' lang='lat' dir='ltr'><strong>ratione</strong></span> 
     </span>
    </p>
   </div>
   <div class='ocr_carea' id='block_1_5' title="bbox 501 711 2086 784">
    <p class='ocr_par' dir='ltr' id='par_1_5' title="bbox 501 711 2086 784">
     <span class='ocr_line' id='line_1_5' title="bbox 501 711 2086 784; baseline -0.002 -16"><span class='ocrx_word' id='word_1_23' title='bbox 501 717 685 779; x_wconf 92' lang='lat' dir='ltr'><strong>utitur,</strong></span> <span class='ocrx_word' id='word_1_24' title='bbox 725 715 817 770; x_wconf 91' lang='lat' dir='ltr'><strong>illo</strong></span> <span class='ocrx_word' id='word_1_25' title='bbox 849 722 1124 784; x_wconf 83' lang='lat' dir='ltr'><strong>spectante</strong></span> <span class='ocrx_word' id='word_1_26' title='bbox 1153 721 1315 783; x_wconf 90' lang='lat' dir='ltr'><strong>atque</strong></span> <span class='ocrx_word' id='word_1_27' title='bbox 1350 712 1634 781; x_wconf 86' lang='lat' dir='ltr'><strong>adjuvante</strong></span> <span class='ocrx_word' id='word_1_28' title='bbox 1657 711 1802 766; x_wconf 85' lang='lat' dir='ltr'><strong>velut</strong></span> <span class='ocrx_word' id='word_1_29' title='bbox 1832 711 1884 764; x_wconf 93' lang='lat' dir='ltr'><strong>in</strong></span> <span class='ocrx_word' id='word_1_30' title='bbox 1915 724 2086 780; x_wconf 82' lang='lat' dir='ltr'><strong>agone</strong></span> 
     </span>
    </p>
   </div>
   <div class='ocr_carea' id='block_1_6' title="bbox 496 800 2082 877">
    <p class='ocr_par' dir='ltr' id='par_1_6' title="bbox 496 800 2082 877">
     <span class='ocr_line' id='line_1_6' title="bbox 496 800 2082 877; baseline -0.005 -15"><span class='ocrx_word' id='word_1_31' title='bbox 496 807 733 877; x_wconf 85' lang='lat' dir='ltr'><strong>coalligit</strong></span> <span class='ocrx_word' id='word_1_32' title='bbox 763 824 777 861; x_wconf 89' lang='lat'><strong>:</strong></span> <span class='ocrx_word' id='word_1_33' title='bbox 820 806 942 877; x_wconf 87' lang='lat' dir='ltr'><strong>quia</strong></span> <span class='ocrx_word' id='word_1_34' title='bbox 967 805 1135 860; x_wconf 91' lang='lat' dir='ltr'><strong>virtus</strong></span> <span class='ocrx_word' id='word_1_35' title='bbox 1165 805 1216 859; x_wconf 92' lang='lat' dir='ltr'><strong>in</strong></span> <span class='ocrx_word' id='word_1_36' title='bbox 1248 803 1558 859; x_wconf 82' lang='lat' dir='ltr'><strong>infirmitate</strong></span> <span class='ocrx_word' id='word_1_37' title='bbox 1588 801 1860 872; x_wconf 89' lang='lat' dir='ltr'><strong>perlicitur</strong></span> <span class='ocrx_word' id='word_1_38' title='bbox 1889 800 1931 872; x_wconf 88' lang='grc' dir='ltr'><strong>(ι</strong></span> <span class='ocrx_word' id='word_1_39' title='bbox 1962 800 2082 855; x_wconf 89' lang='lat' dir='ltr'><strong>Cor.</strong></span> 
     </span>
    </p>
   </div>
   <div class='ocr_carea' id='block_1_7' title="bbox 496 891 2084 969">
    <p class='ocr_par' dir='ltr' id='par_1_7' title="bbox 496 891 2084 969">
     <span class='ocr_line' id='line_1_7' title="bbox 496 891 2084 969; baseline -0.005 -15"><span class='ocrx_word' id='word_1_40' title='bbox 496 916 589 965; x_wconf 77' lang='lat' dir='ltr'><strong>xu,</strong></span> <span class='ocrx_word' id='word_1_41' title='bbox 625 899 701 969; x_wconf 89' lang='grc'><strong>9),</strong></span> <span class='ocrx_word' id='word_1_42' title='bbox 733 899 858 954; x_wconf 93' lang='lat' dir='ltr'><strong>dum</strong></span> <span class='ocrx_word' id='word_1_43' title='bbox 899 909 1083 953; x_wconf 88' lang='lat' dir='ltr'><strong>contra</strong></span> <span class='ocrx_word' id='word_1_44' title='bbox 1115 899 1215 953; x_wconf 90' lang='lat' dir='ltr'><strong>hoe</strong></span> <span class='ocrx_word' id='word_1_45' title='bbox 1245 905 1484 950; x_wconf 86' lang='lat' dir='ltr'><strong>nostrum</strong></span> <span class='ocrx_word' id='word_1_46' title='bbox 1526 893 1667 966; x_wconf 93' lang='lat' dir='ltr'><strong>quod</strong></span> <span class='ocrx_word' id='word_1_47' title='bbox 1693 909 1722 946; x_wconf 92' lang='lat' dir='ltr'><strong>a</strong></span> <span class='ocrx_word' id='word_1_48' title='bbox 1750 893 1950 962; x_wconf 89' lang='lat' dir='ltr'><strong>justitia</strong></span> <span class='ocrx_word' id='word_1_49' title='bbox 1991 891 2084 946; x_wconf 89' lang='lat' dir='ltr'><strong>de-</strong></span> 
     </span>
    </p>
   </div>
   <div class='ocr_carea' id='block_1_8' title="bbox 498 983 2081 1059">
    <p class='ocr_par' dir='ltr' id='par_1_8' title="bbox 498 983 2081 1059">
     <span class='ocr_line' id='line_1_8' title="bbox 498 983 2081 1059; baseline -0.004 -16"><span class='ocrx_word' id='word_1_50' title='bbox 498 990 627 1054; x_wconf 83' lang='lat' dir='ltr'><strong>ﬁcit,</strong></span> <span class='ocrx_word' id='word_1_51' title='bbox 665 990 756 1043; x_wconf 92' lang='lat' dir='ltr'><strong>illo</strong></span> <span class='ocrx_word' id='word_1_52' title='bbox 785 997 967 1044; x_wconf 92' lang='lat' dir='ltr'><strong>nostro</strong></span> <span class='ocrx_word' id='word_1_53' title='bbox 994 987 1136 1059; x_wconf 88' lang='lat' dir='ltr'><strong>quod</strong></span> <span class='ocrx_word' id='word_1_54' title='bbox 1163 988 1227 1041; x_wconf 90' lang='lat' dir='ltr'><strong>ad</strong></span> <span class='ocrx_word' id='word_1_55' title='bbox 1252 987 1509 1056; x_wconf 86' lang='lat' dir='ltr'><strong>justitiam</strong></span> <span class='ocrx_word' id='word_1_56' title='bbox 1543 984 1750 1056; x_wconf 87' lang='lat' dir='ltr'><strong>prolicit</strong></span> <span class='ocrx_word' id='word_1_57' title='bbox 1778 983 2081 1049; x_wconf 89' lang='lat' dir='ltr'><strong>dimicatur;</strong></span> 
     </span>
    </p>
   </div>
   <div class='ocr_carea' id='block_1_9' title="bbox 497 1077 2085 1150">
    <p class='ocr_par' dir='ltr' id='par_1_9' title="bbox 497 1077 2085 1150">
     <span class='ocr_line' id='line_1_9' title="bbox 497 1077 2085 1150; baseline -0.002 -17"><span class='ocrx_word' id='word_1_58' title='bbox 497 1091 554 1134; x_wconf 91' lang='lat' dir='ltr'><strong>ut</strong></span> <span class='ocrx_word' id='word_1_59' title='bbox 602 1081 847 1136; x_wconf 78' lang='lat' dir='ltr'><strong>vincente</strong></span> <span class='ocrx_word' id='word_1_60' title='bbox 894 1079 1134 1150; x_wconf 86' lang='lat' dir='ltr'><strong>profectu</strong></span> <span class='ocrx_word' id='word_1_61' title='bbox 1179 1088 1346 1133; x_wconf 93' lang='lat' dir='ltr'><strong>totum</strong></span> <span class='ocrx_word' id='word_1_62' title='bbox 1395 1086 1576 1148; x_wconf 78' lang='lat' dir='ltr'><strong>surgat</strong></span> <span class='ocrx_word' id='word_1_63' title='bbox 1625 1077 1676 1130; x_wconf 93' lang='lat' dir='ltr'><strong>in</strong></span> <span class='ocrx_word' id='word_1_64' title='bbox 1720 1077 1932 1142; x_wconf 91' lang='lat' dir='ltr'><strong>melius,</strong></span> <span class='ocrx_word' id='word_1_65' title='bbox 1978 1090 2085 1130; x_wconf 91' lang='lat' dir='ltr'><strong>non</strong></span> 
     </span>
    </p>
   </div>
   <div class='ocr_carea' id='block_1_10' title="bbox 497 1170 2085 1242">
    <p class='ocr_par' dir='ltr' id='par_1_10' title="bbox 497 1170 2085 1242">
     <span class='ocr_line' id='line_1_10' title="bbox 497 1170 2085 1242; baseline -0.002 -15"><span class='ocrx_word' id='word_1_66' title='bbox 497 1174 748 1230; x_wconf 88' lang='lat' dir='ltr'><strong>vincente</strong></span> <span class='ocrx_word' id='word_1_67' title='bbox 776 1173 984 1230; x_wconf 81' lang='lat' dir='ltr'><strong>defectu</strong></span> <span class='ocrx_word' id='word_1_68' title='bbox 1013 1182 1178 1228; x_wconf 91' lang='lat' dir='ltr'><strong>totum</strong></span> <span class='ocrx_word' id='word_1_69' title='bbox 1202 1180 1385 1242; x_wconf 88' lang='lat' dir='ltr'><strong>vergat</strong></span> <span class='ocrx_word' id='word_1_70' title='bbox 1415 1173 1466 1225; x_wconf 89' lang='lat' dir='ltr'><strong>in</strong></span> <span class='ocrx_word' id='word_1_71' title='bbox 1501 1171 1670 1239; x_wconf 81' lang='lat' dir='ltr'><strong>pejus.</strong></span> <span class='ocrx_word' id='word_1_72' title='bbox 1713 1170 1969 1223; x_wconf 82' lang='lat' dir='ltr'><strong>Parvulas</strong></span> <span class='ocrx_word' id='word_1_73' title='bbox 1991 1185 2085 1224; x_wconf 82' lang='lat' dir='ltr'><strong>ve-</strong></span> 
     </span>
    </p>
   </div>
   <div class='ocr_carea' id='block_1_11' title="bbox 499 1259 2085 1335">
    <p class='ocr_par' dir='ltr' id='par_1_11' title="bbox 499 1259 2085 1335">
     <span class='ocr_line' id='line_1_11' title="bbox 499 1259 2085 1335; baseline -0.002 -16"><span class='ocrx_word' id='word_1_74' title='bbox 499 1280 580 1330; x_wconf 90' lang='lat' dir='ltr'><strong>ro,</strong></span> <span class='ocrx_word' id='word_1_75' title='bbox 617 1265 669 1319; x_wconf 94' lang='lat' dir='ltr'><strong>in</strong></span> <span class='ocrx_word' id='word_1_76' title='bbox 708 1281 812 1335; x_wconf 90' lang='lat' dir='ltr'><strong>quo</strong></span> <span class='ocrx_word' id='word_1_77' title='bbox 850 1264 1023 1320; x_wconf 88' lang='lat' dir='ltr'><strong>adlmc</strong></span> <span class='ocrx_word' id='word_1_78' title='bbox 1057 1264 1275 1318; x_wconf 87' lang='lat' dir='ltr'><strong>rationis</strong></span> <span class='ocrx_word' id='word_1_79' title='bbox 1313 1263 1488 1316; x_wconf 91' lang='lat' dir='ltr'><strong>nullus</strong></span> <span class='ocrx_word' id='word_1_80' title='bbox 1518 1270 1600 1316; x_wconf 91' lang='lat' dir='ltr'><strong>est</strong></span> <span class='ocrx_word' id='word_1_81' title='bbox 1631 1275 1780 1325; x_wconf 83' lang='lat' dir='ltr'><strong>usus,</strong></span> <span class='ocrx_word' id='word_1_82' title='bbox 1811 1259 2085 1316; x_wconf 88' lang='lat' dir='ltr'><strong>voluntate</strong></span> 
     </span>
    </p>
   </div>
   <div class='ocr_carea' id='block_1_12' title="bbox 497 1351 2085 1426">
    <p class='ocr_par' dir='ltr' id='par_1_12' title="bbox 497 1351 2085 1426">
     <span class='ocr_line' id='line_1_12' title="bbox 497 1351 2085 1426; baseline -0.001 -18"><span class='ocrx_word' id='word_1_83' title='bbox 497 1356 711 1425; x_wconf 86' lang='lat' dir='ltr'><strong>quidem</strong></span> <span class='ocrx_word' id='word_1_84' title='bbox 759 1358 970 1426; x_wconf 88' lang='lat' dir='ltr'><strong>propria</strong></span> <span class='ocrx_word' id='word_1_85' title='bbox 1012 1370 1111 1410; x_wconf 91' lang='lat' dir='ltr'><strong>nec</strong></span> <span class='ocrx_word' id='word_1_86' title='bbox 1137 1353 1188 1408; x_wconf 93' lang='lat' dir='ltr'><strong>in</strong></span> <span class='ocrx_word' id='word_1_87' title='bbox 1220 1355 1361 1408; x_wconf 89' lang='lat' dir='ltr'><strong>bono</strong></span> <span class='ocrx_word' id='word_1_88' title='bbox 1397 1361 1497 1418; x_wconf 87' lang='lat' dir='ltr'><strong>est,</strong></span> <span class='ocrx_word' id='word_1_89' title='bbox 1527 1368 1626 1407; x_wconf 93' lang='lat' dir='ltr'><strong>nec</strong></span> <span class='ocrx_word' id='word_1_90' title='bbox 1661 1352 1712 1407; x_wconf 93' lang='lat' dir='ltr'><strong>in</strong></span> <span class='ocrx_word' id='word_1_91' title='bbox 1743 1351 1916 1417; x_wconf 90' lang='lat' dir='ltr'><strong>malo;</strong></span> <span class='ocrx_word' id='word_1_92' title='bbox 1959 1351 2085 1421; x_wconf 90' lang='lat' dir='ltr'><strong>quia</strong></span> 
     </span>
    </p>
   </div>
   <div class='ocr_carea' id='block_1_13' title="bbox 504 1440 2085 1516">
    <p class='ocr_par' dir='ltr' id='par_1_13' title="bbox 504 1440 2085 1516">
     <span class='ocr_line' id='line_1_13' title="bbox 504 1440 2085 1516; baseline -0.003 -15"><span class='ocrx_word' id='word_1_93' title='bbox 504 1448 700 1501; x_wconf 88' lang='lat' dir='ltr'><strong>nullam</strong></span> <span class='ocrx_word' id='word_1_94' title='bbox 759 1449 810 1501; x_wconf 94' lang='lat' dir='ltr'><strong>in</strong></span> <span class='ocrx_word' id='word_1_95' title='bbox 865 1448 1177 1502; x_wconf 88' lang='lat' dir='ltr'><strong>alterutrum</strong></span> <span class='ocrx_word' id='word_1_96' title='bbox 1234 1444 1611 1516; x_wconf 76' lang='lat' dir='ltr'><strong>cogitationem</strong></span> <span class='ocrx_word' id='word_1_97' title='bbox 1667 1443 1929 1511; x_wconf 76' lang='lat' dir='ltr'><strong>versat’,</strong></span> <span class='ocrx_word' id='word_1_98' title='bbox 1988 1440 2085 1496; x_wconf 91' lang='lat' dir='ltr'><strong>sed</strong></span> 
     </span>
    </p>
   </div>
   <div class='ocr_carea' id='block_1_14' title="bbox 501 1533 2086 1608">
    <p class='ocr_par' dir='ltr' id='par_1_14' title="bbox 501 1533 2086 1608">
     <span class='ocr_line' id='line_1_14' title="bbox 501 1533 2086 1608; baseline -0.004 -17"><span class='ocrx_word' id='word_1_99' title='bbox 501 1548 783 1608; x_wconf 91' lang='lat' dir='ltr'><strong>utrumque</strong></span> <span class='ocrx_word' id='word_1_100' title='bbox 823 1538 874 1591; x_wconf 89' lang='lat' dir='ltr'><strong>in</strong></span> <span class='ocrx_word' id='word_1_101' title='bbox 918 1537 1006 1591; x_wconf 93' lang='lat' dir='ltr'><strong>illo</strong></span> <span class='ocrx_word' id='word_1_102' title='bbox 1047 1536 1382 1606; x_wconf 88' lang='lat' dir='ltr'><strong>consepitum</strong></span> <span class='ocrx_word' id='word_1_103' title='bbox 1408 1543 1582 1601; x_wconf 91' lang='lat' dir='ltr'><strong>vacat,</strong></span> <span class='ocrx_word' id='word_1_104' title='bbox 1613 1543 1667 1590; x_wconf 92' lang='lat' dir='ltr'><strong>et</strong></span> <span class='ocrx_word' id='word_1_105' title='bbox 1695 1533 1892 1589; x_wconf 91' lang='lat' dir='ltr'><strong>bonum</strong></span> <span class='ocrx_word' id='word_1_106' title='bbox 1931 1543 2086 1588; x_wconf 90' lang='lat' dir='ltr'><strong>natu-</strong></span> 
     </span>
    </p>
   </div>
   <div class='ocr_carea' id='block_1_15' title="bbox 500 1626 2084 1699">
    <p class='ocr_par' dir='ltr' id='par_1_15' title="bbox 500 1626 2084 1699">
     <span class='ocr_line' id='line_1_15' title="bbox 500 1626 2084 1699; baseline 0 -15"><span class='ocrx_word' id='word_1_107' title='bbox 500 1629 611 1685; x_wconf 86' lang='lat' dir='ltr'><strong>rale</strong></span> <span class='ocrx_word' id='word_1_108' title='bbox 641 1629 881 1694; x_wconf 87' lang='lat' dir='ltr'><strong>rationis,</strong></span> <span class='ocrx_word' id='word_1_109' title='bbox 912 1638 965 1685; x_wconf 90' lang='lat' dir='ltr'><strong>et</strong></span> <span class='ocrx_word' id='word_1_110' title='bbox 992 1629 1190 1684; x_wconf 91' lang='lat' dir='ltr'><strong>malum</strong></span> <span class='ocrx_word' id='word_1_111' title='bbox 1220 1628 1479 1699; x_wconf 85' lang='lat' dir='ltr'><strong>originale</strong></span> <span class='ocrx_word' id='word_1_112' title='bbox 1522 1628 1724 1698; x_wconf 88' lang='lat' dir='ltr'><strong>peccati</strong></span> <span class='ocrx_word' id='word_1_113' title='bbox 1753 1644 1769 1682; x_wconf 89' lang='lat'><strong>:</strong></span> <span class='ocrx_word' id='word_1_114' title='bbox 1806 1627 1899 1682; x_wconf 91' lang='lat' dir='ltr'><strong>sed</strong></span> <span class='ocrx_word' id='word_1_115' title='bbox 1929 1626 2084 1684; x_wconf 89' lang='lat' dir='ltr'><strong>annis</strong></span> 
     </span>
    </p>
   </div>
   <div class='ocr_carea' id='block_1_16' title="bbox 497 1717 2088 1789">
    <p class='ocr_par' dir='ltr' id='par_1_16' title="bbox 497 1717 2088 1789">
     <span class='ocr_line' id='line_1_16' title="bbox 497 1717 2088 1789; baseline -0.001 -16"><span class='ocrx_word' id='word_1_116' title='bbox 497 1719 892 1787; x_wconf 87' lang='lat' dir='ltr'><strong>accedentibus,</strong></span> <span class='ocrx_word' id='word_1_117' title='bbox 925 1719 1207 1789; x_wconf 87' lang='lat' dir='ltr'><strong>evigilante</strong></span> <span class='ocrx_word' id='word_1_118' title='bbox 1243 1720 1471 1785; x_wconf 87' lang='lat' dir='ltr'><strong>ratione,</strong></span> <span class='ocrx_word' id='word_1_119' title='bbox 1501 1719 1646 1774; x_wconf 86' lang='lat' dir='ltr'><strong>venit</strong></span> <span class='ocrx_word' id='word_1_120' title='bbox 1675 1717 2002 1784; x_wconf 83' lang='lat' dir='ltr'><strong>mandatum,</strong></span> <span class='ocrx_word' id='word_1_121' title='bbox 2032 1727 2088 1771; x_wconf 86' lang='lat' dir='ltr'><strong>et</strong></span> 
     </span>
    </p>
   </div>
   <div class='ocr_carea' id='block_1_17' title="bbox 500 1811 2082 1882">
    <p class='ocr_par' dir='ltr' id='par_1_17' title="bbox 500 1811 2082 1882">
     <span class='ocr_line' id='line_1_17' title="bbox 500 1811 2082 1882; baseline -0.004 -13"><span class='ocrx_word' id='word_1_122' title='bbox 500 1812 768 1869; x_wconf 81' lang='lat' dir='ltr'><strong>reviviscit</strong></span> <span class='ocrx_word' id='word_1_123' title='bbox 799 1821 1072 1882; x_wconf 88' lang='lat' dir='ltr'><strong>peccatum</strong></span> <span class='ocrx_word' id='word_1_124' title='bbox 1107 1830 1118 1864; x_wconf 96' lang='lat'><strong>:</strong></span> <span class='ocrx_word' id='word_1_125' title='bbox 1149 1812 1289 1882; x_wconf 92' lang='lat' dir='ltr'><strong>quod</strong></span> <span class='ocrx_word' id='word_1_126' title='bbox 1317 1811 1572 1866; x_wconf 85' lang='lat' dir='ltr'><strong>adversus</strong></span> <span class='ocrx_word' id='word_1_127' title='bbox 1601 1819 1930 1866; x_wconf 89' lang='lat' dir='ltr'><strong>crescentem</strong></span> <span class='ocrx_word' id='word_1_128' title='bbox 1961 1825 2082 1864; x_wconf 87' lang='lat' dir='ltr'><strong>cum</strong></span> 
     </span>
    </p>
   </div>
   <div class='ocr_carea' id='block_1_18' title="bbox 501 1900 2086 1975">
    <p class='ocr_par' dir='ltr' id='par_1_18' title="bbox 501 1900 2086 1975">
     <span class='ocr_line' id='line_1_18' title="bbox 501 1900 2086 1975; baseline -0.004 -16"><span class='ocrx_word' id='word_1_129' title='bbox 501 1918 736 1975; x_wconf 87' lang='lat' dir='ltr'><strong>pugnare</strong></span> <span class='ocrx_word' id='word_1_130' title='bbox 755 1905 977 1972; x_wconf 69' lang='lat' dir='ltr'><strong>coeperit</strong></span> <span class='ocrx_word' id='word_1_131' title='bbox 999 1947 1014 1971; x_wconf 93' lang='lat'><strong>,</strong></span> <span class='ocrx_word' id='word_1_132' title='bbox 1047 1912 1170 1960; x_wconf 92' lang='lat' dir='ltr'><strong>tunc</strong></span> <span class='ocrx_word' id='word_1_133' title='bbox 1209 1903 1483 1973; x_wconf 86' lang='lat' dir='ltr'><strong>apparebit</strong></span> <span class='ocrx_word' id='word_1_134' title='bbox 1521 1902 1647 1973; x_wconf 89' lang='lat' dir='ltr'><strong>quid</strong></span> <span class='ocrx_word' id='word_1_135' title='bbox 1687 1903 1742 1956; x_wconf 93' lang='lat' dir='ltr'><strong>in</strong></span> <span class='ocrx_word' id='word_1_136' title='bbox 1779 1901 1978 1956; x_wconf 78' lang='lat' dir='ltr'><strong>infante</strong></span> <span class='ocrx_word' id='word_1_137' title='bbox 2008 1900 2086 1954; x_wconf 90' lang='lat' dir='ltr'><strong>la-</strong></span> 
     </span>
    </p>
   </div>
   <div class='ocr_carea' id='block_1_19' title="bbox 503 1992 2086 2061">
    <p class='ocr_par' dir='ltr' id='par_1_19' title="bbox 503 1992 2086 2061">
     <span class='ocr_line' id='line_1_19' title="bbox 503 1992 2086 2061; baseline -0.004 -11"><span class='ocrx_word' id='word_1_138' title='bbox 503 1995 664 2050; x_wconf 87' lang='lat' dir='ltr'><strong>tuerit</strong></span> <span class='ocrx_word' id='word_1_139' title='bbox 681 2037 696 2061; x_wconf 94' lang='lat'><strong>,</strong></span> <span class='ocrx_word' id='word_1_140' title='bbox 720 2005 774 2050; x_wconf 90' lang='lat' dir='ltr'><strong>et</strong></span> <span class='ocrx_word' id='word_1_141' title='bbox 799 2003 888 2048; x_wconf 90' lang='lat' dir='ltr'><strong>aut</strong></span> <span class='ocrx_word' id='word_1_142' title='bbox 915 1995 1096 2058; x_wconf 91' lang='lat' dir='ltr'><strong>vincit,</strong></span> <span class='ocrx_word' id='word_1_143' title='bbox 1124 2004 1178 2049; x_wconf 91' lang='lat' dir='ltr'><strong>et</strong></span> <span class='ocrx_word' id='word_1_144' title='bbox 1200 1994 1608 2059; x_wconf 66' lang='lat' dir='ltr'><strong>damnabitur”;</strong></span> <span class='ocrx_word' id='word_1_145' title='bbox 1635 2001 1728 2048; x_wconf 89' lang='lat' dir='ltr'><strong>aut</strong></span> <span class='ocrx_word' id='word_1_146' title='bbox 1754 1992 2002 2056; x_wconf 87' lang='lat' dir='ltr'><strong>vincitur,</strong></span> <span class='ocrx_word' id='word_1_147' title='bbox 2032 2000 2086 2046; x_wconf 89' lang='lat' dir='ltr'><strong>et</strong></span> 
     </span>
    </p>
   </div>
   <div class='ocr_carea' id='block_1_20' title="bbox 500 2083 2083 2148">
    <p class='ocr_par' dir='ltr' id='par_1_20' title="bbox 500 2083 2083 2148">
     <span class='ocr_line' id='line_1_20' title="bbox 500 2083 2083 2148; baseline -0.005 -5"><span class='ocrx_word' id='word_1_148' title='bbox 500 2088 794 2143; x_wconf 87' lang='lat' dir='ltr'><strong>sanabitur.</strong></span> <span class='ocrx_word' id='word_1_149' title='bbox 823 2087 936 2142; x_wconf 88' lang='lat' dir='ltr'><strong>Non</strong></span> <span class='ocrx_word' id='word_1_150' title='bbox 962 2095 1135 2141; x_wconf 86' lang='lat' dir='ltr'><strong>tamen</strong></span> <span class='ocrx_word' id='word_1_151' title='bbox 1160 2086 1280 2142; x_wconf 90' lang='lat' dir='ltr'><strong>ideo</strong></span> <span class='ocrx_word' id='word_1_152' title='bbox 1301 2086 1495 2141; x_wconf 90' lang='lat' dir='ltr'><strong>malum</strong></span> <span class='ocrx_word' id='word_1_153' title='bbox 1521 2086 1620 2140; x_wconf 94' lang='lat' dir='ltr'><strong>hoc</strong></span> <span class='ocrx_word' id='word_1_154' title='bbox 1640 2083 1767 2138; x_wconf 88' lang='lat' dir='ltr'><strong>nihil</strong></span> <span class='ocrx_word' id='word_1_155' title='bbox 1795 2084 2083 2148; x_wconf 72' lang='lat' dir='ltr'><strong>nocuisset,</strong></span> 
     </span>
    </p>
   </div>
   <div class='ocr_carea' id='block_1_21' title="bbox 502 2175 2087 2248">
    <p class='ocr_par' dir='ltr' id='par_1_21' title="bbox 502 2175 2087 2248">
     <span class='ocr_line' id='line_1_21' title="bbox 502 2175 2087 2248; baseline -0.003 -15"><span class='ocrx_word' id='word_1_156' title='bbox 502 2177 711 2234; x_wconf 85' lang='lat' dir='ltr'><strong>etiamsi</strong></span> <span class='ocrx_word' id='word_1_157' title='bbox 738 2178 1043 2248; x_wconf 89' lang='lat' dir='ltr'><strong>priusquam</strong></span> <span class='ocrx_word' id='word_1_158' title='bbox 1068 2177 1122 2232; x_wconf 93' lang='lat' dir='ltr'><strong>in</strong></span> <span class='ocrx_word' id='word_1_159' title='bbox 1149 2177 1238 2232; x_wconf 92' lang='lat' dir='ltr'><strong>illo</strong></span> <span class='ocrx_word' id='word_1_160' title='bbox 1259 2191 1514 2246; x_wconf 87' lang='lat' dir='ltr'><strong>apparere</strong></span> <span class='ocrx_word' id='word_1_161' title='bbox 1533 2175 1804 2244; x_wconf 68' lang='lat' dir='ltr'><strong>coepisset,</strong></span> <span class='ocrx_word' id='word_1_162' title='bbox 1833 2175 2087 2244; x_wconf 87' lang='lat' dir='ltr'><strong>parvulus</strong></span> 
     </span>
    </p>
   </div>
   <div class='ocr_carea' id='block_1_22' title="bbox 504 2269 2084 2341">
    <p class='ocr_par' dir='ltr' id='par_1_22' title="bbox 504 2269 2084 2341">
     <span class='ocr_line' id='line_1_22' title="bbox 504 2269 2084 2341; baseline -0.001 -15"><span class='ocrx_word' id='word_1_163' title='bbox 504 2270 607 2327; x_wconf 90' lang='lat' dir='ltr'><strong>hac</strong></span> <span class='ocrx_word' id='word_1_164' title='bbox 645 2270 842 2326; x_wconf 85' lang='lat' dir='ltr'><strong>exisset</strong></span> <span class='ocrx_word' id='word_1_165' title='bbox 869 2286 902 2326; x_wconf 90' lang='lat' dir='ltr'><strong>e</strong></span> <span class='ocrx_word' id='word_1_166' title='bbox 931 2271 1035 2326; x_wconf 90' lang='lat' dir='ltr'><strong>vita</strong></span> <span class='ocrx_word' id='word_1_167' title='bbox 1067 2289 1080 2324; x_wconf 92' lang='lat'>:</span> <span class='ocrx_word' id='word_1_168' title='bbox 1119 2271 1240 2341; x_wconf 86' lang='lat' dir='ltr'><strong>quia</strong></span> <span class='ocrx_word' id='word_1_169' title='bbox 1285 2279 1464 2326; x_wconf 80' lang='lat' dir='ltr'><strong>reatus</strong></span> <span class='ocrx_word' id='word_1_170' title='bbox 1492 2269 1734 2339; x_wconf 86' lang='lat' dir='ltr'><strong>ejusdem</strong></span> <span class='ocrx_word' id='word_1_171' title='bbox 1775 2269 1934 2334; x_wconf 91' lang='lat' dir='ltr'><strong>mali,</strong></span> <span class='ocrx_word' id='word_1_172' title='bbox 1975 2284 2084 2324; x_wconf 92' lang='lat' dir='ltr'><strong>non</strong></span> 
     </span>
    </p>
   </div>
   <div class='ocr_carea' id='block_1_23' title="bbox 501 2361 2082 2434">
    <p class='ocr_par' dir='ltr' id='par_1_23' title="bbox 501 2361 2082 2434">
     <span class='ocr_line' id='line_1_23' title="bbox 501 2361 2082 2434; baseline 0.001 -19"><span class='ocrx_word' id='word_1_173' title='bbox 501 2377 608 2433; x_wconf 92' lang='lat' dir='ltr'><strong>quo</strong></span> <span class='ocrx_word' id='word_1_174' title='bbox 634 2379 786 2418; x_wconf 91' lang='lat' dir='ltr'><strong>reum</strong></span> <span class='ocrx_word' id='word_1_175' title='bbox 815 2363 1011 2418; x_wconf 91' lang='lat' dir='ltr'><strong>malum</strong></span> <span class='ocrx_word' id='word_1_176' title='bbox 1039 2373 1144 2430; x_wconf 91' lang='lat' dir='ltr'><strong>est,</strong></span> <span class='ocrx_word' id='word_1_177' title='bbox 1176 2363 1269 2419; x_wconf 87' lang='lat' dir='ltr'><strong>sed</strong></span> <span class='ocrx_word' id='word_1_178' title='bbox 1298 2379 1404 2434; x_wconf 89' lang='lat' dir='ltr'><strong>quo</strong></span> <span class='ocrx_word' id='word_1_179' title='bbox 1430 2379 1578 2418; x_wconf 89' lang='lat' dir='ltr'><strong>reum</strong></span> <span class='ocrx_word' id='word_1_180' title='bbox 1609 2361 1731 2418; x_wconf 80' lang='lat' dir='ltr'><strong>facit</strong></span> <span class='ocrx_word' id='word_1_181' title='bbox 1763 2363 1814 2417; x_wconf 92' lang='lat' dir='ltr'><strong>in</strong></span> <span class='ocrx_word' id='word_1_182' title='bbox 1845 2378 1950 2434; x_wconf 93' lang='lat' dir='ltr'><strong>quo</strong></span> <span class='ocrx_word' id='word_1_183' title='bbox 1978 2371 2082 2427; x_wconf 90' lang='lat' dir='ltr'><strong>est,</strong></span> 
     </span>
    </p>
   </div>
   <div class='ocr_carea' id='block_1_24' title="bbox 501 2453 2086 2524">
    <p class='ocr_par' dir='ltr' id='par_1_24' title="bbox 501 2453 2086 2524">
     <span class='ocr_line' id='line_1_24' title="bbox 501 2453 2086 2524; baseline 0.001 -16"><span class='ocrx_word' id='word_1_184' title='bbox 501 2453 640 2508; x_wconf 88' lang='lat' dir='ltr'><strong>sicut</strong></span> <span class='ocrx_word' id='word_1_185' title='bbox 677 2454 1020 2524; x_wconf 86' lang='lat' dir='ltr'><strong>generatione</strong></span> <span class='ocrx_word' id='word_1_186' title='bbox 1055 2453 1409 2521; x_wconf 90' lang='lat' dir='ltr'><strong>contrahitur,</strong></span> <span class='ocrx_word' id='word_1_187' title='bbox 1454 2454 1523 2508; x_wconf 87' lang='lat' dir='ltr'><strong>ita</strong></span> <span class='ocrx_word' id='word_1_188' title='bbox 1556 2453 1658 2508; x_wconf 89' lang='lat' dir='ltr'><strong>nisi</strong></span> <span class='ocrx_word' id='word_1_189' title='bbox 1683 2454 2086 2524; x_wconf 73' lang='lat' dir='ltr'><strong>regeneratione</strong></span> 
     </span>
    </p>
   </div>
   <div class='ocr_carea' id='block_1_25' title="bbox 502 2545 2082 2617">
    <p class='ocr_par' dir='ltr' id='par_1_25' title="bbox 502 2545 2082 2617">
     <span class='ocr_line' id='line_1_25' title="bbox 502 2545 2082 2617; baseline 0.001 -16"><span class='ocrx_word' id='word_1_190' title='bbox 502 2561 610 2602; x_wconf 92' lang='lat' dir='ltr'><strong>non</strong></span> <span class='ocrx_word' id='word_1_191' title='bbox 636 2545 877 2601; x_wconf 89' lang='lat' dir='ltr'><strong>solvitur.</strong></span> <span class='ocrx_word' id='word_1_192' title='bbox 909 2546 1024 2602; x_wconf 81' lang='lat' dir='ltr'><strong>Hoc</strong></span> <span class='ocrx_word' id='word_1_193' title='bbox 1050 2555 1134 2602; x_wconf 90' lang='lat' dir='ltr'><strong>est</strong></span> <span class='ocrx_word' id='word_1_194' title='bbox 1160 2556 1374 2617; x_wconf 91' lang='lat' dir='ltr'><strong>propter</strong></span> <span class='ocrx_word' id='word_1_195' title='bbox 1400 2545 1541 2617; x_wconf 90' lang='lat' dir='ltr'><strong>quod</strong></span> <span class='ocrx_word' id='word_1_196' title='bbox 1573 2547 1774 2615; x_wconf 86' lang='lat' dir='ltr'><strong>parvuli</strong></span> <span class='ocrx_word' id='word_1_197' title='bbox 1807 2546 2082 2616; x_wconf 81' lang='lat' dir='ltr'><strong>baptizan-</strong></span> 
     </span>
    </p>
   </div>
   <div class='ocr_carea' id='block_1_26' title="bbox 503 2639 2081 2710">
    <p class='ocr_par' dir='ltr' id='par_1_26' title="bbox 503 2639 2081 2710">
     <span class='ocr_line' id='line_1_26' title="bbox 503 2639 2081 2710; baseline 0.003 -18"><span class='ocrx_word' id='word_1_198' title='bbox 503 2647 609 2706; x_wconf 90' lang='lat' dir='ltr'><strong>tur,</strong></span> <span class='ocrx_word' id='word_1_199' title='bbox 650 2648 707 2693; x_wconf 93' lang='lat' dir='ltr'><strong>ut</strong></span> <span class='ocrx_word' id='word_1_200' title='bbox 746 2655 852 2694; x_wconf 90' lang='lat' dir='ltr'><strong>non</strong></span> <span class='ocrx_word' id='word_1_201' title='bbox 891 2639 1063 2694; x_wconf 87' lang='lat' dir='ltr'><strong>solum</strong></span> <span class='ocrx_word' id='word_1_202' title='bbox 1098 2640 1245 2710; x_wconf 88' lang='lat' dir='ltr'><strong>regni</strong></span> <span class='ocrx_word' id='word_1_203' title='bbox 1275 2639 1474 2694; x_wconf 85' lang='lat' dir='ltr'><strong>Christi</strong></span> <span class='ocrx_word' id='word_1_204' title='bbox 1523 2639 1766 2695; x_wconf 82' lang='lat' dir='ltr'><strong>fruantur</strong></span> <span class='ocrx_word' id='word_1_205' title='bbox 1793 2640 1956 2705; x_wconf 92' lang='lat' dir='ltr'><strong>bono,</strong></span> <span class='ocrx_word' id='word_1_206' title='bbox 1986 2655 2081 2696; x_wconf 84' lang='lat' dir='ltr'><strong>vc—</strong></span> 
     </span>
    </p>
   </div>
   <div class='ocr_carea' id='block_1_27' title="bbox 502 2730 2086 2802">
    <p class='ocr_par' dir='ltr' id='par_1_27' title="bbox 502 2730 2086 2802">
     <span class='ocr_line' id='line_1_27' title="bbox 502 2730 2086 2802; baseline 0.001 -18"><span class='ocrx_word' id='word_1_207' title='bbox 502 2745 620 2784; x_wconf 91' lang='lat' dir='ltr'><strong>rum</strong></span> <span class='ocrx_word' id='word_1_208' title='bbox 668 2739 723 2784; x_wconf 92' lang='lat' dir='ltr'><strong>et</strong></span> <span class='ocrx_word' id='word_1_209' title='bbox 767 2744 797 2784; x_wconf 91' lang='lat' dir='ltr'><strong>a</strong></span> <span class='ocrx_word' id='word_1_210' title='bbox 840 2731 980 2786; x_wconf 92' lang='lat' dir='ltr'><strong>male</strong></span> <span class='ocrx_word' id='word_1_211' title='bbox 1018 2734 1166 2802; x_wconf 89' lang='lat' dir='ltr'><strong>regni</strong></span> <span class='ocrx_word' id='word_1_212' title='bbox 1207 2731 1394 2785; x_wconf 89' lang='lat' dir='ltr'><strong>mortis</strong></span> <span class='ocrx_word' id='word_1_213' title='bbox 1436 2742 1709 2786; x_wconf 90' lang='lat' dir='ltr'><strong>eruantur.</strong></span> <span class='ocrx_word' id='word_1_214' title='bbox 1753 2730 1935 2800; x_wconf 85' lang='lat' dir='ltr'><strong>Neque</strong></span> <span class='ocrx_word' id='word_1_215' title='bbox 1987 2732 2086 2786; x_wconf 91' lang='lat' dir='ltr'><strong>hoc</strong></span> 
     </span>
    </p>
   </div>
   <div class='ocr_carea' id='block_1_28' title="bbox 503 2821 2085 2895">
    <p class='ocr_par' dir='ltr' id='par_1_28' title="bbox 503 2821 2085 2895">
     <span class='ocr_line' id='line_1_28' title="bbox 503 2821 2085 2895; baseline -0.001 -20"><span class='ocrx_word' id='word_1_216' title='bbox 503 2821 618 2876; x_wconf 80' lang='lat' dir='ltr'><strong>fieri</strong></span> <span class='ocrx_word' id='word_1_217' title='bbox 649 2831 842 2892; x_wconf 90' lang='lat' dir='ltr'><strong>potest,</strong></span> <span class='ocrx_word' id='word_1_218' title='bbox 873 2823 973 2877; x_wconf 90' lang='lat' dir='ltr'><strong>nisi</strong></span> <span class='ocrx_word' id='word_1_219' title='bbox 1003 2838 1098 2893; x_wconf 89' lang='lat' dir='ltr'><strong>per</strong></span> <span class='ocrx_word' id='word_1_220' title='bbox 1119 2839 1264 2895; x_wconf 87' lang='lat' dir='ltr'><strong>cum,</strong></span> <span class='ocrx_word' id='word_1_221' title='bbox 1288 2822 1376 2892; x_wconf 92' lang='lat' dir='ltr'><strong>qui</strong></span> <span class='ocrx_word' id='word_1_222' title='bbox 1406 2832 1665 2893; x_wconf 82' lang='lat' dir='ltr'><strong>peccatum</strong></span> <span class='ocrx_word' id='word_1_223' title='bbox 1692 2839 1786 2876; x_wconf 85' lang='lat' dir='ltr'><strong>sua</strong></span> <span class='ocrx_word' id='word_1_224' title='bbox 1812 2838 1962 2876; x_wconf 84' lang='lat' dir='ltr'><strong>came</strong></span> <span class='ocrx_word' id='word_1_225' title='bbox 1987 2823 2085 2875; x_wconf 83' lang='lat' dir='ltr'><strong>da-</strong></span> 
     </span>
    </p>
   </div>
   <div class='ocr_carea' id='block_1_29' title="bbox 499 2912 2084 2983">
    <p class='ocr_par' dir='ltr' id='par_1_29' title="bbox 499 2912 2084 2983">
     <span class='ocr_line' id='line_1_29' title="bbox 499 2912 2084 2983; baseline 0 -17"><span class='ocrx_word' id='word_1_226' title='bbox 499 2912 746 2980; x_wconf 77' lang='lat' dir='ltr'><strong>mnauit&#39;,</strong></span> <span class='ocrx_word' id='word_1_227' title='bbox 791 2913 926 2983; x_wconf 81' lang='lat' dir='ltr'><strong>quod</strong></span> <span class='ocrx_word' id='word_1_228' title='bbox 975 2913 1226 2966; x_wconf 83' lang='lat' dir='ltr'><strong>nascendo</strong></span> <span class='ocrx_word' id='word_1_229' title='bbox 1269 2927 1371 2966; x_wconf 81' lang='lat' dir='ltr'><strong>non</strong></span> <span class='ocrx_word' id='word_1_230' title='bbox 1415 2912 1590 2977; x_wconf 75' lang='lat' dir='ltr'><strong>sciuit,</strong></span> <span class='ocrx_word' id='word_1_231' title='bbox 1643 2912 1778 2978; x_wconf 82' lang='lat' dir='ltr'><strong>quod</strong></span> <span class='ocrx_word' id='word_1_232' title='bbox 1825 2912 2084 2966; x_wconf 78' lang='lat' dir='ltr'><strong>moriendo</strong></span> 
     </span>
    </p>
   </div>
   <div class='ocr_carea' id='block_1_30' title="bbox 501 3004 2084 3078">
    <p class='ocr_par' dir='ltr' id='par_1_30' title="bbox 501 3004 2084 3078">
     <span class='ocr_line' id='line_1_30' title="bbox 501 3004 2084 3078; baseline -0.001 -20"><span class='ocrx_word' id='word_1_233' title='bbox 501 3004 792 3072; x_wconf 76' lang='lat' dir='ltr'><strong>cruciﬁxit;</strong></span> <span class='ocrx_word' id='word_1_234' title='bbox 820 3013 874 3056; x_wconf 89' lang='lat' dir='ltr'><strong>ut</strong></span> <span class='ocrx_word' id='word_1_235' title='bbox 899 3005 953 3058; x_wconf 87' lang='lat' dir='ltr'><strong>in</strong></span> <span class='ocrx_word' id='word_1_236' title='bbox 982 3019 1134 3057; x_wconf 83' lang='lat' dir='ltr'><strong>carne</strong></span> <span class='ocrx_word' id='word_1_237' title='bbox 1164 3013 1338 3057; x_wconf 83' lang='lat' dir='ltr'><strong>nostra</strong></span> <span class='ocrx_word' id='word_1_238' title='bbox 1363 3011 1488 3058; x_wconf 83' lang='lat' dir='ltr'><strong>esset</strong></span> <span class='ocrx_word' id='word_1_239' title='bbox 1515 3005 1806 3073; x_wconf 70' lang='lat' dir='ltr'><strong>iustificatie</strong></span> <span class='ocrx_word' id='word_1_240' title='bbox 1847 3020 1935 3076; x_wconf 82' lang='lat' dir='ltr'><strong>per</strong></span> <span class='ocrx_word' id='word_1_241' title='bbox 1959 3021 2084 3078; x_wconf 80' lang='lat' dir='ltr'><strong>gru-</strong></span> 
     </span>
    </p>
   </div>
   <div class='ocr_carea' id='block_1_31' title="bbox 500 3093 1637 3164">
    <p class='ocr_par' dir='ltr' id='par_1_31' title="bbox 500 3093 1637 3164">
     <span class='ocr_line' id='line_1_31' title="bbox 500 3093 1637 3164; baseline 0.001 -17"><span class='ocrx_word' id='word_1_242' title='bbox 500 3095 644 3160; x_wconf 89' lang='lat' dir='ltr'><strong>tiam,</strong></span> <span class='ocrx_word' id='word_1_243' title='bbox 679 3093 761 3147; x_wconf 80' lang='lat' dir='ltr'><strong>ubi</strong></span> <span class='ocrx_word' id='word_1_244' title='bbox 786 3101 1032 3147; x_wconf 84' lang='lat' dir='ltr'><strong>eratante</strong></span> <span class='ocrx_word' id='word_1_245' title='bbox 1057 3093 1271 3148; x_wconf 81' lang='lat' dir='ltr'><strong>colluvie</strong></span> <span class='ocrx_word' id='word_1_246' title='bbox 1301 3110 1391 3164; x_wconf 85' lang='lat' dir='ltr'><strong>per</strong></span> <span class='ocrx_word' id='word_1_247' title='bbox 1413 3094 1637 3164; x_wconf 81' lang='lat' dir='ltr'><strong>culpam.</strong></span> 
     </span>
    </p>
   </div>
   <div class='ocr_carea' id='block_1_32' title="bbox 572 3183 2084 3254">
    <p class='ocr_par' dir='ltr' id='par_1_32' title="bbox 572 3183 2084 3254">
     <span class='ocr_line' id='line_1_32' title="bbox 572 3183 2084 3254; baseline 0.001 -16"><span class='ocrx_word' id='word_1_248' title='bbox 572 3183 627 3238; x_wconf 91' lang='lat'><strong>9.</strong></span> <span class='ocrx_word' id='word_1_249' title='bbox 668 3183 760 3238; x_wconf 82' lang='lat' dir='ltr'><strong>llis</strong></span> <span class='ocrx_word' id='word_1_250' title='bbox 798 3184 974 3254; x_wconf 90' lang='lat' dir='ltr'><strong>itaque</strong></span> <span class='ocrx_word' id='word_1_251' title='bbox 1004 3184 1143 3240; x_wconf 83' lang='lat' dir='ltr'><strong>beati</strong></span> <span class='ocrx_word' id='word_1_252' title='bbox 1173 3184 1438 3241; x_wconf 79' lang='lat' dir='ltr'><strong>Ambrosii</strong></span> <span class='ocrx_word' id='word_1_253' title='bbox 1464 3185 1673 3252; x_wconf 85' lang='lat' dir='ltr'><strong>verbis,</strong></span> <span class='ocrx_word' id='word_1_254' title='bbox 1704 3199 1803 3241; x_wconf 92' lang='lat' dir='ltr'><strong>nec</strong></span> <span class='ocrx_word' id='word_1_255' title='bbox 1839 3183 2084 3242; x_wconf 86' lang='lat' dir='ltr'><strong>diabolus</strong></span> 
     </span>
    </p>
   </div>
   <div class='ocr_carea' id='block_1_33' title="bbox 502 3259 2084 3350">
    <p class='ocr_par' dir='ltr' id='par_1_33' title="bbox 502 3259 2084 3350">
     <span class='ocr_line' id='line_1_33' title="bbox 502 3259 2084 3350; baseline 0.001 -18"><span class='ocrx_word' id='word_1_256' title='bbox 502 3276 741 3332; x_wconf 86' lang='lat' dir='ltr'><strong>bonitate</strong></span> <span class='ocrx_word' id='word_1_257' title='bbox 765 3259 1035 3332; x_wconf 82' lang='lat' dir='ltr'><strong>hominem</strong></span> <span class='ocrx_word' id='word_1_258' title='bbox 1063 3277 1293 3344; x_wconf 90' lang='lat' dir='ltr'><strong>creavit,</strong></span> <span class='ocrx_word' id='word_1_259' title='bbox 1324 3277 1419 3334; x_wconf 86' lang='lat' dir='ltr'><strong>sed</strong></span> <span class='ocrx_word' id='word_1_260' title='bbox 1447 3277 1714 3333; x_wconf 87' lang='lat' dir='ltr'><strong>hominem</strong></span> <span class='ocrx_word' id='word_1_261' title='bbox 1757 3279 2084 3350; x_wconf 85' lang='lat' dir='ltr'><strong>malignitate</strong></span> 
     </span>
    </p>
   </div>
   <div class='ocr_carea' id='block_1_34' title="bbox 500 3368 2081 3442">
    <p class='ocr_par' dir='ltr' id='par_1_34' title="bbox 500 3368 2081 3442">
     <span class='ocr_line' id='line_1_34' title="bbox 500 3368 2081 3442; baseline 0.003 -19"><span class='ocrx_word' id='word_1_262' title='bbox 500 3368 702 3424; x_wconf 79' lang='lat' dir='ltr'><strong>vitiavit</strong></span> <span class='ocrx_word' id='word_1_263' title='bbox 733 3387 746 3424; x_wconf 91' lang='lat'><strong>:</strong></span> <span class='ocrx_word' id='word_1_264' title='bbox 781 3385 879 3425; x_wconf 92' lang='lat' dir='ltr'><strong>nec</strong></span> <span class='ocrx_word' id='word_1_265' title='bbox 906 3370 1349 3440; x_wconf 66' lang='lat' dir='ltr'><strong>concupiscentiae</strong></span> <span class='ocrx_word' id='word_1_266' title='bbox 1385 3371 1584 3426; x_wconf 90' lang='lat' dir='ltr'><strong>malum</strong></span> <span class='ocrx_word' id='word_1_267' title='bbox 1632 3373 1932 3442; x_wconf 85' lang='lat' dir='ltr'><strong>nuptiarum</strong></span> <span class='ocrx_word' id='word_1_268' title='bbox 1954 3373 2081 3428; x_wconf 87' lang='lat' dir='ltr'><strong>abs-</strong></span> 
     </span>
    </p>
   </div>
   <div class='ocr_carea' id='block_1_35' title="bbox 499 3461 2082 3536">
    <p class='ocr_par' dir='ltr' id='par_1_35' title="bbox 499 3461 2082 3536">
     <span class='ocr_line' id='line_1_35' title="bbox 499 3461 2082 3536; baseline 0.004 -21"><span class='ocrx_word' id='word_1_269' title='bbox 499 3461 620 3516; x_wconf 92' lang='lat' dir='ltr'><strong>tulit</strong></span> <span class='ocrx_word' id='word_1_270' title='bbox 661 3463 902 3516; x_wconf 88' lang='lat' dir='ltr'><strong>bonum:</strong></span> <span class='ocrx_word' id='word_1_271' title='bbox 959 3478 1064 3518; x_wconf 92' lang='lat' dir='ltr'><strong>nec</strong></span> <span class='ocrx_word' id='word_1_272' title='bbox 1107 3463 1159 3516; x_wconf 92' lang='lat' dir='ltr'><strong>in</strong></span> <span class='ocrx_word' id='word_1_273' title='bbox 1199 3463 1538 3533; x_wconf 86' lang='lat' dir='ltr'><strong>Baptismatis</strong></span> <span class='ocrx_word' id='word_1_274' title='bbox 1580 3473 1914 3520; x_wconf 90' lang='lat' dir='ltr'><strong>sacramento</strong></span> <span class='ocrx_word' id='word_1_275' title='bbox 1952 3481 2082 3536; x_wconf 90' lang='lat' dir='ltr'><strong>pec-</strong></span> 
     </span>
    </p>
   </div>
   <div class='ocr_carea' id='block_1_36' title="bbox 497 3555 2083 3628">
    <p class='ocr_par' dir='ltr' id='par_1_36' title="bbox 497 3555 2083 3628">
     <span class='ocr_line' id='line_1_36' title="bbox 497 3555 2083 3628; baseline 0.003 -19"><span class='ocrx_word' id='word_1_276' title='bbox 497 3555 601 3609; x_wconf 88' lang='lat' dir='ltr'><strong>cati</strong></span> <span class='ocrx_word' id='word_1_277' title='bbox 639 3555 864 3624; x_wconf 79' lang='lat' dir='ltr'><strong>alicujus</strong></span> <span class='ocrx_word' id='word_1_278' title='bbox 904 3564 1084 3611; x_wconf 86' lang='lat' dir='ltr'><strong>reatus</strong></span> <span class='ocrx_word' id='word_1_279' title='bbox 1124 3555 1440 3626; x_wconf 88' lang='lat' dir='ltr'><strong>relinquitur</strong></span> <span class='ocrx_word' id='word_1_280' title='bbox 1478 3557 1780 3612; x_wconf 89' lang='lat' dir='ltr'><strong>insolutus:</strong></span> <span class='ocrx_word' id='word_1_281' title='bbox 1817 3574 1916 3614; x_wconf 90' lang='lat' dir='ltr'><strong>nec</strong></span> <span class='ocrx_word' id='word_1_282' title='bbox 1945 3559 2083 3628; x_wconf 88' lang='lat' dir='ltr'><strong>inju-</strong></span> 
     </span>
    </p>
   </div>
   <div class='ocr_carea' id='block_1_37' title="bbox 495 3647 2080 3722">
    <p class='ocr_par' dir='ltr' id='par_1_37' title="bbox 495 3647 2080 3722">
     <span class='ocr_line' id='line_1_37' title="bbox 495 3647 2080 3722; baseline 0.002 -21"><span class='ocrx_word' id='word_1_283' title='bbox 495 3655 614 3702; x_wconf 89' lang='lat' dir='ltr'><strong>stus</strong></span> <span class='ocrx_word' id='word_1_284' title='bbox 654 3656 739 3702; x_wconf 93' lang='lat' dir='ltr'><strong>est</strong></span> <span class='ocrx_word' id='word_1_285' title='bbox 774 3647 946 3714; x_wconf 89' lang='lat' dir='ltr'><strong>Deus,</strong></span> <span class='ocrx_word' id='word_1_286' title='bbox 992 3648 1083 3718; x_wconf 91' lang='lat' dir='ltr'><strong>qui</strong></span> <span class='ocrx_word' id='word_1_287' title='bbox 1127 3663 1249 3701; x_wconf 89' lang='lat' dir='ltr'><strong>eum</strong></span> <span class='ocrx_word' id='word_1_288' title='bbox 1288 3647 1506 3702; x_wconf 87' lang='lat' dir='ltr'><strong>damnat</strong></span> <span class='ocrx_word' id='word_1_289' title='bbox 1544 3647 1659 3719; x_wconf 85' lang='lat' dir='ltr'><strong>lege</strong></span> <span class='ocrx_word' id='word_1_290' title='bbox 1691 3648 1942 3718; x_wconf 73' lang='lat' dir='ltr'><strong>justitiae,</strong></span> <span class='ocrx_word' id='word_1_291' title='bbox 1990 3651 2080 3722; x_wconf 92' lang='lat' dir='ltr'><strong>qui</strong></span> 
     </span>
    </p>
   </div>
   <div class='ocr_carea' id='block_1_38' title="bbox 499 3737 2081 3814">
    <p class='ocr_par' dir='ltr' id='par_1_38' title="bbox 499 3737 2081 3814">
     <span class='ocr_line' id='line_1_38' title="bbox 499 3737 2081 3814; baseline 0.004 -22"><span class='ocrx_word' id='word_1_292' title='bbox 499 3737 703 3808; x_wconf 91' lang='lat' dir='ltr'><strong>peccati</strong></span> <span class='ocrx_word' id='word_1_293' title='bbox 729 3737 842 3807; x_wconf 88' lang='lat' dir='ltr'><strong>lege</strong></span> <span class='ocrx_word' id='word_1_294' title='bbox 872 3737 931 3792; x_wconf 86' lang='lat' dir='ltr'><strong>ﬁt</strong></span> <span class='ocrx_word' id='word_1_295' title='bbox 977 3753 1099 3793; x_wconf 89' lang='lat' dir='ltr'><strong>reus</strong></span> <span class='ocrx_word' id='word_1_296' title='bbox 1117 3780 1132 3805; x_wconf 90' lang='lat'><strong>,</strong></span> <span class='ocrx_word' id='word_1_297' title='bbox 1161 3739 1370 3794; x_wconf 88' lang='lat' dir='ltr'><strong>etiamsi</strong></span> <span class='ocrx_word' id='word_1_298' title='bbox 1394 3754 1461 3795; x_wconf 82' lang='lat' dir='ltr'><strong>ex</strong></span> <span class='ocrx_word' id='word_1_299' title='bbox 1515 3740 1600 3794; x_wconf 89' lang='lat' dir='ltr'><strong>illa</strong></span> <span class='ocrx_word' id='word_1_300' title='bbox 1631 3748 1789 3796; x_wconf 90' lang='lat' dir='ltr'><strong>natus</strong></span> <span class='ocrx_word' id='word_1_301' title='bbox 1814 3753 1932 3810; x_wconf 87' lang='lat' dir='ltr'><strong>est,</strong></span> <span class='ocrx_word' id='word_1_302' title='bbox 1960 3759 2081 3814; x_wconf 62' lang='lat' dir='ltr'><strong>quae</strong></span> 
     </span>
    </p>
   </div>
   <div class='ocr_carea' id='block_1_39' title="bbox 498 3827 2076 3904">
    <p class='ocr_par' dir='ltr' id='par_1_39' title="bbox 498 3827 2076 3904">
     <span class='ocr_line' id='line_1_39' title="bbox 498 3827 2076 3904; baseline 0.005 -23"><span class='ocrx_word' id='word_1_303' title='bbox 498 3837 770 3899; x_wconf 84' lang='lat' dir='ltr'><strong>parentem</strong></span> <span class='ocrx_word' id='word_1_304' title='bbox 801 3827 917 3897; x_wconf 82' lang='lat' dir='ltr'><strong>ejus</strong></span> <span class='ocrx_word' id='word_1_305' title='bbox 945 3838 1220 3899; x_wconf 91' lang='lat' dir='ltr'><strong>prepterea</strong></span> <span class='ocrx_word' id='word_1_306' title='bbox 1241 3829 1352 3899; x_wconf 87' lang='lat' dir='ltr'><strong>jam</strong></span> <span class='ocrx_word' id='word_1_307' title='bbox 1374 3845 1522 3885; x_wconf 89' lang='lat' dir='ltr'><strong>reum</strong></span> <span class='ocrx_word' id='word_1_308' title='bbox 1545 3829 1720 3887; x_wconf 85' lang='lat' dir='ltr'><strong>facere</strong></span> <span class='ocrx_word' id='word_1_309' title='bbox 1747 3847 1853 3902; x_wconf 84' lang='lat' dir='ltr'><strong>non</strong></span> <span class='ocrx_word' id='word_1_310' title='bbox 1885 3843 2076 3904; x_wconf 87' lang='lat' dir='ltr'><strong>potest,</strong></span> 
     </span>
    </p>
   </div>
   <div class='ocr_carea' id='block_1_40' title="bbox 497 3918 2080 3992">
    <p class='ocr_par' dir='ltr' id='par_1_40' title="bbox 497 3918 2080 3992">
     <span class='ocr_line' id='line_1_40' title="bbox 497 3918 2080 3992; baseline 0.006 -23"><span class='ocrx_word' id='word_1_311' title='bbox 497 3918 621 3988; x_wconf 88' lang='lat' dir='ltr'><strong>quia</strong></span> <span class='ocrx_word' id='word_1_312' title='bbox 672 3927 887 3972; x_wconf 87' lang='lat' dir='ltr'><strong>renatus</strong></span> <span class='ocrx_word' id='word_1_313' title='bbox 932 3927 1034 3972; x_wconf 92' lang='lat' dir='ltr'><strong>est.</strong></span> <span class='ocrx_word' id='word_1_314' title='bbox 1087 3918 1262 3974; x_wconf 75' lang='lat' dir='ltr'><strong>Virtus</strong></span> <span class='ocrx_word' id='word_1_315' title='bbox 1324 3934 1516 3989; x_wconf 90' lang='lat' dir='ltr'><strong>porro,</strong></span> <span class='ocrx_word' id='word_1_316' title='bbox 1570 3937 1693 3992; x_wconf 80' lang='lat' dir='ltr'><strong>qua:</strong></span> <span class='ocrx_word' id='word_1_317' title='bbox 1746 3922 1799 3978; x_wconf 89' lang='lat' dir='ltr'><strong>in</strong></span> <span class='ocrx_word' id='word_1_318' title='bbox 1855 3923 2080 3980; x_wconf 85' lang='lat' dir='ltr'><strong>infirmi-</strong></span> 
     </span>
    </p>
   </div>
   <div class='ocr_carea' id='block_1_41' title="bbox 498 4005 2075 4084">
    <p class='ocr_par' dir='ltr' id='par_1_41' title="bbox 498 4005 2075 4084">
     <span class='ocr_line' id='line_1_41' title="bbox 498 4005 2075 4084; baseline 0.006 -22"><span class='ocrx_word' id='word_1_319' title='bbox 498 4017 606 4062; x_wconf 88' lang='lat' dir='ltr'><strong>tate</strong></span> <span class='ocrx_word' id='word_1_320' title='bbox 652 4005 960 4076; x_wconf 84' lang='lat' dir='ltr'><strong>perlicitur,</strong></span> <span class='ocrx_word' id='word_1_321' title='bbox 1005 4022 1201 4078; x_wconf 89' lang='lat' dir='ltr'><strong>quare,</strong></span> <span class='ocrx_word' id='word_1_322' title='bbox 1248 4009 1292 4064; x_wconf 89' lang='lat' dir='ltr'><strong>si</strong></span> <span class='ocrx_word' id='word_1_323' title='bbox 1349 4008 1466 4064; x_wconf 75' lang='lat' dir='ltr'><strong>hmc</strong></span> <span class='ocrx_word' id='word_1_324' title='bbox 1515 4027 1639 4068; x_wconf 88' lang='lat' dir='ltr'><strong>vera</strong></span> <span class='ocrx_word' id='word_1_325' title='bbox 1678 4021 1836 4081; x_wconf 89' lang='lat' dir='ltr'><strong>sunt,</strong></span> <span class='ocrx_word' id='word_1_326' title='bbox 1881 4014 2075 4084; x_wconf 88' lang='lat' dir='ltr'><strong>despe-</strong></span> 
     </span>
    </p>
   </div>
   <div class='ocr_carea' id='block_1_42' title="bbox 493 4097 2080 4174">
    <p class='ocr_par' dir='ltr' id='par_1_42' title="bbox 493 4097 2080 4174">
     <span class='ocr_line' id='line_1_42' title="bbox 493 4097 2080 4174; baseline 0.006 -22"><span class='ocrx_word' id='word_1_327' title='bbox 493 4097 664 4153; x_wconf 66' lang='lat' dir='ltr'><strong>randa</strong></span> <span class='ocrx_word' id='word_1_328' title='bbox 706 4106 817 4164; x_wconf 92' lang='lat' dir='ltr'><strong>est;</strong></span> <span class='ocrx_word' id='word_1_329' title='bbox 861 4113 982 4153; x_wconf 91' lang='lat' dir='ltr'><strong>cum</strong></span> <span class='ocrx_word' id='word_1_330' title='bbox 1022 4114 1118 4169; x_wconf 90' lang='lat' dir='ltr'><strong>per</strong></span> <span class='ocrx_word' id='word_1_331' title='bbox 1163 4113 1375 4156; x_wconf 90' lang='lat' dir='ltr'><strong>carnem</strong></span> <span class='ocrx_word' id='word_1_332' title='bbox 1420 4100 1660 4170; x_wconf 85' lang='lat' dir='ltr'><strong>Christi,</strong></span> <span class='ocrx_word' id='word_1_333' title='bbox 1705 4119 1823 4174; x_wconf 64' lang='lat' dir='ltr'><strong>quae</strong></span> <span class='ocrx_word' id='word_1_334' title='bbox 1861 4105 2080 4163; x_wconf 90' lang='lat' dir='ltr'><strong>damnat</strong></span> 
     </span>
    </p>
   </div>
   <div class='ocr_carea' id='block_1_43' title="bbox 499 4190 2078 4267">
    <p class='ocr_par' dir='ltr' id='par_1_43' title="bbox 499 4190 2078 4267">
     <span class='ocr_line' id='line_1_43' title="bbox 499 4190 2078 4267; baseline 0.004 -20"><span class='ocrx_word' id='word_1_335' title='bbox 499 4201 770 4261; x_wconf 86' lang='lat' dir='ltr'><strong>|eccatum</strong></span> <span class='ocrx_word' id='word_1_336' title='bbox 792 4190 933 4260; x_wconf 90' lang='lat' dir='ltr'><strong>quod</strong></span> <span class='ocrx_word' id='word_1_337' title='bbox 960 4191 1227 4247; x_wconf 85' lang='lat' dir='ltr'><strong>nascendo</strong></span> <span class='ocrx_word' id='word_1_338' title='bbox 1253 4208 1357 4248; x_wconf 89' lang='lat' dir='ltr'><strong>non</strong></span> <span class='ocrx_word' id='word_1_339' title='bbox 1401 4195 1604 4264; x_wconf 90' lang='lat' dir='ltr'><strong>sensit,</strong></span> <span class='ocrx_word' id='word_1_340' title='bbox 1632 4197 1774 4267; x_wconf 90' lang='lat' dir='ltr'><strong>quod</strong></span> <span class='ocrx_word' id='word_1_341' title='bbox 1800 4199 2078 4254; x_wconf 89' lang='lat' dir='ltr'><strong>moriendo</strong></span> 
     </span>
    </p>
   </div>
   <div class='ocr_carea' id='block_1_44' title="bbox 498 4284 2078 4362">
    <p class='ocr_par' dir='ltr' id='par_1_44' title="bbox 498 4284 2078 4362">
     <span class='ocr_line' id='line_1_44' title="bbox 498 4284 2078 4362; baseline 0.005 -23"><span class='ocrx_word' id='word_1_342' title='bbox 498 4284 790 4347; x_wconf 74' lang='lat' dir='ltr'><strong>crucifixit,</strong></span> <span class='ocrx_word' id='word_1_343' title='bbox 822 4285 910 4339; x_wconf 89' lang='lat' dir='ltr'><strong>liat</strong></span> <span class='ocrx_word' id='word_1_344' title='bbox 948 4285 1108 4339; x_wconf 90' lang='lat' dir='ltr'><strong>etiam</strong></span> <span class='ocrx_word' id='word_1_345' title='bbox 1139 4285 1189 4340; x_wconf 92' lang='lat' dir='ltr'><strong>in</strong></span> <span class='ocrx_word' id='word_1_346' title='bbox 1217 4301 1378 4342; x_wconf 90' lang='lat' dir='ltr'><strong>carne</strong></span> <span class='ocrx_word' id='word_1_347' title='bbox 1418 4298 1596 4344; x_wconf 91' lang='lat' dir='ltr'><strong>nostra</strong></span> <span class='ocrx_word' id='word_1_348' title='bbox 1632 4290 1938 4360; x_wconf 82' lang='lat' dir='ltr'><strong>justificatio</strong></span> <span class='ocrx_word' id='word_1_349' title='bbox 1982 4308 2078 4362; x_wconf 86' lang='lat' dir='ltr'><strong>per</strong></span> 
     </span>
    </p>
   </div>
   <div class='ocr_carea' id='block_1_45' title="bbox 495 4379 2074 4455">
    <p class='ocr_par' dir='ltr' id='par_1_45' title="bbox 495 4379 2074 4455">
     <span class='ocr_line' id='line_1_45' title="bbox 495 4379 2074 4455; baseline 0.006 -21"><span class='ocrx_word' id='word_1_350' title='bbox 495 4379 748 4450; x_wconf 90' lang='lat' dir='ltr'><strong>gratiam,</strong></span> <span class='ocrx_word' id='word_1_351' title='bbox 799 4380 852 4434; x_wconf 91' lang='lat' dir='ltr'><strong>in</strong></span> <span class='ocrx_word' id='word_1_352' title='bbox 897 4395 1000 4451; x_wconf 92' lang='lat' dir='ltr'><strong>qua</strong></span> <span class='ocrx_word' id='word_1_353' title='bbox 1030 4387 1148 4436; x_wconf 90' lang='lat' dir='ltr'><strong>erat</strong></span> <span class='ocrx_word' id='word_1_354' title='bbox 1175 4389 1299 4437; x_wconf 89' lang='lat' dir='ltr'><strong>ante</strong></span> <span class='ocrx_word' id='word_1_355' title='bbox 1339 4382 1569 4438; x_wconf 88' lang='lat' dir='ltr'><strong>colluvie</strong></span> <span class='ocrx_word' id='word_1_356' title='bbox 1596 4400 1689 4454; x_wconf 88' lang='lat' dir='ltr'><strong>per</strong></span> <span class='ocrx_word' id='word_1_357' title='bbox 1725 4386 1972 4455; x_wconf 87' lang='lat' dir='ltr'><strong>culpam?</strong></span> <span class='ocrx_word' id='word_1_358' title='bbox 1999 4391 2074 4443; x_wconf 86' lang='lat' dir='ltr'><strong>Ac</strong></span> 
     </span>
    </p>
   </div>
   <div class='ocr_carea' id='block_1_46' title="bbox 498 4469 2074 4543">
    <p class='ocr_par' dir='ltr' id='par_1_46' title="bbox 498 4469 2074 4543">
     <span class='ocr_line' id='line_1_46' title="bbox 498 4469 2074 4543; baseline 0.006 -21"><span class='ocrx_word' id='word_1_359' title='bbox 498 4486 592 4540; x_wconf 90' lang='lat' dir='ltr'><strong>per</strong></span> <span class='ocrx_word' id='word_1_360' title='bbox 616 4469 717 4525; x_wconf 90' lang='lat' dir='ltr'><strong>hoc</strong></span> <span class='ocrx_word' id='word_1_361' title='bbox 739 4469 972 4541; x_wconf 89' lang='lat' dir='ltr'><strong>quinque</strong></span> <span class='ocrx_word' id='word_1_362' title='bbox 1013 4470 1110 4526; x_wconf 91' lang='lat' dir='ltr'><strong>ista</strong></span> <span class='ocrx_word' id='word_1_363' title='bbox 1154 4479 1331 4526; x_wconf 89' lang='lat' dir='ltr'><strong>vestra</strong></span> <span class='ocrx_word' id='word_1_364' title='bbox 1355 4513 1371 4539; x_wconf 93' lang='lat'><strong>,</strong></span> <span class='ocrx_word' id='word_1_365' title='bbox 1401 4472 1454 4527; x_wconf 91' lang='lat' dir='ltr'><strong>in</strong></span> <span class='ocrx_word' id='word_1_366' title='bbox 1480 4475 1670 4543; x_wconf 89' lang='lat' dir='ltr'><strong>quibus</strong></span> <span class='ocrx_word' id='word_1_367' title='bbox 1699 4477 1933 4531; x_wconf 76' lang='lat' dir='ltr'><strong>maxime</strong></span> <span class='ocrx_word' id='word_1_368' title='bbox 1963 4485 2074 4532; x_wconf 89' lang='lat' dir='ltr'><strong>ter-</strong></span> 
     </span>
    </p>
   </div>
   <div class='ocr_carea' id='block_1_47' title="bbox 496 4560 2077 4636">
    <p class='ocr_par' dir='ltr' id='par_1_47' title="bbox 496 4560 2077 4636">
     <span class='ocr_line' id='line_1_47' title="bbox 496 4560 2077 4636; baseline 0.003 -19"><span class='ocrx_word' id='word_1_369' title='bbox 496 4562 624 4617; x_wconf 84' lang='lat' dir='ltr'><strong>retis</strong></span> <span class='ocrx_word' id='word_1_370' title='bbox 650 4560 890 4616; x_wconf 83' lang='lat' dir='ltr'><strong>homines</strong></span> <span class='ocrx_word' id='word_1_371' title='bbox 908 4601 924 4628; x_wconf 96' lang='lat'><strong>,</strong></span> <span class='ocrx_word' id='word_1_372' title='bbox 951 4571 1278 4631; x_wconf 90' lang='lat' dir='ltr'><strong>argumenta,</strong></span> <span class='ocrx_word' id='word_1_373' title='bbox 1307 4578 1407 4618; x_wconf 90' lang='lat' dir='ltr'><strong>nec</strong></span> <span class='ocrx_word' id='word_1_374' title='bbox 1431 4565 1562 4619; x_wconf 90' lang='lat' dir='ltr'><strong>alios</strong></span> <span class='ocrx_word' id='word_1_375' title='bbox 1592 4574 1835 4634; x_wconf 90' lang='lat' dir='ltr'><strong>poterunt</strong></span> <span class='ocrx_word' id='word_1_376' title='bbox 1867 4577 2077 4636; x_wconf 83' lang='lat' dir='ltr'><strong>pertur-</strong></span> 
     </span>
    </p>
   </div>
   <div class='ocr_carea' id='block_1_48' title="bbox 496 4653 2070 4730">
    <p class='ocr_par' dir='ltr' id='par_1_48' title="bbox 496 4653 2070 4730">
     <span class='ocr_line' id='line_1_48' title="bbox 496 4653 2070 4730; baseline 0.004 -22"><span class='ocrx_word' id='word_1_377' title='bbox 496 4653 657 4718; x_wconf 77' lang='lat' dir='ltr'><strong>bare,</strong></span> <span class='ocrx_word' id='word_1_378' title='bbox 708 4667 805 4708; x_wconf 82' lang='lat' dir='ltr'><strong>nec</strong></span> <span class='ocrx_word' id='word_1_379' title='bbox 847 4667 976 4721; x_wconf 92' lang='lat' dir='ltr'><strong>vos,</strong></span> <span class='ocrx_word' id='word_1_380' title='bbox 1007 4668 1067 4708; x_wconf 82' lang='lat' dir='ltr'><strong>&#39;Sl</strong></span> <span class='ocrx_word' id='word_1_381' title='bbox 1117 4655 1350 4710; x_wconf 87' lang='lat' dir='ltr'><strong>credatis</strong></span> <span class='ocrx_word' id='word_1_382' title='bbox 1400 4657 1710 4722; x_wconf 86' lang='lat' dir='ltr'><strong>Ambrosio,</strong></span> <span class='ocrx_word' id='word_1_383' title='bbox 1766 4659 2070 4730; x_wconf 82' lang='lat' dir='ltr'><strong>Cypriane,</strong></span> 
     </span>
    </p>
   </div>
   <div class='ocr_carea' id='block_1_49' title="bbox 496 4745 2073 4820">
    <p class='ocr_par' dir='ltr' id='par_1_49' title="bbox 496 4745 2073 4820">
     <span class='ocr_line' id='line_1_49' title="bbox 496 4745 2073 4820; baseline 0.003 -18"><span class='ocrx_word' id='word_1_384' title='bbox 496 4745 786 4815; x_wconf 79' lang='lat' dir='ltr'><strong>Gregorio,</strong></span> <span class='ocrx_word' id='word_1_385' title='bbox 815 4745 1041 4815; x_wconf 86' lang='lat' dir='ltr'><strong>aliisque</strong></span> <span class='ocrx_word' id='word_1_386' title='bbox 1064 4746 1345 4803; x_wconf 78' lang='lat' dir='ltr'><strong>catholicis</strong></span> <span class='ocrx_word' id='word_1_387' title='bbox 1376 4749 1572 4804; x_wconf 91' lang='lat' dir='ltr'><strong>sanctis</strong></span> <span class='ocrx_word' id='word_1_388' title='bbox 1597 4749 1861 4820; x_wconf 90' lang='lat' dir='ltr'><strong>clarisque</strong></span> <span class='ocrx_word' id='word_1_389' title='bbox 1889 4751 2073 4807; x_wconf 91' lang='lat' dir='ltr'><strong>docto-</strong></span> 
     </span>
    </p>
   </div>
   <div class='ocr_carea' id='block_1_50' title="bbox 495 4834 2068 4912">
    <p class='ocr_par' dir='ltr' id='par_1_50' title="bbox 495 4834 2068 4912">
     <span class='ocr_line' id='line_1_50' title="bbox 495 4834 2068 4912; baseline 0.007 -26"><span class='ocrx_word' id='word_1_390' title='bbox 495 4835 641 4886; x_wconf 79' lang='lat' dir='ltr'><strong>ribus</strong></span> <span class='ocrx_word' id='word_1_391' title='bbox 659 4873 676 4900; x_wconf 91' lang='lat'><strong>,</strong></span> <span class='ocrx_word' id='word_1_392' title='bbox 725 4834 830 4888; x_wconf 90' lang='lat' dir='ltr'><strong>imo</strong></span> <span class='ocrx_word' id='word_1_393' title='bbox 857 4850 984 4890; x_wconf 87' lang='lat' dir='ltr'><strong>vero</strong></span> <span class='ocrx_word' id='word_1_394' title='bbox 1010 4837 1170 4890; x_wconf 88' lang='lat' dir='ltr'><strong>etiam</strong></span> <span class='ocrx_word' id='word_1_395' title='bbox 1199 4838 1352 4893; x_wconf 88' lang='lat' dir='ltr'><strong>vobis</strong></span> <span class='ocrx_word' id='word_1_396' title='bbox 1382 4839 1508 4909; x_wconf 88' lang='lat' dir='ltr'><strong>ipsis</strong></span> <span class='ocrx_word' id='word_1_397' title='bbox 1531 4839 1552 4871; x_wconf 72' lang='grc'><strong><em>⁵</em></strong></span> <span class='ocrx_word' id='word_1_398' title='bbox 1572 4882 1586 4904; x_wconf 90' lang='grc'><em>,</em></span> <span class='ocrx_word' id='word_1_399' title='bbox 1631 4841 1801 4910; x_wconf 86' lang='lat' dir='ltr'><strong>legem</strong></span> <span class='ocrx_word' id='word_1_400' title='bbox 1832 4846 2068 4912; x_wconf 89' lang='lat' dir='ltr'><strong>peccati,</strong></span> 
     </span>
    </p>
   </div>
   <div class='ocr_carea' id='block_1_51' title="bbox 501 4923 2068 5004">
    <p class='ocr_par' dir='ltr' id='par_1_51' title="bbox 501 4923 2068 5004">
     <span class='ocr_line' id='line_1_51' title="bbox 501 4923 2068 5004; baseline 0.01 -27"><span class='ocrx_word' id='word_1_401' title='bbox 501 4939 620 4993; x_wconf 72' lang='lat' dir='ltr'><strong>qua:</strong></span> <span class='ocrx_word' id='word_1_402' title='bbox 647 4923 788 4980; x_wconf 88' lang='lat' dir='ltr'><strong>inest</strong></span> <span class='ocrx_word' id='word_1_403' title='bbox 813 4923 1046 4982; x_wconf 84' lang='lat' dir='ltr'><strong>hominis</strong></span> <span class='ocrx_word' id='word_1_404' title='bbox 1070 4927 1326 4984; x_wconf 86' lang='lat' dir='ltr'><strong>membris</strong></span> <span class='ocrx_word' id='word_1_405' title='bbox 1365 4945 1662 5002; x_wconf 86' lang='lat' dir='ltr'><strong>repugnans</strong></span> <span class='ocrx_word' id='word_1_406' title='bbox 1691 4933 1790 5004; x_wconf 89' lang='lat' dir='ltr'><strong>legi</strong></span> <span class='ocrx_word' id='word_1_407' title='bbox 1838 4937 2032 4992; x_wconf 76' lang='lat' dir='ltr'><strong>mentis</strong></span> <span class='ocrx_word' id='word_1_408' title='bbox 2053 4979 2068 5000; x_wconf 88' lang='lat'><strong><em>.</em></strong></span> 
     </span>
    </p>
   </div>
   <div class='ocr_carea' id='block_1_52' title="bbox 554 5117 2071 5192">
    <p class='ocr_par' dir='ltr' id='par_1_52' title="bbox 554 5117 2071 5192">
     <span class='ocr_line' id='line_1_52' title="bbox 554 5117 2071 5192; baseline 0.012 -26"><span class='ocrx_word' id='word_1_409' title='bbox 554 5119 577 5192; x_wconf 50' lang='grc' dir='ltr'><strong>ξ</strong></span> <span class='ocrx_word' id='word_1_410' title='bbox 618 5117 779 5192; x_wconf 76' lang='lat' dir='ltr'><strong>Aliqua</strong></span> <span class='ocrx_word' id='word_1_411' title='bbox 805 5117 884 5192; x_wconf 79' lang='lat' dir='ltr'><strong>hic</strong></span> <span class='ocrx_word' id='word_1_412' title='bbox 905 5119 953 5192; x_wconf 76' lang='lat' dir='ltr'><strong>in</strong></span> <span class='ocrx_word' id='word_1_413' title='bbox 991 5119 1137 5172; x_wconf 89' lang='lat' dir='ltr'><strong>edith</strong></span> <span class='ocrx_word' id='word_1_414' title='bbox 1165 5125 1378 5192; x_wconf 79' lang='lat' dir='ltr'><strong>varietas</strong></span> <span class='ocrx_word' id='word_1_415' title='bbox 1400 5137 1412 5174; x_wconf 91' lang='lat'><strong>:</strong></span> <span class='ocrx_word' id='word_1_416' title='bbox 1433 5125 1695 5192; x_wconf 40' lang='lat' dir='ltr'><strong>apudnam,</strong></span> <span class='ocrx_word' id='word_1_417' title='bbox 1721 5135 1783 5192; x_wconf 81' lang='lat' dir='ltr'><strong>et</strong></span> <span class='ocrx_word' id='word_1_418' title='bbox 1808 5136 1902 5192; x_wconf 86' lang='lat' dir='ltr'><strong>Er.,</strong></span> <span class='ocrx_word' id='word_1_419' title='bbox 1934 5133 2071 5184; x_wconf 81' lang='lat' dir='ltr'><strong>nulla</strong></span> 
     </span>
    </p>
   </div>
   <div class='ocr_carea' id='block_1_53' title="bbox 487 5176 2068 5246">
    <p class='ocr_par' dir='ltr' id='par_1_53' title="bbox 487 5176 2068 5246">
     <span class='ocr_line' id='line_1_53' title="bbox 487 5176 2068 5246; baseline 0.011 -18"><span class='ocrx_word' id='word_1_420' title='bbox 487 5176 720 5246; x_wconf 71' lang='lat' dir='ltr'><strong>alterutro</strong></span> <span class='ocrx_word' id='word_1_421' title='bbox 753 5179 1030 5244; x_wconf 74' lang='lat' dir='ltr'><strong>cogitatione</strong></span> <span class='ocrx_word' id='word_1_422' title='bbox 1064 5189 1314 5246; x_wconf 81' lang='lat' dir='ltr'><strong>versatur;</strong></span> <span class='ocrx_word' id='word_1_423' title='bbox 1343 5176 1477 5246; x_wconf 60' lang='lat' dir='ltr'><strong>l.ov.,&#39;</strong></span> <span class='ocrx_word' id='word_1_424' title='bbox 1495 5186 1629 5237; x_wconf 81' lang='lat' dir='ltr'><strong>nulla</strong></span> <span class='ocrx_word' id='word_1_425' title='bbox 1664 5176 2068 5246; x_wconf 35' lang='lat' dir='ltr'><strong>iit—a—Itcﬁndr&#39;amc&#39;e:</strong></span> 
     </span>
    </p>
   </div>
   <div class='ocr_carea' id='block_1_54' title="bbox 482 5224 2064 5320">
    <p class='ocr_par' dir='ltr' id='par_1_54' title="bbox 482 5224 2064 5320">
     <span class='ocr_line' id='line_1_54' title="bbox 482 5224 2064 5320; baseline 0.013 -31"><span class='ocrx_word' id='word_1_426' title='bbox 482 5224 718 5320; x_wconf 56' lang='grc' dir='ltr'><strong>ῥῆξιιῇ</strong></span> <span class='ocrx_word' id='word_1_427' title='bbox 733 5224 965 5320; x_wconf 36' lang='lat' dir='ltr'><strong>vitam.</strong></span> <span class='ocrx_word' id='word_1_428' title='bbox 985 5224 1311 5320; x_wconf 46' lang='lat' dir='ltr'><strong>sagum;</strong></span> <span class='ocrx_word' id='word_1_429' title='bbox 1334 5224 1979 5320; x_wconf 58' lang='lat' dir='ltr'><strong>é;_&#39;éto}&#39;s&#39;£;p;i&#39;;{5;&#39;u“s‘é.~‘€.</strong></span> <span class='ocrx_word' id='word_1_430' title='bbox 1986 5224 2064 5308; x_wconf 66' lang='lat'><strong>1&#39;3:</strong></span> 
     </span>
    </p>
   </div>
   <div class='ocr_carea' id='block_1_55' title="bbox 483 5302 2062 5414">
    <p class='ocr_par' dir='ltr' id='par_1_55' title="bbox 483 5302 2062 5414">
     <span class='ocr_line' id='line_1_55' title="bbox 483 5302 2062 5414; baseline 0.013 -66"><span class='ocrx_word' id='word_1_431' title='bbox 483 5302 740 5414; x_wconf 56' lang='lat' dir='ltr'><strong>Eum,</strong></span> <span class='ocrx_word' id='word_1_432' title='bbox 780 5309 826 5354; x_wconf 82' lang='lat' dir='ltr'><strong>et</strong></span> <span class='ocrx_word' id='word_1_433' title='bbox 864 5302 1182 5358; x_wconf 82' lang='lat' dir='ltr'><strong>dominabitur</strong></span> <span class='ocrx_word' id='word_1_434' title='bbox 1208 5320 1228 5360; x_wconf 82' lang='lat'><strong>.-</strong></span> <span class='ocrx_word' id='word_1_435' title='bbox 1265 5311 1516 5362; x_wconf 79' lang='lat' dir='ltr'><strong>mendose.</strong></span> <span class='ocrx_word' id='word_1_436' title='bbox 1562 5313 1678 5363; x_wconf 86' lang='lat' dir='ltr'><strong>\ide</strong></span> <span class='ocrx_word' id='word_1_437' title='bbox 1716 5302 1979 5376; x_wconf 29' lang='lat' dir='ltr'><strong>inminui</strong></span> <span class='ocrx_word' id='word_1_438' title='bbox 2001 5302 2062 5382; x_wconf 66' lang='grc' dir='ltr'><strong>’ζ</strong></span> 
     </span>
    </p>
   </div>
   <div class='ocr_carea' id='block_1_56' title="bbox 523 5399 2068 5498">
    <p class='ocr_par' dir='ltr' id='par_1_56' title="bbox 523 5399 2068 5498">
     <span class='ocr_line' id='line_1_56' title="bbox 523 5399 2068 5498; baseline 0.014 -25"><span class='ocrx_word' id='word_1_439' title='bbox 523 5399 588 5457; x_wconf 61' lang='grc' dir='ltr'><strong>’δ’</strong></span> <span class='ocrx_word' id='word_1_440' title='bbox 700 5432 900 5498; x_wconf 78' lang='lat' dir='ltr'><strong>et_t.ov.,</strong></span> <span class='ocrx_word' id='word_1_441' title='bbox 932 5435 1178 5498; x_wconf 69' lang='lat' dir='ltr'><strong>peccatum</strong></span> <span class='ocrx_word' id='word_1_442' title='bbox 1203 5432 1254 5498; x_wconf 69' lang='lat' dir='ltr'><strong>in</strong></span> <span class='ocrx_word' id='word_1_443' title='bbox 1273 5445 1362 5498; x_wconf 74' lang='lat' dir='ltr'><strong>sua</strong></span> <span class='ocrx_word' id='word_1_444' title='bbox 1383 5445 1526 5498; x_wconf 84' lang='lat' dir='ltr'><strong>came</strong></span> <span class='ocrx_word' id='word_1_445' title='bbox 1543 5434 1800 5488; x_wconf 82' lang='lat' dir='ltr'><strong>damnavit.</strong></span> <span class='ocrx_word' id='word_1_446' title='bbox 1823 5449 1877 5492; x_wconf 78' lang='lat' dir='ltr'><strong>At</strong></span> <span class='ocrx_word' id='word_1_447' title='bbox 1897 5449 1995 5490; x_wconf 81' lang='lat' dir='ltr'><strong>Am.</strong></span> <span class='ocrx_word' id='word_1_448' title='bbox 2016 5451 2068 5494; x_wconf 91' lang='lat' dir='ltr'><strong>et</strong></span> 
     </span>
    </p>
   </div>
   <div class='ocr_carea' id='block_1_57' title="bbox 482 5491 2065 5566">
    <p class='ocr_par' dir='ltr' id='par_1_57' title="bbox 482 5491 2065 5566">
     <span class='ocr_line' id='line_1_57' title="bbox 482 5491 2065 5566; baseline 0.014 -33"><span class='ocrx_word' id='word_1_449' title='bbox 482 5491 982 5566; x_wconf 6' lang='lat' dir='ltr'><strong>ptanuscript‘iigearent</strong></span> <span class='ocrx_word' id='word_1_450' title='bbox 1017 5493 1371 5566; x_wconf 70' lang='lat' dir='ltr'><strong>particula,</strong></span> <span class='ocrx_word' id='word_1_451' title='bbox 1413 5497 1641 5566; x_wconf 81' lang='lat' dir='ltr'><strong>Ambrosii</strong></span> <span class='ocrx_word' id='word_1_452' title='bbox 1679 5505 1921 5566; x_wconf 78' lang='lat' dir='ltr'><strong>sententia</strong></span> <span class='ocrx_word' id='word_1_453' title='bbox 1956 5491 2065 5566; x_wconf 62' lang='lat' dir='ltr'><strong>qum</strong></span> 
     </span>
    </p>
   </div>
   <div class='ocr_carea' id='block_1_58' title="bbox 480 5546 2066 5658">
    <p class='ocr_par' dir='ltr' id='par_1_58' title="bbox 480 5546 2066 5658">
     <span class='ocr_line' id='line_1_58' title="bbox 480 5546 2066 5658; baseline 0.013 -62"><span class='ocrx_word' id='word_1_454' title='bbox 480 5546 864 5658; x_wconf 42' lang='lat' dir='ltr'><strong>uiItYJIcukEatur,</strong></span> <span class='ocrx_word' id='word_1_455' title='bbox 888 5552 980 5602; x_wconf 88' lang='lat' dir='ltr'><strong>ista</strong></span> <span class='ocrx_word' id='word_1_456' title='bbox 1005 5546 1082 5603; x_wconf 78' lang='lat' dir='ltr'><strong>est</strong></span> <span class='ocrx_word' id='word_1_457' title='bbox 1106 5567 1118 5603; x_wconf 94' lang='lat'><strong>:</strong></span> <span class='ocrx_word' id='word_1_458' title='bbox 1154 5546 1365 5607; x_wconf 67' lang='lat' dir='ltr'><strong>«Christi</strong></span> <span class='ocrx_word' id='word_1_459' title='bbox 1388 5558 1517 5606; x_wconf 85' lang='lat' dir='ltr'><strong>enim</strong></span> <span class='ocrx_word' id='word_1_460' title='bbox 1537 5546 1650 5610; x_wconf 79' lang='lat' dir='ltr'><strong>caro</strong></span> <span class='ocrx_word' id='word_1_461' title='bbox 1675 5546 1921 5615; x_wconf 54' lang='lat' dir='ltr'><strong>dmiﬁiii</strong></span> <span class='ocrx_word' id='word_1_462' title='bbox 1952 5546 2066 5629; x_wconf 57' lang='lat'><strong>566”-</strong></span> 
     </span>
     <span class='ocr_line' id='line_1_59' title="bbox 641 5627 696 5658; baseline 0.018 -3"><span class='ocrx_word' id='word_1_463' title='bbox 641 5648 653 5658; x_wconf 89' lang='lat'><strong>.</strong></span> <span class='ocrx_word' id='word_1_464' title='bbox 673 5627 696 5656; x_wconf 71' lang='grc'><strong>1</strong></span> 
     </span>
    </p>
   </div>
   <div class='ocr_carea' id='block_1_59' title="bbox 477 5621 2061 5751">
    <p class='ocr_par' dir='ltr' id='par_1_59' title="bbox 477 5621 2061 5751">
     <span class='ocr_line' id='line_1_60' title="bbox 477 5621 1968 5660; baseline 0.023 -4"><span class='ocrx_word' id='word_1_465' title='bbox 477 5621 653 5660; x_wconf 86' lang='lat' dir='ltr'><strong>catum.</strong></span> <span class='ocrx_word' id='word_1_466' title='bbox 673 5627 696 5656; x_wconf 72' lang='grc'><strong>1</strong></span> <span class='ocrx_word' id='word_1_467' title='bbox 1952 5621 1968 5629; x_wconf 66' lang='grc'><em>’</em></span> 
     </span>
     <span class='ocr_line' id='line_1_61' title="bbox 478 5671 2061 5751; baseline 0.023 -46"><span class='ocrx_word' id='word_1_468' title='bbox 478 5671 934 5751; x_wconf 44' lang='lat' dir='ltr'><strong>“‘:‘t:?pqsu¢9¢1qx</strong></span> <span class='ocrx_word' id='word_1_469' title='bbox 967 5674 1392 5751; x_wconf 49' lang='lat' dir='ltr'><strong>§l_oriacensis_hoc</strong></span> <span class='ocrx_word' id='word_1_470' title='bbox 1541 5681 1696 5741; x_wconf 89' lang='lat' dir='ltr'><strong>addit,</strong></span> <span class='ocrx_word' id='word_1_471' title='bbox 1720 5685 1943 5745; x_wconf 78' lang='lat' dir='ltr'><strong>quoniam</strong></span> <span class='ocrx_word' id='word_1_472' title='bbox 1975 5705 2061 5751; x_wconf 81' lang='lat' dir='ltr'><strong>pa-</strong></span> 
     </span>
    </p>
   </div>
   <div class='ocr_carea' id='block_1_60' title="bbox 474 5731 2061 5810">
    <p class='ocr_par' dir='ltr' id='par_1_60' title="bbox 474 5731 2061 5810">
     <span class='ocr_line' id='line_1_62' title="bbox 474 5731 2061 5810; baseline 0.014 -28"><span class='ocrx_word' id='word_1_473' title='bbox 474 5731 589 5782; x_wconf 74' lang='lat' dir='ltr'><strong>tebit</strong></span> <span class='ocrx_word' id='word_1_474' title='bbox 607 5739 653 5784; x_wconf 86' lang='lat' dir='ltr'><strong>et</strong></span> <span class='ocrx_word' id='word_1_475' title='bbox 674 5733 798 5786; x_wconf 74' lang='lat' dir='ltr'><strong>vobis</strong></span> <span class='ocrx_word' id='word_1_476' title='bbox 816 5735 865 5798; x_wconf 74' lang='lat' dir='ltr'><strong>ip</strong></span> <span class='ocrx_word' id='word_1_477' title='bbox 891 5737 947 5787; x_wconf 71' lang='lat' dir='ltr'><strong>i5.</strong></span> <span class='ocrx_word' id='word_1_478' title='bbox 977 5745 1026 5788; x_wconf 75' lang='lat' dir='ltr'><strong>tit</strong></span> <span class='ocrx_word' id='word_1_479' title='bbox 1048 5739 1167 5789; x_wconf 69' lang='lat' dir='ltr'><strong>infra</strong></span> <span class='ocrx_word' id='word_1_480' title='bbox 1189 5742 1258 5792; x_wconf 90' lang='lat' dir='ltr'><strong>sic</strong></span> <span class='ocrx_word' id='word_1_481' title='bbox 1281 5742 1446 5804; x_wconf 75' lang='lat' dir='ltr'><strong>habet,</strong></span> <span class='ocrx_word' id='word_1_482' title='bbox 1471 5731 1696 5804; x_wconf 65' lang='lat' dir='ltr'><strong>ingerens</strong></span> <span class='ocrx_word' id='word_1_483' title='bbox 1707 5731 1955 5810; x_wconf 39' lang='lat' dir='ltr'><strong>Misit}?</strong></span> 
     </span>
    </p>
   </div>
   <div class='ocr_carea' id='block_1_61' title="bbox 1242 316 2889 384">
    <p class='ocr_par' dir='ltr' id='par_1_61' title="bbox 1242 316 2889 384">
     <span class='ocr_line' id='line_1_63' title="bbox 1242 316 2889 384; baseline -0.002 -3"><span class='ocrx_word' id='word_1_484' title='bbox 1242 322 1516 382; x_wconf 75' lang='lat' dir='ltr'><strong>CONTRA</strong></span> <span class='ocrx_word' id='word_1_485' title='bbox 1553 319 1894 381; x_wconf 74' lang='lat' dir='ltr'><strong>JULIANUM</strong></span> <span class='ocrx_word' id='word_1_486' title='bbox 1927 316 2395 384; x_wconf 74' lang='lat' dir='ltr'><strong>PELAGIANUM,</strong></span> <span class='ocrx_word' id='word_1_487' title='bbox 2425 319 2483 376; x_wconf 77' lang='grc' dir='ltr'><strong>Β.</strong></span> <span class='ocrx_word' id='word_1_488' title='bbox 2522 317 2889 380; x_wconf 81' lang='lat' dir='ltr'><strong>AUGUSTINI</strong></span> 
     </span>
    </p>
   </div>
   <div class='ocr_carea' id='block_1_62' title="bbox 3676 253 3707 270">
    <p class='ocr_par' dir='ltr' id='par_1_62' title="bbox 3676 253 3707 270">
     <span class='ocr_line' id='line_1_64' title="bbox 3676 253 3707 270; baseline 0 0"><span class='ocrx_word' id='word_1_489' title='bbox 3676 253 3707 270; x_wconf 53' lang='grc' dir='ltr'><strong><em>α</em></strong></span> 
     </span>
    </p>
   </div>
   <div class='ocr_carea' id='block_1_63' title="bbox 2197 434 3780 508">
    <p class='ocr_par' dir='ltr' id='par_1_63' title="bbox 2197 434 3780 508">
     <span class='ocr_line' id='line_1_65' title="bbox 2197 434 3780 508; baseline 0.01 -24"><span class='ocrx_word' id='word_1_490' title='bbox 2197 447 2302 502; x_wconf 88' lang='lat' dir='ltr'><strong>qua</strong></span> <span class='ocrx_word' id='word_1_491' title='bbox 2325 447 2453 488; x_wconf 89' lang='lat' dir='ltr'><strong>caro</strong></span> <span class='ocrx_word' id='word_1_492' title='bbox 2476 434 2806 503; x_wconf 85' lang='lat' dir='ltr'><strong>concupiscit</strong></span> <span class='ocrx_word' id='word_1_493' title='bbox 2826 434 3110 491; x_wconf 86' lang='lat' dir='ltr'><strong>adversum</strong></span> <span class='ocrx_word' id='word_1_494' title='bbox 3139 435 3382 508; x_wconf 84' lang='lat' dir='ltr'><strong>spiritum</strong></span> <span class='ocrx_word' id='word_1_495' title='bbox 3405 482 3422 507; x_wconf 94' lang='lat'><strong>,</strong></span> <span class='ocrx_word' id='word_1_496' title='bbox 3466 439 3627 498; x_wconf 82' lang='lat' dir='ltr'><strong>etiam</strong></span> <span class='ocrx_word' id='word_1_497' title='bbox 3674 443 3780 498; x_wconf 55' lang='lat' dir='ltr'><strong>ba.</strong></span> 
     </span>
    </p>
   </div>
   <div class='ocr_carea' id='block_1_64' title="bbox 2191 523 3786 607">
    <p class='ocr_par' dir='ltr' id='par_1_64' title="bbox 2191 523 3786 607">
     <span class='ocr_line' id='line_1_66' title="bbox 2191 523 3786 607; baseline 0.01 -30"><span class='ocrx_word' id='word_1_498' title='bbox 2191 523 2401 595; x_wconf 86' lang='lat' dir='ltr'><strong>ptizatis</strong></span> <span class='ocrx_word' id='word_1_499' title='bbox 2425 527 2622 580; x_wconf 91' lang='lat' dir='ltr'><strong>sanctis</strong></span> <span class='ocrx_word' id='word_1_500' title='bbox 2649 527 2889 597; x_wconf 90' lang='lat' dir='ltr'><strong>ingerere</strong></span> <span class='ocrx_word' id='word_1_501' title='bbox 2923 529 3189 600; x_wconf 85' lang='lat' dir='ltr'><strong>pugnandi</strong></span> <span class='ocrx_word' id='word_1_502' title='bbox 3215 533 3619 607; x_wconf 85' lang='lat' dir='ltr'><strong>necessitatem,</strong></span> <span class='ocrx_word' id='word_1_503' title='bbox 3644 550 3786 593; x_wconf 87' lang='lat' dir='ltr'><strong>con-</strong></span> 
     </span>
    </p>
   </div>
   <div class='ocr_carea' id='block_1_65' title="bbox 2191 617 3783 694">
    <p class='ocr_par' dir='ltr' id='par_1_65' title="bbox 2191 617 3783 694">
     <span class='ocr_line' id='line_1_67' title="bbox 2191 617 3783 694; baseline 0.009 -23"><span class='ocrx_word' id='word_1_504' title='bbox 2191 625 2269 671; x_wconf 91' lang='lat' dir='ltr'><strong>tra</strong></span> <span class='ocrx_word' id='word_1_505' title='bbox 2301 617 2427 686; x_wconf 88' lang='lat' dir='ltr'><strong>quid</strong></span> <span class='ocrx_word' id='word_1_506' title='bbox 2472 619 2571 674; x_wconf 89' lang='lat' dir='ltr'><strong>nisi</strong></span> <span class='ocrx_word' id='word_1_507' title='bbox 2616 629 2801 674; x_wconf 89' lang='lat' dir='ltr'><strong>contra</strong></span> <span class='ocrx_word' id='word_1_508' title='bbox 2843 622 3083 676; x_wconf 81' lang='lat' dir='ltr'><strong>malum?</strong></span> <span class='ocrx_word' id='word_1_509' title='bbox 3112 637 3219 678; x_wconf 92' lang='lat' dir='ltr'><strong>non</strong></span> <span class='ocrx_word' id='word_1_510' title='bbox 3266 626 3648 694; x_wconf 89' lang='lat' dir='ltr'><strong>substantiam,</strong></span> <span class='ocrx_word' id='word_1_511' title='bbox 3677 627 3783 685; x_wconf 79' lang='lat' dir='ltr'><strong>sed</strong></span> 
     </span>
    </p>
   </div>
   <div class='ocr_carea' id='block_1_66' title="bbox 2187 709 3783 788">
    <p class='ocr_par' dir='ltr' id='par_1_66' title="bbox 2187 709 3783 788">
     <span class='ocr_line' id='line_1_68' title="bbox 2187 709 3783 788; baseline 0.01 -27"><span class='ocrx_word' id='word_1_512' title='bbox 2187 709 2500 765; x_wconf 76' lang='lat' dir='ltr'><strong>substantia:</strong></span> <span class='ocrx_word' id='word_1_513' title='bbox 2543 711 2765 778; x_wconf 85' lang='lat' dir='ltr'><strong>vitium,</strong></span> <span class='ocrx_word' id='word_1_514' title='bbox 2809 712 2902 768; x_wconf 91' lang='lat' dir='ltr'><strong>Dei</strong></span> <span class='ocrx_word' id='word_1_515' title='bbox 2947 715 3114 784; x_wconf 90' lang='lat' dir='ltr'><strong>gratia</strong></span> <span class='ocrx_word' id='word_1_516' title='bbox 3154 730 3252 771; x_wconf 89' lang='lat' dir='ltr'><strong>nos</strong></span> <span class='ocrx_word' id='word_1_517' title='bbox 3287 727 3638 788; x_wconf 88' lang='lat' dir='ltr'><strong>regenerante</strong></span> <span class='ocrx_word' id='word_1_518' title='bbox 3669 735 3783 777; x_wconf 88' lang='lat' dir='ltr'><strong>non</strong></span> 
     </span>
    </p>
   </div>
   <div class='ocr_carea' id='block_1_67' title="bbox 2189 799 3783 879">
    <p class='ocr_par' dir='ltr' id='par_1_67' title="bbox 2189 799 3783 879">
     <span class='ocr_line' id='line_1_69' title="bbox 2189 799 3783 879; baseline 0.01 -26"><span class='ocrx_word' id='word_1_519' title='bbox 2189 799 2590 869; x_wconf 89' lang='lat' dir='ltr'><strong>imputandum,</strong></span> <span class='ocrx_word' id='word_1_520' title='bbox 2641 804 2731 858; x_wconf 89' lang='lat' dir='ltr'><strong>Dei</strong></span> <span class='ocrx_word' id='word_1_521' title='bbox 2785 805 2952 875; x_wconf 89' lang='lat' dir='ltr'><strong>gratia</strong></span> <span class='ocrx_word' id='word_1_522' title='bbox 2998 805 3218 876; x_wconf 87' lang='lat' dir='ltr'><strong>juvante</strong></span> <span class='ocrx_word' id='word_1_523' title='bbox 3273 807 3627 879; x_wconf 89' lang='lat' dir='ltr'><strong>frenandum,</strong></span> <span class='ocrx_word' id='word_1_524' title='bbox 3679 813 3783 869; x_wconf 83' lang='lat' dir='ltr'><strong>Dei</strong></span> 
     </span>
    </p>
   </div>
   <div class='ocr_carea' id='block_1_68' title="bbox 2187 893 3114 964">
    <p class='ocr_par' dir='ltr' id='par_1_68' title="bbox 2187 893 3114 964">
     <span class='ocr_line' id='line_1_70' title="bbox 2187 893 3114 964; baseline 0.006 -17"><span class='ocrx_word' id='word_1_525' title='bbox 2187 893 2354 964; x_wconf 90' lang='lat' dir='ltr'><strong>gratia</strong></span> <span class='ocrx_word' id='word_1_526' title='bbox 2383 904 2758 950; x_wconf 89' lang='lat' dir='ltr'><strong>remunerante</strong></span> <span class='ocrx_word' id='word_1_527' title='bbox 2782 897 3114 953; x_wconf 81' lang='lat' dir='ltr'><strong>sanandum?</strong></span> 
     </span>
    </p>
   </div>
   <div class='ocr_carea' id='block_1_69' title="bbox 2259 983 3782 1058">
    <p class='ocr_par' dir='ltr' id='par_1_69' title="bbox 2259 983 3782 1058">
     <span class='ocr_line' id='line_1_71' title="bbox 2259 983 3782 1058; baseline 0.009 -21"><span class='ocrx_word' id='word_1_528' title='bbox 2259 983 2486 1040; x_wconf 82' lang='lat' dir='ltr'><strong>CAPUT</strong></span> <span class='ocrx_word' id='word_1_529' title='bbox 2518 984 2581 1040; x_wconf 84' lang='lat' dir='ltr'><strong>V.</strong></span> <span class='ocrx_word' id='word_1_530' title='bbox 2611 1015 2684 1026; x_wconf 89' lang='lat'><strong>—-</strong></span> <span class='ocrx_word' id='word_1_531' title='bbox 2707 985 2793 1041; x_wconf 81' lang='grc'><strong>10.</strong></span> <span class='ocrx_word' id='word_1_532' title='bbox 2836 985 2944 1042; x_wconf 89' lang='lat' dir='ltr'><strong>Sed</strong></span> <span class='ocrx_word' id='word_1_533' title='bbox 2983 1002 3050 1043; x_wconf 92' lang='lat' dir='ltr'><strong>ne</strong></span> <span class='ocrx_word' id='word_1_534' title='bbox 3079 989 3215 1044; x_wconf 84' lang='lat' dir='ltr'><strong>forte</strong></span> <span class='ocrx_word' id='word_1_535' title='bbox 3249 989 3429 1058; x_wconf 87' lang='lat' dir='ltr'><strong>dicas,</strong></span> <span class='ocrx_word' id='word_1_536' title='bbox 3455 1001 3640 1048; x_wconf 91' lang='lat' dir='ltr'><strong>contra</strong></span> <span class='ocrx_word' id='word_1_537' title='bbox 3673 993 3782 1050; x_wconf 90' lang='lat' dir='ltr'><strong>hoc</strong></span> 
     </span>
    </p>
   </div>
   <div class='ocr_carea' id='block_1_70' title="bbox 2190 1076 3776 1152">
    <p class='ocr_par' dir='ltr' id='par_1_70' title="bbox 2190 1076 3776 1152">
     <span class='ocr_line' id='line_1_72' title="bbox 2190 1076 3776 1152; baseline 0.008 -23"><span class='ocrx_word' id='word_1_538' title='bbox 2190 1076 2366 1146; x_wconf 88' lang='lat' dir='ltr'><strong>potius</strong></span> <span class='ocrx_word' id='word_1_539' title='bbox 2391 1091 2622 1146; x_wconf 90' lang='lat' dir='ltr'><strong>pugnare</strong></span> <span class='ocrx_word' id='word_1_540' title='bbox 2650 1076 2972 1149; x_wconf 85' lang='lat' dir='ltr'><strong>baptizatos,</strong></span> <span class='ocrx_word' id='word_1_541' title='bbox 3001 1079 3142 1150; x_wconf 93' lang='lat' dir='ltr'><strong>quod</strong></span> <span class='ocrx_word' id='word_1_542' title='bbox 3168 1080 3268 1136; x_wconf 92' lang='lat' dir='ltr'><strong>sibi</strong></span> <span class='ocrx_word' id='word_1_543' title='bbox 3295 1081 3392 1151; x_wconf 86' lang='lat' dir='ltr'><strong>ipsi</strong></span> <span class='ocrx_word' id='word_1_544' title='bbox 3423 1081 3617 1152; x_wconf 91' lang='lat' dir='ltr'><strong>prioris</strong></span> <span class='ocrx_word' id='word_1_545' title='bbox 3647 1085 3776 1142; x_wconf 67' lang='lat' dir='ltr'><strong>vitae</strong></span> 
     </span>
    </p>
   </div>
   <div class='ocr_carea' id='block_1_71' title="bbox 2189 1167 3779 1247">
    <p class='ocr_par' dir='ltr' id='par_1_71' title="bbox 2189 1167 3779 1247">
     <span class='ocr_line' id='line_1_73' title="bbox 2189 1167 3779 1247; baseline 0.008 -25"><span class='ocrx_word' id='word_1_546' title='bbox 2189 1167 2325 1222; x_wconf 88' lang='lat' dir='ltr'><strong>mala</strong></span> <span class='ocrx_word' id='word_1_547' title='bbox 2369 1169 2754 1225; x_wconf 90' lang='lat' dir='ltr'><strong>consuetudine</strong></span> <span class='ocrx_word' id='word_1_548' title='bbox 2783 1168 3054 1238; x_wconf 90' lang='lat' dir='ltr'><strong>fecerunt,</strong></span> <span class='ocrx_word' id='word_1_549' title='bbox 3085 1187 3192 1228; x_wconf 94' lang='lat' dir='ltr'><strong>non</strong></span> <span class='ocrx_word' id='word_1_550' title='bbox 3231 1183 3414 1228; x_wconf 89' lang='lat' dir='ltr'><strong>contra</strong></span> <span class='ocrx_word' id='word_1_551' title='bbox 3440 1175 3490 1230; x_wconf 92' lang='lat' dir='ltr'><strong>id</strong></span> <span class='ocrx_word' id='word_1_552' title='bbox 3515 1191 3636 1231; x_wconf 93' lang='lat' dir='ltr'><strong>cum</strong></span> <span class='ocrx_word' id='word_1_553' title='bbox 3666 1193 3779 1247; x_wconf 90' lang='lat' dir='ltr'><strong>quo</strong></span> 
     </span>
    </p>
   </div>
   <div class='ocr_carea' id='block_1_72' title="bbox 2189 1259 3779 1333">
    <p class='ocr_par' dir='ltr' id='par_1_72' title="bbox 2189 1259 3779 1333">
     <span class='ocr_line' id='line_1_74' title="bbox 2189 1259 3779 1333; baseline 0.006 -19"><span class='ocrx_word' id='word_1_554' title='bbox 2189 1259 2296 1314; x_wconf 87' lang='lat' dir='ltr'><strong>nati</strong></span> <span class='ocrx_word' id='word_1_555' title='bbox 2327 1269 2450 1314; x_wconf 88' lang='lat' dir='ltr'><strong>sunt</strong></span> <span class='ocrx_word' id='word_1_556' title='bbox 2475 1277 2488 1313; x_wconf 91' lang='lat'><strong>:</strong></span> <span class='ocrx_word' id='word_1_557' title='bbox 2517 1275 2816 1330; x_wconf 88' lang='lat' dir='ltr'><strong>quanquam</strong></span> <span class='ocrx_word' id='word_1_558' title='bbox 2855 1260 2902 1315; x_wconf 88' lang='lat' dir='ltr'><strong>si</strong></span> <span class='ocrx_word' id='word_1_559' title='bbox 2947 1262 3048 1316; x_wconf 91' lang='lat' dir='ltr'><strong>hoc</strong></span> <span class='ocrx_word' id='word_1_560' title='bbox 3070 1261 3235 1328; x_wconf 91' lang='lat' dir='ltr'><strong>dicis,</strong></span> <span class='ocrx_word' id='word_1_561' title='bbox 3259 1263 3368 1332; x_wconf 90' lang='lat' dir='ltr'><strong>jam</strong></span> <span class='ocrx_word' id='word_1_562' title='bbox 3398 1267 3577 1333; x_wconf 88' lang='lat' dir='ltr'><strong>procul</strong></span> <span class='ocrx_word' id='word_1_563' title='bbox 3608 1267 3779 1324; x_wconf 89' lang='lat' dir='ltr'><strong>dubio</strong></span> 
     </span>
    </p>
   </div>
   <div class='ocr_carea' id='block_1_73' title="bbox 2188 1351 3772 1426">
    <p class='ocr_par' dir='ltr' id='par_1_73' title="bbox 2188 1351 3772 1426">
     <span class='ocr_line' id='line_1_75' title="bbox 2188 1351 3772 1426; baseline 0.004 -18"><span class='ocrx_word' id='word_1_564' title='bbox 2188 1351 2365 1408; x_wconf 91' lang='lat' dir='ltr'><strong>cernis</strong></span> <span class='ocrx_word' id='word_1_565' title='bbox 2392 1361 2550 1422; x_wconf 89' lang='lat' dir='ltr'><strong>atque</strong></span> <span class='ocrx_word' id='word_1_566' title='bbox 2573 1351 2823 1408; x_wconf 87' lang='lat' dir='ltr'><strong>concedis</strong></span> <span class='ocrx_word' id='word_1_567' title='bbox 2844 1394 2860 1420; x_wconf 92' lang='lat'><strong>,</strong></span> <span class='ocrx_word' id='word_1_568' title='bbox 2901 1367 3021 1409; x_wconf 89' lang='lat' dir='ltr'><strong>esse</strong></span> <span class='ocrx_word' id='word_1_569' title='bbox 3051 1354 3102 1408; x_wconf 92' lang='lat' dir='ltr'><strong>in</strong></span> <span class='ocrx_word' id='word_1_570' title='bbox 3132 1356 3346 1410; x_wconf 89' lang='lat' dir='ltr'><strong>homine</strong></span> <span class='ocrx_word' id='word_1_571' title='bbox 3377 1357 3574 1426; x_wconf 87' lang='lat' dir='ltr'><strong>aliquid</strong></span> <span class='ocrx_word' id='word_1_572' title='bbox 3603 1360 3728 1414; x_wconf 91' lang='lat' dir='ltr'><strong>mali</strong></span> <span class='ocrx_word' id='word_1_573' title='bbox 3754 1400 3772 1426; x_wconf 91' lang='lat'><strong>,</strong></span> 
     </span>
    </p>
   </div>
   <div class='ocr_carea' id='block_1_74' title="bbox 2187 1444 3774 1519">
    <p class='ocr_par' dir='ltr' id='par_1_74' title="bbox 2187 1444 3774 1519">
     <span class='ocr_line' id='line_1_76' title="bbox 2187 1444 3774 1519; baseline 0.005 -19"><span class='ocrx_word' id='word_1_574' title='bbox 2187 1445 2331 1516; x_wconf 91' lang='lat' dir='ltr'><strong>quod</strong></span> <span class='ocrx_word' id='word_1_575' title='bbox 2374 1460 2480 1500; x_wconf 90' lang='lat' dir='ltr'><strong>non</strong></span> <span class='ocrx_word' id='word_1_576' title='bbox 2528 1444 2736 1514; x_wconf 89' lang='lat' dir='ltr'><strong>ipsum,</strong></span> <span class='ocrx_word' id='word_1_577' title='bbox 2764 1445 2858 1501; x_wconf 90' lang='lat' dir='ltr'><strong>sed</strong></span> <span class='ocrx_word' id='word_1_578' title='bbox 2887 1453 3066 1502; x_wconf 87' lang='lat' dir='ltr'><strong>reatus</strong></span> <span class='ocrx_word' id='word_1_579' title='bbox 3104 1447 3195 1519; x_wconf 91' lang='lat' dir='ltr'><strong>qui</strong></span> <span class='ocrx_word' id='word_1_580' title='bbox 3224 1464 3289 1503; x_wconf 80' lang='lat' dir='ltr'><strong>ex</strong></span> <span class='ocrx_word' id='word_1_581' title='bbox 3334 1449 3423 1504; x_wconf 93' lang='lat' dir='ltr'><strong>illo</strong></span> <span class='ocrx_word' id='word_1_582' title='bbox 3462 1459 3774 1508; x_wconf 87' lang='lat' dir='ltr'><strong>contractus</strong></span> 
     </span>
    </p>
   </div>
   <div class='ocr_carea' id='block_1_75' title="bbox 2189 1534 3770 1612">
    <p class='ocr_par' dir='ltr' id='par_1_75' title="bbox 2189 1534 3770 1612">
     <span class='ocr_line' id='line_1_77' title="bbox 2189 1534 3770 1612; baseline 0.004 -22"><span class='ocrx_word' id='word_1_583' title='bbox 2189 1534 2392 1599; x_wconf 89' lang='lat' dir='ltr'><strong>fuerat,</strong></span> <span class='ocrx_word' id='word_1_584' title='bbox 2433 1535 2701 1591; x_wconf 85' lang='lat' dir='ltr'><strong>auferatur</strong></span> <span class='ocrx_word' id='word_1_585' title='bbox 2739 1535 2792 1590; x_wconf 93' lang='lat' dir='ltr'><strong>in</strong></span> <span class='ocrx_word' id='word_1_586' title='bbox 2835 1536 3154 1607; x_wconf 90' lang='lat' dir='ltr'><strong>Baptismo:</strong></span> <span class='ocrx_word' id='word_1_587' title='bbox 3199 1547 3375 1595; x_wconf 92' lang='lat' dir='ltr'><strong>tamen</strong></span> <span class='ocrx_word' id='word_1_588' title='bbox 3414 1541 3535 1609; x_wconf 87' lang='lat' dir='ltr'><strong>quia</strong></span> <span class='ocrx_word' id='word_1_589' title='bbox 3578 1557 3770 1612; x_wconf 90' lang='lat' dir='ltr'><strong>parum</strong></span> 
     </span>
    </p>
   </div>
   <div class='ocr_carea' id='block_1_76' title="bbox 2188 1625 3772 1698">
    <p class='ocr_par' dir='ltr' id='par_1_76' title="bbox 2188 1625 3772 1698">
     <span class='ocr_line' id='line_1_78' title="bbox 2188 1625 3772 1698; baseline 0.005 -17"><span class='ocrx_word' id='word_1_590' title='bbox 2188 1626 2364 1682; x_wconf 79' lang='lat' dir='ltr'><strong>estad</strong></span> <span class='ocrx_word' id='word_1_591' title='bbox 2404 1625 2562 1697; x_wconf 90' lang='lat' dir='ltr'><strong>hujus</strong></span> <span class='ocrx_word' id='word_1_592' title='bbox 2587 1627 2894 1698; x_wconf 74' lang='lat' dir='ltr'><strong>quzestionis</strong></span> <span class='ocrx_word' id='word_1_593' title='bbox 2916 1628 3303 1685; x_wconf 87' lang='lat' dir='ltr'><strong>absolutionem</strong></span> <span class='ocrx_word' id='word_1_594' title='bbox 3323 1671 3339 1696; x_wconf 94' lang='lat'><strong>,</strong></span> <span class='ocrx_word' id='word_1_595' title='bbox 3368 1631 3470 1686; x_wconf 90' lang='lat' dir='ltr'><strong>nisi</strong></span> <span class='ocrx_word' id='word_1_596' title='bbox 3506 1633 3661 1688; x_wconf 90' lang='lat' dir='ltr'><strong>nobis</strong></span> <span class='ocrx_word' id='word_1_597' title='bbox 3700 1650 3772 1689; x_wconf 79' lang='lat' dir='ltr'><strong>ex</strong></span> 
     </span>
    </p>
   </div>
   <div class='ocr_carea' id='block_1_77' title="bbox 2189 1717 3769 1790">
    <p class='ocr_par' dir='ltr' id='par_1_77' title="bbox 2189 1717 3769 1790">
     <span class='ocr_line' id='line_1_79' title="bbox 2189 1717 3769 1790; baseline 0.004 -18"><span class='ocrx_word' id='word_1_598' title='bbox 2189 1728 2408 1786; x_wconf 81' lang='lat' dir='ltr'><strong>peccato</strong></span> <span class='ocrx_word' id='word_1_599' title='bbox 2433 1718 2588 1788; x_wconf 90' lang='lat' dir='ltr'><strong>primi</strong></span> <span class='ocrx_word' id='word_1_600' title='bbox 2619 1717 2852 1772; x_wconf 89' lang='lat' dir='ltr'><strong>hominis</strong></span> <span class='ocrx_word' id='word_1_601' title='bbox 2877 1718 3243 1790; x_wconf 88' lang='lat' dir='ltr'><strong>ingeneratum</strong></span> <span class='ocrx_word' id='word_1_602' title='bbox 3273 1737 3393 1777; x_wconf 90' lang='lat' dir='ltr'><strong>esse</strong></span> <span class='ocrx_word' id='word_1_603' title='bbox 3421 1734 3769 1789; x_wconf 81' lang='lat' dir='ltr'><strong>monstretur,</strong></span> 
     </span>
    </p>
   </div>
   <div class='ocr_carea' id='block_1_78' title="bbox 2188 1806 3774 1880">
    <p class='ocr_par' dir='ltr' id='par_1_78' title="bbox 2188 1806 3774 1880">
     <span class='ocr_line' id='line_1_80' title="bbox 2188 1806 3774 1880; baseline 0.006 -20"><span class='ocrx_word' id='word_1_604' title='bbox 2188 1806 2310 1861; x_wconf 90' lang='lat' dir='ltr'><strong>audi</strong></span> <span class='ocrx_word' id='word_1_605' title='bbox 2340 1806 2464 1877; x_wconf 86' lang='lat' dir='ltr'><strong>quid</strong></span> <span class='ocrx_word' id='word_1_606' title='bbox 2493 1806 2616 1862; x_wconf 90' lang='lat' dir='ltr'><strong>inde</strong></span> <span class='ocrx_word' id='word_1_607' title='bbox 2655 1808 2709 1862; x_wconf 92' lang='lat' dir='ltr'><strong>in</strong></span> <span class='ocrx_word' id='word_1_608' title='bbox 2753 1809 2859 1863; x_wconf 92' lang='lat' dir='ltr'><strong>alio</strong></span> <span class='ocrx_word' id='word_1_609' title='bbox 2907 1809 3023 1864; x_wconf 92' lang='lat' dir='ltr'><strong>loco</strong></span> <span class='ocrx_word' id='word_1_610' title='bbox 3050 1811 3358 1880; x_wconf 78' lang='lat' dir='ltr'><strong>expressius</strong></span> <span class='ocrx_word' id='word_1_611' title='bbox 3387 1812 3527 1867; x_wconf 88' lang='lat' dir='ltr'><strong>dicat</strong></span> <span class='ocrx_word' id='word_1_612' title='bbox 3553 1826 3774 1870; x_wconf 90' lang='lat' dir='ltr'><strong>sanctus</strong></span> 
     </span>
    </p>
   </div>
   <div class='ocr_carea' id='block_1_79' title="bbox 2189 1897 3772 1971">
    <p class='ocr_par' dir='ltr' id='par_1_79' title="bbox 2189 1897 3772 1971">
     <span class='ocr_line' id='line_1_81' title="bbox 2189 1897 3772 1971; baseline 0.004 -19"><span class='ocrx_word' id='word_1_613' title='bbox 2189 1897 2504 1952; x_wconf 84' lang='lat' dir='ltr'><strong>Ambrosius</strong></span> <span class='ocrx_word' id='word_1_614' title='bbox 2525 1900 2578 1952; x_wconf 90' lang='lat' dir='ltr'><strong>in</strong></span> <span class='ocrx_word' id='word_1_615' title='bbox 2597 1898 2929 1968; x_wconf 80' lang='lat' dir='ltr'><strong>expositione</strong></span> <span class='ocrx_word' id='word_1_616' title='bbox 2952 1900 3216 1970; x_wconf 85' lang='lat' dir='ltr'><strong>Evangelii</strong></span> <span class='ocrx_word' id='word_1_617' title='bbox 3236 1901 3530 1958; x_wconf 90' lang='lat' dir='ltr'><strong>secundum</strong></span> <span class='ocrx_word' id='word_1_618' title='bbox 3550 1903 3772 1971; x_wconf 86' lang='lat' dir='ltr'><strong>Lucam,</strong></span> 
     </span>
    </p>
   </div>
   <div class='ocr_carea' id='block_1_80' title="bbox 2188 1988 3773 2064">
    <p class='ocr_par' dir='ltr' id='par_1_80' title="bbox 2188 1988 3773 2064">
     <span class='ocr_line' id='line_1_82' title="bbox 2188 1988 3773 2064; baseline 0.006 -22"><span class='ocrx_word' id='word_1_619' title='bbox 2188 2002 2310 2042; x_wconf 92' lang='lat' dir='ltr'><strong>cum</strong></span> <span class='ocrx_word' id='word_1_620' title='bbox 2335 1988 2562 2044; x_wconf 81' lang='lat' dir='ltr'><strong>diversis</strong></span> <span class='ocrx_word' id='word_1_621' title='bbox 2601 1989 2774 2045; x_wconf 89' lang='lat' dir='ltr'><strong>modis</strong></span> <span class='ocrx_word' id='word_1_622' title='bbox 2795 2031 2809 2055; x_wconf 96' lang='lat'><strong>,</strong></span> <span class='ocrx_word' id='word_1_623' title='bbox 2839 1989 2908 2045; x_wconf 90' lang='lat' dir='ltr'><strong>ab</strong></span> <span class='ocrx_word' id='word_1_624' title='bbox 2948 2007 3052 2046; x_wconf 91' lang='lat' dir='ltr'><strong>una</strong></span> <span class='ocrx_word' id='word_1_625' title='bbox 3078 2000 3256 2048; x_wconf 90' lang='lat' dir='ltr'><strong>tamen</strong></span> <span class='ocrx_word' id='word_1_626' title='bbox 3285 1993 3465 2064; x_wconf 87' lang='lat' dir='ltr'><strong>regula</strong></span> <span class='ocrx_word' id='word_1_627' title='bbox 3498 1995 3621 2051; x_wconf 84' lang='lat' dir='ltr'><strong>ﬁdei</strong></span> <span class='ocrx_word' id='word_1_628' title='bbox 3665 2012 3773 2052; x_wconf 92' lang='lat' dir='ltr'><strong>non</strong></span> 
     </span>
    </p>
   </div>
   <div class='ocr_carea' id='block_1_81' title="bbox 2188 2079 3773 2148">
    <p class='ocr_par' dir='ltr' id='par_1_81' title="bbox 2188 2079 3773 2148">
     <span class='ocr_line' id='line_1_83' title="bbox 2188 2079 3773 2148; baseline 0.006 -16"><span class='ocrx_word' id='word_1_629' title='bbox 2188 2079 2630 2148; x_wconf 88' lang='lat' dir='ltr'><strong>abhorrentibus,</strong></span> <span class='ocrx_word' id='word_1_630' title='bbox 2671 2089 2920 2136; x_wconf 91' lang='lat' dir='ltr'><strong>tractaret</strong></span> <span class='ocrx_word' id='word_1_631' title='bbox 2959 2081 3107 2137; x_wconf 89' lang='lat' dir='ltr'><strong>illum</strong></span> <span class='ocrx_word' id='word_1_632' title='bbox 3147 2082 3355 2148; x_wconf 90' lang='lat' dir='ltr'><strong>locum,</strong></span> <span class='ocrx_word' id='word_1_633' title='bbox 3388 2084 3475 2139; x_wconf 91' lang='lat' dir='ltr'><strong>ubi</strong></span> <span class='ocrx_word' id='word_1_634' title='bbox 3513 2085 3773 2142; x_wconf 86' lang='lat' dir='ltr'><strong>Dominus</strong></span> 
     </span>
    </p>
   </div>
   <div class='ocr_carea' id='block_1_82' title="bbox 2188 2171 3772 2244">
    <p class='ocr_par' dir='ltr' id='par_1_82' title="bbox 2188 2171 3772 2244">
     <span class='ocr_line' id='line_1_84' title="bbox 2188 2171 3772 2244; baseline 0.006 -20"><span class='ocrx_word' id='word_1_635' title='bbox 2188 2171 2292 2237; x_wconf 86' lang='lat' dir='ltr'><strong>ait,</strong></span> <span class='ocrx_word' id='word_1_636' title='bbox 2325 2171 2377 2224; x_wconf 92' lang='lat' dir='ltr'><strong>in</strong></span> <span class='ocrx_word' id='word_1_637' title='bbox 2408 2187 2510 2225; x_wconf 89' lang='lat' dir='ltr'><strong>una</strong></span> <span class='ocrx_word' id='word_1_638' title='bbox 2537 2171 2696 2227; x_wconf 91' lang='lat' dir='ltr'><strong>domo</strong></span> <span class='ocrx_word' id='word_1_639' title='bbox 2724 2172 2887 2228; x_wconf 90' lang='lat' dir='ltr'><strong>dividi</strong></span> <span class='ocrx_word' id='word_1_640' title='bbox 2917 2181 3026 2229; x_wconf 86' lang='lat' dir='ltr'><strong>tres</strong></span> <span class='ocrx_word' id='word_1_641' title='bbox 3046 2173 3302 2230; x_wconf 89' lang='lat' dir='ltr'><strong>adversus</strong></span> <span class='ocrx_word' id='word_1_642' title='bbox 3330 2173 3498 2244; x_wconf 85' lang='lat' dir='ltr'><strong>duos,</strong></span> <span class='ocrx_word' id='word_1_643' title='bbox 3535 2187 3591 2232; x_wconf 92' lang='lat' dir='ltr'><strong>et</strong></span> <span class='ocrx_word' id='word_1_644' title='bbox 3634 2178 3772 2234; x_wconf 86' lang='lat' dir='ltr'><strong>duos</strong></span> 
     </span>
    </p>
   </div>
   <div class='ocr_carea' id='block_1_83' title="bbox 2188 2264 3773 2340">
    <p class='ocr_par' dir='ltr' id='par_1_83' title="bbox 2188 2264 3773 2340">
     <span class='ocr_line' id='line_1_85' title="bbox 2188 2264 3773 2340; baseline 0.005 -22"><span class='ocrx_word' id='word_1_645' title='bbox 2188 2264 2448 2320; x_wconf 89' lang='lat' dir='ltr'><strong>adversus</strong></span> <span class='ocrx_word' id='word_1_646' title='bbox 2475 2275 2582 2321; x_wconf 91' lang='lat' dir='ltr'><strong>tres</strong></span> <span class='ocrx_word' id='word_1_647' title='bbox 2615 2267 2631 2298; x_wconf 82' lang='grc'>¹</span> <span class='ocrx_word' id='word_1_648' title='bbox 2659 2265 2808 2340; x_wconf 88' lang='lat' dir='ltr'><strong>(Luc.</strong></span> <span class='ocrx_word' id='word_1_649' title='bbox 2836 2283 2909 2322; x_wconf 79' lang='lat' dir='ltr'><strong>xu</strong></span> <span class='ocrx_word' id='word_1_650' title='bbox 2931 2309 2948 2334; x_wconf 95' lang='lat'><strong>,</strong></span> <span class='ocrx_word' id='word_1_651' title='bbox 2975 2267 3087 2340; x_wconf 73' lang='lat'><strong>52).</strong></span> <span class='ocrx_word' id='word_1_652' title='bbox 3140 2285 3160 2320; x_wconf 73' lang='grc' dir='ltr'><strong><em>ι</em></strong></span> <span class='ocrx_word' id='word_1_653' title='bbox 3212 2267 3439 2324; x_wconf 85' lang='lat' dir='ltr'><strong>Possunt</strong></span> <span class='ocrx_word' id='word_1_654' title='bbox 3480 2270 3641 2326; x_wconf 89' lang='lat' dir='ltr'><strong>etiam</strong></span> <span class='ocrx_word' id='word_1_655' title='bbox 3688 2271 3773 2326; x_wconf 88' lang='lat' dir='ltr'><strong>vi-</strong></span> 
     </span>
    </p>
   </div>
   <div class='ocr_carea' id='block_1_84' title="bbox 2188 2356 3770 2430">
    <p class='ocr_par' dir='ltr' id='par_1_84' title="bbox 2188 2356 3770 2430">
     <span class='ocr_line' id='line_1_86' title="bbox 2188 2356 3770 2430; baseline 0.004 -20"><span class='ocrx_word' id='word_1_656' title='bbox 2188 2356 2340 2425; x_wconf 89' lang='lat' dir='ltr'><strong>deri,</strong></span> <span class='ocrx_word' id='word_1_657' title='bbox 2371 2375 2390 2412; x_wconf 74' lang='grc' dir='ltr'><strong><em>ι</em></strong></span> <span class='ocrx_word' id='word_1_658' title='bbox 2419 2358 2620 2428; x_wconf 89' lang='lat' dir='ltr'><strong>inquit,</strong></span> <span class='ocrx_word' id='word_1_659' title='bbox 2662 2377 2682 2410; x_wconf 79' lang='lat' dir='ltr'><strong>t</strong></span> <span class='ocrx_word' id='word_1_660' title='bbox 2717 2373 2845 2415; x_wconf 85' lang='lat' dir='ltr'><strong>caro</strong></span> <span class='ocrx_word' id='word_1_661' title='bbox 2869 2369 3027 2430; x_wconf 85' lang='lat' dir='ltr'><strong>atque</strong></span> <span class='ocrx_word' id='word_1_662' title='bbox 3063 2360 3240 2416; x_wconf 86' lang='lat' dir='ltr'><strong>anima</strong></span> <span class='ocrx_word' id='word_1_663' title='bbox 3267 2360 3334 2415; x_wconf 86' lang='lat' dir='ltr'><strong>ab</strong></span> <span class='ocrx_word' id='word_1_664' title='bbox 3355 2359 3550 2428; x_wconf 88' lang='lat' dir='ltr'><strong>odore,</strong></span> <span class='ocrx_word' id='word_1_665' title='bbox 3579 2371 3726 2418; x_wconf 89' lang='lat' dir='ltr'><strong>tactu</strong></span> <span class='ocrx_word' id='word_1_666' title='bbox 3751 2405 3770 2430; x_wconf 89' lang='lat'><strong>,</strong></span> 
     </span>
    </p>
   </div>
   <div class='ocr_carea' id='block_1_85' title="bbox 2188 2449 3773 2522">
    <p class='ocr_par' dir='ltr' id='par_1_85' title="bbox 2188 2449 3773 2522">
     <span class='ocr_line' id='line_1_87' title="bbox 2188 2449 3773 2522; baseline 0.006 -21"><span class='ocrx_word' id='word_1_667' title='bbox 2188 2457 2450 2519; x_wconf 88' lang='lat' dir='ltr'><strong>gustuque</strong></span> <span class='ocrx_word' id='word_1_668' title='bbox 2471 2449 2693 2505; x_wconf 71' lang='lat' dir='ltr'><strong>luxuriae</strong></span> <span class='ocrx_word' id='word_1_669' title='bbox 2719 2461 2976 2522; x_wconf 70' lang='lat' dir='ltr'><strong>separatae</strong></span> <span class='ocrx_word' id='word_1_670' title='bbox 3003 2451 3054 2505; x_wconf 94' lang='lat' dir='ltr'><strong>in</strong></span> <span class='ocrx_word' id='word_1_671' title='bbox 3085 2467 3187 2506; x_wconf 89' lang='lat' dir='ltr'><strong>una</strong></span> <span class='ocrx_word' id='word_1_672' title='bbox 3227 2452 3384 2507; x_wconf 88' lang='lat' dir='ltr'><strong>domo</strong></span> <span class='ocrx_word' id='word_1_673' title='bbox 3408 2467 3468 2509; x_wconf 91' lang='lat' dir='ltr'><strong>se</strong></span> <span class='ocrx_word' id='word_1_674' title='bbox 3503 2452 3773 2510; x_wconf 82' lang='lat' dir='ltr'><strong>adversus</strong></span> 
     </span>
    </p>
   </div>
   <div class='ocr_carea' id='block_1_86' title="bbox 2190 2539 3773 2615">
    <p class='ocr_par' dir='ltr' id='par_1_86' title="bbox 2190 2539 3773 2615">
     <span class='ocr_line' id='line_1_88' title="bbox 2190 2539 3773 2615; baseline 0.003 -22"><span class='ocrx_word' id='word_1_675' title='bbox 2190 2539 2512 2594; x_wconf 79' lang='lat' dir='ltr'><strong>incursantia</strong></span> <span class='ocrx_word' id='word_1_676' title='bbox 2541 2541 2664 2594; x_wconf 89' lang='lat' dir='ltr'><strong>vitia</strong></span> <span class='ocrx_word' id='word_1_677' title='bbox 2701 2540 3002 2598; x_wconf 87' lang='lat' dir='ltr'><strong>dividentes</strong></span> <span class='ocrx_word' id='word_1_678' title='bbox 3023 2583 3040 2606; x_wconf 89' lang='lat'><strong>,</strong></span> <span class='ocrx_word' id='word_1_679' title='bbox 3068 2543 3405 2613; x_wconf 85' lang='lat' dir='ltr'><strong>subjicientes</strong></span> <span class='ocrx_word' id='word_1_680' title='bbox 3424 2559 3482 2598; x_wconf 91' lang='lat' dir='ltr'><strong>se</strong></span> <span class='ocrx_word' id='word_1_681' title='bbox 3501 2544 3605 2615; x_wconf 87' lang='lat' dir='ltr'><strong>legi</strong></span> <span class='ocrx_word' id='word_1_682' title='bbox 3635 2545 3730 2600; x_wconf 91' lang='lat' dir='ltr'><strong>Dei</strong></span> <span class='ocrx_word' id='word_1_683' title='bbox 3755 2585 3773 2610; x_wconf 91' lang='lat'><strong>,</strong></span> 
     </span>
    </p>
   </div>
   <div class='ocr_carea' id='block_1_87' title="bbox 2189 2632 3773 2704">
    <p class='ocr_par' dir='ltr' id='par_1_87' title="bbox 2189 2632 3773 2704">
     <span class='ocr_line' id='line_1_89' title="bbox 2189 2632 3773 2704; baseline 0.003 -18"><span class='ocrx_word' id='word_1_684' title='bbox 2189 2639 2526 2687; x_wconf 73' lang='lat' dir='ltr'><strong>removentes</strong></span> <span class='ocrx_word' id='word_1_685' title='bbox 2549 2647 2609 2688; x_wconf 90' lang='lat' dir='ltr'><strong>se</strong></span> <span class='ocrx_word' id='word_1_686' title='bbox 2636 2648 2666 2686; x_wconf 89' lang='lat' dir='ltr'><strong>a</strong></span> <span class='ocrx_word' id='word_1_687' title='bbox 2692 2632 2807 2704; x_wconf 87' lang='lat' dir='ltr'><strong>lege</strong></span> <span class='ocrx_word' id='word_1_688' title='bbox 2834 2635 3034 2704; x_wconf 91' lang='lat' dir='ltr'><strong>peccati</strong></span> <span class='ocrx_word' id='word_1_689' title='bbox 3060 2652 3074 2689; x_wconf 89' lang='lat'><strong>:</strong></span> <span class='ocrx_word' id='word_1_690' title='bbox 3105 2649 3330 2704; x_wconf 92' lang='lat' dir='ltr'><strong>quorum</strong></span> <span class='ocrx_word' id='word_1_691' title='bbox 3358 2636 3480 2690; x_wconf 91' lang='lat' dir='ltr'><strong>licet</strong></span> <span class='ocrx_word' id='word_1_692' title='bbox 3503 2635 3773 2691; x_wconf 78' lang='lat' dir='ltr'><strong>dissensio</strong></span> 
     </span>
    </p>
   </div>
   <div class='ocr_carea' id='block_1_88' title="bbox 2189 2723 3773 2794">
    <p class='ocr_par' dir='ltr' id='par_1_88' title="bbox 2189 2723 3773 2794">
     <span class='ocr_line' id='line_1_90' title="bbox 2189 2723 3773 2794; baseline 0.005 -20"><span class='ocrx_word' id='word_1_693' title='bbox 2189 2735 2285 2791; x_wconf 91' lang='lat' dir='ltr'><strong>per</strong></span> <span class='ocrx_word' id='word_1_694' title='bbox 2311 2723 2798 2791; x_wconf 73' lang='lat' dir='ltr'><strong>prmvaricationem</strong></span> <span class='ocrx_word' id='word_1_695' title='bbox 2833 2724 2991 2794; x_wconf 90' lang='lat' dir='ltr'><strong>primi</strong></span> <span class='ocrx_word' id='word_1_696' title='bbox 3017 2723 3246 2780; x_wconf 87' lang='lat' dir='ltr'><strong>hominis</strong></span> <span class='ocrx_word' id='word_1_697' title='bbox 3277 2726 3329 2780; x_wconf 92' lang='lat' dir='ltr'><strong>in</strong></span> <span class='ocrx_word' id='word_1_698' title='bbox 3357 2735 3600 2782; x_wconf 90' lang='lat' dir='ltr'><strong>naturam</strong></span> <span class='ocrx_word' id='word_1_699' title='bbox 3644 2743 3773 2782; x_wconf 86' lang='lat' dir='ltr'><strong>ver-</strong></span> 
     </span>
    </p>
   </div>
   <div class='ocr_carea' id='block_1_89' title="bbox 2189 2813 3775 2887">
    <p class='ocr_par' dir='ltr' id='par_1_89' title="bbox 2189 2813 3775 2887">
     <span class='ocr_line' id='line_1_91' title="bbox 2189 2813 3775 2887; baseline 0.005 -20"><span class='ocrx_word' id='word_1_700' title='bbox 2189 2813 2314 2868; x_wconf 91' lang='lat' dir='ltr'><strong>terit</strong></span> <span class='ocrx_word' id='word_1_701' title='bbox 2343 2814 2382 2878; x_wconf 79' lang='grc'><strong>⁸,</strong></span> <span class='ocrx_word' id='word_1_702' title='bbox 2408 2822 2465 2867; x_wconf 85' lang='grc' dir='ltr'><strong>ιιι</strong></span> <span class='ocrx_word' id='word_1_703' title='bbox 2494 2829 2824 2885; x_wconf 86' lang='lat' dir='ltr'><strong>nequaquam</strong></span> <span class='ocrx_word' id='word_1_704' title='bbox 2851 2816 2952 2872; x_wconf 91' lang='lat' dir='ltr'><strong>sibi</strong></span> <span class='ocrx_word' id='word_1_705' title='bbox 2975 2817 3190 2887; x_wconf 90' lang='lat' dir='ltr'><strong>paribus</strong></span> <span class='ocrx_word' id='word_1_706' title='bbox 3207 2817 3275 2872; x_wconf 89' lang='lat' dir='ltr'><strong>ad</strong></span> <span class='ocrx_word' id='word_1_707' title='bbox 3307 2819 3551 2874; x_wconf 86' lang='lat' dir='ltr'><strong>virtutem</strong></span> <span class='ocrx_word' id='word_1_708' title='bbox 3578 2820 3775 2884; x_wconf 79' lang='lat' dir='ltr'><strong>studiis</strong></span> 
     </span>
    </p>
   </div>
   <div class='ocr_carea' id='block_1_90' title="bbox 2187 2906 3768 2980">
    <p class='ocr_par' dir='ltr' id='par_1_90' title="bbox 2187 2906 3768 2980">
     <span class='ocr_line' id='line_1_92' title="bbox 2187 2906 3768 2980; baseline 0.004 -20"><span class='ocrx_word' id='word_1_709' title='bbox 2187 2906 2571 2971; x_wconf 89' lang='lat' dir='ltr'><strong>convenirent,</strong></span> <span class='ocrx_word' id='word_1_710' title='bbox 2598 2916 2774 2962; x_wconf 88' lang='lat' dir='ltr'><strong>tamen</strong></span> <span class='ocrx_word' id='word_1_711' title='bbox 2803 2923 2896 2977; x_wconf 89' lang='lat' dir='ltr'><strong>per</strong></span> <span class='ocrx_word' id='word_1_712' title='bbox 2923 2924 3134 2964; x_wconf 90' lang='lat' dir='ltr'><strong>crucem</strong></span> <span class='ocrx_word' id='word_1_713' title='bbox 3158 2910 3366 2965; x_wconf 84' lang='lat' dir='ltr'><strong>Domini</strong></span> <span class='ocrx_word' id='word_1_714' title='bbox 3393 2910 3690 2967; x_wconf 86' lang='lat' dir='ltr'><strong>Salvatoris</strong></span> <span class='ocrx_word' id='word_1_715' title='bbox 3720 2911 3768 2980; x_wconf 85' lang='grc'><strong>³,</strong></span> 
     </span>
    </p>
   </div>
   <div class='ocr_carea' id='block_1_91' title="bbox 2189 2997 3775 3071">
    <p class='ocr_par' dir='ltr' id='par_1_91' title="bbox 2189 2997 3775 3071">
     <span class='ocr_line' id='line_1_93' title="bbox 2189 2997 3775 3071; baseline 0.006 -23"><span class='ocrx_word' id='word_1_716' title='bbox 2189 3003 2295 3049; x_wconf 83' lang='lat' dir='ltr'><strong>tant</strong></span> <span class='ocrx_word' id='word_1_717' title='bbox 2324 2997 2614 3052; x_wconf 85' lang='lat' dir='ltr'><strong>inimicitiis</strong></span> <span class='ocrx_word' id='word_1_718' title='bbox 2641 3013 2799 3070; x_wconf 90' lang='lat' dir='ltr'><strong>quam</strong></span> <span class='ocrx_word' id='word_1_719' title='bbox 2840 2999 2999 3054; x_wconf 90' lang='lat' dir='ltr'><strong>etiam</strong></span> <span class='ocrx_word' id='word_1_720' title='bbox 3028 2999 3398 3055; x_wconf 87' lang='lat' dir='ltr'><strong>mandatorum</strong></span> <span class='ocrx_word' id='word_1_721' title='bbox 3429 3001 3544 3071; x_wconf 85' lang='lat' dir='ltr'><strong>lege</strong></span> <span class='ocrx_word' id='word_1_722' title='bbox 3572 3017 3775 3058; x_wconf 56' lang='lat' dir='ltr'><strong>vacua.</strong></span> 
     </span>
    </p>
   </div>
   <div class='ocr_carea' id='block_1_92' title="bbox 2187 3086 3774 3163">
    <p class='ocr_par' dir='ltr' id='par_1_92' title="bbox 2187 3086 3774 3163">
     <span class='ocr_line' id='line_1_94' title="bbox 2187 3086 3774 3163; baseline 0.006 -23"><span class='ocrx_word' id='word_1_723' title='bbox 2187 3086 2277 3154; x_wconf 90' lang='lat' dir='ltr'><strong>tis,</strong></span> <span class='ocrx_word' id='word_1_724' title='bbox 2297 3086 2349 3142; x_wconf 91' lang='lat' dir='ltr'><strong>in</strong></span> <span class='ocrx_word' id='word_1_725' title='bbox 2373 3089 2642 3146; x_wconf 86' lang='lat' dir='ltr'><strong>societatis</strong></span> <span class='ocrx_word' id='word_1_726' title='bbox 2661 3089 2995 3145; x_wconf 90' lang='lat' dir='ltr'><strong>concordiam</strong></span> <span class='ocrx_word' id='word_1_727' title='bbox 3021 3100 3400 3162; x_wconf 86' lang='lat' dir='ltr'><strong>congruerunt,</strong></span> <span class='ocrx_word' id='word_1_728' title='bbox 3425 3103 3774 3163; x_wconf 86' lang='lat' dir='ltr'><strong>posteaquam</strong></span> 
     </span>
    </p>
   </div>
   <div class='ocr_carea' id='block_1_93' title="bbox 2187 3178 3776 3258">
    <p class='ocr_par' dir='ltr' id='par_1_93' title="bbox 2187 3178 3776 3258">
     <span class='ocr_line' id='line_1_95' title="bbox 2187 3178 3776 3258; baseline 0.005 -24"><span class='ocrx_word' id='word_1_729' title='bbox 2187 3178 2430 3236; x_wconf 89' lang='lat' dir='ltr'><strong>Christus</strong></span> <span class='ocrx_word' id='word_1_730' title='bbox 2459 3197 2491 3237; x_wconf 92' lang='lat' dir='ltr'><strong>e</strong></span> <span class='ocrx_word' id='word_1_731' title='bbox 2516 3181 2656 3240; x_wconf 69' lang='lat' dir='ltr'><strong>coelo</strong></span> <span class='ocrx_word' id='word_1_732' title='bbox 2695 3197 2793 3252; x_wconf 81' lang='lat' dir='ltr'><strong>pax</strong></span> <span class='ocrx_word' id='word_1_733' title='bbox 2823 3195 2998 3238; x_wconf 86' lang='lat' dir='ltr'><strong>nostra</strong></span> <span class='ocrx_word' id='word_1_734' title='bbox 3024 3183 3356 3241; x_wconf 85' lang='lat' dir='ltr'><strong>descendens</strong></span> <span class='ocrx_word' id='word_1_735' title='bbox 3382 3185 3506 3241; x_wconf 81' lang='lat' dir='ltr'><strong>fecit</strong></span> <span class='ocrx_word' id='word_1_736' title='bbox 3548 3196 3776 3258; x_wconf 84' lang='lat' dir='ltr'><strong>utraque</strong></span> 
     </span>
    </p>
   </div>
   <div class='ocr_carea' id='block_1_94' title="bbox 2187 3272 3774 3348">
    <p class='ocr_par' dir='ltr' id='par_1_94' title="bbox 2187 3272 3774 3348">
     <span class='ocr_line' id='line_1_96' title="bbox 2187 3272 3774 3348; baseline 0.007 -23"><span class='ocrx_word' id='word_1_737' title='bbox 2187 3285 2350 3327; x_wconf 93' lang='lat' dir='ltr'><strong>unum</strong></span> <span class='ocrx_word' id='word_1_738' title='bbox 2387 3291 2407 3324; x_wconf 76' lang='grc' dir='ltr'><strong><em>ι</em></strong></span> <span class='ocrx_word' id='word_1_739' title='bbox 2445 3272 2658 3344; x_wconf 74' lang='lat' dir='ltr'><strong>(Ep/ws.</strong></span> <span class='ocrx_word' id='word_1_740' title='bbox 2691 3289 2725 3328; x_wconf 85' lang='grc' dir='ltr'><strong>ιι</strong></span> <span class='ocrx_word' id='word_1_741' title='bbox 2746 3316 2759 3338; x_wconf 91' lang='grc'><strong><em>,</em></strong></span> <span class='ocrx_word' id='word_1_742' title='bbox 2792 3275 2900 3345; x_wconf 73' lang='grc' dir='ltr'><strong>Η).</strong></span> <span class='ocrx_word' id='word_1_743' title='bbox 2933 3275 3132 3330; x_wconf 70' lang='grc' dir='ltr'><strong>Ιιιιι-ευε</strong></span> <span class='ocrx_word' id='word_1_744' title='bbox 3158 3276 3210 3330; x_wconf 92' lang='lat' dir='ltr'><strong>in</strong></span> <span class='ocrx_word' id='word_1_745' title='bbox 3233 3277 3420 3332; x_wconf 88' lang='lat' dir='ltr'><strong>eodem</strong></span> <span class='ocrx_word' id='word_1_746' title='bbox 3443 3293 3624 3348; x_wconf 86' lang='lat' dir='ltr'><strong>opere,</strong></span> <span class='ocrx_word' id='word_1_747' title='bbox 3645 3293 3774 3336; x_wconf 88' lang='lat' dir='ltr'><strong>cum</strong></span> 
     </span>
    </p>
   </div>
   <div class='ocr_carea' id='block_1_95' title="bbox 2186 3362 3771 3436">
    <p class='ocr_par' dir='ltr' id='par_1_95' title="bbox 2186 3362 3771 3436">
     <span class='ocr_line' id='line_1_97' title="bbox 2186 3362 3771 3436; baseline 0.006 -20"><span class='ocrx_word' id='word_1_748' title='bbox 2186 3362 2254 3416; x_wconf 90' lang='lat' dir='ltr'><strong>dc</strong></span> <span class='ocrx_word' id='word_1_749' title='bbox 2297 3363 2554 3433; x_wconf 89' lang='lat' dir='ltr'><strong>spirituali</strong></span> <span class='ocrx_word' id='word_1_750' title='bbox 2601 3374 2760 3434; x_wconf 90' lang='lat' dir='ltr'><strong>atque</strong></span> <span class='ocrx_word' id='word_1_751' title='bbox 2806 3366 3188 3436; x_wconf 89' lang='lat' dir='ltr'><strong>incorruptibili</strong></span> <span class='ocrx_word' id='word_1_752' title='bbox 3240 3367 3551 3436; x_wconf 87' lang='lat' dir='ltr'><strong>loqueretur</strong></span> <span class='ocrx_word' id='word_1_753' title='bbox 3583 3370 3708 3426; x_wconf 91' lang='lat' dir='ltr'><strong>cibo</strong></span> <span class='ocrx_word' id='word_1_754' title='bbox 3754 3387 3771 3425; x_wconf 87' lang='lat'><strong>:</strong></span> 
     </span>
    </p>
   </div>
   <div class='ocr_carea' id='block_1_96' title="bbox 2193 3456 3776 3532">
    <p class='ocr_par' dir='ltr' id='par_1_96' title="bbox 2193 3456 3776 3532">
     <span class='ocr_line' id='line_1_98' title="bbox 2193 3456 3776 3532; baseline 0.006 -24"><span class='ocrx_word' id='word_1_755' title='bbox 2193 3474 2211 3508; x_wconf 73' lang='grc' dir='ltr'>ι</span> <span class='ocrx_word' id='word_1_756' title='bbox 2253 3456 2460 3512; x_wconf 86' lang='lat' dir='ltr'><strong>Etenim</strong></span> <span class='ocrx_word' id='word_1_757' title='bbox 2490 3456 2625 3511; x_wconf 90' lang='lat' dir='ltr'><strong>ratio</strong></span> <span class='ocrx_word' id='word_1_758' title='bbox 2648 3458 2798 3512; x_wconf 88' lang='lat' dir='ltr'><strong>cibus</strong></span> <span class='ocrx_word' id='word_1_759' title='bbox 2825 3460 3015 3512; x_wconf 90' lang='lat' dir='ltr'><strong>mentis</strong></span> <span class='ocrx_word' id='word_1_760' title='bbox 3039 3469 3122 3514; x_wconf 89' lang='lat' dir='ltr'><strong>est</strong></span> <span class='ocrx_word' id='word_1_761' title='bbox 3141 3457 3184 3527; x_wconf 71' lang='lat'><strong>‘,</strong></span> <span class='ocrx_word' id='word_1_762' title='bbox 3220 3479 3239 3512; x_wconf 72' lang='grc' dir='ltr'>ι</span> <span class='ocrx_word' id='word_1_763' title='bbox 3267 3460 3469 3531; x_wconf 91' lang='lat' dir='ltr'><strong>inquit,</strong></span> <span class='ocrx_word' id='word_1_764' title='bbox 3497 3480 3517 3514; x_wconf 72' lang='grc' dir='ltr'>ι</span> <span class='ocrx_word' id='word_1_765' title='bbox 3550 3463 3776 3532; x_wconf 65' lang='lat' dir='ltr'><strong>praeclao</strong></span> 
     </span>
    </p>
   </div>
   <div class='ocr_carea' id='block_1_97' title="bbox 2186 3550 3773 3622">
    <p class='ocr_par' dir='ltr' id='par_1_97' title="bbox 2186 3550 3773 3622">
     <span class='ocr_line' id='line_1_99' title="bbox 2186 3550 3773 3622; baseline 0.005 -18"><span class='ocrx_word' id='word_1_766' title='bbox 2186 3565 2350 3620; x_wconf 87' lang='lat' dir='ltr'><strong>raque</strong></span> <span class='ocrx_word' id='word_1_767' title='bbox 2373 3550 2392 3581; x_wconf 83' lang='grc'><strong><em>⁵</em></strong></span> <span class='ocrx_word' id='word_1_768' title='bbox 2454 3550 2703 3604; x_wconf 87' lang='lat' dir='ltr'><strong>alimonia</strong></span> <span class='ocrx_word' id='word_1_769' title='bbox 2733 3551 3006 3607; x_wconf 89' lang='lat' dir='ltr'><strong>suavitatis</strong></span> <span class='ocrx_word' id='word_1_770' title='bbox 3028 3592 3044 3614; x_wconf 91' lang='lat'><strong>,</strong></span> <span class='ocrx_word' id='word_1_771' title='bbox 3071 3569 3192 3622; x_wconf 75' lang='lat' dir='ltr'><strong>qua:</strong></span> <span class='ocrx_word' id='word_1_772' title='bbox 3220 3553 3456 3610; x_wconf 87' lang='lat' dir='ltr'><strong>membra</strong></span> <span class='ocrx_word' id='word_1_773' title='bbox 3487 3571 3592 3610; x_wconf 92' lang='lat' dir='ltr'><strong>non</strong></span> <span class='ocrx_word' id='word_1_774' title='bbox 3631 3570 3773 3612; x_wconf 73' lang='lat' dir='ltr'><strong>one-</strong></span> 
     </span>
    </p>
   </div>
   <div class='ocr_carea' id='block_1_98' title="bbox 2183 3641 3771 3712">
    <p class='ocr_par' dir='ltr' id='par_1_98' title="bbox 2183 3641 3771 3712">
     <span class='ocr_line' id='line_1_100' title="bbox 2183 3641 3771 3712; baseline 0.006 -17"><span class='ocrx_word' id='word_1_775' title='bbox 2183 3651 2268 3696; x_wconf 85' lang='lat' dir='ltr'><strong>ret</strong></span> <span class='ocrx_word' id='word_1_776' title='bbox 2288 3682 2304 3708; x_wconf 89' lang='lat'><strong>,</strong></span> <span class='ocrx_word' id='word_1_777' title='bbox 2328 3657 2500 3712; x_wconf 82' lang='lat' dir='ltr'><strong>neque</strong></span> <span class='ocrx_word' id='word_1_778' title='bbox 2521 3641 2573 3696; x_wconf 91' lang='lat' dir='ltr'><strong>in</strong></span> <span class='ocrx_word' id='word_1_779' title='bbox 2607 3651 2806 3695; x_wconf 60' lang='lat' dir='ltr'><strong>naturae</strong></span> <span class='ocrx_word' id='word_1_780' title='bbox 2831 3642 3072 3712; x_wconf 87' lang='lat' dir='ltr'><strong>pudenda</strong></span> <span class='ocrx_word' id='word_1_781' title='bbox 3101 3645 3121 3676; x_wconf 83' lang='grc'>⁸</span> <span class='ocrx_word' id='word_1_782' title='bbox 3139 3685 3156 3710; x_wconf 87' lang='grc'><em>,</em></span> <span class='ocrx_word' id='word_1_783' title='bbox 3178 3645 3272 3700; x_wconf 89' lang='lat' dir='ltr'><strong>sed</strong></span> <span class='ocrx_word' id='word_1_784' title='bbox 3296 3657 3608 3703; x_wconf 90' lang='lat' dir='ltr'><strong>ornamenta</strong></span> <span class='ocrx_word' id='word_1_785' title='bbox 3630 3664 3771 3705; x_wconf 88' lang='lat' dir='ltr'><strong>con-</strong></span> 
     </span>
    </p>
   </div>
   <div class='ocr_carea' id='block_1_99' title="bbox 2183 3733 3770 3798">
    <p class='ocr_par' dir='ltr' id='par_1_99' title="bbox 2183 3733 3770 3798">
     <span class='ocr_line' id='line_1_101' title="bbox 2183 3733 3770 3798; baseline 0.007 -13"><span class='ocrx_word' id='word_1_786' title='bbox 2183 3741 2383 3798; x_wconf 87' lang='lat' dir='ltr'><strong>vertat,</strong></span> <span class='ocrx_word' id='word_1_787' title='bbox 2433 3749 2554 3788; x_wconf 90' lang='lat' dir='ltr'><strong>eum</strong></span> <span class='ocrx_word' id='word_1_788' title='bbox 2607 3733 2884 3790; x_wconf 86' lang='lat' dir='ltr'><strong>libidinum</strong></span> <span class='ocrx_word' id='word_1_789' title='bbox 2931 3735 3264 3792; x_wconf 90' lang='lat' dir='ltr'><strong>volutabrum</strong></span> <span class='ocrx_word' id='word_1_790' title='bbox 3313 3749 3669 3795; x_wconf 87' lang='lat' dir='ltr'><strong>commutatur</strong></span> <span class='ocrx_word' id='word_1_791' title='bbox 3713 3741 3770 3797; x_wconf 91' lang='lat' dir='ltr'><strong>in</strong></span> 
     </span>
    </p>
   </div>
   <div class='ocr_carea' id='block_1_100' title="bbox 2186 3825 3767 3900">
    <p class='ocr_par' dir='ltr' id='par_1_100' title="bbox 2186 3825 3767 3900">
     <span class='ocr_line' id='line_1_102' title="bbox 2186 3825 3767 3900; baseline 0.006 -20"><span class='ocrx_word' id='word_1_792' title='bbox 2186 3825 2278 3880; x_wconf 90' lang='lat' dir='ltr'><strong>Dei</strong></span> <span class='ocrx_word' id='word_1_793' title='bbox 2331 3825 2616 3894; x_wconf 86' lang='lat' dir='ltr'><strong>templum,</strong></span> <span class='ocrx_word' id='word_1_794' title='bbox 2675 3825 3130 3900; x_wconf 87' lang='lat' dir='ltr'><strong>diversoriumque</strong></span> <span class='ocrx_word' id='word_1_795' title='bbox 3175 3831 3423 3888; x_wconf 92' lang='lat' dir='ltr'><strong>vitiorum</strong></span> <span class='ocrx_word' id='word_1_796' title='bbox 3469 3835 3767 3890; x_wconf 84' lang='lat' dir='ltr'><strong>sacrarium</strong></span> 
     </span>
    </p>
   </div>
   <div class='ocr_carea' id='block_1_101' title="bbox 2185 3918 3853 3994">
    <p class='ocr_par' dir='ltr' id='par_1_101' title="bbox 2185 3918 3853 3994">
     <span class='ocr_line' id='line_1_103' title="bbox 2185 3918 3853 3994; baseline 0.007 -22"><span class='ocrx_word' id='word_1_797' title='bbox 2185 3918 2368 3989; x_wconf 82' lang='lat' dir='ltr'><strong>incipit</strong></span> <span class='ocrx_word' id='word_1_798' title='bbox 2404 3934 2523 3974; x_wconf 85' lang='lat' dir='ltr'><strong>esse</strong></span> <span class='ocrx_word' id='word_1_799' title='bbox 2567 3919 2843 3974; x_wconf 81' lang='lat' dir='ltr'><strong>virtutum.</strong></span> <span class='ocrx_word' id='word_1_800' title='bbox 2872 3921 3023 3988; x_wconf 84' lang='lat' dir='ltr'><strong>Quod</strong></span> <span class='ocrx_word' id='word_1_801' title='bbox 3063 3923 3244 3994; x_wconf 92' lang='lat' dir='ltr'><strong>utique</strong></span> <span class='ocrx_word' id='word_1_802' title='bbox 3271 3935 3394 3981; x_wconf 93' lang='lat' dir='ltr'><strong>tunc</strong></span> <span class='ocrx_word' id='word_1_803' title='bbox 3422 3925 3607 3991; x_wconf 85' lang='lat' dir='ltr'><strong>facit&quot;,</strong></span> <span class='ocrx_word' id='word_1_804' title='bbox 3637 3942 3768 3984; x_wconf 89' lang='lat' dir='ltr'><strong>cum</strong></span> <span class='ocrx_word' id='word_1_805' title='bbox 3844 3921 3853 3929; x_wconf 82' lang='grc'><strong>’</strong></span> 
     </span>
    </p>
   </div>
   <div class='ocr_carea' id='block_1_102' title="bbox 2185 4011 3773 4089">
    <p class='ocr_par' dir='ltr' id='par_1_102' title="bbox 2185 4011 3773 4089">
     <span class='ocr_line' id='line_1_104' title="bbox 2185 4011 3773 4089; baseline 0.008 -25"><span class='ocrx_word' id='word_1_806' title='bbox 2185 4025 2310 4065; x_wconf 92' lang='lat' dir='ltr'><strong>caro</strong></span> <span class='ocrx_word' id='word_1_807' title='bbox 2348 4011 2400 4065; x_wconf 91' lang='lat' dir='ltr'><strong>in</strong></span> <span class='ocrx_word' id='word_1_808' title='bbox 2443 4019 2688 4065; x_wconf 88' lang='lat' dir='ltr'><strong>naturam</strong></span> <span class='ocrx_word' id='word_1_809' title='bbox 2731 4027 2971 4082; x_wconf 89' lang='lat' dir='ltr'><strong>regressa</strong></span> <span class='ocrx_word' id='word_1_810' title='bbox 3003 4014 3200 4085; x_wconf 88' lang='lat' dir='ltr'><strong>vigoris</strong></span> <span class='ocrx_word' id='word_1_811' title='bbox 3227 4016 3308 4072; x_wconf 92' lang='lat' dir='ltr'><strong>sui</strong></span> <span class='ocrx_word' id='word_1_812' title='bbox 3337 4019 3575 4089; x_wconf 87' lang='lat' dir='ltr'><strong>agnoscit</strong></span> <span class='ocrx_word' id='word_1_813' title='bbox 3609 4020 3773 4076; x_wconf 84' lang='lat' dir='ltr'><strong>altri-</strong></span> 
     </span>
    </p>
   </div>
   <div class='ocr_carea' id='block_1_103' title="bbox 2182 4101 3773 4177">
    <p class='ocr_par' dir='ltr' id='par_1_103' title="bbox 2182 4101 3773 4177">
     <span class='ocr_line' id='line_1_105' title="bbox 2182 4101 3773 4177; baseline 0.008 -21"><span class='ocrx_word' id='word_1_814' title='bbox 2182 4116 2299 4157; x_wconf 92' lang='lat' dir='ltr'><strong>cem</strong></span> <span class='ocrx_word' id='word_1_815' title='bbox 2321 4143 2335 4167; x_wconf 97' lang='lat'><strong>,</strong></span> <span class='ocrx_word' id='word_1_816' title='bbox 2378 4111 2538 4173; x_wconf 88' lang='lat' dir='ltr'><strong>atque</strong></span> <span class='ocrx_word' id='word_1_817' title='bbox 2561 4116 2695 4158; x_wconf 86' lang='lat' dir='ltr'><strong>ausu</strong></span> <span class='ocrx_word' id='word_1_818' title='bbox 2723 4101 2970 4172; x_wconf 90' lang='lat' dir='ltr'><strong>deposito</strong></span> <span class='ocrx_word' id='word_1_819' title='bbox 3015 4108 3363 4162; x_wconf 78' lang='lat' dir='ltr'><strong>contumacia:</strong></span> <span class='ocrx_word' id='word_1_820' title='bbox 3383 4149 3398 4177; x_wconf 94' lang='lat'><strong>,</strong></span> <span class='ocrx_word' id='word_1_821' title='bbox 3435 4109 3773 4168; x_wconf 83' lang='lat' dir='ltr'><strong>moderantis</strong></span> 
     </span>
    </p>
   </div>
   <div class='ocr_carea' id='block_1_104' title="bbox 2181 4193 3772 4269">
    <p class='ocr_par' dir='ltr' id='par_1_104' title="bbox 2181 4193 3772 4269">
     <span class='ocr_line' id='line_1_106' title="bbox 2181 4193 3772 4269; baseline 0.007 -22"><span class='ocrx_word' id='word_1_822' title='bbox 2181 4193 2372 4248; x_wconf 64' lang='lat' dir='ltr'><strong>anima:</strong></span> <span class='ocrx_word' id='word_1_823' title='bbox 2399 4194 2421 4226; x_wconf 80' lang='grc'><strong>⁸</strong></span> <span class='ocrx_word' id='word_1_824' title='bbox 2457 4193 2770 4265; x_wconf 90' lang='lat' dir='ltr'><strong>conjngatur</strong></span> <span class='ocrx_word' id='word_1_825' title='bbox 2795 4195 3018 4252; x_wconf 90' lang='lat' dir='ltr'><strong>arbitrio</strong></span> <span class='ocrx_word' id='word_1_826' title='bbox 3044 4215 3058 4250; x_wconf 87' lang='lat'><strong>:</strong></span> <span class='ocrx_word' id='word_1_827' title='bbox 3084 4200 3254 4269; x_wconf 91' lang='lat' dir='ltr'><strong>qualis</strong></span> <span class='ocrx_word' id='word_1_828' title='bbox 3285 4200 3377 4254; x_wconf 86' lang='lat' dir='ltr'><strong>fuit</strong></span> <span class='ocrx_word' id='word_1_829' title='bbox 3402 4216 3520 4255; x_wconf 91' lang='lat' dir='ltr'><strong>cum</strong></span> <span class='ocrx_word' id='word_1_830' title='bbox 3550 4201 3772 4257; x_wconf 82' lang='lat' dir='ltr'><strong>inhabi-</strong></span> 
     </span>
    </p>
   </div>
   <div class='ocr_carea' id='block_1_105' title="bbox 2182 4284 3773 4362">
    <p class='ocr_par' dir='ltr' id='par_1_105' title="bbox 2182 4284 3773 4362">
     <span class='ocr_line' id='line_1_107' title="bbox 2182 4284 3773 4362; baseline 0.006 -22"><span class='ocrx_word' id='word_1_831' title='bbox 2182 4284 2338 4340; x_wconf 88' lang='lat' dir='ltr'><strong>tanda</strong></span> <span class='ocrx_word' id='word_1_832' title='bbox 2379 4285 2606 4355; x_wconf 89' lang='lat' dir='ltr'><strong>paradisi</strong></span> <span class='ocrx_word' id='word_1_833' title='bbox 2650 4297 2859 4343; x_wconf 88' lang='lat' dir='ltr'><strong>secreta</strong></span> <span class='ocrx_word' id='word_1_834' title='bbox 2906 4291 3172 4359; x_wconf 87' lang='lat' dir='ltr'><strong>suscepit.</strong></span> <span class='ocrx_word' id='word_1_835' title='bbox 3219 4301 3502 4362; x_wconf 85' lang='lat' dir='ltr'><strong>antequam</strong></span> <span class='ocrx_word' id='word_1_836' title='bbox 3551 4307 3773 4350; x_wconf 81' lang='lat' dir='ltr'><strong>veneno</strong></span> 
     </span>
    </p>
   </div>
   <div class='ocr_carea' id='block_1_106' title="bbox 2181 4377 3768 4454">
    <p class='ocr_par' dir='ltr' id='par_1_106' title="bbox 2181 4377 3768 4454">
     <span class='ocr_line' id='line_1_108' title="bbox 2181 4377 3768 4454; baseline 0.008 -24"><span class='ocrx_word' id='word_1_837' title='bbox 2181 4377 2413 4446; x_wconf 85' lang='lat' dir='ltr'><strong>pestiferi</strong></span> <span class='ocrx_word' id='word_1_838' title='bbox 2437 4377 2706 4446; x_wconf 85' lang='lat' dir='ltr'><strong>serpentis</strong></span> <span class='ocrx_word' id='word_1_839' title='bbox 2743 4378 2935 4435; x_wconf 83' lang='lat' dir='ltr'><strong>infecta</strong></span> <span class='ocrx_word' id='word_1_840' title='bbox 2975 4382 3282 4452; x_wconf 66' lang='lat' dir='ltr'><strong>sacrilegam</strong></span> <span class='ocrx_word' id='word_1_841' title='bbox 3325 4383 3517 4438; x_wconf 87' lang='lat' dir='ltr'><strong>famem</strong></span> <span class='ocrx_word' id='word_1_842' title='bbox 3558 4385 3768 4454; x_wconf 85' lang='lat' dir='ltr'><strong>sciret,</strong></span> 
     </span>
    </p>
   </div>
   <div class='ocr_carea' id='block_1_107' title="bbox 2179 4468 3774 4544">
    <p class='ocr_par' dir='ltr' id='par_1_107' title="bbox 2179 4468 3774 4544">
     <span class='ocr_line' id='line_1_109' title="bbox 2179 4468 3774 4544; baseline 0.007 -22"><span class='ocrx_word' id='word_1_843' title='bbox 2179 4468 2581 4540; x_wconf 90' lang='lat' dir='ltr'><strong>divinorumque</strong></span> <span class='ocrx_word' id='word_1_844' title='bbox 2610 4471 2921 4528; x_wconf 89' lang='lat' dir='ltr'><strong>memoriam</strong></span> <span class='ocrx_word' id='word_1_845' title='bbox 2947 4484 3332 4544; x_wconf 66' lang='lat' dir='ltr'><strong>praeceptorum</strong></span> <span class='ocrx_word' id='word_1_846' title='bbox 3369 4477 3561 4532; x_wconf 82' lang='lat' dir='ltr'><strong>anima:</strong></span> <span class='ocrx_word' id='word_1_847' title='bbox 3588 4480 3774 4533; x_wconf 89' lang='lat' dir='ltr'><strong>sensi-</strong></span> 
     </span>
    </p>
   </div>
   <div class='ocr_carea' id='block_1_108' title="bbox 2178 4643 3775 4710">
    <p class='ocr_par' dir='ltr' id='par_1_108' title="bbox 2178 4643 3775 4710">
     <span class='ocr_line' id='line_1_110' title="bbox 2178 4643 3775 4710; baseline 0.011 -17"><span class='ocrx_word' id='word_1_848' title='bbox 2178 4643 2457 4710; x_wconf 79' lang='lat' dir='ltr'><strong>cessitatcm,</strong></span> <span class='ocrx_word' id='word_1_849' title='bbox 2481 4652 2647 4710; x_wconf 78' lang='lat' dir='ltr'><strong>contra</strong></span> <span class='ocrx_word' id='word_1_850' title='bbox 2663 4647 2782 4708; x_wconf 77' lang='lat' dir='ltr'><strong>quid</strong></span> <span class='ocrx_word' id='word_1_851' title='bbox 2805 4647 2901 4700; x_wconf 82' lang='lat' dir='ltr'><strong>nisi</strong></span> <span class='ocrx_word' id='word_1_852' title='bbox 2918 4655 3084 4701; x_wconf 80' lang='lat' dir='ltr'><strong>contra</strong></span> <span class='ocrx_word' id='word_1_853' title='bbox 3104 4649 3324 4704; x_wconf 70' lang='lat' dir='ltr'><strong>multa&quot;?</strong></span> <span class='ocrx_word' id='word_1_854' title='bbox 3344 4666 3436 4704; x_wconf 79' lang='lat' dir='ltr'><strong>non</strong></span> <span class='ocrx_word' id='word_1_855' title='bbox 3453 4654 3775 4710; x_wconf 80' lang='lat' dir='ltr'><strong>substantiam</strong></span> 
     </span>
    </p>
   </div>
   <div class='ocr_carea' id='block_1_109' title="bbox 2176 4707 2900 4766">
    <p class='ocr_par' dir='ltr' id='par_1_109' title="bbox 2176 4707 2900 4766">
     <span class='ocr_line' id='line_1_111' title="bbox 2176 4707 2900 4766; baseline 0.007 -11"><span class='ocrx_word' id='word_1_856' title='bbox 2176 4718 2297 4766; x_wconf 82' lang='lat' dir='ltr'><strong>esse,</strong></span> <span class='ocrx_word' id='word_1_857' title='bbox 2319 4707 2404 4757; x_wconf 84' lang='lat' dir='ltr'><strong>sed</strong></span> <span class='ocrx_word' id='word_1_858' title='bbox 2425 4707 2699 4760; x_wconf 64' lang='lat' dir='ltr'><strong>substantiis</strong></span> <span class='ocrx_word' id='word_1_859' title='bbox 2721 4710 2900 4761; x_wconf 75' lang='lat' dir='ltr'><strong>rititmt.</strong></span> 
     </span>
    </p>
   </div>
   <div class='ocr_carea' id='block_1_110' title="bbox 2177 4769 3773 4878">
    <p class='ocr_par' dir='ltr' id='par_1_110' title="bbox 2177 4769 3773 4878">
     <span class='ocr_line' id='line_1_112' title="bbox 2177 4769 3773 4878; baseline 0.011 -63"><span class='ocrx_word' id='word_1_860' title='bbox 2177 4769 2274 4878; x_wconf 36' lang='lat' dir='ltr'><strong>ml?</strong></span> <span class='ocrx_word' id='word_1_861' title='bbox 2294 4777 2393 4818; x_wconf 77' lang='lat' dir='ltr'><strong>Am.</strong></span> <span class='ocrx_word' id='word_1_862' title='bbox 2418 4775 2494 4818; x_wconf 79' lang='lat' dir='ltr'><strong>Er.</strong></span> <span class='ocrx_word' id='word_1_863' title='bbox 2517 4777 2570 4820; x_wconf 94' lang='lat' dir='ltr'><strong>et</strong></span> <span class='ocrx_word' id='word_1_864' title='bbox 2604 4780 2727 4835; x_wconf 66' lang='lat' dir='ltr'><strong>Mss,</strong></span> <span class='ocrx_word' id='word_1_865' title='bbox 2753 4780 2851 4824; x_wconf 83' lang='lat' dir='ltr'><strong>tres</strong></span> <span class='ocrx_word' id='word_1_866' title='bbox 2887 4774 3120 4827; x_wconf 74' lang='lat' dir='ltr'><strong>adversus</strong></span> <span class='ocrx_word' id='word_1_867' title='bbox 3165 4777 3278 4837; x_wconf 84' lang='lat' dir='ltr'><strong>duo,</strong></span> <span class='ocrx_word' id='word_1_868' title='bbox 3317 4783 3362 4828; x_wconf 88' lang='lat' dir='ltr'><strong>et</strong></span> <span class='ocrx_word' id='word_1_869' title='bbox 3395 4778 3490 4829; x_wconf 85' lang='lat' dir='ltr'><strong>due</strong></span> <span class='ocrx_word' id='word_1_870' title='bbox 3525 4777 3773 4832; x_wconf 74' lang='lat' dir='ltr'><strong>adversus</strong></span> 
     </span>
    </p>
   </div>
   <div class='ocr_carea' id='block_1_111' title="bbox 2183 4891 3776 4964">
    <p class='ocr_par' dir='ltr' id='par_1_111' title="bbox 2183 4891 3776 4964">
     <span class='ocr_line' id='line_1_113' title="bbox 2183 4891 3776 4964; baseline 0.011 -26"><span class='ocrx_word' id='word_1_871' title='bbox 2183 4948 2194 4960; x_wconf 47' lang='lat'><em>.</em></span> <span class='ocrx_word' id='word_1_872' title='bbox 2239 4891 2411 4964; x_wconf 68' lang='grc' dir='ltr'><strong>Ἐᾴἱιί,</strong></span> <span class='ocrx_word' id='word_1_873' title='bbox 2435 4905 2485 4942; x_wconf 83' lang='lat' dir='ltr'><strong>se</strong></span> <span class='ocrx_word' id='word_1_874' title='bbox 2508 4891 2558 4964; x_wconf 67' lang='lat' dir='ltr'><strong>in</strong></span> <span class='ocrx_word' id='word_1_875' title='bbox 2579 4900 2804 4964; x_wconf 62' lang='lat' dir='ltr'><strong>naturain</strong></span> <span class='ocrx_word' id='word_1_876' title='bbox 2836 4897 3044 4948; x_wconf 74' lang='lat' dir='ltr'><strong>verterit.</strong></span> <span class='ocrx_word' id='word_1_877' title='bbox 3089 4907 3140 4950; x_wconf 85' lang='lat' dir='ltr'><strong>Et</strong></span> <span class='ocrx_word' id='word_1_878' title='bbox 3161 4900 3302 4962; x_wconf 87' lang='lat' dir='ltr'><strong>paulo</strong></span> <span class='ocrx_word' id='word_1_879' title='bbox 3481 4901 3672 4954; x_wconf 65' lang='lat' dir='ltr'><strong>vertisse</strong></span> <span class='ocrx_word' id='word_1_880' title='bbox 3720 4920 3776 4955; x_wconf 79' lang='lat' dir='ltr'><strong>se</strong></span> 
     </span>
    </p>
   </div>
   <div class='ocr_carea' id='block_1_112' title="bbox 2175 4957 3779 5021">
    <p class='ocr_par' dir='ltr' id='par_1_112' title="bbox 2175 4957 3779 5021">
     <span class='ocr_line' id='line_1_114' title="bbox 2175 4957 3779 5021; baseline 0.011 -21"><span class='ocrx_word' id='word_1_881' title='bbox 2175 4957 2224 5001; x_wconf 83' lang='lat' dir='ltr'><strong>in</strong></span> <span class='ocrx_word' id='word_1_882' title='bbox 2246 4959 2485 5021; x_wconf 66' lang='lat' dir='ltr'><strong>naturam.</strong></span> <span class='ocrx_word' id='word_1_883' title='bbox 2513 4962 2564 5005; x_wconf 85' lang='lat' dir='ltr'><strong>Et</strong></span> <span class='ocrx_word' id='word_1_884' title='bbox 2605 4959 2742 5017; x_wconf 81' lang='lat' dir='ltr'><strong>infra,</strong></span> <span class='ocrx_word' id='word_1_885' title='bbox 2782 4957 2833 5008; x_wconf 85' lang='lat' dir='ltr'><strong>in</strong></span> <span class='ocrx_word' id='word_1_886' title='bbox 2870 4967 3094 5010; x_wconf 84' lang='lat' dir='ltr'><strong>naturam</strong></span> <span class='ocrx_word' id='word_1_887' title='bbox 3113 4957 3175 5012; x_wconf 70' lang='grc' dir='ltr'><strong>ω’</strong></span> <span class='ocrx_word' id='word_1_888' title='bbox 3199 4957 3407 5014; x_wconf 68' lang='lat' dir='ltr'><strong>verterit.</strong></span> <span class='ocrx_word' id='word_1_889' title='bbox 3443 4965 3619 5021; x_wconf 88' lang='lat' dir='ltr'><strong>Quibus</strong></span> <span class='ocrx_word' id='word_1_890' title='bbox 3645 4965 3779 5017; x_wconf 74' lang='lat' dir='ltr'><strong>locis</strong></span> 
     </span>
    </p>
   </div>
   <div class='ocr_carea' id='block_1_113' title="bbox 2175 5013 3660 5097">
    <p class='ocr_par' dir='ltr' id='par_1_113' title="bbox 2175 5013 3660 5097">
     <span class='ocr_line' id='line_1_115' title="bbox 2175 5013 3660 5097; baseline 0.008 -35"><span class='ocrx_word' id='word_1_891' title='bbox 2175 5013 2576 5097; x_wconf 37' lang='lat' dir='ltr'><strong>pasticulautg-se,</strong></span> <span class='ocrx_word' id='word_1_892' title='bbox 2595 5013 3195 5097; x_wconf 40' lang='lat' dir='ltr'><strong>reinovitnusdauctoritate</strong></span> <span class='ocrx_word' id='word_1_893' title='bbox 3217 5013 3660 5097; x_wconf 64' lang='lat' dir='ltr'><strong>utanuscriptormn.</strong></span> 
     </span>
    </p>
   </div>
   <div class='ocr_carea' id='block_1_114' title="bbox 2239 5077 3777 5153">
    <p class='ocr_par' dir='ltr' id='par_1_114' title="bbox 2239 5077 3777 5153">
     <span class='ocr_line' id='line_1_116' title="bbox 2239 5077 3777 5153; baseline 0.01 -30"><span class='ocrx_word' id='word_1_894' title='bbox 2239 5077 2657 5153; x_wconf 43' lang='lat' dir='ltr'><strong>{antiquissimus</strong></span> <span class='ocrx_word' id='word_1_895' title='bbox 2686 5082 2840 5131; x_wconf 81' lang='lat' dir='ltr'><strong>codex</strong></span> <span class='ocrx_word' id='word_1_896' title='bbox 2866 5081 3176 5138; x_wconf 38' lang='lat' dir='ltr'><strong>li‘loriacensis</strong></span> <span class='ocrx_word' id='word_1_897' title='bbox 3211 5093 3263 5136; x_wconf 88' lang='lat' dir='ltr'><strong>et</strong></span> <span class='ocrx_word' id='word_1_898' title='bbox 3290 5086 3370 5136; x_wconf 87' lang='lat' dir='ltr'><strong>alii</strong></span> <span class='ocrx_word' id='word_1_899' title='bbox 3392 5077 3582 5151; x_wconf 85' lang='lat' dir='ltr'><strong>quidam</strong></span> <span class='ocrx_word' id='word_1_900' title='bbox 3614 5095 3735 5139; x_wconf 77' lang='lat' dir='ltr'><strong>Mss.</strong></span> <span class='ocrx_word' id='word_1_901' title='bbox 3759 5126 3777 5153; x_wconf 88' lang='lat'><strong>,</strong></span> 
     </span>
    </p>
   </div>
   <div class='ocr_carea' id='block_1_115' title="bbox 2174 5140 3792 5192">
    <p class='ocr_par' dir='ltr' id='par_1_115' title="bbox 2174 5140 3792 5192">
     <span class='ocr_line' id='line_1_117' title="bbox 2174 5140 3792 5192; baseline 0.004 -4"><span class='ocrx_word' id='word_1_902' title='bbox 2174 5140 2365 5189; x_wconf 81' lang='lat' dir='ltr'><strong>Domini</strong></span> <span class='ocrx_word' id='word_1_903' title='bbox 2381 5140 2628 5192; x_wconf 67' lang='lat' dir='ltr'><strong>sanitatis.</strong></span> <span class='ocrx_word' id='word_1_904' title='bbox 3411 5140 3424 5151; x_wconf 88' lang='lat'><strong>&#39;</strong></span> <span class='ocrx_word' id='word_1_905' title='bbox 3761 5140 3792 5154; x_wconf 85' lang='grc'><em>”</em></span> 
     </span>
    </p>
   </div>
   <div class='ocr_carea' id='block_1_116' title="bbox 2207 5200 3777 5272">
    <p class='ocr_par' dir='ltr' id='par_1_116' title="bbox 2207 5200 3777 5272">
     <span class='ocr_line' id='line_1_118' title="bbox 2207 5200 3777 5272; baseline 0.012 -26"><span class='ocrx_word' id='word_1_906' title='bbox 2207 5200 2258 5272; x_wconf 42' lang='grc'><strong>..⁸</strong></span> <span class='ocrx_word' id='word_1_907' title='bbox 2290 5207 2390 5248; x_wconf 81' lang='lat' dir='ltr'><strong>Am.</strong></span> <span class='ocrx_word' id='word_1_908' title='bbox 2438 5209 2511 5272; x_wconf 55' lang='grc' dir='ltr'><strong>ξεν.</strong></span> <span class='ocrx_word' id='word_1_909' title='bbox 2559 5211 2612 5272; x_wconf 87' lang='lat' dir='ltr'><strong>et</strong></span> <span class='ocrx_word' id='word_1_910' title='bbox 2654 5217 2808 5267; x_wconf 83' lang='lat' dir='ltr'><strong>prope</strong></span> <span class='ocrx_word' id='word_1_911' title='bbox 2850 5219 3022 5257; x_wconf 84' lang='lat' dir='ltr'><strong>omnes</strong></span> <span class='ocrx_word' id='word_1_912' title='bbox 3065 5216 3172 5260; x_wconf 79' lang='lat' dir='ltr'><strong>Mss.</strong></span> <span class='ocrx_word' id='word_1_913' title='bbox 3211 5225 3223 5260; x_wconf 90' lang='lat'><strong>:</strong></span> <span class='ocrx_word' id='word_1_914' title='bbox 3261 5209 3442 5261; x_wconf 74' lang='lat' dir='ltr'><strong>Etenim</strong></span> <span class='ocrx_word' id='word_1_915' title='bbox 3477 5207 3777 5265; x_wconf 77' lang='lat' dir='ltr'><strong>misericors</strong></span> 
     </span>
    </p>
   </div>
   <div class='ocr_carea' id='block_1_117' title="bbox 2171 5261 2596 5314">
    <p class='ocr_par' dir='ltr' id='par_1_117' title="bbox 2171 5261 2596 5314">
     <span class='ocr_line' id='line_1_119' title="bbox 2171 5261 2596 5314; baseline 0.016 -9"><span class='ocrx_word' id='word_1_916' title='bbox 2171 5261 2303 5312; x_wconf 67' lang='lat' dir='ltr'><strong>cibus</strong></span> <span class='ocrx_word' id='word_1_917' title='bbox 2324 5261 2492 5312; x_wconf 80' lang='lat' dir='ltr'><strong>mentis</strong></span> <span class='ocrx_word' id='word_1_918' title='bbox 2510 5271 2596 5314; x_wconf 79' lang='lat' dir='ltr'><strong>est.</strong></span> 
     </span>
    </p>
   </div>
   <div class='ocr_carea' id='block_1_118' title="bbox 2233 5325 3775 5398">
    <p class='ocr_par' dir='ltr' id='par_1_118' title="bbox 2233 5325 3775 5398">
     <span class='ocr_line' id='line_1_120' title="bbox 2233 5325 3775 5398; baseline 0.011 -28"><span class='ocrx_word' id='word_1_919' title='bbox 2233 5325 2258 5398; x_wconf 15' lang='lat'><strong>57</strong></span> <span class='ocrx_word' id='word_1_920' title='bbox 2288 5329 2394 5372; x_wconf 71' lang='grc' dir='ltr'><strong>ιον.</strong></span> <span class='ocrx_word' id='word_1_921' title='bbox 2413 5359 2428 5385; x_wconf 89' lang='grc'><strong><em>,</em></strong></span> <span class='ocrx_word' id='word_1_922' title='bbox 2466 5325 2827 5390; x_wconf 74' lang='lat' dir='ltr'><strong>prwclarteque.</strong></span> <span class='ocrx_word' id='word_1_923' title='bbox 2869 5338 2923 5381; x_wconf 80' lang='lat' dir='ltr'><strong>At</strong></span> <span class='ocrx_word' id='word_1_924' title='bbox 2960 5339 3060 5382; x_wconf 79' lang='lat' dir='ltr'><strong>Am.</strong></span> <span class='ocrx_word' id='word_1_925' title='bbox 3108 5339 3180 5382; x_wconf 87' lang='lat' dir='ltr'><strong>Er.</strong></span> <span class='ocrx_word' id='word_1_926' title='bbox 3223 5342 3274 5384; x_wconf 91' lang='lat' dir='ltr'><strong>et</strong></span> <span class='ocrx_word' id='word_1_927' title='bbox 3310 5341 3438 5394; x_wconf 70' lang='lat' dir='ltr'><strong>Mss,</strong></span> <span class='ocrx_word' id='word_1_928' title='bbox 3487 5333 3775 5398; x_wconf 67' lang='lat' dir='ltr'><strong>praeclara-</strong></span> 
     </span>
    </p>
   </div>
   <div class='ocr_carea' id='block_1_119' title="bbox 2171 5397 2278 5447">
    <p class='ocr_par' dir='ltr' id='par_1_119' title="bbox 2171 5397 2278 5447">
     <span class='ocr_line' id='line_1_121' title="bbox 2171 5397 2278 5447; baseline 0 0"><span class='ocrx_word' id='word_1_929' title='bbox 2171 5397 2278 5447; x_wconf 75' lang='lat' dir='ltr'><strong>que-</strong></span> 
     </span>
    </p>
   </div>
   <div class='ocr_carea' id='block_1_120' title="bbox 2234 5443 3776 5558">
    <p class='ocr_par' dir='ltr' id='par_1_120' title="bbox 2234 5443 3776 5558">
     <span class='ocr_line' id='line_1_122' title="bbox 2234 5443 3776 5558; baseline 0.013 -65"><span class='ocrx_word' id='word_1_930' title='bbox 2234 5443 2598 5558; x_wconf 54' lang='lat' dir='ltr'><strong>;gmaccnsis</strong></span> <span class='ocrx_word' id='word_1_931' title='bbox 2618 5450 2770 5501; x_wconf 82' lang='lat' dir='ltr'><strong>codex</strong></span> <span class='ocrx_word' id='word_1_932' title='bbox 2793 5464 2822 5502; x_wconf 92' lang='lat' dir='ltr'><strong>a</strong></span> <span class='ocrx_word' id='word_1_933' title='bbox 2858 5456 3073 5506; x_wconf 88' lang='lat' dir='ltr'><strong>secunda</strong></span> <span class='ocrx_word' id='word_1_934' title='bbox 3107 5469 3268 5518; x_wconf 88' lang='lat' dir='ltr'><strong>manu,</strong></span> <span class='ocrx_word' id='word_1_935' title='bbox 3292 5471 3380 5508; x_wconf 77' lang='lat' dir='ltr'><strong>nec</strong></span> <span class='ocrx_word' id='word_1_936' title='bbox 3413 5457 3534 5509; x_wconf 81' lang='lat' dir='ltr'><strong>sein</strong></span> <span class='ocrx_word' id='word_1_937' title='bbox 3564 5465 3776 5513; x_wconf 76' lang='lat' dir='ltr'><strong>natura</strong></span> 
     </span>
    </p>
   </div>
   <div class='ocr_carea' id='block_1_121' title="bbox 2169 5520 2414 5572">
    <p class='ocr_par' dir='ltr' id='par_1_121' title="bbox 2169 5520 2414 5572">
     <span class='ocr_line' id='line_1_123' title="bbox 2169 5520 2414 5572; baseline -0.008 -14"><span class='ocrx_word' id='word_1_938' title='bbox 2169 5520 2414 5572; x_wconf 70' lang='lat' dir='ltr'><strong>pudenda.</strong></span> 
     </span>
    </p>
   </div>
   <div class='ocr_carea' id='block_1_122' title="bbox 2231 5570 3156 5642">
    <p class='ocr_par' dir='ltr' id='par_1_122' title="bbox 2231 5570 3156 5642">
     <span class='ocr_line' id='line_1_124' title="bbox 2231 5570 3156 5642; baseline 0.014 -25"><span class='ocrx_word' id='word_1_939' title='bbox 2231 5571 2252 5642; x_wconf 66' lang='grc' dir='ltr'>ζ</span> <span class='ocrx_word' id='word_1_940' title='bbox 2287 5570 2598 5642; x_wconf 65' lang='lat' dir='ltr'><strong>Eloriacensis</strong></span> <span class='ocrx_word' id='word_1_941' title='bbox 2619 5572 2774 5623; x_wconf 78' lang='lat' dir='ltr'><strong>codex</strong></span> <span class='ocrx_word' id='word_1_942' title='bbox 2797 5583 3060 5642; x_wconf 78' lang='lat' dir='ltr'><strong>correctus,</strong></span> <span class='ocrx_word' id='word_1_943' title='bbox 3083 5577 3156 5642; x_wconf 80' lang='lat' dir='ltr'><strong>ﬁt.</strong></span> 
     </span>
    </p>
   </div>
   <div class='ocr_carea' id='block_1_123' title="bbox 2218 5631 3769 5705">
    <p class='ocr_par' dir='ltr' id='par_1_123' title="bbox 2218 5631 3769 5705">
     <span class='ocr_line' id='line_1_125' title="bbox 2218 5631 3769 5705; baseline 0.01 -25"><span class='ocrx_word' id='word_1_944' title='bbox 2218 5631 2253 5705; x_wconf 54' lang='grc' dir='ltr'><strong><em>ξ</em></strong></span> <span class='ocrx_word' id='word_1_945' title='bbox 2286 5632 2688 5705; x_wconf 44' lang='lat' dir='ltr'><strong>Am..et_j.lures</strong></span> <span class='ocrx_word' id='word_1_946' title='bbox 2735 5643 2878 5704; x_wconf 57' lang='grc' dir='ltr'><strong>ωδε»,</strong></span> <span class='ocrx_word' id='word_1_947' title='bbox 2929 5631 3264 5705; x_wconf 60' lang='grc' dir='ltr'><strong>γηοάὲὲαιίογίδ</strong></span> <span class='ocrx_word' id='word_1_948' title='bbox 3313 5641 3503 5694; x_wconf 72' lang='lat' dir='ltr'><strong>animm.</strong></span> <span class='ocrx_word' id='word_1_949' title='bbox 3558 5645 3769 5704; x_wconf 82' lang='lat' dir='ltr'><strong>Quidam</strong></span> 
     </span>
    </p>
   </div>
   <div class='ocr_carea' id='block_1_124' title="bbox 2168 5693 3768 5761">
    <p class='ocr_par' dir='ltr' id='par_1_124' title="bbox 2168 5693 3768 5761">
     <span class='ocr_line' id='line_1_126' title="bbox 2168 5693 3768 5761; baseline 0.011 -17"><span class='ocrx_word' id='word_1_950' title='bbox 2168 5693 2275 5754; x_wconf 89' lang='lat' dir='ltr'><strong>alii,</strong></span> <span class='ocrx_word' id='word_1_951' title='bbox 2299 5693 2639 5761; x_wconf 67' lang='lat' dir='ltr'><strong>moderationis</strong></span> <span class='ocrx_word' id='word_1_952' title='bbox 2662 5693 2872 5748; x_wconf 36' lang='lat' dir='ltr'><strong>animai</strong></span> <span class='ocrx_word' id='word_1_953' title='bbox 2888 5706 2962 5749; x_wconf 81' lang='lat' dir='ltr'><strong>Er.</strong></span> <span class='ocrx_word' id='word_1_954' title='bbox 2979 5736 2994 5761; x_wconf 91' lang='lat'><strong>,</strong></span> <span class='ocrx_word' id='word_1_955' title='bbox 3017 5693 3330 5755; x_wconf 83' lang='lat' dir='ltr'><strong>moderatoris</strong></span> <span class='ocrx_word' id='word_1_956' title='bbox 3353 5705 3544 5756; x_wconf 70' lang='lat' dir='ltr'><strong>animm.</strong></span> <span class='ocrx_word' id='word_1_957' title='bbox 3572 5693 3768 5761; x_wconf 63' lang='grc' dir='ltr'><strong>Ῥόδιοί</strong></span> 
     </span>
    </p>
   </div>
   <div class='ocr_carea' id='block_1_125' title="bbox 2171 5755 3591 5828">
    <p class='ocr_par' dir='ltr' id='par_1_125' title="bbox 2171 5755 3591 5828">
     <span class='ocr_line' id='line_1_127' title="bbox 2171 5755 3591 5828; baseline 0.008 -22"><span class='ocrx_word' id='word_1_958' title='bbox 2171 5755 2386 5806; x_wconf 86' lang='lat' dir='ltr'><strong>nonnulli</strong></span> <span class='ocrx_word' id='word_1_959' title='bbox 2409 5760 2712 5820; x_wconf 69' lang='lat' dir='ltr'><strong>mauuscripti</strong></span> <span class='ocrx_word' id='word_1_960' title='bbox 2741 5774 2852 5811; x_wconf 82' lang='lat' dir='ltr'><strong>cum</strong></span> <span class='ocrx_word' id='word_1_961' title='bbox 2886 5755 3007 5826; x_wconf 44' lang='lat' dir='ltr'><strong>Ami,</strong></span> <span class='ocrx_word' id='word_1_962' title='bbox 3033 5767 3347 5828; x_wconf 75' lang='lat' dir='ltr'><strong>cem&#39;wiqatur</strong></span> <span class='ocrx_word' id='word_1_963' title='bbox 3368 5755 3591 5820; x_wconf 68' lang='lat' dir='ltr'><strong>arbitrio.</strong></span> 
     </span>
    </p>
   </div>
  </div>
