4038 6470
282 476 390 533 bus
434 475 790 532 inhmrentem
837 475 1111 534 edacitatis
1160 478 1335 534 stadio
1374 482 1689 551 praeteriret.
1742 485 1875 541 llinc

281 574 570 636 peccatum
600 582 844 621 manasse
867 567 1122 645 proditur,
1153 578 1399 639 tanquam
1424 585 1648 642 corpore
1673 574 1875 630 anima-

281 670 393 725 que
416 655 772 727 genitoribus,
801 657 925 711 dum
948 658 1188 727 corporis
1213 668 1397 715 natura
1426 672 1675 729 tentatur,
1698 668 1871 719 anima

280 747 427 801 male
451 748 633 801 sanar‘
662 750 999 817 compatitur.
1032 749 1159 818 Quae
1181 751 1223 805 si
1249 756 1603 823 appetentiam
1632 760 1874 826 corporis

279 836 635 901 refrenasset,
664 839 718 891 in
743 838 856 907 ipso
877 848 995 893 ortu
1018 850 1159 895 esset
1179 844 1437 898 exstincta
1464 846 1614 916 origo
1640 850 1871 916 peccati;

278 943 443 998 quam
469 929 616 983 velut
643 930 807 984 virilis
832 932 852 962 '
880 930 1105 986 infusam
1127 935 1368 1003 corporis
1396 945 1539 991 motu
1566 940 1702 993 male
1723 939 1827 993 feta
1851 940 1872 972 ⁸

277 1024 486 1088 anima,
520 1022 681 1075 etiam
712 1025 795 1077 sui
824 1023 1002 1093 vigore
1028 1035 1297 1095 corrupto,
1327 1028 1514 1083 alienis
1542 1032 1718 1101 gravis
1740 1047 1872 1087 one-

277 1112 433 1166 ribus
461 1112 740 1181 parturivit
768 1133 787 1166 ι
840 1112 928 1185 (In
969 1113 1191 1181 Lucam,
1227 1118 1313 1172 lib.
1352 1119 1405 1185 7,
1435 1138 1522 1174 nn.
1558 1122 1652 1177 Ml
1674 1163 1689 1187 ,
1718 1123 1869 1195 ΜΞ).

362 1202 447 1256 il.
480 1201 578 1257 llic
597 1212 741 1258 certe
763 1206 1093 1274 apertissime
1114 1216 1271 1277 atque
1294 1212 1630 1269 satiatissime
1653 1214 1741 1269 ille
1765 1227 1867 1270 tam

278 1291 617 1348 excellenter
644 1293 717 1346 tui
745 1293 980 1352 doctoris
1022 1313 1115 1352 ore
1146 1299 1390 1356 laudatus
1425 1302 1614 1358 doctor
1638 1305 1868 1360 Ambro-

278 1381 397 1435 sius
422 1380 728 1449 declaravit,
761 1394 815 1439 et
836 1386 963 1456 quid
990 1398 1164 1455 esset,
1192 1398 1248 1444 et
1272 1390 1413 1447 unde
1440 1402 1583 1448 esset
1610 1396 1866 1466 originale

276 1480 584 1541 peccatum,
612 1484 666 1529 et
692 1475 829 1529 unde
854 1478 1133 1547 contigerit
1160 1480 1242 1533 illa
1273 1483 1441 1550 prima
1465 1474 1724 1550 confusio,
1748 1503 1867 1557 qua:

277 1562 645 1619 inobedientia
668 1568 847 1621 carnis
873 1567 969 1622 fuit
995 1568 1357 1627 dissentientis
1386 1574 1453 1628 ab
1478 1576 1675 1644 anima,
1707 1592 1864 1647 quam

274 1652 604 1709 discordiam
634 1666 784 1711 sanat
821 1657 913 1713 Dei
943 1661 1109 1729 gratia
1136 1676 1232 1731 per
1254 1661 1435 1718 Jesum
1463 1665 1730 1723 Christum
1764 1670 1867 1723 Do-

273 1743 482 1797 minum
514 1756 775 1801 nostrum.
802 1747 963 1804 Vides
983 1751 1124 1806 unde
1151 1768 1275 1807 caro
1300 1757 1641 1827 concupiscat
1669 1759 1864 1816 adver-

200 1865 205 1869 ο
272 1847 373 1890 sua
405 1835 652 1905 spiritum
674 1876 689 1900 ,
731 1838 881 1894 vides
920 1840 1066 1897 unde
1101 1842 1173 1898 sit
1215 1843 1301 1899 lex
1331 1845 1383 1900 in
1413 1849 1669 1905 membris
1706 1866 1864 1921 repu-

270 1938 444 1994 gnans
464 1926 569 1996 legi
596 1928 808 1983 mentis.
848 1929 1010 1988 Vides
1040 1937 1267 1991 vertisse
1293 1936 1347 1991 in
1378 1947 1640 2005 naturam,
1668 1944 1860 1998 animze

269 2016 558 2087 carnisque
585 2016 936 2089 discordiam,
978 2031 1034 2078 et
1082 2040 1177 2094 per
1216 2025 1311 2081 bas
1358 2028 1663 2087 inimicitias
1708 2033 1861 2091 nobis

269 2105 549 2163 abundare
577 2110 850 2179 miserias,
882 2129 988 2168 non
1016 2115 1118 2170 nisi
1149 2117 1242 2172 Dei
1270 2120 1635 2177 misericordia
1666 2123 1859 2180 finien-

268 2195 389 2251 das.
414 2196 537 2253 Noli
556 2199 668 2267 jam
692 2202 819 2256 mihi
841 2203 1111 2261 adversari
1136 2223 1153 2265 :
1186 2224 1308 2264 nam
1333 2210 1376 2264 si
1404 2211 1576 2268 adhuc
1600 2214 1749 2279 facis,
1773 2218 1859 2273 cui

268 2288 356 2341 vel
382 2290 575 2356 quibus
602 2292 761 2348 simul
801 2293 1135 2366 adverseris,
1166 2300 1417 2358 advertis.
1452 2322 1472 2356 ι
1502 2304 1584 2360 life
1613 2324 1633 2358 ι
1665 2322 1857 2377 nempe

273 2396 296 2429 ι
329 2377 504 2434 dixisti
536 2382 672 2438 nihil
702 2386 869 2456 magis
903 2387 1181 2458 laborare,
1213 2408 1371 2462 quam
1414 2402 1472 2449 ut
1509 2411 1616 2450 non
1657 2399 1855 2453 intelli-

263 2486 386 2542 gar.
417 2493 437 2528 ι
474 2477 543 2531 Et
580 2477 634 2531 in
663 2479 975 2549 quibusdam
1019 2483 1151 2538 locis
1192 2500 1381 2542 sensus
1417 2504 1567 2544 meos
1605 2490 1670 2545 ad
1705 2499 1852 2546 tuum

263 2565 445 2631 potius
499 2567 868 2638 interpretaris
908 2573 1214 2641 arbitrium,
1253 2577 1476 2633 abutens
1517 2582 1853 2638 tardiusculis

262 2656 522 2714 cordibus
549 2660 821 2716 hominum
842 2705 857 2731 ,
888 2665 979 2734 qui
1008 2675 1056 2719 te
1087 2681 1191 2721 non
1224 2667 1516 2740 intelligunt
1550 2680 1725 2728 tacere
1751 2688 1846 2744 po-

261 2747 373 2802 tius
394 2750 652 2816 noluisse,
678 2768 834 2822 quam
857 2756 1179 2825 respondere
1202 2758 1433 2827 potuisse
1455 2762 1541 2816 uni
1567 2778 1705 2831 meo,
1730 2779 1852 2833 qua-

256 2850 386 2896 tuor
402 2843 762 2901 voluminibus
779 2847 904 2901 tuis.
934 2849 1070 2905 Ecce
1090 2847 1259 2905 fundit
1284 2851 1599 2922 eloquentiae
1615 2855 1847 2912 lucidum

258 2944 329 2986 ac
353 2934 692 3003 perspicuum
740 2934 937 2992 ﬂumen
980 2939 1333 2996 Ambrosius:
1364 2958 1469 2998 non
1508 2954 1590 3000 est
1618 2947 1705 3001 ubi
1734 2947 1846 3003 ha:-

256 3033 377 3078 reat
402 3025 593 3085 lector.
624 3026 711 3083 ubi
749 3030 939 3101 caliget
982 3032 1213 3088 auditor.
1253 3034 1683 3095 Manifestissime
1720 3042 1847 3098 dicit

257 3114 578 3184 Apostolum
609 3117 728 3173 ideo
754 3118 980 3187 dixisse,
1007 3120 1135 3190 Quis
1174 3140 1253 3178 me
1281 3124 1506 3181 liberabit
1532 3128 1596 3183 de
1636 3146 1847 3203 corpore

258 3206 436 3260 mortis
461 3206 658 3277 hujus?
683 3210 805 3279 quia
845 3226 1033 3267 omnes
1075 3214 1176 3269 sub
1219 3225 1435 3284 peccato
1474 3220 1761 3288 nascimur,
1791 3230 1846 3278 et

255 3295 374 3366 ipse
393 3306 547 3354 ortus
576 3298 630 3354 in
654 3300 784 3357 vitio
807 3312 909 3358 est.
935 3302 1359 3363 Manifestissime
1383 3309 1530 3378 dicit,
1561 3312 1840 3372 Dominum

254 3383 529 3441 Christum
556 3398 836 3460 propterea
882 3392 1045 3449 fuisse
1084 3395 1201 3450 sine
1232 3407 1482 3466 peccato,
1510 3402 1652 3471 quod
1683 3415 1842 3461 natus

251 3491 327 3532 ex
351 3477 557 3549 virgine
594 3481 819 3537 vinculis
857 3482 1100 3539 obnoxiae
1138 3489 1498 3557 generationis
1532 3501 1841 3565 naturmque

249 3566 558 3623 communis
586 3569 803 3627 minime
835 3578 1126 3643 teneretur,
1168 3585 1224 3631 et
1255 3576 1539 3637 damnasse
1563 3593 1837 3654 peccatum

250 3658 396 3726 quod
428 3660 697 3715 nascendo
734 3676 839 3716 non
883 3665 1071 3719 sensit.
1104 3667 1454 3736 Apertissime
1492 3672 1649 3740 dicit,
1695 3677 1836 3746 quod

249 3749 520 3805 dissensio
542 3753 717 3807 carnis
740 3760 797 3809 et
823 3754 1013 3811 anima:
1043 3773 1139 3826 per
1164 3763 1651 3828 praevaricationem
1678 3769 1837 3839 primi

249 3837 485 3893 hominis
514 3839 568 3894 in
609 3850 847 3898 naturam
875 3848 1110 3902 verterit.
1136 3850 1479 3919 Apertissime
1507 3855 1635 3912 dicit
1653 3837 1693 3926 ,ί
1717 3875 1838 3915 car-

248 3944 376 3983 nem
413 3930 692 3988 libidinum
724 3936 1056 3993 volutabrum
1087 3940 1546 4017 diversoriumque
1584 3949 1833 4009 vitiorum

246 4030 379 4076 tunc
402 4022 425 4053 ⁸
450 4025 642 4080 mutari
668 4027 720 4081 in
741 4026 835 4082 Dei
862 4032 1115 4101 templum
1135 4036 1533 4109 sacrariumque
1554 4042 1829 4115 virtutum,

244 4126 371 4169 Cum
397 4115 452 4168 in
474 4125 717 4171 naturam
735 4133 978 4189 regressa
999 4124 1192 4193 vigoris
1211 4128 1291 4181 sui
1309 4131 1549 4199 agnoscit
1567 4133 1829 4204 altricem,

242 4212 410 4273 atque
435 4219 566 4261 ausu
592 4207 832 4277 deposito
873 4216 1246 4283 contumaciae,
1280 4220 1605 4277 moderantis
1638 4228 1830 4283 animae

242 4296 566 4366 conjugatur
596 4298 851 4355 arbitrio:
882 4304 1054 4372 qualis
1082 4305 1177 4360 fuit
1202 4322 1322 4362 cum
1364 4311 1703 4370 inhabitanda
1730 4332 1826 4388 pa-

240 4383 411 4438 radisi
434 4396 643 4442 secreta
672 4392 923 4460 suscepit,
948 4402 1231 4465 antequam
1260 4408 1405 4454 esset
1431 4416 1639 4460 veneno
1665 4383 1830 4476 pesti-

240 4473 347 4529 ϊοτὶ
370 4478 637 4546 serpentis
672 4478 881 4537 infecta.
912 4483 1049 4552 Quid
1081 4486 1256 4543 adhuc
1282 4490 1541 4547 adversus
1581 4473 1678 4552 me
1693 4514 1826 4568 quos

240 4564 411 4620 libros
438 4567 674 4623 moliaris
701 4570 743 4635 ⁸,
768 4571 1020 4643 inquiris?
1050 4577 1194 4633 Illum
1234 4582 1413 4650 aSpiee
1433 4626 1446 4648 ,
1482 4586 1736 4644 adversus
1764 4592 1829 4646 il-

241 4653 356 4710 lum
384 4657 583 4727 aliquid
623 4661 790 4729 aude,
822 4666 909 4734 qui
950 4665 1169 4723 haeresis
1198 4682 1387 4727 vestrae
1422 4677 1638 4731 venenis
1668 4691 1821 4737 autc-

239 4761 402 4817 quam
433 4762 801 4818 nascerentur,
824 4757 1073 4821 occurrit,
1106 4768 1159 4813 et
1182 4762 1323 4817 unde
1352 4777 1565 4833 possent
1592 4772 1821 4840 expelli,

238 4837 359 4894 hac
380 4841 617 4897 antidota
648 4847 985 4914 prmparavit.
1013 4847 1145 4915 Qua:
1176 4852 1220 4905 si
1248 4854 1378 4909 satis
1406 4870 1510 4910 non
1536 4837 1691 4926 sunt,
1721 4837 1821 4917 ad;

237 4928 347 4983 huc
368 4928 513 4985 audi.
1536 4966 1537 4971 π

314 5021 403 5076 12.
434 5021 492 5077 In
524 5024 661 5080 libro
684 5024 751 5081 de
770 5026 915 5083 Isaac
938 5039 992 5084 ct
1017 5030 1204 5086 Anima
1234 5034 1371 5091 idem
1398 5038 1562 5099 dicit:
1595 5062 1615 5098 c
1644 5043 1822 5103 Bonus

232 5126 367 5182 ergo
392 5123 570 5169 rector
601 5118 769 5173 malos
791 5135 957 5190 equos
986 5126 1252 5196 rcstringit
1294 5138 1347 5182 et
1376 5144 1618 5203 revocat,
1651 5136 1822 5196 bonas

233 5202 442 5259 incitat.
473 5205 604 5260 Boni
625 5208 746 5278 equi
768 5219 895 5265 sunt
916 5223 1161 5283 quatuor,
1194 5219 1493 5291 prudentia,
1520 5234 1821 5300 temperan-

299 5383 1121 5470 ‘.P".'.‘.';.'?'e£¢.i€"€-..t£sities
1141 5402 1288 5470 ροιεε
1303 5398 1465 5470 ,οοάει
1489 5401 1819 5470 ηονίειοθιιείε»

228 5443 538 5524 "testes;
564 5447 621 5524 ‘s‘.
635 5456 937 5524 985921924:
958 5443 1109 5516 ίιιείυε
1128 5443 1359 5521 obibam?

294 5508 319 5571 ξ
341 5507 416 5556 sic
445 5514 627 5571 iussam
646 5510 781 5571 editi,
804 5511 947 5564 virili.

295 5567 321 5638 ξ
350 5568 659 5638 ριῃηεξᾼΐεω
683 5567 809 5633 uss),
828 5574 1114 5638 madefacta.

292 5626 315 5693 ξ
351 5629 488 5688 mliti,
510 5629 597 5679 ita.
619 5639 675 5693 Al.
693 5626 818 5693 Mssf,
842 5626 971 5685 tunc.

220 5691 430 5803 “sic
448 5697 554 5741 Mss.
586 5692 709 5743 Editi
743 5691 891 5757 vero,
928 5700 1054 5760 quod
1087 5700 1317 5755 adversus
1357 5721 1484 5759 meos
1525 5709 1669 5762 libra:
1715 5727 1815 5764 ma-

434 5834 660 5897 Saacr.
700 5842 974 5904 Aueusr.
1014 5844 1096 5907 Χ.

1606 348 1806 407 LIBER
1847 352 2219 416 SECUNDUS.

3455 381 3562 442 682

1985 468 2087 534 tia,
2117 470 2387 542 fortitudo,
2420 475 2621 545 justitia
2647 497 2659 532 :
2689 482 2811 537 mali
2840 485 2996 556 equi,
3028 487 3328 561 iracundia,
3356 508 3561 554 concu-

1982 556 2270 627 piscentia,
2310 563 2486 633 timor,
2522 567 2770 638 iniquitas
2800 591 2818 625 ι
2855 574 3006 649 (Cap.
3037 576 3119 649 8).
3148 556 3415 655 Numquid
3453 592 3565 656 ait,

1986 646 2163 703 Bonus
2193 662 2369 707 rector
2405 655 2573 713 bonos
2597 675 2763 731 equos
2793 646 2987 733 habet,
3030 646 3197 727 malos
3235 690 3339 729 non
3369 676 3565 734 habet?

1981 737 2085 794 Sed
2108 743 2198 807 ait,
2239 763 2258 796 ς
2286 746 2462 802 Bonos
2484 750 2682 818 incitat,
2715 756 2883 812 malos
2904 761 3173 833 restringit
3193 774 3247 819 et
3271 779 3505 824 revocat.
3538 790 3558 823 ι

1982 828 2134 885 Unde
2166 834 2250 887 isti
2282 847 2404 892 sunt
2445 841 2607 910 equi?
2632 842 2833 915 Nempe
2862 848 2905 902 si
2949 865 3043 905 eos
3080 828 3403 913 substantias
3431 860 3567 915 diei-

1980 938 2100 978 mus
2126 927 2208 981 vel
2251 939 2494 997 putamus
2513 975 2528 1000 ,
2571 934 2978 996 Maniclimorum
3010 942 3244 1003 favemus
3274 951 3358 1005 vel
3388 951 3561 1008 luere-

1980 1029 2098 1068 mus
2128 1015 2349 1074 insania:
2376 1038 2390 1074 :
2436 1024 2575 1093 quod
2604 1035 2661 1080 ut
2695 1027 2833 1083 absit
2861 1046 2889 1085 a
2930 1033 3111 1102 nobis,
3144 1039 3403 1097 catholice
3430 1042 3563 1100 istos

1978 1116 2143 1173 equos
2170 1110 2511 1179 intelligimus
2543 1116 2670 1171 vitia
2705 1129 2887 1176 nostra
2918 1124 2958 1189 ¹,
3001 1142 3119 1196 qua:
3145 1129 3246 1199 legi
3272 1135 3464 1190 mentis
3495 1151 3564 1190 ex

1977 1192 2094 1265 lege
2118 1202 2319 1268 peccati
2345 1204 2621 1261 resistunt.
2647 1208 2763 1265 Non
2786 1226 2816 1266 a
2839 1215 2991 1269 nobis
3014 1192 3125 1274 lucc
3144 1192 3270 1276 vilia
3292 1238 3558 1294 separata.

1975 1284 2169 1340 alicubi
2219 1291 2343 1346 alibi
2385 1305 2580 1360 erunt,
2628 1299 2722 1354 sed
2767 1301 2821 1356 in
2868 1305 3021 1360 nobis
3062 1320 3246 1366 sanata
3299 1284 3587 1388 nusquam'

1974 1387 2147 1433 erunt.
2186 1381 2559 1441 Verumtamen
2599 1404 2764 1460 quare
2804 1409 2910 1450 non
2942 1397 2994 1451 in
3035 1400 3356 1469 Baptismate
3381 1381 3562 1477 perie-

1974 1468 2136 1523 runt?
2164 1471 2245 1526 An
2276 1476 2509 1532 nondum
2541 1478 2820 1551 fateberis,
2844 1487 2984 1556 quod
3010 1468 3188 1547 reatus
3211 1510 3398 1553 eorum
3429 1514 3557 1571 pcr-

1978 1556 2131 1623 icrit,
2163 1561 2443 1621 infirmitas
2510 1574 2767 1627 manserit
2793 1593 2808 1628 :
2840 1592 2944 1632 non
2973 1591 3150 1637 reatus
3193 1600 3301 1655 quo
3326 1556 3444 1658 ipsa.
3467 1607 3555 1647 rea

1972 1646 2201 1718 fuerant,
2230 1654 2323 1708 sed
2346 1671 2453 1726 quo
2480 1673 2579 1715 nos
2608 1676 2727 1717 reos
2756 1664 2992 1723 fecerant
3020 1670 3071 1725 in
3101 1646 3255 1730 malis
3281 1646 3552 1750 operibus,

1971 1751 2079 1807 quo
2103 1756 2201 1795 nos
2227 1749 2539 1802 traxerant?
2566 1750 2677 1807 Nec
2704 1754 2776 1809 ita
2804 1772 2987 1813 eorum
3018 1765 3211 1819 mansit
3237 1749 3552 1839 infirmitas,

1969 1830 2119 1896 quasi
2159 1832 2335 1903 aliqua
2362 1836 2469 1891 sint
2494 1840 2741 1897 animalia
2771 1860 2890 1917 qua:
2928 1849 3303 1913 infirmantur:
3338 1860 3431 1915 sed
3460 1879 3557 1917 no-

1968 1928 2076 1973 stra
2112 1923 2391 1981 infirmitas
2431 1929 2543 2000 ipsa
2574 1942 2717 1989 sunt.
2748 1937 2857 1993 Nec
2885 1940 2937 1994 in
2976 1926 3061 1999 his
3089 1949 3240 2017 equis
3271 1952 3425 2007 malis
3455 1955 3555 2010 ini-

1969 2012 2226 2081 quitatem
2256 2020 2558 2079 nominasse
2587 2028 2852 2095 putandus
2876 2044 2958 2087 est
2988 2012 3160 2107 illam,
3198 2057 3316 2112 qua:
3343 2043 3556 2103 deletur

1966 2104 2019 2207 in
2046 2106 2358 2178 Baptismo:
2392 2115 2479 2170 illa
2517 2133 2746 2189 namque
2776 2134 3111 2193 peccatorum
3145 2104 3265 2203 qua:
3294 2135 3549 2207 fecimus,

1963 2193 2080 2261 fuit,
2112 2214 2231 2269 qua:
2257 2214 2447 2260 cuncta
2477 2210 2701 2265 remissa
2724 2222 2867 2280 sunt,
2890 2225 3051 2288 atque
3073 2224 3291 2279 omnino
3309 2226 3418 2297 jam
3444 2246 3549 2286 non

1962 2296 2106 2353 sunt,
2135 2306 2360 2359 quorum
2394 2307 2573 2354 reatus
2594 2304 2840 2360 manebat
2865 2311 3078 2377 quando
3105 2313 3215 2383 ipsa
3248 2317 3442 2375 fiebant
3469 2333 3552 2378 at-

1960 2391 2063 2445 que
2086 2383 2398 2438 transibant.
2430 2386 2588 2443 Istam
2621 2408 2751 2447 vero
2788 2396 2954 2467 legem
2985 2406 3209 2473 peccati,
3239 2409 3392 2477 cujus
3434 2428 3549 2468 ma-

1958 2468 2135 2523 nentis
2162 2482 2340 2527 reatus
2370 2478 2421 2529 in
2458 2492 2613 2534 sacro
2640 2481 2787 2539 fonte
2816 2468 3071 2546 remissus
3110 2505 3221 2559 est,
3262 2468 3542 2570 propterea

1956 2562 2166 2615 vocavit
2191 2563 2520 2633 iniquitatem
2540 2609 2556 2636 ,
2590 2574 2713 2643 quia
2738 2576 2972 2647 iniquum
3004 2592 3086 2638 est
3115 2594 3168 2639 ut
3342 2562 3544 2650 concu-

1956 2647 2125 2717 piseat
2162 2652 2422 2713 adversus
2466 2660 2711 2729 spiritum
2742 2683 2756 2719 :
2786 2672 3030 2738 quamvis
3072 2675 3211 2731 adsit
3258 2679 3309 2735 in
3358 2695 3543 2742 nostra

1955 2744 2297 2800 renovatione
2317 2746 2555 2817 justitia;
2584 2755 2707 2824 quia
2728 2756 2931 2825 justum
2954 2772 3035 2819 est
3063 2775 3117 2820 ut
3141 2768 3397 2829 adversus
3423 2790 3544 2832 car—

1954 2844 2076 2884 nem
2117 2835 2334 2902 spiritus
2361 2843 2733 2913 cencupiscat,
2778 2858 2836 2904 ut
2872 2852 3061 2922 spiritu
3089 2859 3455 2930 ambulemus,
3485 2876 3543 2924 et

1952 2923 2408 2993 concupiscentias
2436 2934 2613 2989 carnis
2643 2952 2747 2992 non
2774 2941 3135 3010 perficiamus.
3166 2948 3316 3007 lianc
3343 2923 3539 3029 quippe

1950 3010 2209 3081 justitiam
2256 3029 2493 3078 nostram
2524 3025 2664 3083 inter
2688 3029 2859 3089 bonos
2898 3050 3064 3108 equos
3105 3010 3405 3102 inveniintis
3436 3010 3537 3105 iib-

1950 3104 2227 3161 minatam.
2390 3157 2399 3164 .

2024 3198 2111 3305 ti.
2145 3202 2284 3305 Audi
2310 3205 2484 3305 adhuc
2509 3211 2635 3281 quid
2676 3214 2821 3271 dicat
2860 3218 2914 3274 in
2958 3220 3096 3279 libro
3125 3241 3283 3296 quem
3322 3232 3538 3305 scripsit

1948 3284 2017 3393 de
2058 3289 2310 3349 Paradiso
2344 3294 2539 3370 (Capp.
2574 3303 2633 3357 11
2666 3313 2712 3357 et
2741 3305 2864 3376 12).
2896 3327 2919 3360 ι
2948 3284 3196 3371 Fortasse
3217 3357 3234 3384 ,
3264 3336 3286 3371 ι

1954 3396 1973 3429 ι
2002 3378 2121 3436 ideo
2160 3383 2294 3439 dixit
2320 3386 2550 3458 Paulus,
2586 3392 2713 3460 ραω
2736 3413 2836 3451 non
2859 3400 2973 3454 licet
2997 3402 3191 3461 homini
3218 3378 3417 3483 ἰοφιεί
3447 3378 3535 3488 (ii

1947 3468 2064 3574 Car.
2098 3489 2196 3540 xu,
2228 3475 2306 3546 4),
2331 3496 2355 3530 ι
2388 3482 2511 3551 quia
2539 3486 2907 3545 eratadbucin
2924 3506 3151 3566 corpore
3179 3468 3527 3574 constitutds,

1946 3558 2049 3616 hoc
2074 3572 2175 3628 est,
2208 3566 2422 3625 videbat
2445 3572 2597 3629 istius
2622 3581 2864 3648 corporis
2889 3558 3182 3656 passiones,
3212 3558 3531 3655 videbat

1943 3666 2061 3723 gem
2086 3658 2262 3712 carnis
2285 3674 2396 3719 sua:
2419 3678 2800 3736 repugnantem
2823 3672 2924 3745 legi
2949 3680 3139 3735 mentis
3164 3697 3294 3738 sum.
3321 3703 3343 3739 ι
3372 3686 3532 3744 ltem-

1942 3759 2047 3813 que
2072 3746 2124 3801 in
2151 3749 2339 3806 eodem
2365 3769 2378 3807 :
2411 3771 2431 3806 ι
2459 3752 2589 3811 Cum
2615 3758 2775 3827 dicit,
2806 3781 2827 3817 ι
2859 3764 3065 3838 inquit,
3099 3788 3120 3823 r
3148 3774 3528 3845 sapientiorem

1941 3849 2266 3911 serpentem,
2297 3844 2549 3919 intelligis
2576 3868 2737 3922 quem
2760 3856 3023 3929 loquatur,
3050 3863 3101 3919 id
3128 3844 3231 3935 est,
3262 3868 3407 3927 illum
3434 3875 3531 3929 ad-

1940 3932 2234 3988 versarium
2264 3946 2537 4008 nostrum,
2566 3945 2654 4013 qui
2687 3953 2862 4003 tamen
2893 3949 3056 4008 habet
3082 3932 3395 4027 sapientiam
3424 3964 3527 4019 bu-

1935 4016 2024 4089 jus
2047 4024 2252 4079 mundi.
2278 4025 2383 4083 Sed
2412 4037 2466 4084 et
2496 4033 2740 4104 voluptas
2768 4048 2929 4110 atque
2958 4016 3242 4104 delectatio
3269 4050 3405 4111 bene
3424 4016 3525 4111 Vsa--

1937 4111 2089 4181 piens
2130 4115 2353 4186 dicitur;
2402 4122 2523 4192 quia
2568 4134 2624 4181 et
2660 4132 2835 4185 carnis
2878 4138 3180 4205 appellatur
3216 4146 3523 4215 sapientia:

1935 4202 2076 4258 sicut
2112 4205 2311 4275 habes,
2358 4211 2492 4277 Quia
2518 4217 2766 4285 sapientia
2808 4223 2960 4293 lmjns
2997 4232 3166 4284 carnis
3209 4234 3413 4291 inimica
3453 4252 3525 4295 est

1932 4288 2043 4347 Deo
2065 4311 2086 4345 ι
2112 4294 2287 4367 (nam.
2320 4315 2433 4367 vui,
2464 4302 2538 4372 7).
2563 4322 2582 4357 ‹
2606 4308 2670 4361 Et
2684 4309 2750 4363 ad
2768 4288 3519 4384 exquirendadelectatiomini

1931 4395 2128 4453 genera
2162 4390 2324 4443 astuti
2368 4404 2522 4460 sunt,
2555 4397 2642 4466 qui
2670 4412 2981 4469 appetentes
3013 4420 3136 4465 sunt
3166 4414 3517 4485 voluptatum.

1932 4474 2055 4533 Sive
2081 4494 2239 4550 ergo,
2271 4500 2291 4535 ι
2330 4484 2533 4555 inquit,
2572 4506 2591 4542 ί
2614 4490 3019 4554 delectationem
3051 4474 3335 4576 intelligas,
3368 4525 3518 4581 qua:-

1930 4564 2052 4621 dam
2080 4578 2165 4623 est
2201 4571 2382 4628 divino
2410 4576 2632 4634 adversa
2661 4585 2942 4653 mandato,
2993 4599 3046 4645 et
3088 4592 3298 4651 inimica
3343 4564 3518 4656 sensi-

1930 4656 2030 4712 bus
2046 4663 2258 4717 nostris.
2270 4664 2423 4723 Unde
2437 4681 2652 4726 sanctus
2670 4674 2862 4731 Paulus
2874 4679 2894 4709 ²
2910 4680 3002 4747 ait,
3020 4681 3173 4738 Video
3189 4673 3341 4742 aliam
3359 4692 3517 4762 legem

1929 4749 1982 4804 in
2003 4755 2235 4809 membris
2262 4760 2402 4823 meis,
2420 4777 2780 4833 repugnantem
2797 4770 2897 4840 legi
2911 4776 3241 4844 mentismete,
3270 4794 3317 4837 et
3347 4790 3513 4855 capti—

1928 4852 2125 4896 vantem
2167 4862 2245 4899 me
2280 4847 2332 4901 in
2376 4849 2486 4919 lege
2530 4856 2721 4923 peccati
2758 4878 2775 4910 ι
2812 4858 2830 4928 (
2858 4859 2943 4917 Id.
2974 4879 3079 4930 vii,
3110 4866 3181 4922 2.3
3204 4869 3244 4941 ).
3294 4847 3515 4941 Qualem

1928 4934 2251 5005 voluptatem
2281 4940 2422 4995 dicat
2443 4942 2544 4998 hoc
2566 4946 2683 5002 loco
2704 4950 2801 5004 iste
2827 4952 3030 5023 doctor,
3065 4960 3113 5014 in
3137 4934 3385 5036 promptu
3406 4982 3509 5040 est,

1927 5024 2050 5092 quia
2079 5034 2135 5079 ut
2160 5025 2596 5104 intelligeremus,
2621 5038 2862 5096 adhibuit
2886 5024 3511 5117 Apostoli-tcstitiioniuin

1928 5113 2152 5171 dicentis
2172 5159 2188 5186 ,
2241 5119 2397 5177 Video
2426 5126 2579 5181 aliam
2615 5130 2774 5201 legem
2815 5135 2866 5188 in
2896 5141 3129 5196 membris
3158 5148 3308 5216 meis,
3356 5168 3509 5221 repu-

1927 5218 2162 5276 gnantem
2201 5211 2299 5281 legi
2341 5216 2518 5270 utentis
2558 5235 2715 5289 mete,
2754 5233 2802 5277 et
2838 5230 3169 5297 captivantem
3209 5211 3374 5293 me'in
3401 5211 3510 5314 lege

1928 5301 2136 5367 peccati.
2172 5302 2295 5359 llccc
2322 5314 2404 5361 est
2433 5309 2679 5381 voluptas
2719 5315 2805 5371 illa
2832 5332 3077 5393 suscepta
3118 5334 3233 5394 tua,
3263 5301 3506 5401 quamvis

1926 5398 1981 5443 et
2008 5398 2062 5443 tu
2086 5393 2444 5461 reprehendas
2461 5399 2574 5469 ejus
2596 5420 2896 5465 excessum.
2923 5411 3020 5468 Ubi
3038 5417 3213 5485 qualis
3232 5393 3323 5487 sit,
3348 5423 3505 5492 plane

1927 5476 2145 5537 fateris:
2182 5484 2274 5538 sed
2317 5490 2478 5544 tantis
2505 5494 2786 5552 verborum
2817 5476 3144 5561 ornamentis
3171 5522 3288 5563 eam
3318 5476 3507 5570 mode-

1926 5578 2093 5624 ratam
2122 5573 2363 5631 defendis
2391 5589 2442 5633 et
2482 5582 2700 5653 laudas,
2748 5592 2899 5659 quasi
2945 5593 3101 5650 istum
3147 5601 3361 5658 modum
3404 5608 3504 5664 sibi

1992 5722 2009 5803 ξ
2044 5718 2231 5803 {lupillo
2259 5735 2360 5802 Ms,
2386 5729 2497 5803 tfiti':
2518 5743 2678 5803 nostra
2692 5747 2797 5789 sunt
2819 5753 2943 5803 quer.

1991 5782 2010 5810 ι
2042 5791 2088 5831 in
2116 5782 2363 5855 ηιωιιιδυγῇ
2384 5795 2461 5853 lis,
2487 5782 3145 5873 miliaiatzltclmvdil,'omisso,
3169 5815 3364 5872 rauim.

2534 5887 2563 5955 ί
2583 5882 2694 5939 l'in
2700 5884 3024 5966 91-ἁειιφ.)
