4038 6500
492 429 597 483 683

490 543 605 612 ipsa
645 541 1014 605 constituerit,
1057 548 1111 597 et
1135 555 1239 596 non
1271 540 1493 610 spiritus
1529 540 1618 610 qui
1662 539 1920 594 adversus
1958 536 2076 606 ejus

490 637 745 706 impetum
785 637 1129 706 concupiscit.
1167 634 1439 691 Adversus
1478 649 1634 705 quem
1671 633 1877 688 fortiter
1904 631 2081 688 stabat

491 729 600 794 ille,
628 728 717 799 qui
738 727 1021 794 clamabat,
1056 725 1212 780 Video
1231 726 1386 780 aliam
1408 726 1565 796 legem
1590 724 1643 778 in
1670 721 1906 777 membris
1925 720 2075 785 meis,

489 827 854 890 repugnantem
873 817 974 890 legi
994 818 1174 872 mentis
1193 832 1333 872 mete.
1359 815 1465 872 Iste
1483 814 1827 886 repugnantis
1848 814 2079 881 impetus

489 911 532 964 si
574 909 802 975 laxetur,
835 909 888 963 in
916 923 1039 980 qua:
1067 908 1355 964 declinabit
1397 905 1705 962 immunda?
1738 906 1790 960 in
1823 919 1942 974 quae
1972 916 2077 957 non

490 999 764 1070 pertrahet
779 1009 834 1058 et
857 1001 1211 1072 praccipitabit
1229 1001 1493 1070 abrupta?
1525 999 1719 1054 Verum
1749 1013 1910 1061 nunc,
1935 994 2077 1066 quod

489 1092 668 1159 potius
688 1091 872 1160 instat,
903 1106 1031 1148 ecce
1060 1107 1169 1148 non
1194 1091 1490 1148 secundum
1524 1105 1618 1145 vos
1641 1090 1964 1160 quicumque
1987 1085 2082 1142 .lu-

487 1182 666 1250 duens,
707 1182 804 1240 sed
833 1183 1127 1242 secundum
1165 1185 1378 1240 beatum
1407 1183 1746 1237 Ambrosium
1786 1180 1852 1236 de
1878 1195 1937 1236 se
1963 1179 2082 1249 ipso

489 1273 689 1330 Paulus
712 1275 988 1344 apostolus
1014 1275 1163 1342 dicit,
1201 1273 1358 1329 Video
1386 1274 1542 1330 aliaat
1579 1273 1738 1345 legem
1764 1273 1816 1326 in
1845 1271 2082 1326 membris

490 1365 634 1429 meis,
662 1377 1028 1438 repugnantem
1055 1367 1154 1439 legi
1178 1367 1357 1421 mentis
1383 1381 1524 1430 mete,
1549 1374 1596 1420 et
1623 1366 1972 1435 captivantem
2001 1377 2084 1416 mc

487 1459 542 1511 in
567 1459 674 1531 lege
703 1461 912 1530 peccati.
947 1460 1153 1531 Rursus
1178 1461 1230 1514 in
1258 1459 1446 1515 eodem
1476 1473 1640 1528 opere
1661 1458 1766 1513 alio
1792 1457 1910 1514 loco
1939 1455 2082 1512 idem

488 1549 715 1606 doctor:
752 1569 771 1603 t
803 1551 1164 1622 lmpugnatur,
1189 1572 1208 1606 ι
1242 1553 1440 1623 inquit,
1475 1569 1495 1604 t
1521 1551 1738 1616 Paulus,
1761 1559 1816 1605 et
1841 1549 1982 1605 videt
2006 1549 2084 1604 lc.

487 1659 609 1709 gem
653 1643 830 1700 carnis
874 1659 987 1699 sate
1037 1654 1423 1715 repugnantem
1471 1644 1576 1714 legi
1622 1643 1820 1699 mentis
1854 1657 2000 1707 suae,
2027 1648 2085 1697 et

490 1735 849 1803 captivantem
890 1749 950 1790 se
992 1734 1044 1789 in
1075 1735 1193 1805 lege
1232 1734 1468 1804 peccati;
1519 1748 1619 1788 nec
1645 1732 1714 1788 de
1753 1731 2083 1788 conscientia

488 1840 584 1880 sua
623 1825 926 1894 praesumit,
967 1825 1065 1881 sed
1095 1842 1190 1897 per
1217 1825 1415 1882 Christi
1442 1828 1669 1896 gratiam
1698 1823 1918 1879 conlidit
1957 1837 2017 1878 se
2050 1835 2083 1876 a

490 1916 681 1972 mortis
718 1931 944 1988 corpore
972 1917 1305 1975 liberandum
1337 1935 1351 1971 :
1378 1925 1434 1972 et
1460 1926 1516 1970 tu
1541 1929 1863 1986 quemquam
1889 1913 2082 1984 opina-

488 2008 564 2064 ris
593 2009 850 2065 scientem
891 2024 999 2065 non
1029 2024 1188 2080 posse
1229 2009 1488 2079 peccare?
1531 2008 1729 2063 Paulus
1763 2006 1925 2072 dicit,
1959 2004 2083 2060 Non

489 2100 627 2154 enim
655 2101 792 2168 quod
817 2101 932 2156 uolo
949 2102 1081 2173 facio
1101 2100 1316 2167 bonum;
1341 2100 1432 2154 sed
1445 2098 1578 2170 quod
1594 2098 1712 2152 nolo
1747 2096 1938 2150 malum
1957 2138 1972 2162 ,
1989 2096 2084 2150 hoc

489 2206 586 2260 ago
605 2209 624 2244 ι
657 2190 941 2259 (Romam,
960 2191 1074 2264 l9):
1106 2209 1126 2243 «
1153 2201 1207 2248 et
1225 2201 1279 2246 tu
1303 2191 1580 2246 arbitraris
1597 2189 1796 2245 homini
1826 2188 2083 2258 prodesse

492 2283 792 2348 scientiam,
821 2298 942 2353 qua:
969 2283 1150 2338 delicti
1177 2291 1368 2352 augeat
1393 2281 1685 2337 invidiam?
1712 2298 1732 2332 ι
1763 2279 2000 2349 Itemque
2027 2280 2080 2334 in

491 2373 608 2440 ipso
636 2388 798 2442 opere
825 2373 964 2428 idem
998 2372 1114 2443 ipse
1150 2373 1433 2444 episcopus
1472 2372 1539 2427 ad
1579 2386 1767 2427 omnes
1807 2385 1906 2426 nos
1942 2371 2084 2426 relc-

489 2478 616 2534 rcns
642 2464 932 2532 elaqnium,
960 2479 1280 2536 causamque
1300 2479 1639 2520 communem
1659 2463 1846 2520 sedqu
1871 2478 2035 2535 agens
2062 2481 2079 2519 :

498 2556 812 2628 cllepugnat
838 2557 982 2612 enim
1005 2557 1092 2612 lex
1116 2557 1352 2625 carnis,»
1390 2558 1577 2627 inquit,
1617 2574 1637 2609 ι
1657 2556 1762 2627 legi
1789 2556 2002 2620 mentis,
2029 2564 2084 2612 et

489 2645 837 2704 laborandum
866 2649 1022 2706 nobis
1047 2658 1130 2705 est
1153 2665 1220 2705 ac
1243 2649 1610 2704 desudandum
1631 2689 1647 2715 ,
1675 2658 1732 2703 ut
1759 2649 2084 2718 castigemus

490 2753 686 2808 corpus
715 2749 770 2796 ct
791 2742 1033 2796 servituti
1060 2742 1388 2811 redigamus,
1417 2750 1472 2797 et
1499 2756 1619 2811 qua:
1641 2749 1766 2796 sunt
1785 2739 2079 2812 spiritualia

489 2833 853 2888 somniemus»
891 2833 1077 2905 (Capp.
1109 2833 1176 2887 12
1202 2843 1246 2886 et
1274 2832 1385 2906 l5).

565 2925 651 2979 M.
683 2923 738 2978 In
762 2925 868 2980 alio
895 2940 1106 2995 quoque
1133 2926 1267 2980 libro
1296 2939 1393 2980 suo
1413 2966 1428 2991 ,
1454 2924 1522 2980 de
1547 2923 1894 2980 Sacramento
1920 2939 2084 2995 rege-

501 3015 796 3071 nerationis
822 3056 838 3083 ,
871 3017 954 3070 vel
980 3016 1046 3071 de
1089 3014 1428 3086 PhilosOphia
1455 3030 1609 3085 quem
1641 3014 1854 3085 scripsit
1877 3013 1972 3088 (a),
2004 3014 2079 3069 ita

491 3105 726 3175 lnqnitur
753 3124 768 3159 :
806 3107 994 3161 «Beata
1014 3107 1168 3178 igitur
1196 3122 1338 3161 mors
1369 3122 1486 3175 qua:
1512 3120 1610 3162 nos
1637 3114 1858 3177 peccato
1898 3105 2076 3178 eripit,

491 3206 553 3252 ut
579 3198 833 3255 rclormet
883 3199 1010 3254 Deo.
1048 3199 1150 3267 Qui
1195 3200 1328 3253 enim
1357 3208 1588 3253 mortuus
1625 3208 1722 3266 est,
1760 3198 2080 3270 justiﬁcatus

490 3299 564 3344 est
597 3307 629 3342 a
653 3301 858 3362 peccato
876 3309 896 3343 ι
932 3290 1106 3363 (Rom.
1125 3307 1206 3358 «vr,
1235 3291 1313 3359 7).
1337 3309 1356 3343 ι
1377 3289 1644 3362 Numquid
1659 3298 1863 3346 natura:
1889 3290 2016 3358 ﬁne,
2052 3308 2075 3344 ι

490 3383 683 3454 inquit,
710 3400 731 3436 ι
778 3383 1100 3454 justilicatur
1124 3399 1156 3439 a
1200 3389 1419 3455 peccato
1443 3383 1682 3453 aliquis?
1707 3381 1825 3439 Non
1854 3381 2077 3453 utique:

489 3475 740 3545 quoniam
763 3475 851 3545 qui
875 3484 1123 3546 peccator
1151 3475 1397 3543 moritur,
1427 3475 1479 3529 in
1504 3482 1723 3545 peccato
1753 3479 1964 3541 manet;
1989 3474 2080 3530 ille

489 3577 666 3622 autem
699 3568 1020 3635 iustiﬁcetur
1037 3585 1067 3622 a
1092 3577 1333 3641 peccato,
1361 3568 1446 3623 cui
1472 3583 1570 3640 per
1597 3567 1926 3638 Baptismum
1955 3580 2080 3638 pec-

490 3672 606 3714 cata
639 3662 818 3715 omnia
868 3663 1232 3716 remittuntur.
1263 3677 1283 3712 ι
1318 3659 1564 3716 Habesne
1587 3658 1654 3714 ad
1683 3659 1783 3714 ista
1805 3657 1950 3730 quod
1997 3659 2079 3714 di-

489 3754 618 3809 cas?
646 3753 680 3807 γ
691 3753 872 3808 idesne
887 3752 1334 3823 quemadmodum
1356 3753 1678 3823 estpresserit
1695 3753 1777 3808 vir
1793 3753 2078 3809 venerabi-

491 3846 579 3912 lis,
610 3847 659 3900 in
683 3845 953 3916 Baptismo
981 3844 1095 3900 ﬁeri
1121 3845 1352 3901 hominis
1373 3854 1597 3901 mortem
1628 3846 1857 3915 beatam,
1878 3846 1966 3901 ubi
1991 3860 2078 3903 re-

491 3939 775 3992 mittuntur
799 3947 1011 4008 peccata
1032 3939 1254 3994 omnia?
1283 3938 1392 3996 Sed
1420 3940 1636 3996 attende
1667 3941 1833 4009 aliud,
1861 3941 2075 3998 attende

492 4029 637 4098 quod
691 4045 794 4083 non
851 4029 948 4084 vis.
973 4047 992 4082 ι
1028 4030 1388 4096 Advertimus,
1425 4051 1443 4084 ο
1489 4033 1680 4103 inquit,
1725 4051 1745 4085 ι
1775 4033 2073 4104 cnjnsmodi

492 4123 562 4176 sit
589 4137 733 4176 mors
763 4123 984 4194 mystica
1015 4140 1028 4177 :
1057 4138 1198 4178 nunc
1227 4124 1635 4180 consideremus
1669 4125 1965 4196 cujusmodi
1992 4127 2076 4181 ‘se-

489 4215 700 4284 pultura
723 4231 841 4271 esse
865 4215 1075 4271 debeat.
1106 4215 1221 4270 Non
1262 4217 1402 4270 enim
1425 4217 1554 4271 satis
1593 4225 1674 4272 est
1701 4227 1757 4272 ut
1783 4217 2076 4273 moriantur

487 4307 636 4373 vitia,
656 4307 757 4363 nisi
787 4308 1112 4362 marcescat‘
1138 4307 1384 4378 corporis
1411 4307 1584 4370 luxus,
1612 4317 1665 4364 et
1691 4310 1926 4364 omnium
1952 4309 2073 4363 vin-

488 4399 730 4454 culorum
756 4399 1047 4454 carnalium
1096 4415 1355 4470 compago
1387 4400 1638 4464 solvatur,
1686 4401 1861 4456 omnis
1905 4401 2075 4456 nodus

487 4491 730 4561 corporei
778 4492 983 4547 laxetur
1016 4506 1161 4547 usus.
1212 4492 1378 4545 Nemo
1417 4491 1516 4545 sibi
1567 4491 1885 4557 blandiatur,
1931 4492 2073 4562 quod

489 4583 644 4636 aliam
663 4582 882 4651 ﬁguram
913 4582 1162 4645 induerit,
1204 4583 1426 4654 mystica
1457 4591 1722 4652 praecepta
1781 4585 2068 4652 acceperit,

489 4674 554 4728 ad
593 4675 932 4729 continentia:
957 4673 1288 4743 disciplinam
1316 4673 1634 4744 applicuerit
1671 4674 1927 4727 animum.
1957 4673 2072 4729 Non

491 4764 634 4834 quod
667 4765 929 4829 volumus,
957 4768 1055 4820 hoc
1087 4767 1327 4835 agimus;
1357 4764 1450 4820 sed
1477 4765 1614 4835 quod
1642 4765 1765 4820 odio
1791 4765 2068 4832 habemus,

489 4854 592 4909 hoc
621 4854 859 4909 facimus.
895 4855 1050 4909 Multa
1078 4867 1329 4925 operatur
1375 4857 1426 4910 in
1453 4857 1606 4914 nobis
1633 4868 1928 4928 peccatum.
1960 4857 2070 4912 Νο-

487 4945 571 5000 bis
595 4945 978 5000 reluctantibus
1003 4947 1249 5001 rmliviwn
1296 4949 1605 5018 plerumque
1655 4949 1958 5018 voluptates
1981 4965 2072 5004 rc-

491 5047 734 5106 surgunt.
766 5037 1097 5092 Lurlandum
1140 5040 1290 5093 nobis
1316 5048 1397 5093 est
1423 5040 1677 5094 adversus
1701 5057 1937 5094 carnem.
1963 5041 2071 5095 Lu-

485 5136 663 5184 ctatus
690 5137 771 5184 est
797 5128 1052 5183 adversus
1081 5139 1196 5184 eam
1241 5130 1432 5184 Paulus
1467 5148 1479 5183 :
1527 5131 1754 5202 denique
1780 5133 1874 5198 ait,
1919 5131 2072 5186 Video

484 5231 656 5276 autent
680 5220 839 5275 aliam
865 5218 1024 5291 legem
1047 5222 1099 5275 in
1125 5222 1363 5276 membris
1387 5225 1530 5288 meis,
1559 5233 1920 5295 repugnantem
1972 5225 2072 5295 legi

488 5313 666 5369 mentis
705 5327 848 5377 meat,
874 5322 921 5366 et
947 5312 1281 5383 captivantem
1317 5331 1398 5368 me
1441 5314 1494 5368 in
1517 5315 1625 5385 lege
1672 5315 1879 5383 peccati.
1906 5313 2071 5369 Num-

480 5405 611 5474 quid
627 5414 703 5473 tu,
731 5423 750 5458 s
777 5404 966 5474 inquit,
997 5422 1016 5456 ε
1051 5405 1233 5458 fortior
1271 5404 1477 5459 Paulo?
1501 5403 1610 5460 Nec
1637 5413 1884 5475 tanquam
1910 5404 2069 5460 sedn-

486 5497 556 5552 la:
575 5499 720 5552 carni
748 5506 851 5551 tua:
875 5494 1134 5564 conﬁdas,
1165 5503 1220 5550 et
1265 5504 1317 5550 te
1338 5496 1390 5550 ei
1441 5494 1650 5563 credas,
1681 5510 1799 5549 cum
1839 5499 2069 5565 Aposto-

489 5595 572 5643 ‘us
594 5587 832 5644 clamitet
861 5605 875 5640 :
910 5586 1029 5642 Scio
1055 5587 1324 5658 enimquia
1353 5601 1453 5639 non
1483 5585 1674 5639 habitat
1718 5585 1770 5639 in
1796 5601 1890 5649 me,
1923 5586 1977 5639 id
1998 5595 2072 5641 est

491 5679 546 5732 in
573 5694 723 5733 carne
744 5694 875 5745 mea,
899 5680 1248 5732 bonummam
1271 5677 1396 5731 velle
1434 5677 1630 5747 adjacet
1656 5677 1796 5744 milii,
1826 5679 2072 5751 per/icere

547 5817 564 5845 ι
601 5822 697 5861 am.
725 5819 799 5862 Er.
825 5820 876 5862 et
897 5810 1080 5873 aliquot
1103 5819 1230 5873 Mss,
1259 5823 1573 5864 marcescant.

543 5876 618 5936 (α)
651 5883 742 5924 ttoe
765 5887 888 5937 (pus
906 5887 1002 5922 non
1020 5882 1199 5926 exstat.

1247 423 1546 482 'CONTIU
1585 421 1924 480 JUUANUM
1966 421 2435 490 PELAGIANUM,
2469 425 2526 479 S.
2572 425 2941 483 AUGUSTINI

3653 434 3783 491 ’691

2187 544 2352 590 autem
2395 538 2577 592 bonum
2619 555 2720 594 non
2770 541 2984 594 invenio.
3022 537 3142 595 Non
3166 539 3298 596 enim
3322 543 3457 613 quod
3493 546 3606 600 volo
3635 549 3779 620 facio

2184 627 2369 680 bonum
2391 645 2411 692 ;
2439 628 2528 682 sed
2551 629 2688 701 quod
2713 630 2831 684 nolo
2861 632 3070 698 malum,
3100 632 3194 687 hoc
3218 651 3334 704 ago.
3363 633 3424 690 Si
3441 647 3605 690 autem
3635 639 3780 709 quod

2186 718 2323 782 nolo,
2355 718 2448 772 hoc
2475 734 2608 790 ago;
2625 722 2740 790 jam
2766 738 2867 775 non
2911 739 3004 794 ego
3029 739 3209 791 aperor
3229 725 3382 792 illud,
3403 728 3491 780 sed
3510 730 3648 800 quod
3675 731 3778 782 lia-

2185 807 2307 861 bitat
2334 809 2384 863 in
2408 826 2486 864 me
2515 822 2769 880 peccatum
2805 832 2824 866 ι
2861 811 3034 884 (Rom.
3064 830 3154 883 vn,
3181 815 3272 881 25,
3301 817 3512 890 18-20).
3534 820 3780 889 Quanta-

2187 898 2315 955 libet
2335 899 2523 956 feraris
2542 902 2705 957 animi
2752 905 3128 974 obstinatione,
3175 907 3406 975 Juliane,
3440 913 3776 981 quantalibet

2185 989 2439 1047 adversus
2469 1008 2567 1048 nos
2609 995 2901 1064 pervicacia
2928 1011 3022 1066 pro
3053 997 3336 1068 Pelagiano
3359 1016 3544 1058 errore
3592 1005 3778 1058 consi-

2182 1090 2337 1148 stas;
2377 1090 2520 1138 tanta
2564 1099 2661 1154 per
2706 1084 2922 1140 beatum
2971 1087 3309 1144 Atnbrosium
3352 1091 3780 1150 circumvallaris

2185 1185 2367 1226 rerum
2396 1173 2680 1240 evidentia,
2715 1185 2858 1231 tanta
2883 1178 3166 1234 verborum
3195 1181 3312 1251 ejus
3325 1165 3776 1241 ‘manilestatione

2175 1262 2550 1332 contunderis,
2584 1275 2641 1320 ut
2675 1267 2935 1336 profecto,
2981 1269 3028 1324 si
3055 1270 3197 1326 nulla
3234 1281 3284 1326 te
3308 1274 3466 1339 ratio,
3497 1276 3780 1348 cogitatio,

2185 1353 2543 1410 consideratio
2570 1359 2866 1429 religionis,
2909 1362 3144 1431 pietatis,
3197 1362 3564 1433 humanitatis,
3612 1377 3779 1439 atque

2185 1444 2242 1500 in
2260 1456 2310 1503 te
2350 1447 2468 1517 ipso
2491 1448 2835 1507 advertendaa
2870 1455 3105 1511 veritatis
3131 1471 3161 1507 a
3183 1458 3447 1527 pertinaci
3475 1458 3780 1516 intentione

2185 1541 2530 1607 revocaverit,
2560 1543 2810 1599 ostendas
2836 1554 3090 1615 quantum
3119 1547 3169 1601 in
3205 1549 3361 1605 malis
3397 1549 3647 1608 humanis
3676 1569 3780 1608 va-

2186 1629 2314 1697 leat,
2341 1646 2406 1686 eo
2435 1648 2756 1704 quemquam
2811 1637 2972 1692 luisse
3022 1652 3381 1708 progressum,
3413 1641 3506 1696 ubi
3552 1658 3779 1699 manere

2186 1735 2291 1776 non
2333 1721 2513 1790 libeat,
2547 1725 2690 1781 unde
2731 1727 2906 1782 redire
2931 1729 3040 1798 jam
3067 1730 3284 1799 pudeat.
3319 1731 3410 1788 Sic
3436 1734 3578 1789 enim
3607 1737 3778 1805 credo

2188 1821 2241 1869 te
2271 1812 2434 1882 afﬁci,
2461 1830 2581 1870 cum
2607 1816 2714 1874 ista
2743 1818 2953 1890 legeris.
2985 1818 3090 1877 Sed
3120 1837 3155 1876 ο
3177 1824 3222 1878 si
3248 1839 3347 1894 pax
3376 1825 3574 1881 Christi
3603 1827 3657 1882 in
3677 1810 3775 1882 tuo

2184 1905 2348 1961 corde
2373 1907 2570 1975 vincat,
2599 1918 2652 1965 et
2672 1910 2810 1967 bona
2837 1914 3150 1984 paenitentia
3174 1915 3243 1972 de
3266 1917 3405 1974 mala
3448 1903 3772 1976 verecundia.

2185 1999 2414 2066 palmam
2441 1999 2577 2056 lerat
2605 2000 2618 2056 l

2256 2089 2484 2148 CAPUT
2525 2091 2610 2146 Vl.
2643 2123 2714 2132 —
2737 2094 2824 2150 15.
2853 2092 2962 2151 Sed
2981 2097 3091 2166 jam
3120 2113 3263 2155 nunc
3291 2114 3578 2172 parumper
3601 2111 3776 2158 atten-

2185 2178 2273 2244 de,
2302 2180 2572 2249 quomodo
2595 2198 2663 2237 ex
2685 2181 2787 2239 ista
2815 2185 2932 2255 lege
2967 2189 3190 2258 peccati,
3213 2171 3370 2261 cujus
3394 2171 3595 2248 motum
3621 2209 3776 2249 mor-

2185 2271 2361 2326 talitas
2391 2274 2551 2328 etiam
2571 2276 2958 2333 cdntinentium
2985 2281 3194 2350 cogitur
3222 2282 3390 2350 terre,
3434 2286 3518 2340 cui
3547 2287 3775 2342 modum

2184 2365 2404 2419 castitas
2452 2369 2756 2438 nuptiarum
2797 2371 3004 2428 laborat
3047 2373 3341 2445 imponere,
3371 2378 3456 2432 ubi
3510 2382 3780 2452 concupi—

2184 2458 2386 2521 scentia
2444 2463 2641 2529 carnis,
2691 2463 3062 2536 voluptasque,
3117 2483 3275 2538 quam
3331 2468 3530 2539 laudas,
3573 2483 3778 2528 contra

2183 2551 2516 2620 propositum
2535 2554 2818 2610 voluntatis
2842 2558 2952 2628 agit
2974 2571 3100 2614 suos
3127 2559 3390 2630 impetus,
3410 2577 3531 2617 cum
3556 2564 3777 2619 excita-

2187 2648 2292 2709 tur,
2321 2643 2530 2697 etiamsi
2559 2653 2711 2701 actus
2739 2661 2848 2701 non
2873 2648 3114 2718 peragit,
3144 2664 3264 2705 cum
3290 2650 3527 2707 frenatur
3553 2670 3568 2708 :
3591 2663 3775 2710 atten-

2184 2730 2417 2805 de-ergo
2455 2735 2743 2806 pauliSper,
2799 2739 3070 2809 quomodo
3123 2755 3190 2796 ex
3243 2741 3343 2797 hac
3389 2741 3508 2814 lege
3562 2747 3774 2815 peccati

2181 2837 2398 2879 omnem
2439 2826 2684 2896 generari
2711 2827 3002 2897 hominem,
3029 2840 3084 2886 et
3113 2831 3233 2888 ideo
3260 2832 3473 2890 trahere
3509 2836 3776 2907 originale

2184 2926 2482 2987 peccatum,
2510 2927 2726 2974 sanctus
2772 2919 3055 2991 eloquatur
3095 2923 3410 2982 Ambrosius
3459 2925 3512 2980 in
3553 2928 3774 2997 co-ipso

2183 3005 2253 3062 de
2291 3007 2639 3065 Sacramento
2684 3013 3126 3082 regenerationis,
3174 3014 3292 3071 sive
3316 3015 3385 3072 de
3421 3010 3774 3088 Philosophia

2184 3100 2321 3158 libro
2349 3117 2468 3158 suo.
2493 3121 2514 3157 ι
2567 3105 2683 3169 Est,
2733 3123 2754 3158 ι
2787 3106 2978 3177 inquit,
3013 3125 3033 3159 ι
3067 3106 3258 3163 domus
3302 3124 3462 3178 quam
3507 3110 3773 3180 sapientia

2183 3194 2432 3261 aediﬁcat,
2461 3205 2513 3251 et
2540 3212 2722 3252 mensa
2751 3199 3049 3255 coelestibus
3086 3199 3282 3255 referta
3314 3203 3688 3269 sacramentis,
3715 3202 3774 3258 in

2183 3304 2286 3360 qua
2303 3289 2482 3360 justus
2503 3290 2680 3346 cibum
2723 3290 2917 3347 divina:
2945 3293 3229 3363 voluptatis
3255 3294 3518 3363 epulatur,
3545 3309 3772 3350 suavem

2179 3381 2366 3450 gratia:
2410 3389 2590 3450 potum
2660 3380 2884 3450 bibens,
2936 3383 2981 3438 si
3021 3393 3398 3454 perpetuorum
3455 3387 3771 3442 meritorum

2183 3470 2332 3528 uberi
2363 3474 2672 3543 posteritate
2698 3473 2928 3530 laetetur.
2957 3474 3068 3531 llos
3115 3476 3253 3532 lilios
3294 3491 3563 3547 generans
3599 3478 3770 3533 David

2182 3571 2367 3634 partus
2397 3565 2516 3620 illos
2543 3579 2816 3637 corporeae
2843 3567 3238 3623 commixtionis
3267 3567 3536 3634 horrebat,
3561 3577 3617 3624 et
3647 3570 3772 3636 ideo

2180 3654 2427 3710 mandari
2450 3656 2589 3710 sacri
2610 3656 2771 3712 fontis
2793 3657 2992 3728 irriguo
3011 3657 3370 3725 desiderabat,
3402 3669 3459 3715 ut
3493 3661 3770 3718 carnalem

2180 3759 2247 3800 ac
2276 3753 2542 3801 terrenam
2578 3746 2753 3802 labem
2779 3749 2948 3818 gratia
2994 3749 3286 3820 spiritualis
3309 3750 3571 3807 ablueret.
3608 3751 3767 3819 Ecce,

2181 3839 2372 3910 inquit,
2403 3839 2456 3892 in
2481 3837 2830 3910 iniquitatibus
2855 3851 3125 3912 conceptus
3157 3858 3293 3908 sum,
3321 3853 3367 3898 et
3389 3843 3443 3897 in
3458 3843 3654 3899 delictis
3679 3862 3773 3914 pe-

2181 3933 2308 4003 perit
2336 3948 2415 3986 tne
2439 3941 2600 3986 mater
2627 3948 2736 3987 mea
2763 3951 2784 3987 ι
2820 3931 2990 4006 (Psal.
3011 3934 3154 4004 t.,7).
3189 3953 3209 3987 ς
3232 3934 3371 3990 Male
3401 3935 3508 3990 Eva
3535 3937 3772 4005 parturi-

2179 4029 2278 4091 vit,
2323 4033 2381 4079 ut
2413 4034 2596 4094 partus
2649 4025 2976 4095 relinqueret
3027 4025 3338 4082 mulieribus
3375 4025 3770 4095 hmt‘editatem,

2180 4125 2341 4186 atque
2365 4117 2728 4186 unusquisque
2766 4116 3215 4186 concupiscentia:
3237 4116 3506 4186 voluptate
3533 4130 3775 4173 concre-

2181 4215 2288 4274 tus,
2311 4214 2366 4262 et
2392 4207 2714 4276 genitalibus
2761 4207 3052 4263 visceribus
3089 4208 3313 4274 inlusus,
3354 4216 3412 4264 et
3454 4209 3772 4280 coagulatus

2179 4295 2234 4352 in
2263 4297 2542 4368 sanguine,
2589 4297 2643 4352 iu
2675 4299 2866 4367 pannis
2893 4298 3183 4365 involutus,
3208 4299 3357 4368 prius
3385 4299 3592 4354 subiret
3615 4299 3768 4354 deli-

2180 4399 2390 4448 ctorum
2418 4390 2740 4460 contagium,
2770 4406 2931 4462 quam
2957 4391 3134 4446 Vitatis
3160 4391 3378 4462 spiritus
3407 4405 3600 4447 munus
3626 4392 3772 4448 han-

2180 4483 2330 4538 riret.
2365 4501 2386 4535 ι
2407 4482 2462 4539 Si
2492 4493 2545 4538 te
2586 4498 2691 4539 non
2721 4482 2958 4538 deseruit
2981 4471 3385 4555 qualiscumque
3417 4485 3607 4556 saltem
3639 4500 3774 4541 sen-

2181 4591 2275 4631 sus
2291 4575 2574 4642 bumanus,
2614 4575 2762 4630 vides
2790 4575 2916 4645 quid
2944 4576 3012 4631 de
3033 4577 3478 4646 concupiscentia:
3519 4575 3776 4646 volupta-

2179 4677 2254 4735 te,
2274 4671 2372 4724 hac
2385 4669 2498 4738 ipsa
2522 4669 2605 4724 cui
2635 4669 2842 4738 prmbes
2860 4669 3370 4738 impudentissimam
3387 4669 3771 4738 patrocinium,

2180 4761 2628 4833 pronuntiaverit,
2659 4763 2754 4822 tui,
2783 4759 2926 4830 quad
2963 4774 3105 4830 saepe
3131 4759 3413 4815 dicendum
3440 4767 3538 4824 est,
3571 4758 3774 4813 docto-

2181 4855 2255 4909 ris
2277 4854 2581 4910 testimonio
2627 4853 2964 4923 prmdicatns,
2996 4862 3100 4906 tam
3158 4851 3521 4907 memorabilis
3572 4851 3777 4907 doctor

2178 4947 2492 5003 Ambrosius
2525 4964 2538 5000 :
2571 4945 2710 5016 quod
2742 4960 2805 5000 ca
2835 4946 3058 5015 quisque
3097 4953 3401 5012 concretus,
3432 4959 3491 4999 ea
3514 4945 3778 5014 genitali-

2181 5041 2281 5095 bus
2307 5039 2598 5094 visceribus
2648 5038 2872 5103 infusus,
2925 5053 2985 5092 ea
3015 5038 3325 5109 coagulatus
3373 5039 3424 5091 in
3455 5038 3725 5108 sanguine
3755 5056 3775 5104 ;

2179 5141 2234 5189 ct
2263 5133 2314 5188 in
2346 5132 2555 5203 pannis,
2586 5147 2689 5186 non
2713 5133 2896 5201 utique
2913 5130 3100 5196 laneis,
3131 5139 3224 5184 aut
3254 5130 3429 5195 lineis,
3457 5139 3552 5183 aut
3579 5129 3784 5198 hujus-

2180 5225 2385 5281 cemodi
2441 5223 2652 5290 talibus,
2682 5223 2926 5294 qualibus
2946 5222 3057 5292 jam
3079 5222 3188 5276 nati
3207 5221 3562 5278 obvolvuntur
3584 5222 3782 5276 infan-

2181 5325 2281 5383 tes,
2323 5315 2417 5371 scd
2449 5316 2637 5386 pannis
2660 5315 2856 5370 viliatze
2885 5314 3105 5384 originis
3131 5323 3379 5383 tanquam
3413 5313 3783 5368 ha-reditariis

2181 5411 2469 5476 involutus,
2501 5408 2647 5478 prius
2677 5407 2864 5462 subeat
2891 5407 3191 5478 contagium
3219 5405 3534 5461 delictorum
3558 5443 3573 5469 ,
3601 5420 3780 5474 quam

2179 5502 2354 5555 vitalis
2372 5500 2528 5570 hujus
2554 5499 2693 5553 aeris
2717 5513 2898 5552 auram
2919 5497 3172 5568 spirando
3212 5493 3472 5568 percipiat
3495 5514 3507 5550 :
3534 5497 3585 5550 in
3604 5512 3783 5566 quem

2181 5591 2328 5646 velut
2381 5591 2698 5644 immensum
2732 5589 2932 5643 fontem
2958 5591 3260 5645 communis
3285 5597 3339 5643 et
3360 5603 3464 5643 non
3495 5586 3790 5643 desiste"-

2181 5685 2248 5736 tis
2281 5682 2514 5736 alimenti
2541 5722 2558 5749 ,
2588 5691 2706 5750 post
2735 5682 2938 5738 occulta
2991 5682 3314 5751 Spiramcnta
3345 5682 3607 5736 viscerum
3653 5697 3790 5736 ma-

2182 5787 2480 5836 ternorum,
2513 5777 2600 5843 qui
2629 5776 2884 5841 nascitur,
2916 5774 3153 5830 funditur
3180 5792 3195 5840 ;
3226 5775 3276 5830 in
3306 5783 3426 5830 ortu
3459 5775 3792 5844 ploraturus

2192 5877 2419 5936 reatum,
2449 5882 2607 5938 quem
2650 5869 2914 5936 contraxit
2955 5877 3080 5924 ante
3105 5879 3303 5926 ortum.
3331 5866 3543 5939 Ergone
3567 5882 3638 5922 ex
3676 5867 3798 5926 hu~
